4068 6186
541 343 672 400 1171

1559 342 1656 395 AD
1695 339 1930 397 OPERA
1968 341 2023 397 S.
2067 340 2402 399 AMBROSII
2443 341 2822 398 APPENDIX.

3698 343 3829 402 1172

539 471 847 543 magniﬁca,
897 476 949 523 et
993 469 1264 523 Romanos
1293 481 1356 521 eo
1386 466 1532 538 quod
1570 467 1737 524 armis
1779 475 1939 540 atque
1985 468 2132 524 viri-
2160 474 2210 533 A
2247 469 2495 540 tuaginta
2514 484 2610 540 per
2636 468 3037 541 longitudinem
3071 469 3315 536 cubitos;
3347 469 3494 525 unde
3523 485 3651 542 ergo
3671 470 3832 527 unius

538 563 644 619 bus
688 561 821 616 adeo
851 565 1100 630 potentes
1146 556 1277 624 sint,
1327 564 1388 610 ut
1433 555 1499 629 (si
1533 557 1730 627 velint)
1778 557 1846 612 ad
1894 558 2130 629 regionis

541 654 782 723 ipsorum
815 648 1090 704 excidium
1124 639 1342 701 valeant
1372 647 1680 718 pervenire.
1722 647 1839 717 Ipse
1864 664 1989 718 ergo
2038 647 2131 701 ille

541 745 633 816 qui
681 743 782 796 ista
829 739 1062 802 dicebat,
1101 738 1394 808 adjiciebat
1439 737 1585 810 quod
1633 754 1802 809 genus
1843 736 2131 793 Brachma-

540 848 736 887 norum
759 846 868 884 non
897 846 964 883 ex
989 827 1206 900 propria
1227 835 1442 882 tantum
1469 827 1752 882 voluntate
1783 827 2135 883 szncularibus

540 923 703 978 rebus
732 920 1031 985 renuntiat,
1080 918 1169 973 sed
1204 919 1388 989 potius
1415 926 1477 972 ut
1519 933 1586 971 ex
1611 916 1824 988 judicio
1864 917 1959 973 Dei
1993 933 2136 988 pen-

540 1013 676 1068 dens
706 1027 767 1065 ac
795 1008 1118 1065 Divinitatis
1149 1023 1249 1079 ope
1280 1007 1588 1086 suffultum.
1621 1005 1958 1062 Naturaliter
1986 1005 2134 1059 enim

542 1101 675 1158 nudi
728 1101 785 1155 in
834 1099 1088 1155 ﬁnitimis
1138 1097 1298 1153 ﬂuvii
1351 1097 1668 1168 regionibus
1715 1095 1934 1150 vivunt.
1985 1095 2132 1150 Nulli

540 1191 684 1264 apud
714 1207 805 1246 eos
834 1188 1236 1263 quadrupedes,
1286 1186 1475 1242 nullus
1513 1195 1670 1242 terrae
1700 1188 1903 1254 cultus,
1951 1186 2138 1241 nullus

541 1284 672 1338 ferri
729 1298 879 1347 usus,
943 1280 1159 1334 nullum
1219 1276 1576 1332 instrumenti
1625 1292 1816 1347 genus,
1872 1291 1981 1347 quo
2019 1273 2137 1329 ﬁeri

544 1372 768 1445 aliquod
799 1388 936 1443 Opus
973 1369 1164 1441 possit.
1208 1368 1422 1423 Habent
1465 1374 1647 1421 autem
1692 1367 1809 1422 illic
1853 1365 2141 1422 deliciosas

544 1470 706 1534 atque
767 1461 1004 1533 optimas
1057 1475 1236 1527 auras,
1296 1467 1349 1513 et
1409 1456 1766 1512 saluberrime
1817 1465 2142 1527 temperatas

548 1554 637 1625 (Ο.
673 1553 914 1619 Curtius,
949 1548 1046 1606 lib.
1081 1551 1232 1621 vm).
1269 1548 1470 1605 Colunt
1501 1562 1715 1618 semper
1750 1548 1948 1614 Deum,
1983 1544 2144 1616 cujus

545 1660 731 1699 veram
783 1642 1005 1715 quidem
1058 1656 1121 1695 ac
1167 1638 1487 1695 distinctam
1537 1636 1790 1691 notitiam
1840 1651 1895 1690 se
1943 1633 2143 1690 habere

545 1734 896 1806 proﬁtentur,
930 1747 1258 1803 omnemque
1280 1727 1642 1801 providentiae
1664 1726 1782 1797 ejus
1801 1743 1864 1782 ac
1884 1725 2144 1781 divinita-

2240 559 2434 631 pellem
2467 557 2672 614 vidisse
2702 574 2788 612 me
2818 558 3044 614 memini
3077 557 3436 632 quadraginta
3465 558 3603 614 duos
3646 561 3705 616 in
3750 561 3834 616 la-

2240 651 2478 708 titudine
2506 652 2799 709 habentem
2852 652 3033 725 pedes.
3063 653 3344 709 Formicas
3374 654 3541 709 etiam
3571 655 3694 711 illic
3721 671 3833 712 esse

2242 740 2310 796 ad
2351 741 2573 797 modum
2605 743 2799 814 palmae
2829 741 3091 808 hominis,
3127 741 3448 814 scorpiones
3476 759 3610 799 vero
3644 743 3713 798 ad
3749 760 3834 800 cu-

2241 828 2344 884 biti
2403 829 2629 886 humani
2687 846 2996 886 mensuram
3028 830 3213 886 adesse
3242 832 3588 902 loquuntur:
3618 838 3836 904 propter

2244 936 2364 992 quae.
2417 927 2659 974 monstra
2709 919 3051 992 periculosus
3074 926 3156 976 est
3185 921 3431 991 ipsorum
3468 921 3740 977 transitus
3767 921 3836 977 lo-

2245 1024 2455 1063 corum.
2490 1009 2607 1064 Non
2641 1016 2821 1064 tamen
2853 1009 3056 1081 ubique
3084 1009 3348 1065 animalia
3380 1010 3486 1065 ista
3515 1019 3834 1079 nascuntur,

2246 1096 2340 1151 sed
2374 1097 2430 1152 in
2459 1097 2570 1152 illis
2598 1097 2845 1169 partibus
2887 1105 3100 1154 tantum
3133 1114 3252 1170 qum
3279 1098 3349 1154 ab
3376 1098 3703 1154 hominibus
3734 1116 3838 1156 nou

2247 1184 2648 1242 inhabitantur.
2680 1185 3022 1259 Plurimique
3077 1186 3196 1243 illic
3245 1187 3602 1258 elephantum
3655 1204 3839 1260 greges

2249 1293 2365 1332 esse.
2393 1275 2673 1332 dicuntur.
2697 1277 2825 1332 Haec
2848 1285 2977 1332 sunt
3016 1292 3136 1348 qua:
3168 1291 3200 1331 a
3222 1276 3459 1333 Theban
3514 1277 3842 1335 scholastice

2249 1365 2318 1421 de
2366 1366 2721 1422 Brachmanis
2782 1366 3060 1423 audivisse
3134 1383 3191 1422 se
3246 1367 3484 1424 afﬁrmat
3539 1368 3775 1425 Musaeus
3827 1387 3838 1425 :

2251 1473 2371 1529 quae
2404 1473 2533 1512 vero
2576 1473 2638 1513 ex
2699 1456 2947 1513 historiis
2994 1455 3062 1513 de
3105 1455 3411 1513 Alexandri
3458 1457 3590 1513 Vita
3635 1458 3768 1530 legi,
3794 1466 3843 1514 et

2252 1562 2372 1618 quze
2420 1563 2489 1603 ex
2539 1547 2812 1620 plerisque
2859 1545 3180 1603 auctoribus
3226 1544 3295 1602 ad
3341 1545 3450 1604 hoc
3488 1545 3750 1604 facientia
3777 1547 3840 1604 de

2253 1635 2366 1691 illis
2393 1636 2689 1707 desumpsi,
2722 1652 2872 1692 nunc
2909 1636 3252 1692 subnectam.

2324 1725 2635 1781 Alexander
2681 1725 3001 1797 imperator,
3045 1740 3169 1780 cum
3201 1723 3252 1780 ei
3294 1723 3627 1782 Macedoniae
3675 1727 3846 1785 solius

547 1824 619 1878 tis
650 1824 918 1878 rationem
951 1821 1280 1875 discernere.
1314 1818 1526 1888 Jugiter
1554 1823 1736 1884 orant,
1770 1825 1987 1872 orantes
2016 1831 2146 1870 vero
2175 1835 2221 1896 Β
2253 1814 2546 1888 imperium
2579 1831 2689 1871 non
2716 1816 3008 1882 sufﬁceret,
3040 1830 3219 1886 neque
3246 1814 3506 1888 Philippo
3549 1826 3700 1888 patre
3728 1825 3845 1874 tan-

548 1929 661 1967 non
691 1910 1015 1967 orientalem
1051 1917 1259 1980 partem
1294 1906 1439 1961 unde
1480 1906 1658 1962 oritur
1697 1905 1798 1972 sol,
1844 1905 2140 1978 aspiciunt,

550 2001 642 2056 sed
674 2001 874 2056 crelum
924 1999 1109 2069 potius
1155 1998 1459 2052 intuentur.
1497 1995 1684 2050 Edunt
1712 2004 1891 2050 autem
1929 2011 1990 2050 ea
2022 2011 2143 2067 qum

549 2107 712 2161 super
763 2098 963 2144 terram
1016 2088 1285 2159 pecudum
1340 2102 1490 2141 more
1539 2086 1819 2158 potuerint
1872 2085 2142 2151 invenire,

548 2181 654 2236 hoc
687 2188 787 2248 est,
821 2179 1076 2234 arborum
1106 2178 1260 2244 folia,
1301 2186 1355 2232 et
1384 2177 1534 2232 olera
1563 2175 1858 2231 silvestria.
1885 2176 2145 2231 Abundat

550 2270 695 2324 enim
726 2267 868 2340 apud
899 2268 1024 2322 illos
1054 2266 1353 2337 plurimum
1379 2265 1568 2332 herba,
1601 2281 1763 2338 quam
1797 2264 2003 2320 inulam
2034 2281 2144 2319 no-

551 2360 698 2412 mine
740 2373 1022 2423 vocamus,
1069 2357 1212 2412 sicut
1253 2363 1306 2410 et
1344 2354 1490 2425 apud
1522 2355 1729 2409 Persas.
1778 2355 1915 2410 Item
1956 2361 2035 2409 est
2067 2352 2143 2409 ibi

551 2447 714 2502 arbor
744 2463 864 2518 qua:
912 2445 1178 2501 acanthus
1221 2445 1559 2500 nominatur.
1604 2443 1817 2499 Habent
1853 2451 1908 2498 et
1946 2443 2147 2514 patrias

551 2536 772 2591 arbores
827 2535 1125 2607 quasdam,
1180 2534 1366 2590 nescio
1421 2551 1558 2607 quos
1613 2533 1824 2589 fructus
1875 2532 2145 2600 ferentes,

550 2624 752 2696 quibus
799 2625 945 2678 vesci
995 2640 1207 2694 semper
1253 2625 1450 2678 solent.
1499 2621 1620 2678 Viri
1653 2630 1802 2677 trans
1842 2622 2015 2694 ripam
2051 2621 2145 2676 ﬂu-

553 2714 719 2769 minis
749 2713 950 2783 Gangis
981 2712 1034 2766 in
1068 2711 1315 2783 partibus
1372 2712 1594 2780 Oceani,
1646 2712 1703 2766 in
1752 2728 1914 2784 quem
1944 2711 2148 2766 ﬂuvius

552 2811 883 2860 memoratus
934 2801 1256 2873 ingreditur,
1288 2801 1531 2872 degunt;
1569 2801 1787 2857 femine
1835 2818 1964 2856 vero
2010 2802 2146 2857 citra

553 2895 791 2965 Gangem
833 2893 996 2964 juxta
1035 2892 1459 2947 mediterraneas
1512 2899 1691 2964 partes
1739 2899 2046 2959 morantur,
2077 2891 2143 2947 ad

552 3004 685 3060 quas
710 2983 1024 3039 earumdem
1049 2983 1231 3038 mariti
1248 2983 1394 3037 Julio
1415 2989 1468 3036 et
1495 2983 1740 3054 Augusto
1763 2997 1946 3037 mense
1978 2989 2148 3036 trans-

551 3077 750 3131 vadere
794 3081 1175 3128 consuescunt.
1232 3071 1328 3126 Isti
1399 3071 1548 3126 enim
1606 3086 1816 3125 menses
1867 3070 2010 3142 apud
2057 3087 2150 3126 eos

2252 1915 2369 1962 tum
2402 1913 2579 1977 posset
2620 1920 2734 1960 esse
2772 1912 3084 1972 contentus,
3126 1905 3278 1960 Jovis
3318 1905 3646 1962 Hammonis
3671 1907 3846 1962 ﬁlium

2253 2001 2423 2050 semet
2452 2010 2566 2050 esse
2619 1992 2858 2050 dicebat.
2894 1995 2963 2048 Et
2992 1993 3246 2066 quamvis
3277 1993 3549 2065 originem
3579 1994 3760 2067 ipsius
3782 1997 3850 2052 fa-

2253 2087 2358 2144 cile
2385 2087 2502 2158 ipsa
2550 2085 2624 2141 rei
2659 2084 2863 2142 veritas
2907 2085 3308 2158 comprobaret,
3339 2085 3492 2141 falsis
3517 2086 3846 2158 quibusdam

2255 2186 2460 2246 tamen,
2517 2185 2587 2244 et,
2641 2185 2702 2232 ut
2751 2176 2802 2232 ei
2832 2175 3144 2243 videbatur,
3177 2175 3400 2232 invictis
3450 2175 3635 2232 modis
3685 2177 3842 2232 aliam

2254 2269 2338 2326 sui
2385 2284 2499 2324 esse
2529 2275 2782 2323 naturam
2813 2267 3026 2340 generis
3053 2265 3351 2323 astruebat.
3383 2267 3574 2340 Itaque
3622 2267 3852 2324 solemni

2253 2359 2524 2414 bellorum
2557 2364 2841 2430 apparatu,
2876 2373 2940 2413 ac
2982 2355 3272 2412 instructis
3300 2354 3551 2428 equitum
3584 2356 3854 2428 peditum-

2257 2465 2360 2522 que
2414 2447 2656 2503 militum
2688 2448 2884 2519 copiis,
2919 2463 2948 2502 e
2976 2445 3310 2504 Macedoniae
3361 2446 3587 2520 regione
3635 2465 3854 2505 consur-

2258 2554 2408 2610 gens,
2445 2544 2621 2593 totum
2651 2553 2787 2609 pene
2819 2537 3128 2608 peragravit
3157 2535 3424 2592 mundum
3451 2555 3463 2592 :
3489 2544 3545 2592 et
3564 2545 3852 2611 antequam

2258 2631 2600 2702 provinciam
2641 2629 2942 2703 Babylonis
2987 2630 3288 2700 accederet,
3319 2631 3600 2703 Europam
3633 2633 3853 2705 quidem

2259 2732 2312 2780 et
2356 2724 2542 2780 Asiam
2587 2723 2759 2779 veluti
2807 2723 3058 2796 quaedam
3114 2740 3282 2796 parva
3325 2724 3446 2780 loca
3477 2725 3850 2781 transcurrit:

2258 2814 2413 2870 venit
2440 2813 2661 2869 tandem
2702 2813 2757 2868 in
2788 2820 2968 2884 partes
2997 2813 3172 2869 nostri
3225 2830 3446 2887 quoque
3472 2814 3645 2882 orbis,
3683 2823 3742 2871 ut
3771 2831 3856 2870 eas

2259 2904 2574 2977 inspiceret,
2635 2921 2878 2977 quasque
2927 2921 3050 2961 cum
3085 2904 3372 2976 reperisset
3403 2903 3518 2960 suis
3545 2904 3856 2960 conformes

2259 2994 2531 3061 sensibus,
2561 2994 2677 3067 ipse
2705 2993 2920 3050 dicebat
2951 3011 2962 3050 :
2996 2993 3299 3066 Sapientia,
3329 2993 3702 3066 providentiae
3739 3011 3856 3049 ma-

2258 3091 2364 3152 ter,
2395 3083 2604 3140 habens
2657 3101 2781 3141 cum
2814 3084 3019 3140 virtute
3052 3084 3190 3156 ipsa,
3224 3101 3343 3158 quae
3399 3085 3654 3140 omnium
3687 3085 3852 3141 virtu-

551 3169 869 3241 frigidiores
899 3166 1180 3234 videntur,
1212 3181 1277 3220 eo
1307 3166 1454 3238 quod
1484 3175 1618 3222 tunc
1666 3165 1733 3220 ad
1765 3182 1865 3220 nos
1890 3166 1969 3221 SOI
2002 3182 2146 3221 con—
2177 3198 2220 3259 Ο
2259 3181 2378 3229 tum
2425 3181 2587 3246 caput
2643 3181 2744 3242 est,
2800 3173 3091 3247 quamdam
3135 3175 3610 3244 communionem,
3657 3175 3714 3231 in
3746 3178 3852 3233 sol;

550 3263 805 3328 vertitur,
837 3269 890 3316 et
917 3276 1081 3331 supra
1123 3257 1456 3332 Aquilonem
1505 3275 1665 3332 quem
1715 3259 1942 3314 Boream
1973 3275 2146 3314 voca-

549 3371 671 3410 mus
698 3353 784 3408 vis
815 3351 946 3408 solis
975 3350 1224 3422 erigitur,
1255 3366 1362 3423 quo
1395 3356 1636 3420 tempore
1678 3349 1964 3421 temperati
1995 3364 2146 3403 acres

549 3446 740 3517 magis,
773 3452 824 3500 et
854 3443 921 3498 ad
953 3440 1308 3498 concubitum
1361 3439 1530 3510 magis
1577 3439 1688 3511 apti
1719 3455 1832 3494 esse
1862 3438 2142 3494 dicuntur.

549 3534 655 3592 Ubi
709 3549 835 3604 ergo
887 3531 1246 3604 quadraginta
1293 3546 1420 3584 cum
1470 3529 1693 3584 feminis
1743 3529 1858 3584 suis
1915 3528 2147 3585 fecerint

552 3624 688 3690 dies,
723 3638 852 3677 mox
883 3621 952 3675 ad
999 3620 1218 3690 propria
1270 3625 1640 3674 revertuntur.
1693 3621 1765 3694 At
1810 3635 1934 3675 cum
1985 3619 2149 3674 enixa

553 3711 720 3767 fuerit
751 3725 894 3764 uxor
919 3706 1175 3778 alicujus,
1206 3707 1546 3779 edideritque
1595 3725 1764 3763 unum
1796 3709 1882 3763 vel
1915 3709 2146 3765 alterum

553 3809 795 3874 partum,
845 3813 955 3853 non
1000 3796 1195 3852 transit
1242 3797 1476 3852 ulterius
1509 3797 1575 3854 ad
1606 3813 1724 3853 eam
1772 3797 1889 3870 ejus
1919 3800 2148 3856 maritus

551 3908 654 3948 nec
681 3889 916 3945 ulterius
943 3904 1069 3944 cum
1110 3885 1329 3958 propria
1357 3887 1676 3943 concumbit
1705 3905 1898 3944 uxore.
1934 3888 2148 3961 Singu-

553 3983 622 4038 lis
652 3981 797 4037 enim
832 3979 964 4034 ﬁliis
994 3979 1053 4033 in
1089 3979 1269 4033 locum
1316 3984 1530 4049 patrum
1561 3977 1894 4048 substitutis,
1928 3995 2024 4050 per
2055 3987 2149 4034 to-

553 4083 664 4131 tam
712 4073 778 4128 de
809 4071 1024 4144 reliquo
1073 4070 1244 4125 vitam
1287 4085 1318 4124 a
1365 4067 1602 4141 propriis
1647 4084 1704 4125 se
1733 4070 2001 4125 uxoribus
2029 4069 2146 4125 abs-

557 4165 751 4221 tinent.
804 4160 860 4216 Si
909 4167 1090 4216 autem
1142 4157 1408 4215 acciderit
1472 4166 1532 4212 ut
1578 4158 1848 4230 quispiam
1905 4159 2145 4215 sterilem

554 4253 815 4309 sortiatur
845 4266 1100 4314 uxorem,
1134 4265 1306 4321 usque
1339 4248 1404 4303 ad
1439 4248 1682 4320 quinque
1711 4264 1888 4304 annos
1918 4250 2148 4305 maritus

555 4343 727 4414 ipsius
758 4343 825 4397 ad
859 4357 976 4396 eam
1009 4339 1222 4405 transit,
1271 4347 1324 4394 et
1357 4337 1406 4392 ei
1452 4338 1700 4393 maritale
1745 4345 1967 4418 praestat
1996 4338 2146 4395 obse-

554 4433 767 4506 quium.
821 4432 950 4497 Quze
997 4430 1042 4485 si
1091 4427 1315 4500 gravida
1360 4443 1454 4501 per
1496 4435 1711 4500 tempus
1759 4429 1896 4485 illud
1935 4429 2148 4486 reddita

2255 3262 2486 3318 veritate
2533 3261 2859 3330 consistens,
2915 3263 3066 3317 alens
3096 3278 3318 3318 omnem
3356 3263 3680 3338 faciensque
3710 3274 3854 3321 natu-

2254 3367 2391 3419 ram,
2424 3350 2581 3423 cujus
2610 3350 2818 3407 donum
2858 3359 2940 3406 est
2988 3359 3302 3408 nostrorum
3346 3368 3528 3408 sermo
3559 3354 3850 3410 verborum

2260 3439 2517 3497 notitiam
2545 3439 2940 3513 scientiamque
2971 3457 3322 3497 communem
3371 3451 3631 3499 scrutans
3659 3452 3714 3498 et
3742 3458 3850 3516 per-

2256 3530 2515 3602 spiciens,
2575 3528 2798 3602 injustis
2843 3529 3063 3603 quidem
3094 3529 3344 3586 tribuens
3387 3547 3509 3603 quae
3553 3540 3851 3599 merentur,

2251 3621 2418 3694 justis
2445 3629 2627 3677 autem
2662 3637 2886 3693 parcens
2920 3637 2932 3675 :
2964 3619 3033 3676 da
3061 3619 3223 3688 mihi,
3249 3628 3522 3693 quaeso,te
3555 3621 3849 3694 placidam,

2256 3718 2319 3767 ut
2347 3710 2547 3783 possim
2573 3710 2640 3766 ad
2669 3709 2766 3766 illa
2786 3726 2906 3783 quat
2926 3709 3113 3781 cupio,
3143 3709 3232 3765 his
3263 3709 3519 3782 precibus
3544 3713 3858 3784 pervenire,

2257 3800 2628 3857 Brachmanos
2681 3817 2812 3855 vero
2857 3799 3106 3856 bonitate
3149 3816 3210 3856 ac
3262 3799 3533 3872 sapientia
3600 3801 3861 3874 praeditos

2256 3889 2406 3946 viros
2435 3889 2528 3946 hic
2569 3898 2860 3963 prasentes
2901 3905 3144 3946 cernere.
3177 3890 3320 3946 Veni
3364 3890 3512 3946 enim
3563 3901 3628 3947 ut
3675 3892 3863 3966 aliqua

2257 3995 2636 4053 cognoscerem
2664 3997 2696 4035 a
2724 3979 2945 4049 Calano,
2979 3979 3160 4036 incola
3199 3979 3393 4036 horum
3437 3981 3714 4050 locorum,
3767 3982 3863 4056 qui

2257 4070 2325 4127 ad
2365 4087 2449 4126 me
2474 4071 2706 4127 festinus
2749 4069 2997 4140 accessit,
3036 4087 3144 4143 quo
3178 4087 3328 4127 nunc
3351 4072 3722 4144 persuadente
3760 4073 3864 4128 de-

2257 4159 2438 4216 sidero
2486 4160 2727 4218 ediscere
2766 4169 2966 4218 cuncta
3015 4161 3232 4233 plenius
3284 4169 3338 4218 et
3395 4162 3585 4219 videre
3613 4207 3625 4218 .
3659 4163 3862 4221 Brach-

2257 4250 2404 4304 mani
2437 4264 2567 4304 vero
2599 4257 2820 4306 econtra
2849 4249 3164 4306 Alexandro
3229 4249 3333 4306 ista
3387 4250 3649 4308 dicebant
3681 4271 3695 4307 :
3761 4253 3861 4310 Ve-

2257 4340 2385 4397 nisti
2445 4341 2513 4397 ad
2571 4357 2690 4410 nos,
2723 4343 3003 4416 inquiunt,
3035 4360 3360 4416 cognoscere
3392 4345 3726 4418 sapientiam
3761 4364 3829 4403 cu

2256 4431 2411 4503 piens
2443 4450 2455 4487 :
2500 4448 2602 4487 nos
2629 4440 2811 4488 autem
2842 4432 3171 4490 Brachmani
3205 4434 3442 4490 libenter
3471 4434 3664 4490 statim
3692 4438 3859 4492 talem

556 4538 666 4576 non
697 4519 884 4586 fuerit,
935 4535 1064 4572 mox
1095 4517 1162 4571 ab
1194 4515 1381 4571 eadem
1437 4516 1654 4587 penitus
1697 4524 1978 4588 separatur
2014 4535 2024 4573 :
2075 4518 2145 4574 ob
2182 4556 2230 4614 Β
2258 4521 2597 4594 suscepimus
2613 4523 2972 4578 voluntatem.
2997 4522 3323 4595 Hujusmodi
3347 4525 3496 4580 enim
3518 4524 3859 4581 desiderium

555 4609 700 4683 quod
733 4623 844 4662 non
875 4607 932 4662 in
960 4607 1162 4661 multos
1205 4607 1435 4677 populos
1465 4622 1652 4660 eorum
1682 4605 2017 4662 diffunditur
2047 4625 2148 4681 ge-

555 4716 677 4762 nus,
705 4704 824 4752 tum
867 4703 1088 4768 propter
1134 4695 1380 4751 locorum
1411 4694 1814 4762 difﬁcultatem,
1863 4703 1979 4752 tum
2013 4714 2150 4769 pro-

554 4796 672 4861 pter
701 4785 1154 4842 consuetudinea
1185 4783 1529 4841 continendi.
1567 4785 1694 4840 Haec
1723 4792 1804 4840 est
1859 4801 1987 4858 ergo
2034 4786 2147 4842 vita

553 4885 606 4932 et
635 4877 978 4933 conversatio
1006 4874 1498 4931 Brachmanorum.
1543 4874 1803 4930 Fluvium
1835 4882 2013 4930 autem
2053 4875 2146 4949 ip—

551 4986 670 5024 sum
699 4984 825 5025 cum
848 4965 1090 5022 maxima
1109 4965 1304 5021 dicunt
1333 4964 1660 5020 difﬁcultate
1681 4964 1867 5021 vadari
1898 4965 1987 5038 (Q.
2014 4965 2145 5022 Cur-

550 5059 683 5126 tius,
714 5057 810 5112 lib.
843 5058 992 5127 vm),
1026 5063 1143 5111 tum
1194 5062 1418 5128 propter
1467 5054 1789 5112 Ondoniton
1843 5062 2143 5128 tyrannum

551 5149 668 5204 loca
698 5147 1194 5214 illaiinfestantem,
1248 5151 1366 5199 tum
1415 5144 1579 5200 etiam
1621 5144 1820 5201 timore
1858 5143 2143 5214 cujusdam

548 5236 803 5292 animalis
845 5235 903 5291 in
933 5233 1246 5306 supradicto
1275 5233 1446 5289 ﬂuvio
1480 5233 1765 5302 morantis,
1812 5233 1957 5307 quod
1979 5240 2144 5289 tantae

549 5326 947 5400 magnitudinis
988 5343 1105 5382 esse
1135 5326 1350 5390 dicunt,
1387 5331 1447 5380 ut
1493 5324 1768 5398 integrum
1824 5324 1995 5396 possit
2023 5323 2145 5380 ele-

547 5417 807 5490 phantem
841 5416 1121 5473 devorare.
1154 5416 1236 5471 Eo
1266 5431 1395 5469 vero
1422 5421 1665 5485 tempore
1696 5431 1804 5487 quo
1834 5414 2139 5471 Brachman

545 5507 751 5562 ﬂumen
799 5505 1028 5562 transire
1058 5510 1481 5570 consueverunt,
1533 5503 1728 5559 divino
1778 5511 2028 5561 asserunt
2051 5503 2141 5576 ju-

545 5593 691 5651 dicio
721 5594 930 5650 dictum
979 5594 1179 5649 animal
1217 5609 1327 5649 non
1360 5591 1534 5648 videri
1588 5592 1643 5646 in
1675 5591 1865 5647 ﬂuvio.
1912 5593 2140 5649 Maximi

546 5685 710 5742 etiam
748 5687 1009 5743 dracones
1046 5684 1163 5742 illic
1207 5701 1326 5742 esse
1382 5683 1666 5752 dicuntur,
1717 5681 1980 5742 habentes
2007 5701 2139 5758 sep-

2258 4611 2314 4664 in
2343 4611 2458 4667 vita
2493 4627 2556 4667 ac
2584 4611 2831 4667 moribus
2861 4611 3061 4668 nostris
3091 4629 3319 4685 regnum
3343 4612 3635 4686 judicatur
3669 4631 3681 4668 :
3719 4613 3862 4689 quod

2255 4718 2404 4758 nunc
2453 4700 2660 4757 discere
2709 4701 3005 4773 imperator
3049 4701 3162 4775 ipse
3194 4702 3440 4759 voluisti.
3484 4703 3865 4778 Philosophus

2255 4790 2399 4845 enim
2457 4807 2567 4846 non
2624 4789 2873 4846 dominio
2923 4791 3154 4846 alterius
3211 4791 3577 4865 obtemperat,
3613 4793 3713 4850 sed
3747 4795 3859 4866 ipse

2253 4877 2570 4936 dominatur
2595 4879 2806 4936 :-homo
2835 4881 2984 4936 enim
3023 4880 3080 4936 in
3113 4897 3236 4938 eum
3271 4899 3386 4938 non
3416 4881 3588 4939 habet
3628 4892 3863 4955 potesta-

2254 4975 2386 5025 tem.
2410 4969 2516 5026 Sed
2544 4970 2802 5043 quoniam
2834 4970 2975 5026 nihil
3008 4971 3168 5027 nobis
3199 4971 3469 5028 hactenus
3503 4973 3744 5029 credens
3772 4975 3862 5044 (eo

2253 5058 2400 5133 quod
2428 5077 2598 5134 usque
2629 5060 2697 5117 ad
2722 5077 2959 5134 praesens
2989 5069 3208 5134 tempus
3249 5061 3389 5118 male
3419 5061 3488 5118 de
3515 5062 3686 5118 nobis
3720 5061 3866 5136 apud

2254 5155 2306 5204 te
2322 5149 2543 5222 quidem
2576 5150 2748 5206 locuti
2775 5151 2953 5222 sunt),
2985 5167 3134 5207 nunc
3161 5151 3228 5207 ad
3259 5167 3359 5207 nos
3400 5168 3530 5207 vera
3560 5151 3866 5226 degustans

2253 5237 2476 5294 venisti.
2539 5237 2774 5296 Calanus
2807 5240 2956 5295 enim
2984 5239 3073 5294 vir
3122 5239 3267 5312 apud
3299 5256 3400 5296 nos
3429 5240 3705 5313 pessimus
3735 5241 3869 5307 fuit,

2253 5343 2348 5400 per
2400 5344 2559 5402 quem
2612 5346 2714 5385 vos
2763 5329 2939 5386 Graeci
2996 5329 3252 5385 homines
3293 5330 3668 5387 Brachmanos
3699 5349 3870 5405 agno-

2252 5417 2412 5474 vistis
2443 5419 2689 5491 quidem,
2721 5419 2859 5477 bene
2889 5428 3074 5476 tamen
3107 5438 3215 5476 non
3248 5421 3512 5493 potuistis
3536 5438 3870 5495 agnoscere.

2249 5507 2350 5564 Ille
2377 5507 2525 5564 enim
2557 5526 2667 5565 non
2689 5509 2796 5566 fuit
2821 5520 3028 5580 noster,
3052 5511 3144 5584 qui
3177 5511 3245 5566 ad
3271 5510 3498 5566 divitias
3526 5511 3650 5566 sine
3672 5512 3757 5568 ali
3779 5529 3876 5583 1113

2253 5596 2338 5652 sui
2393 5600 2746 5656 excusatione
2777 5600 3092 5672 transfugit,
3143 5601 3232 5657 cui
3264 5617 3374 5656 non
3403 5601 3627 5658 suffecit
3662 5601 3737 5657 de
3774 5603 3876 5657 Ta-

2248 5686 2490 5746 berunco
2546 5688 2717 5748 ﬂuvio
2763 5706 2959 5767 aquam
3015 5690 3283 5747 castitatis
3337 5690 3606 5760 haurire,
3679 5707 3880 5765 neque
