4086 6208
299 343 446 401 1173

1425 340 1521 396 DE
1561 339 1868 399 MOBIBUS
1905 338 2515 398 BRACHMANOBUM.

3465 342 3605 403 1174

292 468 475 544 pressi
504 467 664 526 lactis
681 466 869 525 cibum
895 481 1131 535 sumere,
1165 464 1366 539 quibus
1402 466 1515 523 Deo
1544 465 1709 539 digna
1743 483 1896 523 mens
1927 471 1975 529 A
2003 468 2149 541 ipsos
2190 467 2365 523 veluti
2415 474 2607 523 contra
2648 467 2901 526 inimicos
2947 477 3159 528 vestros
3188 471 3377 529 soletis
3420 472 3604 547 loqui,

292 559 522 629 crescit,
557 574 721 632 quam
774 557 872 613 ille
919 558 1035 613 Deo
1081 572 1294 630 semper
1347 554 1542 611 habuit
1595 555 1900 625 inimicam,

292 663 412 721 qua
440 648 582 704 male
609 663 903 705 succensus
948 646 1005 702 in
1058 645 1196 702 iram
1247 644 1474 714 exarsit,
1520 660 1792 718 quamque
1836 645 1902 700 de

291 739 587 813 sapientiae
635 738 798 795 bonis
854 738 1141 795 transtulit
1185 736 1253 792 ad
1283 737 1420 795 vitia
1461 737 1783 809 voluptatis.
1816 738 1902 792 Ex

291 830 464 887 nobis
495 837 679 886 autem
717 830 906 885 nullus
934 828 992 884 in
1027 826 1221 901 prunis
1246 826 1568 883 ardentibus
1597 828 1898 896 volutatur,

290 937 481 995 neque
516 920 617 976 ulli
642 920 860 979 dolores
915 933 1146 990 corpora
1183 924 1371 975 nostra
1417 925 1772 983 consumunt,
1807 917 1899 973 sed

291 1009 421 1066 vita
466 1016 656 1066 nostra
708 1007 1171 1065 medicamentum
1228 1006 1451 1081 aliquod
1494 1006 1744 1063 sanitatis
1783 1013 1890 1063 est.

286 1101 549 1160 Naturali
579 1107 766 1156 autem
795 1097 1067 1155 beneficio
1095 1096 1264 1153 alieni
1302 1113 1334 1152 a
1381 1095 1595 1153 divitiis
1641 1098 1901 1155 omnibus

290 1206 493 1263 sumus
525 1207 537 1244 :
572 1205 728 1261 {equo
758 1187 921 1244 etiam
952 1186 1127 1243 vitam
1174 1193 1416 1242 nostram
1452 1202 1600 1242 mors
1642 1186 1751 1244 ﬁne
1797 1204 1901 1245 co—

290 1279 550 1335 mitatur.
580 1278 653 1333 Et
688 1276 735 1334 si
765 1274 1045 1332 interdum
1092 1275 1346 1331 nonnulli
1392 1274 1535 1351 forte
1580 1277 1897 1332 mortalium

289 1367 369 1424 ad
396 1384 533 1442 quos
554 1367 817 1423 falsorum
856 1364 1012 1422 venit
1042 1364 1294 1422 doctrina
1338 1363 1658 1433 verborum,
1697 1381 1900 1438 percu—

287 1465 415 1514 tere
469 1473 572 1512 nos
648 1455 809 1511 vanis
882 1461 1098 1511 tentant
1173 1452 1387 1526 sagittis
1414 1496 1430 1523 ,
1503 1452 1898 1524 ingenuitatem

286 1553 483 1602 tamen
510 1541 980 1601 nostram‘laedere
1007 1558 1071 1600 ac
1089 1541 1287 1597 vitiare
1317 1557 1429 1597 non
1459 1543 1894 1614 possunt.Unum

285 1640 463 1707 atque
498 1632 646 1690 idem
678 1639 761 1689 est
785 1630 1009 1688 mentiri
1038 1640 1094 1688 et
1120 1631 1341 1687 credere
1386 1631 1698 1687 mentienti.
1729 1633 1900 1689 Nocet

287 1723 448 1780 enim
479 1722 604 1796 quis
631 1730 686 1779 et
723 1721 812 1780 cui
843 1721 981 1777 falsa
1010 1720 1321 1793 persuadet,
1351 1728 1514 1777 nocet
1542 1728 1596 1777 et
1623 1720 1752 1790 sibi,
1771 1721 1899 1794 quia

2011 572 2137 612 cum
2168 563 2351 613 tamen
2382 555 2583 613 habere
2634 575 2732 614 vos
2775 558 2975 630 linguae
3002 562 3236 632 propriae
3278 571 3602 635 potestatem

2011 644 2211 702 sciatis.
2248 645 2431 717 Longe
2455 646 2699 720 profecto
2733 647 2986 704 meliores
3006 658 3135 705 sunt
3170 651 3252 705 illi
3300 654 3392 724 qui
3423 660 3605 710 tacere

2010 743 2436 804 consueverunt,
2457 753 2568 792 non
2591 737 2735 793 enim
2761 755 2816 794 se
2834 739 2977 811 ipsos
2993 740 3270 814 loquendo
3286 744 3602 803 revincunt.

2010 827 2256 883 Mutuam
2284 826 2587 882 mercedem
2617 828 2685 884 ab
2707 828 2965 885 omnibus
2985 830 3253 902 accipitis,
3283 831 3602 903 gloriosum,

2009 928 2073 976 ut
2113 918 2335 992 putatis,
2396 927 2785 976 ornamentum
2833 921 3024 994 digitis
3075 923 3273 979 vestris
3318 922 3608 995 imponitis

2009 1026 2204 1065 aurum
2237 1028 2248 1065 :
2282 1025 2381 1065 vos
2410 1025 2626 1082 quoque
2661 1010 2898 1067 reminas
2927 1011 3178 1068 videmus
3206 1020 3446 1078 ornatos,
3477 1030 3605 1069 cum

2008 1097 2193 1156 sciatis
2231 1097 2378 1171 quod
2426 1098 2689 1170 idipsum,
2742 1098 2801 1155 in
2838 1117 2947 1172 quo
2999 1118 3326 1174 magnopere
3360 1102 3603 1172 creditis,

2007 1197 2274 1263 quantum
2326 1189 2393 1246 ad
2438 1204 2551 1244 rem
2600 1189 2835 1261 pertinet
2882 1207 3088 1258 veram,
3141 1190 3297 1247 vobis
3352 1190 3607 1263 prodesse

2008 1280 2150 1336 nihil
2173 1279 2363 1354 possit.
2398 1279 2551 1335 Auro
2579 1279 2727 1336 enim
2751 1295 2866 1334 non
2892 1280 3238 1335 extolluntur
3267 1280 3486 1349 animae,
3516 1296 3605 1335 ne-

2008 1385 2112 1442 que
2132 1385 2360 1441 corpora
2390 1369 2735 1437 nutriuntur,
2768 1368 2868 1425 sed
2889 1375 3114 1425 econtra
3148 1385 3243 1441 per
3271 1368 3412 1425 illud
3443 1378 3609 1425 utra—

2007 1476 2113 1533 que
2133 1460 2237 1516 ista
2262 1458 2551 1517 vitiantur.
2581 1461 2690 1515 Nos
2719 1467 2900 1515 autem
2929 1460 3025 1533 qui
3055 1461 3438 1533 cognoscimus
3465 1460 3607 1515 veri-

2006 1557 2196 1617 tatem,
2254 1549 2535 1622 ipsamque
2609 1557 2884 1618 naturam,
2944 1549 2990 1604 si
3039 1550 3369 1622 coeperimus
3428 1550 3604 1619 sitire,

2008 1636 2212 1692 ibimus
2268 1638 2332 1694 ad
2392 1638 2647 1706 ﬂuvium,
2699 1655 3006 1712 aurumque
3056 1639 3349 1708 calcantes,
3409 1656 3608 1713 aquam

2006 1726 2280 1783 bibemus.
2330 1727 2483 1783 Auro
2525 1727 2676 1783 enim
2716 1728 2909 1802 nequit
2957 1728 3134 1784 sedari
3166 1729 3360 1797 fames,
3393 1745 3455 1785 ac
3484 1729 3606 1785 sitis

285 1813 432 1871 dum
471 1810 761 1870 mendacio
790 1811 989 1881 credit,
1029 1827 1141 1866 non
1182 1810 1345 1866 facile
1382 1811 1451 1866 ad
1495 1810 1669 1883 ipsam
1699 1814 1898 1868 verita-
1928 1833 1975 1893 Β
2009 1816 2183 1873 nescit
2216 1816 2516 1889 exstingui.
2549 1817 2669 1873 Non
2691 1833 2759 1872 ex
2788 1833 2923 1872 auro
2954 1817 3107 1873 venit
3136 1818 3429 1873 vulnerum
3453 1835 3605 1887 cura,

285 1914 410 1964 tem
450 1903 739 1977 pervenire
767 1902 935 1958 valet.
987 1896 1337 1957 Insimulatio
1375 1907 1561 1956 autem
1611 1903 1755 1957 mala
1797 1901 1900 1956 ini-

284 1995 637 2053 micitiarum
668 1992 918 2066 quaedam
949 2000 1003 2049 et
1042 1990 1405 2048 certaminum
1444 1998 1619 2047 mater
1646 1999 1745 2060 est,
1779 2009 1901 2065 quae

286 2101 363 2142 ex
393 2101 452 2141 se
502 2081 844 2139 iracundiam
892 2080 1056 2154 parit,
1114 2096 1185 2137 ex
1219 2080 1421 2152 quibus
1476 2097 1667 2137 rursus
1719 2080 1902 2153 jurgia

286 2179 347 2230 et
380 2171 527 2228 bella
555 2179 872 2228 nascuntur.
910 2169 1078 2225 Nulla
1114 2177 1299 2225 tamen
1330 2168 1512 2225 virtus
1538 2177 1624 2225 est
1651 2169 1900 2226 occidere

284 2262 582 2320 hominem
616 2277 629 2315 :
662 2262 940 2317 latronum
988 2259 1137 2316 enim
1180 2259 1304 2328 iste,
1346 2266 1409 2315 ut
1455 2259 1734 2327 novimus,
1782 2276 1901 2316 mos

284 2360 376 2412 est
456 2350 563 2409 Sed
615 2366 718 2406 nos
779 2349 1046 2406 virtutem
1121 2364 1309 2404 veram
1383 2365 1648 2406 vocamus
1706 2356 1901 2405 contra

284 2456 554 2501 aurarum
607 2438 943 2495 mutationes
999 2437 1150 2495 nudo
1191 2454 1420 2511 corpore
1458 2438 1743 2506 dimicare,
1796 2438 1901 2494 de-

283 2531 499 2591 sideria
523 2529 739 2587 ventris
770 2528 1110 2597 abscindere,
1163 2535 1218 2583 et
1268 2529 1448 2584 varias
1493 2528 1668 2600 ipsius
1692 2545 1902 2601 pugnas

283 2619 633 2679 abstinentia
662 2618 1036 2692 patientiaque
1063 2632 1337 2689 superare.
1368 2617 1543 2690 Igitur
1562 2620 1715 2690 prius
1740 2618 1901 2675 vince

284 2710 395 2768 hos
431 2708 690 2765 inimicos
726 2715 854 2764 ante
873 2707 1061 2763 omnia
1084 2713 1230 2776 tuos,
1263 2706 1311 2763 si
1340 2705 1500 2762 fortis
1539 2705 1745 2762 videris
1772 2705 1896 2775 tibi,

282 2808 342 2860 et
372 2799 586 2857 exinde
614 2815 752 2872 opus
788 2798 893 2855 tibi
932 2814 1044 2855 non
1094 2797 1201 2854 erit
1245 2797 1538 2853 adversum
1588 2797 1897 2871 quempiam

284 2891 603 2954 certamina
633 2898 863 2947 externa
890 2889 1261 2946 committere.
1293 2888 1506 2946 Idcirco
1531 2890 1679 2945 enim
1708 2897 1901 2945 contra

281 3003 379 3044 eos
412 2983 512 3058 qui
553 2983 689 3040 foris
735 2991 885 3052 sunt,
931 2998 1246 3039 commoves
1280 2982 1448 3049 bella,
1499 2989 1561 3038 ut
1605 2982 1728 3037 istis
1765 2998 1902 3055 quos

282 3075 634 3134 intrinsecus
665 3072 852 3141 habes,
893 3071 1157 3128 alimenta
1190 3078 1245 3126 et
1271 3070 1516 3126 fomenta
1545 3070 1861 3142 suppedites
1886 3086 1897 3124 :

281 3166 382 3223 sed
431 3172 490 3219 tu
516 3162 675 3252 vides
704 3161 975 3252 quodeos
1003 3160 1248 3233 quidem,
1271 3176 1397 3217 cum
1427 3160 1638 3252 quibus
1653 3160 1789 3252 foris
1817 3159 1898 3216 di-
1930 3188 1980 3252 Ο

280 3255 490 3321 micas,
525 3251 729 3320 vincis,
758 3251 828 3307 ab
858 3251 928 3307 iis
957 3258 1140 3307 autem
1172 3266 1309 3324 quos
1350 3251 1518 3318 nosti,
1549 3251 1641 3324 qui
1673 3251 1821 3306 intra
1849 3258 1901 3307 te

284 3350 455 3411 sunt,
484 3340 778 3414 superaris.
811 3339 1110 3398 Considera
1147 3339 1317 3413 igitur
1344 3340 1536 3413 quanti
1578 3340 1804 3412 tyranni
1843 3339 1898 3395 in

286 3433 603 3491 stultorum
632 3428 894 3486 cordibus
948 3428 1155 3502 degunt
1202 3445 1214 3484 :
1277 3428 1446 3497 oculi,
1498 3445 1678 3497 aures,
1719 3445 1898 3498 nares,

284 3527 518 3589 venter,
559 3518 770 3586 virilia,
798 3525 1089 3593 totumque
1119 3534 1318 3592 corpus
1357 3517 1688 3583 humanum,
1735 3534 1900 3592 quam

285 3612 476 3669 multa
507 3612 673 3667 etiam
702 3610 975 3668 desideria
1002 3610 1673 3679 nascunturintrinsecus,
1700 3610 1902 3684 quibus

294 3706 562 3766 omnibus
591 3723 760 3780 genus
782 3709 1011 3765 mortale
1033 3705 1342 3766 succumbit
1368 3716 1423 3763 et
1456 3706 1644 3775 servit,
1683 3717 1904 3780 propter

296 3812 423 3871 quae
461 3804 661 3859 cuncta
690 3804 745 3852 et
765 3796 1100 3870 iugulantur
1146 3804 1201 3854 et
1242 3794 1520 3870 jugulant.
1556 3796 1675 3853 ‘Nos
1720 3806 1900 3853 autem

295 3883 655 3953 Brachmani,
700 3884 831 3959 quia
872 3886 1060 3943 omnia
1098 3902 1219 3959 quae
1268 3886 1602 3942 intrinsecus
1640 3885 1904 3942 habemus

296 3971 446 4027 bella
477 3987 820 4043 superamus,
870 3973 984 4044 jam
1029 3974 1098 4029 de
1136 3975 1351 4047 reliquo
1396 3974 1703 4030 incolumes
1742 3983 1905 4048 atque

300 4058 483 4118 securi
515 4059 576 4115 in
616 4075 831 4116 summa
879 4076 1012 4133 pace
1068 4060 1489 4134 requiescimus,
1537 4063 1705 4119 silvas
1755 4064 1904 4120 vide-

299 4166 447 4217 mus,
482 4148 793 4221 caelumque
821 4148 1175 4222 suspicimus,
1205 4150 1516 4223 aquilarum
1538 4150 1902 4208 diversarum-

299 4255 410 4315 que
430 4239 617 4296 avium
641 4236 979 4312 gratissimas
1012 4253 1173 4295 voces
1197 4253 1412 4311 semper
1447 4239 1723 4309 audimus,
1755 4242 1904 4298 nudo

300 4327 406 4387 sub
443 4344 567 4385 aere
599 4326 857 4384 arborum
888 4325 1039 4382 foliis
1069 4335 1256 4383 nostra
1283 4343 1513 4400 corpora
1539 4330 1900 4404 contegimus,

301 4435 607 4494 eorumque
680 4417 955 4476 fructibus
1019 4419 1316 4490 vescimur,
1387 4435 1585 4494 aquam
1636 4419 1900 4490 bibimus,

2011 1920 2125 1960 non
2166 1913 2495 1978 aegrotorum
2546 1905 2821 1963 medicina
2882 1905 3276 1975 membrorum,
3329 1922 3441 1961 non
3495 1908 3611 1961 ulla

2011 1996 2310 2052 refrenatio
2339 1998 2663 2069 cupiditatis
2702 1997 3012 2066 immensae,
3042 1997 3135 2053 sed
3159 1997 3410 2052 hortatus
3438 1997 3611 2069 magis

2011 2102 2074 2143 ac
2096 2087 2412 2159 provocatio
2443 2086 2618 2158 major
2645 2087 2713 2142 ad
2754 2103 2953 2142 novam
2983 2087 3169 2142 nescio
3198 2103 3360 2159 quam
3396 2103 3612 2144 concu-

2012 2175 2256 2248 piscendi
2274 2175 2585 2232 libidinem.
2603 2176 2674 2231 Et
2692 2175 2814 2231 sitis
2830 2174 3061 2247 quidem
3086 2175 3182 2229 illa
3202 2176 3468 2230 naturalis
3483 2193 3607 2231 cum

2011 2264 2198 2332 fuerit,
2216 2281 2339 2320 cum
2357 2281 2576 2337 aquam,
2594 2280 2755 2336 quam
2773 2262 3126 2333 desideravit,
3145 2263 3433 2336 acceperit,
3452 2263 3610 2322 sitire

2010 2371 2143 2410 mox
2172 2362 2343 2411 cessat
2367 2372 2380 2422 ;
2408 2354 2667 2410 similiter
2696 2354 2861 2410 etiam
2888 2353 3162 2409 naturalis
3192 2354 3362 2409 fames
3392 2354 3611 2426 quando

2011 2460 2189 2500 escam
2220 2461 2382 2517 quam
2416 2445 2631 2517 quaerit,
2674 2434 2968 2515 acceperit,
3000 2442 3367 2515 conquiescit.
3400 2442 3457 2498 Si
3496 2440 3610 2515 igi—

2011 2541 2104 2589 tur
2141 2533 2330 2588 eodem
2362 2532 2549 2601 modo,
2599 2533 2900 2604 eademque
2930 2541 3127 2588 natura
3169 2548 3364 2587 aurum
3393 2547 3609 2605 quoque

2012 2621 2287 2677 humanus
2314 2622 2533 2677 animus
2562 2620 2916 2687 desideraret,
2951 2621 3045 2675 ubi
3090 2620 3325 2691 primum
3356 2619 3609 2691 accepis-

2010 2721 2091 2768 set
2119 2710 2267 2785 quod
2314 2710 2537 2784 optabat
2579 2710 2847 2781 accipere,
2907 2709 3027 2765 sine
3055 2708 3228 2763 dubio
3252 2707 3527 2779 cupiditas
3555 2714 3609 2763 et

2012 2802 2129 2874 ipsa
2179 2809 2447 2857 cessaret:
2512 2799 2606 2855 sed
2672 2797 2875 2854 nedum
2937 2798 3041 2853 ista
3085 2813 3197 2853 non
3253 2806 3445 2865 cessat,
3494 2797 3610 2854 imo

2012 2906 2225 2962 semper
2252 2906 2414 2957 nova,
2439 2896 2495 2943 et
2525 2887 2643 2944 sine
2664 2887 2848 2959 aliqua
2877 2885 3286 2942 intermissione
3315 2885 3610 2956 desiderat,

2012 2980 2142 3053 quia
2172 2995 2283 3035 non
2315 2995 2385 3035 ex
2417 2976 2857 3034 commonitione
2886 2983 3100 3031 natura:
3143 2974 3476 3031 desiderium
3506 2976 3614 3031 tale

2013 3068 2282 3143 procedit.
2311 3069 2594 3124 Postremo
2616 3067 2671 3122 in
2704 3084 2813 3140 quo
2836 3066 2984 3139 apud
3037 3083 3137 3122 vos
3162 3066 3417 3122 homines
3445 3073 3499 3122 et
3532 3081 3616 3121 or-

2013 3167 2217 3214 nantur
2240 3165 2294 3214 et
2322 3156 2647 3229 gloriantur,
2674 3156 2731 3211 in
2752 3155 2939 3211 eodem
2963 3154 3109 3226 apud
3135 3171 3234 3210 nos
3253 3163 3609 3228 spernuntur.

2016 3250 2254 3306 Calanus
2282 3247 2494 3303 amicus
2522 3253 2603 3302 est
2630 3254 2833 3312 vester,
2856 3242 2950 3300 sed
2981 3244 3267 3316 spernitur
3296 3251 3350 3299 et
3379 3245 3619 3301 calcatur

2011 3361 2042 3400 a
2072 3343 2253 3399 vobis.
2285 3341 2391 3410 Qui
2424 3357 2550 3413 ergo
2596 3340 2901 3396 multorum
2936 3339 3207 3393 malorum
3256 3344 3448 3394 auctor
3473 3337 3618 3410 apud

2010 3449 2112 3489 vos
2166 3432 2353 3497 fuerit,
2381 3447 2414 3487 a
2442 3429 2602 3486 vobis
2632 3428 2937 3484 honoratur
2979 3434 3034 3482 et
3084 3425 3325 3482 colitur:
3361 3428 3455 3500 qui
3487 3443 3619 3483 vero

2012 3529 2092 3577 est
2122 3520 2360 3586 inutilis,
2392 3518 2682 3591 projicitur
2709 3534 2741 3571 a
2763 3515 2954 3572 nobis:
2989 3523 3044 3571 et
3081 3514 3178 3570 illa
3204 3530 3325 3588 quae
3355 3530 3458 3570 nos
3487 3530 3620 3569 om—

2012 3610 2146 3665 nino
2179 3626 2292 3666 non
2338 3609 2659 3682 quaerimus,
2704 3606 2909 3665 Calano
2955 3621 3054 3676 pro
3108 3620 3171 3660 ea
3214 3619 3376 3677 quam
3422 3602 3621 3658 habuit

2012 3718 2139 3773 erga
2167 3699 2456 3772 pecuniam
2488 3698 2815 3771 cupiditate,
2849 3697 3194 3770 placuerunt.
3227 3695 3331 3751 Sed
3363 3710 3474 3751 non
3504 3703 3622 3752 erat

2012 3798 2201 3846 noster
2221 3790 2314 3846 hic
2336 3789 2484 3858 talis,
2509 3788 2605 3862 qui
2628 3788 2870 3844 animam
2896 3801 3050 3841 suam
3075 3783 3621 3841 miserabiliterlzesit

2011 3895 2075 3935 ac
2104 3877 2363 3950 perdidit,
2399 3877 2467 3932 ob
2498 3874 2646 3947 quod
2678 3890 2852 3946 neque
2893 3874 2992 3928 Dei
3044 3888 3223 3943 neque
3265 3874 3441 3928 nostri
3470 3873 3623 3928 ami—

2012 3984 2108 4023 cus
2136 3983 2252 4024 esse
2281 3966 2434 4022 visus
2462 3972 2544 4020 est
2570 3964 2792 4035 dignus,
2814 3977 2999 4034 neque
3027 3961 3082 4017 in
3115 3961 3221 4016 hoc
3248 3962 3447 4017 saeculo
3478 3963 3622 4018 inter

2012 4057 2182 4113 silvas
2235 4055 2436 4112 habere
2498 4053 2699 4111 meruit
2762 4051 3134 4117 securitatem,
3215 4066 3392 4121 neque
3468 4050 3618 4105 illam

2012 4165 2226 4221 sperare
2272 4148 2502 4221 gloriam
2558 4143 2763 4218 potuit,
2832 4158 2957 4215 quae
3008 4140 3353 4214 promittitur
3398 4140 3457 4195 in
3523 4140 3621 4196 fu-

2013 4247 2160 4296 turo.

2084 4325 2401 4384 Alexander
2426 4324 2727 4396 imperator
2756 4321 2854 4379 ubi
2890 4321 3049 4377 venit
3086 4319 3154 4377 ad
3192 4319 3377 4389 silvas,
3409 4318 3621 4376 Danda-

2013 4426 2151 4483 mim
2198 4425 2421 4499 quidem
2448 4423 2651 4495 ipsum
2682 4422 2741 4476 in
2793 4419 3036 4476 transitu
3090 4418 3277 4475 videre
3301 4434 3411 4474 non
3440 4418 3621 4491 potuit

300 4512 547 4586 hymnos
573 4513 688 4568 Deo
716 4510 991 4579 canimus,
1021 4519 1075 4567 et
1102 4510 1276 4568 futuri
1324 4511 1511 4568 saeculi
1540 4511 1715 4568 vitam
1745 4511 1901 4568 desi-
1928 4556 1977 4615 Β
2016 4514 2346 4589 (Plutarch.,
2367 4514 2426 4569 in
2450 4514 2568 4572 Vita
2586 4510 2912 4582 Alexandri)
2941 4528 2952 4566 :
2977 4510 3035 4565 in
3057 4508 3198 4565 silva
3215 4509 3363 4564 enim
3381 4507 3618 4580 jacebat,

301 4600 580 4670 derainus,
605 4600 932 4675 nullumque
952 4599 1100 4674 quod
1121 4600 1375 4673 prodesse
1392 4600 1553 4658 nobis
1575 4617 1686 4657 non
1703 4601 1895 4674 possit,

302 4690 583 4748 audimus.
607 4690 706 4747 His
736 4707 865 4764 ergo
888 4707 992 4748 nos
1020 4690 1355 4748 Brachmani
1386 4690 1635 4748 moribus
1658 4691 1905 4748 contenti

303 4781 572 4850 vivimus,
607 4780 906 4855 paucisque
931 4782 1282 4840 sermonibus
1336 4781 1555 4856 agitatis
1600 4799 1731 4838 mox
1759 4791 1906 4838 tace-

303 4887 452 4927 mus.
484 4871 598 4928 Vos
629 4879 813 4928 autem
850 4870 1040 4928 dicitis
1082 4871 1309 4945 quidem
1358 4890 1479 4946 quae
1503 4872 1739 4930 debeant
1765 4872 1906 4937 ﬁeri,

305 4958 411 5017 nec
437 4965 624 5016 tamen
644 4958 829 5015 facitis
855 4977 869 5027 ;
894 4959 1288 5032 philosophum
1310 4977 1412 5017 vos
1431 4963 1650 5017 nullum
1681 4962 1906 5036 putatis,

304 5048 416 5104 nisi
446 5064 571 5105 eum
601 5050 698 5124 qui
729 5048 950 5104 noverit
972 5048 1125 5123 loqui
1159 5067 1171 5105 :
1218 5056 1400 5106 vester
1423 5050 1572 5108 enim
1617 5060 1700 5109 est
1728 5051 1909 5109 omnis

306 5152 501 5193 sensus
528 5137 590 5194 in
618 5137 831 5212 lingua,
861 5138 1127 5212 vobisque
1154 5139 1212 5195 in
1242 5139 1357 5195 oris
1400 5139 1571 5195 vestri
1606 5140 1769 5199 labiis
1795 5150 1911 5198 tota

306 5226 580 5300 sapientia
605 5234 706 5282 est.
744 5227 960 5285 Aurum
988 5234 1387 5302 argentumque
1411 5230 1698 5304 colligitis,
1723 5232 1910 5305 pluri-

306 5314 417 5373 mis
447 5315 622 5373 servis
648 5324 702 5373 et
728 5318 942 5391 magnis
983 5317 1241 5376 domibus
1292 5318 1552 5394 indigetis
1587 5339 1599 5377 :
1646 5322 1911 5379 aﬂ‘ectatis

308 5407 568 5478 honores,
591 5417 646 5466 et
672 5409 962 5466 sectamini
983 5410 1299 5484 dignitates,
1327 5412 1492 5470 editis
1512 5420 1727 5469 tantum
1749 5422 1912 5488 atque

309 5496 513 5569 potatis
540 5507 810 5573 quantum
830 5499 991 5573 juvat
1020 5502 1254 5574 expleri,
1277 5502 1504 5558 utimini
1534 5519 1689 5577 atque
1718 5513 1773 5561 et
1803 5520 1912 5561 ve-

311 5587 490 5645 stibus
538 5588 797 5647 delicatis
833 5606 1048 5663 semper
1100 5607 1165 5647 ac
1203 5591 1487 5661 mollibus,
1527 5609 1695 5665 eaque
1730 5594 1912 5651 facitis

313 5693 545 5753 quorum
601 5680 982 5755 pcenitentiam
1041 5697 1175 5739 mox
1235 5683 1436 5759 geratis
1487 5701 1500 5740 :
1557 5692 1747 5743 contra
1801 5701 1912 5743 vox

2010 4605 2337 4664 recumbens
2363 4620 2528 4676 super
2548 4601 2806 4659 arborum
2841 4599 2977 4656 folia
2998 4599 3056 4655 in
3077 4600 3371 4655 securitate
3392 4605 3447 4653 et
3466 4612 3618 4669 pace,

2017 4697 2305 4771 proximus
2332 4694 2495 4762 fonti,
2538 4709 2702 4766 quem
2750 4691 2906 4764 quasi
2947 4689 3083 4747 uber
3116 4696 3276 4744 terrae
3308 4687 3498 4744 matris
3524 4687 3621 4742 in-

2018 4794 2340 4858 corruptum
2378 4790 2540 4856 atque
2608 4782 2885 4853 integrum
2939 4779 2998 4835 in
3061 4796 3122 4835 os
3145 4795 3306 4836 suum
3346 4778 3622 4849 emulgere

2019 4882 2397 4933 consueverat.
2458 4869 2609 4928 Misit
2671 4878 2853 4925 autem
2911 4869 2962 4924 ei
3014 4866 3333 4924 Alexander
3380 4865 3620 4923 amicum

2019 4963 2311 5038 quemdam
2346 4960 2567 5017 nomine
2598 4957 2969 5016 Onesicritum
3004 4957 3094 5030 (ρ.
3126 4957 3306 5026 Curt.,
3342 4956 3439 5012 lib.
3473 4970 3533 5010 ιχ
3555 4954 3618 5010 de

2025 5053 2191 5109 Gestis
2207 5050 2558 5123 Alemandri),
2581 5048 2771 5106 dicens
2789 5048 2840 5105 ei
2866 5067 2877 5104 :
2904 5048 3233 5116 Onesicrite,
3256 5052 3620 5102 memoratum

2019 5140 2202 5195 virum
2232 5138 2563 5197 Dandamim
2591 5137 2659 5193 ad
2690 5154 2777 5193 me
2809 5137 3001 5194 venire
3030 5137 3249 5202 festina,
3280 5141 3376 5188 aut
3400 5148 3617 5189 causam

2021 5240 2240 5307 propter
2278 5248 2442 5307 quam
2475 5231 2664 5288 venire
2709 5230 2973 5300 noluerit,
3026 5226 3239 5294 nuntia,
3285 5231 3347 5280 ut
3372 5240 3472 5296 ego
3502 5223 3620 5295 ipse

2020 5328 2089 5385 ad
2110 5327 2413 5385 videndum
2438 5345 2564 5385 eum
2596 5344 2837 5401 pergam.
2871 5324 2974 5384 Cui
3020 5322 3115 5377 ille
3143 5318 3428 5392 respondit
3463 5337 3474 5375 :
3509 5320 3623 5375 Fa-

2020 5419 2160 5475 ciam
2204 5435 2333 5476 cum
2381 5418 2663 5476 celeritate
2710 5415 2854 5490 quod
2888 5410 3158 5485 praecipis.
3189 5409 3327 5464 Nam
3354 5407 3498 5464 sicut
3520 5406 3623 5478 ju-

2019 5508 2149 5565 bere
2176 5516 2333 5564 tuum
2365 5515 2464 5575 est,
2525 5508 2602 5563 ita
2633 5520 2814 5562 meum
2853 5517 2968 5557 esse
3022 5514 3290 5572 cognosco
3319 5496 3431 5552 tuis
3454 5495 3625 5568 jussis

2021 5597 2417 5670 obtemperare.
2454 5596 2557 5653 Ubi
2605 5594 2779 5666 igitur
2808 5588 3158 5663 supradictus
3187 5588 3253 5644 ad
3291 5586 3621 5645 Dandamim

2023 5686 2258 5745 nuntius
2285 5687 2462 5756 venit,
2495 5685 2582 5742 his
2610 5700 2733 5742 eum
2784 5682 3057 5738 allocutus
3085 5687 3169 5738 est
3192 5678 3376 5736 verbis
3409 5695 3422 5735 :
3464 5676 3624 5735 Dixit
