4068 6186
475 289 615 349 1175

1508 284 1605 338 ΑΒ
1644 281 1876 338 ΟΡΕΗΑ
1917 283 1972 338 S.
2017 279 2354 338 AMBROSII
2389 278 2769 336 APPENDIX.

3647 277 3786 334 1176

476 421 626 478 ﬁlius
655 415 742 475 dei
770 415 923 473 Jevis
953 412 1155 483 magni,
1189 409 1501 466 Alexander
1527 409 1844 482 imperator,
1872 408 1968 480 qui
1989 418 2072 464 est
2101 413 2152 471 A
2181 419 2292 478 tur,
2311 409 2626 478 exsiliisset,
2659 423 2918 466 coronam
2939 407 3007 464 de
3033 409 3215 481 capite
3235 406 3516 480 deposuit,
3539 423 3790 465 omnem-

477 510 735 566 dominus
765 505 976 579 generis
1005 501 1257 569 humani,
1289 509 1350 556 ut
1382 515 1636 572 properes
1666 499 1734 566 ad
1774 499 1930 554 illum
1965 515 2070 554 ve-

478 601 618 668 nire,
661 597 787 671 quia
839 594 959 659 tibi,
993 592 1037 647 si
1071 591 1307 659 veneris,
1355 591 1590 661 plurima
1619 588 1772 644 dabit
1804 605 2066 644 munera:

480 691 527 746 si
558 705 686 744 vero
715 685 902 740 venire
930 682 1193 748 nolueris,
1224 680 1396 736 veluti
1429 689 1860 752 contemptorem
1897 687 1949 734 te
1987 695 2072 735 ca-

478 779 591 851 pite
643 773 851 845 puniet.
891 772 1020 839 Qua:
1075 786 1200 824 cum
1256 768 1324 823 ad
1371 768 1673 827 Dandamis
1723 784 1881 822 aures
1925 768 2074 823 dicta

479 865 776 931 venissent,
810 878 919 917 non
951 860 1191 916 surrexit
1221 877 1290 914 ex
1319 857 1703 930 foliis,quihus
1733 858 1906 914 fultus
1929 855 2074 928 jace-

478 957 590 1023 bat,
626 953 718 1009 sed
755 954 865 1008 tale
895 968 1215 1023 responsum
1265 949 1451 1004 ridens
1477 947 1739 1016 reddidit,
1772 966 1833 1004 ac
1861 963 2072 1004 recum-

479 1047 614 1103 hens
651 1065 661 1100 :
697 1048 864 1113 Deus,
898 1044 1098 1116 inquit,
1125 1043 1402 1098 maximus
1428 1057 1617 1114 parare
1646 1041 1905 1113 cuiquam
1938 1056 2073 1095 nes-

480 1135 556 1191 cit
576 1134 858 1207 injuriain,
887 1133 981 1188 sed
1013 1135 1196 1188 lumen
1230 1132 1357 1186 vitze
1387 1148 1578 1186 rursus
1599 1130 1672 1185 iis
1695 1138 1912 1202 praestat
1943 1129 2075 1185 ani—

481 1227 607 1294 mis,
641 1241 761 1297 quae
792 1237 890 1279 suo
921 1223 1148 1278 solverit
1172 1223 1304 1277 fato.
1337 1223 1488 1277 Meus
1533 1239 1660 1293 ergo
1690 1221 1783 1276 ille
1818 1221 1967 1276 solus
1995 1229 2077 1277 est

482 1314 762 1382 dominus,
788 1313 882 1385 qui
913 1311 1213 1367 homicidia
1237 1319 1402 1378 vetat,
1428 1319 1480 1365 et
1513 1311 1606 1382 qui
1635 1310 1779 1366 bella
1808 1327 1916 1365 non
1949 1326 2076 1366 con-

483 1407 633 1462 citat.
692 1404 1006 1460 Alexander
1053 1419 1184 1458 vero
1220 1418 1331 1458 non
1376 1409 1457 1457 est
1505 1401 1660 1470 deus,
1703 1401 1832 1474 quia
1861 1409 1913 1455 et
1962 1401 2078 1472 ipse

467 1497 785 1558 anoriturus
841 1503 942 1550 est.
996 1492 1469 1561 Quemadmodum
1527 1493 1696 1565 igitur
1756 1499 1934 1564 potest
1964 1508 2079 1546 esse

483 1587 732 1642 omnium
751 1584 1030 1653 dominus,
1058 1583 1150 1656 qui
1170 1582 1416 1638 nondum
1447 1579 1824 1655 Tyberoboam
1843 1579 2076 1636 fluvium

485 1674 880 1742 transfretavit,
913 1689 1089 1746 neque
1111 1690 1204 1744 per
1221 1681 1398 1728 totum
1422 1670 1691 1726 mundum
1711 1669 1894 1726 sedem
1925 1684 2080 1725 suam

2183 518 2287 574 que
2316 501 2410 573 qui
2439 503 2582 557 circa
2611 499 2791 572 ipsum
2821 507 2936 556 erat
2983 500 3254 574 superbiae
3295 507 3573 555 tumorem
3623 500 3790 557 relin-

2185 610 2376 666 quens,
2419 595 2486 649 ad
2539 601 2904 648 memoratum
2961 609 3148 648 semen
3179 591 3460 664 ingressus
3498 599 3583 647 est
3609 593 3786 662 solus,

2183 693 2236 740 et
2265 685 2333 740 ad
2363 683 2526 755 pedes
2551 683 2720 754 ipsius
2745 699 2802 738 se
2826 681 3000 749 dedit,
3028 682 3132 738 hoc
3161 681 3354 737 dicens
3385 701 3396 738 :
3431 681 3624 751 Salve,
3643 684 3789 738 Dan-

2185 774 2353 842 dami,
2384 790 2482 845 ego
2510 773 2579 830 ad
2608 781 2661 828 te
2682 773 2832 842 veni,
2862 771 2992 845 quia
3020 783 3080 830 tu
3110 774 3176 829 ad
3201 789 3286 828 me
3317 773 3552 828 noluisti
3578 773 3788 829 venire.

2188 863 2290 920 Cui
2322 863 2416 918 ille
2443 860 2755 932 respondit:
2779 859 2863 916 Ad
2885 859 3019 933 quid
3049 861 3116 917 ad
3134 876 3235 916 uos
3263 859 3516 916 venisti?
3545 869 3644 915 aut
3661 860 3792 934 quid
3827 877 3838 886 ·

2187 956 2253 1012 de
2283 955 2485 1011 nostris
2511 951 2988 1010 sollicitudinibus
3015 951 3232 1008 auferre
3259 950 3549 1007 desideras
3580 951 3610 1007 ?
3637 950 3790 1018 Quod

2186 1043 2344 1116 cupis
2374 1043 2509 1115 ipse,
2548 1059 2648 1098 nos
2678 1041 2876 1098 habere
2910 1058 3020 1097 non
3049 1059 3340 1115 possumus
3376 1059 3388 1097 :
3419 1041 3572 1116 quod
3594 1041 3792 1096 iterum

2187 1151 2289 1190 nos
2315 1133 2600 1202 habemus,
2642 1133 3011 1189 necessarium
3039 1133 3142 1188 tibi
3182 1149 3294 1188 non
3325 1141 3425 1190 est.
3465 1133 3582 1188 Nos
3612 1131 3796 1188 hono-

2187 1241 2376 1281 ramus
2421 1226 2622 1292 Deum,
2681 1231 2734 1279 et
2785 1239 3034 1278 amamus
3101 1221 3418 1290 hominem;
3460 1223 3796 1294 negligimus

2189 1331 2404 1383 aurum,
2436 1314 2846 1370 contemnimus
2875 1320 3108 1369 mortem
3146 1331 3157 1370 :
3210 1329 3309 1368 vos
3342 1319 3529 1368 autem
3563 1322 3794 1371 mortem

2189 1405 2420 1473 timetis,
2487 1403 2774 1460 honoratis
2803 1418 3026 1470 aurum,
3074 1401 3246 1458 editis
3280 1401 3591 1471 hominem,
3622 1405 3793 1460 Deum

2189 1494 2566 1552 contemnitis.
2625 1493 2713 1549 Ad
2763 1509 2927 1565 quem
2979 1491 3340 1548 Alexandera
3384 1493 3558 1562 Doce,
3595 1493 3792 1565 inquit,

2192 1603 2293 1644 nos
2317 1583 2526 1658 aliquid
2553 1581 2833 1656 sapientia;
2867 1602 2880 1640 :
2925 1585 3149 1656 plenum
3207 1583 3366 1640 aiunt
3394 1591 3446 1639 te
3477 1582 3794 1652 divinitate,

2192 1689 2248 1737 et
2275 1696 2402 1736 cum
2434 1681 2556 1751 ipse
2575 1676 2818 1748 colloqui
2840 1676 3044 1750 saepius
3065 1677 3180 1732 Dee
3214 1693 3226 1730 :
3250 1691 3349 1748 ego
3381 1691 3515 1732 vero
3543 1675 3686 1731 scire
3709 1674 3794 1731 de-

485 1767 707 1834 IOCRVit,
750 1782 864 1822 ῐιοῐὶ
897 1781 1045 1820 Ζοηεθ
1093 1763 1297 1819 Gadem
1346 1762 1586 1828 “8118i”.
1620 1777 1732 1816 110D
1785 1761 1844 1816 in
1895 1759 2082 1816 Ιηθάίο
2111 1777 2158 1840 Β
2195 1770 2376 1826 sidere
2409 1769 2466 1824 in
2497 1784 2606 1840 qua
2625 1784 2682 1823 re
2711 1764 3119 1840 praestantiores
3149 1765 3352 1822 Graecis
3384 1781 3484 1821 vos
3505 1764 3652 1838 ipsos
3679 1781 3798 1821 esse

485 1861 636 1918 orbis
665 1877 886 1918 cursum
917 1859 1051 1915 solis
1079 1857 1293 1929 aspexit
1319 1857 1346 1914 ?
1395 1871 1561 1928 quare
1589 1863 1796 1927 agentes
1826 1855 2080 1928 plurimae

488 1967 589 2008 nec
644 1951 762 2022 ejus
818 1947 1042 2021 quidem
1102 1963 1302 2002 nomen
1353 1945 1534 2002 adhuc
1574 1962 1732 2000 nosse
1758 1952 2078 2016 potuerunt.

487 2041 544 2096 Si
575 2047 756 2095 autem
811 2054 922 2093 non
969 2036 1114 2108 capit
1143 2053 1265 2092 eum
1299 2035 1393 2090 illa
1429 2051 1590 2107 quam
1644 2035 1885 2106 possidet
1915 2044 2081 2103 terra,

487 2128 720 2184 ﬂuvium
749 2133 991 2184 transeat
1019 2135 1295 2193 nostrum,
1339 2133 1392 2180 et
1439 2122 1685 2179 inveniet
1719 2125 1898 2179 solum
1949 2125 2082 2190 tale,

487 2221 634 2294 quod
683 2221 832 2276 norit
891 2218 1144 2274 homines
1181 2217 1470 2273 sustinere.
1531 2216 1882 2288 Quaicunque
1939 2214 2084 2270 mihi

487 2309 798 2366 Alexander
813 2309 1126 2382 pollicetur,
1149 2307 1192 2362 si
1211 2324 1270 2362 ea
1291 2306 1622 2378 przestiterit,
1646 2313 1844 2360 cuncta
1864 2304 2087 2361 inutilia

491 2398 630 2455 mihi
653 2408 832 2454 erunt.
867 2399 980 2468 Ego
1027 2397 1172 2451 enim
1207 2395 1380 2451 habeo
1408 2395 1661 2462 domum,
1713 2395 1866 2462 folia,
1902 2393 2086 2449 herbis

490 2505 707 2562 quoque
727 2505 848 2562 qua:
888 2487 1137 2558 adjacent
1168 2485 1328 2553 mihi,
1363 2488 1576 2558 vescod,
1607 2492 1660 2539 et
1692 2501 1890 2556 aquam
1922 2492 2083 2556 pete:

489 2578 788 2652 posthabeo
817 2577 924 2634 alia
973 2591 1313 2650 quaecunque
1345 2591 1469 2630 cum
1509 2573 1889 2629 sollicitudine
1919 2574 2089 2629 colli—

488 2677 694 2741 guntur
720 2685 782 2724 ac
836 2675 1084 2740 pereunt,
1131 2665 1382 2736 nihilque
1404 2663 1555 2719 aliud
1581 2673 1775 2734 prmter
1804 2663 2088 2718 tristitiam

491 2757 864 2831 quaerentibus
920 2773 982 2813 ea
1037 2764 1199 2829 atque
1246 2754 1576 2810 habentibus
1633 2753 1896 2826 praebent.
1931 2755 2090 2810 Nunc

491 2851 663 2924 igitur
687 2867 911 2906 securus
943 2848 1182 2922 quiesco,
1207 2847 1516 2920 clausisque
1547 2847 1723 2902 oculis
1749 2848 1829 2902 nil
1859 2847 2090 2903 omnino

495 2941 772 2999 custodio.
805 2940 858 2995 Si
889 2956 1085 2994 aurum
1112 2938 1337 2994 voluero
1359 2952 1596 3003 servare,
1621 2953 1876 2992 somnum
1906 2953 2090 2992 meum

493 3033 748 3104 dissipo:
801 3040 944 3088 terra
992 3029 1130 3084 mihi
1187 3029 1394 3096 omnia,
1425 3036 1487 3084 ut
1532 3027 1614 3083 lae
1643 3035 1816 3082 mater
1863 3017 2107 3096 infanti,

2192 1858 2413 1928 dicatis,
2456 1867 2509 1915 et
2531 1858 2591 1913 in
2618 1873 2726 1931 quo
2768 1865 2862 1913 aut
2893 1855 3092 1912 melius
3124 1855 3313 1912 videas
3341 1871 3508 1928 quam
3541 1854 3638 1909 alii
3683 1854 3796 1910 ho-

2195 1949 2396 2016 mines,
2429 1955 2524 2003 aut
2549 1947 2788 2020 amplius
2817 1945 3014 2018 sapias.
3063 1949 3138 2004 At
3177 1946 3275 2002 ille
3304 1945 3590 2018 respondit
3622 1963 3634 2000 :
3663 1945 3802 2019 Ego,

2195 2037 2400 2110 inquit,
2452 2037 2650 2092 vellem
2701 2037 2912 2092 deferre
2959 2035 3029 2091 ad
3057 2044 3110 2091 te
3151 2041 3434 2106 acceptum
3469 2051 3502 2090 a
3526 2037 3643 2092 Deo
3674 2051 3806 2092 sen-

2195 2143 2342 2191 sum,
2397 2125 2492 2180 sed
2549 2125 2664 2198 ipse
2725 2125 2908 2181 locum
2949 2140 3060 2180 non
3116 2123 3287 2180 habes
3322 2123 3418 2178 ubi
3451 2123 3664 2180 denum
3698 2125 3806 2180 tale

2196 2215 2483 2288 suscipias.
2516 2216 2894 2288 Impleveruut
2940 2214 3089 2270 enim
3143 2214 3388 2270 animam
3416 2224 3564 2271 tuam
3621 2215 3809 2270 avida

2198 2313 2363 2378 atque
2419 2303 2734 2360 immodica
2799 2303 3150 2377 cupiditates,
3213 2319 3348 2377 quas
3397 2320 3540 2360 nunc
3578 2321 3808 2360 mecum

2199 2401 2408 2452 certare
2431 2393 2740 2463 considero,
2776 2393 2905 2467 quia
2954 2401 3010 2449 te
3041 2394 3110 2450 ab
3167 2393 3301 2467 ipsis
3332 2409 3503 2450 conor
3541 2395 3808 2463 avellere,

2199 2501 2511 2558 quanquam
2543 2485 2707 2541 hodie
2736 2485 3038 2556 plurimum
3067 2492 3322 2553 moerent,
3359 2499 3423 2539 eo
3451 2483 3605 2557 quod
3633 2491 3810 2540 morte

2200 2574 2410 2630 nullius
2440 2575 2618 2648 gentis
2649 2577 2735 2632 vel
2760 2575 3025 2650 sanguine
3055 2575 3340 2646 polluaris,
3363 2581 3419 2630 et
3447 2575 3581 2648 quia
3613 2575 3813 2631 vident

2201 2666 2383 2722 adhuc
2405 2666 2659 2723 homines
2689 2668 2747 2724 in
2779 2666 3101 2723 civitatibus
3146 2674 3570 2722 commorantes.
3622 2667 3704 2722 Tu
3741 2666 3810 2722 ad

2202 2757 2478 2814 Oceanum
2537 2773 2709 2830 usque
2756 2757 2840 2812 vis
2897 2756 3156 2814 accedere
3191 2776 3202 2812 :
3236 2765 3358 2829 post
3413 2772 3579 2830 quem
3636 2758 3810 2811 aliam

2201 2847 2401 2904 iterum
2425 2856 2635 2921 partem
2657 2847 2806 2903 orbis
2825 2847 2983 2918 cupis
3008 2863 3274 2920 occupare
3301 2866 3312 2902 :
3346 2853 3402 2902 et
3421 2855 3559 2903 tunc
3578 2847 3813 2902 tristitia

2202 2938 2455 3006 aﬂiceris,
2521 2955 2648 2996 cum
2697 2954 2809 2993 non
2865 2937 3110 3010 potueris
3156 2935 3353 2992 habere
3408 2936 3557 3020 quod
3590 2936 3812 2994 vincas.

2201 3027 2488 3094 Quomodo
2540 3043 2666 3098 ergo
2723 3026 3036 3083 satisfacere
3087 3025 3359 3082 desiderio
3417 3035 3514 3082 tuo
3572 3027 3814 3099 poteris,

494 3124 788 3181 ministrat.
821 3124 906 3180 Ad
928 3138 1312 3196 quemcunque
1337 3121 1594 3178 accedere
1625 3121 1853 3176 voluero
1881 3119 2088 3186 locum,
2125 3142 2168 3202 ο
2201 3135 2326 3174 cum
2357 3124 2506 3175 totus
2535 3115 2638 3172 tibi
2677 3115 2921 3172 serviens
2950 3116 3195 3172 mundus
3235 3115 3486 3172 animum
3516 3124 3678 3172 tuum
3715 3133 3810 3172 ex.

493 3214 634 3271 vade
668 3233 680 3281 ;
715 3230 1044 3287 quocunque
1073 3221 1254 3268 autem
1293 3211 1373 3266 ire
1403 3212 1654 3280 noluero,
1699 3211 1910 3266 nullius
1940 3212 2090 3267 selli-

493 3303 758 3360 citudinis
802 3303 1122 3360 necessitate
1169 3303 1488 3374 compellor.
1535 3303 1606 3356 Et
1637 3301 1681 3357 si
1709 3310 1874 3374 caput
1906 3319 2090 3359 meum

494 3393 734 3450 voluerit
777 3393 1120 3459 abscindere,
1169 3392 1410 3448 animam
1449 3391 1664 3447 auferre
1695 3408 1806 3446 non
1838 3392 2041 3463 poterit
2073 3410 2086 3448 :

493 3483 588 3540 sed
620 3493 783 3556 caput
835 3483 1218 3540 tantummodo
1263 3483 1450 3556 jacens
1493 3483 1669 3548 tollet,
1717 3481 1902 3536 anima
1959 3497 2092 3536 vero

494 3572 799 3641 discedens,
842 3581 1003 3644 caput
1025 3589 1184 3646 suum
1217 3574 1390 3628 veluti
1419 3579 1627 3642 partem
1661 3570 1830 3625 vestis
1855 3569 2092 3641 alicujus

495 3662 789 3734 relinquet,
811 3678 876 3717 ac
901 3642 1090 3716 reddet
1120 3661 1190 3727 ei,
1224 3677 1254 3714 a
1285 3676 1392 3732 quo
1424 3661 1479 3715 id
1527 3667 1862 3730 susceperat,
1895 3674 2092 3730 nempe

495 3761 672 3808 terrae.
715 3751 853 3807 Cum
898 3757 1078 3804 autem
1130 3749 1305 3803 factus
1349 3747 1576 3820 spiritus
1607 3747 1784 3816 fuero,
1817 3748 1886 3804 ad
1917 3750 2090 3807 Deum

497 3840 594 3913 qui
623 3856 747 3896 eum
779 3841 923 3895 intra
949 3838 1091 3894 hanc
1107 3853 1331 3894 carnem
1363 3838 1612 3905 inclusit,
1641 3837 1953 3894 ascendam.
1984 3837 2092 3904 Qui

495 3946 622 3986 cum
644 3929 749 3985 hoc
770 3929 981 3997 fecerit,
1010 3936 1222 3984 tentare
1251 3945 1351 3984 nos
1367 3929 1567 3996 voluit,
1587 3935 1648 3983 ut
1673 3926 1880 3982 videret
1901 3943 2090 4001 quem-

497 4020 792 4076 admodum
829 4019 1172 4076 discedentes
1211 4018 1278 4074 ab
1317 4035 1400 4086 eo,
1434 4019 1492 4074 in
1522 4019 1628 4074 hoc
1657 4020 1858 4074 saeculo
1882 4019 2092 4074 vivere-

497 4127 638 4166 mus.
671 4111 741 4166 Et
774 4110 1125 4182 postmodum
1149 4125 1275 4165 cum
1303 4108 1370 4164 ad
1391 4125 1516 4164 eum
1561 4108 1828 4165 fuerimus
1857 4107 2089 4174 reversi,

495 4199 762 4256 rationem
785 4198 914 4254 vita:
946 4197 1110 4269 hujus
1139 4214 1170 4252 a
1200 4197 1360 4253 nobis
1389 4197 1656 4268 exposcit.
1695 4197 1794 4254 Cui
1827 4197 2094 4254 assistens

496 4305 592 4360 ego
614 4287 813 4344 videbo
835 4286 909 4358 inj
921 4288 1096 4342 uriam
1121 4303 1321 4353 meam,
1343 4284 1570 4358 ejusque
1583 4285 1860 4358 judicium
1884 4287 1942 4342 in
1965 4287 2092 4344 illos

497 4378 590 4450 qui
623 4378 875 4448 injuriesi
906 4377 1045 4434 mihi
1074 4377 1322 4442 fuerunt,
1347 4375 1636 4443 intueber;
1670 4377 1908 4449 suspiria
1938 4377 2088 4433 enim

497 4467 837 4538 gemitusque
855 4467 1105 4521 laesorum
1127 4465 1394 4538 incipient
1413 4466 1728 4521 laedendum
1750 4483 1864 4522 esse
1885 4467 2090 4540 suppli-

497 4556 600 4610 cia.
623 4555 736 4610 Hoc
756 4555 1068 4610 Alexander
1084 4555 1196 4612 illis
1211 4557 1471 4625 minetur,
1493 4559 1587 4629 qui
1609 4573 1738 4630 opes
1753 4558 2085 4630 desiderant,

498 4645 592 4718 qui
624 4645 822 4700 timent
853 4652 1106 4714 mortem,
1142 4645 1270 4718 quia
1299 4662 1400 4703 nos
1440 4656 1736 4721 utrumque
1769 4652 2092 4708 contemni-

497 4752 640 4790 mus.
673 4737 809 4791 Nam
841 4735 1167 4814 Brachmani
1196 4753 1370 4810 neque
1403 4754 1594 4793 aurum
1619 4737 1878 4812 diligunt,
1912 4757 2090 4816 neque

498 4832 730 4880 mortem
789 4835 1068 4882 verentur.
1102 4826 1251 4885 Vade
1306 4827 1494 4901 igitur,
1531 4835 1584 4884 et
1634 4828 1740 4886 hoc
1767 4830 2088 4890 Alexandro

497 4914 732 4970 referas:
766 4914 917 4972 Nihil
948 4923 1168 4972 tuorum
1225 4918 1522 4975 Dandamis
1553 4919 1765 4993 quaerit,
1820 4937 2012 4978 verum
2042 4923 2089 4979 si

495 5003 707 5078 aliquid
735 5021 802 5060 ex
832 5005 1004 5078 ipsius
1031 5007 1194 5064 rebus
1215 5015 1276 5064 tu
1303 5010 1672 5068 necessarium
1701 5010 1808 5068 tibi
1833 5027 1950 5070 esse
1975 5030 2088 5073 cre-

496 5092 600 5161 dis,
637 5093 707 5148 ad
739 5111 864 5150 eum
897 5095 1084 5151 venire
1110 5113 1222 5152 non
1249 5097 1580 5172 dedigneris.

567 5191 698 5258 Quae
722 5193 819 5250 ubi
847 5194 1162 5251 Alexander
1189 5214 1285 5269 per
1309 5197 1711 5256 internuntium
1735 5203 1969 5272 audivit,
1997 5203 2086 5260 de-

495 5283 732 5340 siderare
763 5288 886 5357 plus
919 5288 1093 5377 ‘ceepit
1139 5295 1201 5344 ut
1226 5289 1390 5345 talem
1431 5289 1614 5346 virum
1655 5291 1888 5364 videret,
1921 5301 2088 5367 utque

495 5391 571 5444 se,
603 5375 698 5447 qui
721 5375 928 5432 multas
951 5377 1158 5435 vicerat
1189 5389 1395 5453 gentes,
1425 5397 1570 5437 unus
1599 5389 1651 5437 et
1681 5383 1864 5439 nudus
1902 5382 2104 5460 vincei

494 5473 576 5520 ret
622 5483 811 5522 senex.
863 5467 1046 5540 Pergit
1092 5469 1262 5542 igitur
1291 5489 1415 5528 cum
1458 5472 1703 5544 quinque
1752 5473 1839 5529 vel
1896 5473 2085 5531 decem

493 5555 685 5612 amicis
715 5557 781 5612 ad
809 5573 919 5628 eas,
971 5576 1104 5632 quas
1141 5577 1303 5634 supra
1332 5561 1600 5630 diximus,
1634 5562 1822 5632 silvas,
1857 5570 1913 5618 et
1958 5580 2085 5620 cum

493 5647 731 5704 venisset
758 5648 827 5704 ad
858 5652 1198 5720 proximum,
1233 5658 1395 5725 atque
1425 5668 1492 5708 ex
1522 5669 1684 5726 equo,
1709 5669 1818 5726 quo
1848 5654 2083 5712 veheba-

2200 3205 2349 3280 plere
2378 3223 2440 3263 ac
2471 3207 2670 3263 satiare
2700 3221 2816 3261 non
2848 3205 3020 3278 possit
3049 3207 3076 3262 εἰ
3099 3206 3280 3263 Minor
3311 3205 3520 3261 mundo
3550 3207 3726 3278 longe
3758 3215 3814 3262 tu

2200 3296 2380 3352 factus
2408 3311 2484 3364 es,
2531 3303 2583 3350 et
2631 3295 2677 3350 si
2724 3295 2910 3350 omnia
2934 3295 3108 3350 simul
3145 3295 3283 3354 velis
3339 3294 3583 3362 vincere,
3643 3303 3814 3368 atque

2201 3386 2464 3442 universa
2491 3401 2830 3458 quaecunque
2851 3393 3043 3441 tenent
3072 3383 3326 3440 homines
3355 3383 3658 3457 possidere,
3687 3393 3811 3440 tan-

2201 3476 2326 3532 dem
2371 3491 2589 3532 necesse
2626 3482 2708 3531 est
2748 3483 2809 3530 ut
2855 3476 3036 3532 solum
3078 3473 3280 3530 habeas
3317 3483 3586 3548 quantum
3619 3483 3728 3529 aut
3757 3483 3812 3530 tu

2195 3566 2470 3640 jacentem
2501 3573 2686 3622 tenere
2718 3581 2804 3622 me
2832 3565 3032 3633 cernis,
3057 3573 3151 3620 aut
3198 3581 3298 3638 ego
3337 3580 3608 3637 occupare
3639 3563 3812 3620 video

2202 3664 2254 3712 te
2289 3655 2590 3713 sedentem.
2642 3655 2730 3710 Ex
2760 3670 2868 3728 quo
2921 3655 3123 3711 iterum
3182 3654 3230 3710 si
3279 3655 3348 3710 ad
3399 3655 3508 3710 alia
3561 3661 3811 3709 transea-

2200 3765 2344 3817 mus,
2387 3756 2443 3804 et
2497 3747 2556 3803 in
2598 3747 2724 3804 aliis
2766 3763 2984 3821 quoque
3030 3747 3136 3804 tibi
3191 3748 3401 3804 similes
3457 3746 3808 3804 invenimur.

2202 3840 2408 3897 Eodem
2428 3838 2576 3895 enim
2599 3839 2762 3894 modo
2781 3855 2890 3912 quo
2911 3839 3048 3912 ipse,
3062 3839 3320 3895 omnibus
3339 3848 3469 3895 utor
3488 3840 3807 3907 elementis,

2200 3948 2342 4001 aere,
2401 3945 2558 4004 aqua,
2602 3937 2655 3986 et
2693 3937 2856 3997 terra,
2899 3944 3000 3986 nec
3039 3929 3344 4002 quidquam
3412 3931 3564 3987 ultra.
3601 3929 3808 3986 habere

2201 4024 2473 4094 desidero,
2506 4033 2560 4080 et
2606 4024 2792 4081 omnia
2815 4023 2966 4096 juste
3015 4023 3190 4079 habeo
3233 4034 3580 4096 quaecunque
3619 4018 3811 4094 possi-

2201 4115 2324 4184 deo,
2356 4125 2410 4172 et
2441 4116 2487 4172 si
2514 4116 2663 4172 solus
2703 4131 2893 4172 omnes
2925 4114 3124 4172 ﬂuvios
3153 4113 3422 4182 obtineas,
3457 4114 3587 4185 plus
3615 4119 3810 4168 tamen

2200 4222 2354 4278 aquae
2384 4222 2548 4279 quam
2576 4222 2694 4278 ego,
2719 4223 2792 4262 ex
2830 4205 2964 4278 ipsis
2990 4203 3212 4262 haurire
3240 4220 3351 4259 non
3382 4205 3612 4277 poteris.
3650 4203 3810 4258 Hanc

2202 4311 2327 4367 ergo
2357 4294 2402 4349 si
2455 4312 2487 4350 a
2537 4311 2624 4350 me
2673 4295 2999 4366 sapientiam
3029 4293 3228 4362 discas,
3261 4293 3404 4348 nihil
3434 4292 3538 4348 tibi
3571 4292 3764 4350 deerit
3795 4310 3808 4347 :

2201 4390 2486 4458 totumque
2516 4383 2760 4453 habebis,
2793 4385 2840 4441 si
2871 4385 3013 4441 nihil
3044 4380 3460 4442 desideraveris.
3509 4381 3811 4456 Cupiditas

2199 4475 2346 4529 enim
2365 4476 2698 4549 paupertatis
2729 4483 2810 4532 est
2829 4484 3022 4543 mater,
3043 4493 3164 4549 quae
3190 4477 3597 4533 medicamento
3628 4477 3812 4542 male,

2198 4565 2302 4621 hoc
2345 4575 2426 4623 est
2467 4565 2864 4635 sollicitudine,
2915 4566 3310 4639 nequitcurari
3345 4583 3357 4622 :
3393 4583 3513 4639 quae
3534 4567 3613 4622 ita
3645 4584 3810 4624 sem-

2199 4674 2296 4731 per
2320 4657 2508 4715 omnia
2553 4657 2768 4730 quaerit,
2801 4656 2955 4730 quasi
3000 4657 3255 4714 invenire
3297 4657 3376 4713 nil
3415 4659 3592 4730 possit
3623 4677 3634 4714 :
3672 4661 3812 4734 quia

2199 4765 2310 4804 non
2347 4747 2405 4804 in
2440 4747 2511 4804 iis
2538 4748 2608 4804 ad
2637 4764 2758 4822 quae
2777 4747 2892 4821 jam
2923 4751 3103 4821 potuit
3131 4749 3441 4821 pervenire,
3472 4749 3804 4821 requiescit,

2199 4838 2291 4896 sed
2343 4853 2414 4895 ex
2451 4838 2564 4895 illis
2621 4857 2740 4914 quae
2770 4838 3005 4898 necdum
3051 4848 3236 4896 tenere
3286 4855 3343 4895 se
3388 4839 3589 4907 cernit,
3625 4838 3808 4912 magis

2199 4932 2478 5006 magisque
2506 4932 2804 4990 cruciatur.
2850 4931 3088 4990 Habebis
3126 4941 3308 4988 autem
3357 4933 3636 4989 maximas
3674 4947 3806 4988 cum

2197 5022 2480 5094 voluptate
2509 5037 2658 5096 opes,
2710 5022 2758 5079 si
2813 5022 2890 5079 ita
2927 5038 3143 5080 mecum
3193 5022 3382 5078 vivere
3422 5021 3583 5077 voles
3617 5039 3630 5076 :
3664 5030 3725 5076 et
3759 5019 3805 5075 si

2197 5111 2336 5169 meis
2394 5110 2736 5185 acquieveris
2786 5111 2992 5180 verbis,
3025 5127 3172 5167 meas
3200 5109 3429 5166 divitias
3460 5109 3802 5182 possidehis.

2195 5203 2425 5260 Amicus
2453 5202 2591 5258 mihi
2617 5210 2696 5258 est
2733 5201 2984 5258 omnium
3015 5203 3179 5268 Deus,
3213 5209 3269 5257 et
3299 5199 3366 5256 de
3388 5200 3525 5272 ipsis
3551 5217 3681 5258 cum
3717 5216 3804 5256 ee-

2196 5291 2320 5348 dem
2377 5291 2542 5348 rebus
2569 5291 2786 5365 loquor,
2826 5292 3096 5348 malorum
3145 5291 3436 5348 hominum
3491 5290 3660 5347 verba
3687 5305 3806 5344 non

2195 5383 2380 5440 audio.
2407 5382 2619 5441 Caelum
2649 5381 2826 5440 habeo
2860 5400 2958 5456 pro
2989 5390 3156 5452 tecto,
3189 5389 3334 5438 terra
3370 5380 3511 5436 mihi
3544 5389 3656 5436 tota
3702 5393 3807 5451 pro

2195 5473 2338 5530 lecto
2383 5481 2484 5530 est.
2517 5473 2703 5530 Fluvii
2759 5473 2900 5530 mihi
2953 5482 3144 5547 potum
3175 5472 3516 5539 ministrant,
3553 5485 3804 5526 mensam

2197 5565 2338 5621 silva
2366 5563 2698 5636 suppeditat.
2721 5565 2844 5624 Non
2876 5556 3069 5624 vescor
3089 5563 3418 5621 animalium
3461 5560 3806 5625 visceribus,

2195 5663 2257 5712 ut
2287 5655 2488 5724 leones,
2518 5671 2695 5728 neque
2727 5656 2874 5715 intra
2895 5665 3115 5730 pectora
3142 5671 3262 5712 mea
3299 5654 3528 5712 inclusae
3558 5650 3808 5724 quadru-

4011 5847 4013 5874 ι

3982 5691 4013 6045 i‘
