4086 6208
258 377 390 433 1177

1360 375 1456 431 DE
1497 374 1807 432 MORIBUS
1845 374 2456 434 BBACHMANORUM.

3417 382 3554 438 1178

254 498 453 572 pedum
483 506 579 554 aut
609 497 921 553 volatilium
962 512 1154 553 carnes
1200 503 1541 566 putrescunt,
1579 512 1681 552 nec
1732 512 1851 551 sum
1882 499 1933 556 A
1966 497 2170 552 multos
2212 495 2486 552 trucidare
2517 494 2828 551 desideras:
2861 511 2926 552 ex
2965 496 3164 569 quibus
3210 496 3325 569 jam
3374 497 3557 571 aliqua

255 597 597 645 mortuorum
660 588 997 660 sepulcrum,
1045 587 1140 643 sed
1180 587 1530 659 providentia
1586 585 1857 642 naturalis

252 694 441 734 omnes
469 677 610 733 mihi
639 678 871 745 fructus,
898 686 957 733 ut
980 678 1061 732 lac
1090 685 1280 745 mater,
1307 676 1573 732 infundit.
1603 677 1858 747 Intelligo

253 766 366 839 ipse
421 766 554 840 quid
612 783 844 839 quaeras.
900 767 1211 838 Sapientem
1262 783 1347 822 me
1407 766 1582 833 vides,
1640 765 1769 822 talis
1804 775 1857 821 et

250 856 430 912 factus
457 871 599 925 sum,
643 854 825 929 itaque
853 856 984 911 vivo
1018 863 1075 910 ut
1106 862 1419 927 procreatus
1466 871 1608 921 sum,
1650 862 1703 909 et
1737 870 1856 926 quae

250 946 396 1003 Deus
427 945 591 1001 faciat
626 961 883 1018 agnosco,
913 952 966 1000 et
993 945 1125 1018 quid
1173 944 1291 1000 fieri
1340 943 1533 999 debeat
1579 944 1711 999 scio.
1746 944 1857 999 Vos

249 1044 434 1091 autem
466 1035 709 1091 vanitate
762 1051 960 1108 magna
1003 1035 1218 1107 repleti,
1262 1035 1550 1106 praesagire
1590 1051 1688 1122 vos
1727 1051 1858 1090 cre-

250 1125 405 1193 ditis,
439 1142 566 1182 cum
595 1132 778 1181 tamen
819 1125 935 1181 haec
965 1126 1083 1197 ipsa
1123 1142 1242 1198 qua:
1291 1141 1386 1198 per
1413 1124 1660 1197 singulos
1689 1124 1857 1179 vide-
1883 1170 1895 1181 .

251 1214 323 1270 tis
351 1215 489 1283 dies,
523 1213 622 1270 Dei
651 1230 813 1286 opera
859 1214 1167 1287 intelligere
1215 1215 1495 1271 nesciatis.
1544 1215 1660 1283 Ego
1707 1230 1856 1270 cuu-

250 1315 339 1361 cta
395 1322 683 1376 cognosco,
744 1313 798 1360 et
842 1305 1008 1373 unde,
1065 1313 1119 1361 et
1167 1289 1432 1378 quando:
1470 1314 1523 1361 et
1581 1304 1856 1378 quomodo

250 1394 407 1450 ﬂant.
457 1396 699 1464 Pluvias,
757 1395 1046 1463 siccitates,
1098 1396 1351 1465 fulmina,
1401 1404 1857 1468 tempestatesque

250 1484 514 1556 praesagio
564 1503 576 1540 :
626 1492 679 1540 et
720 1484 821 1541 hoc
848 1494 929 1541 est
959 1485 1104 1557 quod
1154 1501 1240 1540 me
1272 1485 1505 1541 delectat
1547 1502 1610 1541 ac
1659 1484 1853 1553 reficit,

250 1574 383 1644 quia
411 1574 555 1630 Deus
580 1574 779 1631 habere
801 1590 887 1629 me
908 1575 1355 1630 communionem
1379 1576 1672 1648 quamdam
1695 1582 1858 1646 atque

249 1662 549 1720 consilium
581 1678 705 1719 cum
739 1662 997 1736 operibus
1026 1663 1141 1718 suis
1172 1663 1321 1719 fecit.
1351 1664 1438 1719 Ad
1471 1680 1557 1719 me
1583 1663 1857 1736 quemad—

251 1752 482 1809 modum
513 1752 738 1822 angelus
767 1753 940 1820 venit,
974 1759 1028 1808 et
1051 1752 1094 1807 si
1119 1752 1337 1824 quando
1368 1753 1577 1824 aliquid
1608 1752 1858 1809 timuerit

1965 586 2162 653 fecisti,
2193 586 2299 642 alia
2330 586 2385 643 in
2417 585 2669 657 praesenti
2700 584 2854 652 facis,
2885 585 2994 640 alia
3029 585 3302 643 facturum
3352 596 3405 643 te
3448 605 3562 645 esse

1966 674 2243 746 promittis
2262 675 2290 730 αἱ
2339 675 2453 746 Ego
2482 692 2612 729 vero
2638 692 2763 730 cum
2796 690 2864 729 ex
2894 674 3000 729 hoc
3035 675 3240 730 mundo
3271 693 3564 747 recessero,

1969 763 2026 818 in
2055 780 2178 818 aere
2209 764 2446 835 positum
2480 771 2531 818 te
2562 763 2762 818 videbo
2789 781 2800 817 :
2852 770 2905 817 et
2943 771 3075 819 tunc
3102 765 3325 835 quidem
3354 783 3572 822 sermo-

1968 870 2089 909 nem
2124 854 2445 926 prmdicabis
2486 870 2689 920 meum,
2732 853 2859 925 quia
2892 862 2942 908 te
2975 854 3272 910 multitudo
3320 855 3569 927 equitum

1966 945 2054 1000 vel
2088 944 2335 1015 peditum
2389 945 2543 999 nulla
2596 943 2975 1011 comitabitur,
3038 953 3092 999 et
3146 961 3271 999 cum
3327 944 3571 1000 maximo

1967 1034 2167 1089 mentis
2197 1042 2303 1089 tuae
2334 1032 2523 1089 dolore
2554 1033 2801 1101 deﬂebis,
2836 1033 2941 1088 hoc
2969 1032 3159 1089 dicens
3189 1052 3199 1088 :
3236 1033 3364 1088 Sine
3404 1051 3567 1090 causa

1967 1122 2180 1195 perdidi
2222 1124 2393 1178 totius
2440 1123 2695 1180 retroacti
2742 1122 3005 1193 temporis
3052 1122 3246 1191 vitam,
3299 1140 3462 1196 quam
3512 1123 3570 1178 in

1967 1211 2272 1268 honoribus
2328 1212 2488 1269 istius
2539 1211 2729 1267 mundi
2782 1211 3050 1284 bellisque
3098 1212 3434 1284 consumpsi.
3483 1214 3571 1269 Ex

1967 1302 2166 1373 quibus
2198 1300 2474 1374 intelliges
2502 1301 2645 1357 nihil
2678 1301 2780 1358 tibi
2808 1301 2958 1356 aliud
3005 1309 3057 1356 te
3106 1301 3412 1375 reliquisse,
3462 1301 3572 1357 nisi

1969 1392 2287 1447 memoriam
2336 1394 2507 1448 solam
2558 1392 2849 1448 malorum.
2901 1392 3042 1447 Novi
3097 1393 3245 1447 enim
3306 1410 3403 1465 ego
3452 1410 3571 1465 qua)

1965 1480 2242 1537 Divinitas
2271 1482 2417 1536 intra
2446 1498 2499 1536 se
2528 1481 2746 1547 habeat,
2779 1498 2902 1537 cum
2939 1489 3119 1536 tamen
3151 1482 3266 1553 ipse
3295 1482 3399 1537 sim
3427 1482 3571 1553 apud

1968 1565 2220 1623 homines
2252 1568 2608 1644 constitutus,
2641 1567 2888 1639 mihique
2911 1576 3043 1624 tunc
3070 1567 3174 1623 ista
3202 1567 3387 1623 dices:
3421 1568 3573 1623 Bona

1965 1656 2220 1721 consilia,
2246 1657 2564 1723 Dandamis,
2599 1656 2737 1711 mihi
2768 1657 3065 1729 aliquando
3098 1657 3391 1728 przebebas.
3418 1657 3575 1714 Tunc

1965 1743 2111 1799 enim
2146 1752 2269 1800 ante
2298 1751 2654 1816 conspectum
2683 1752 2842 1799 tuum
2873 1746 3098 1800 venient
3126 1763 3316 1801 omnes
3346 1763 3481 1819 quas
3502 1746 3572 1802 si-

248 1841 571 1913 imperator,
602 1848 737 1898 tunc
764 1858 862 1911 ego
889 1841 1152 1912 deprecor
1179 1844 1354 1897 Deum
1386 1850 1448 1897 ut
1470 1842 1598 1897 boni
1632 1843 1843 1915 aliquid
1880 1854 1925 1915 (ζ’,
1965 1852 2032 1890 ne
2061 1853 2222 1891 causa
2265 1835 2665 1909 expugnm’efis
2694 1836 2927 1902 animas.
2962 1836 3105 1908 αριΙά
3136 1854 3269 1909 quas
3298 1837 3573 1913 quomodo

247 1930 319 1999 ei,
354 1946 483 1985 cum
514 1929 583 1986 ad
620 1946 708 1985 me
739 1930 972 1998 venerit,
1003 1937 1243 2001 prmstet,
1292 1938 1355 1985 ut
1394 1946 1519 1986 eum
1568 1941 1718 1988 metu
1750 1948 1860 2004 quo

252 2020 493 2089 laborat,
522 2021 794 2087 absolvat,
827 2028 995 2092 utque
1022 2019 1071 2074 ei
1101 2019 1361 2095 fiduciam
1394 2020 1685 2094 quamdam
1709 2037 1859 2075 men-

248 2113 323 2169 tis
345 2113 601 2185 inspiret.
627 2112 773 2180 Quid
791 2128 907 2169 esse
928 2112 1132 2169 rectius
1160 2112 1320 2182 dicis,
1355 2114 1552 2170 laedere
1581 2113 1855 2183 homines,

249 2221 322 2259 an
357 2206 505 2261 tueri
536 2213 696 2277 atque
725 2220 965 2273 servare,
996 2212 1050 2260 et
1096 2205 1231 2277 quid
1277 2206 1451 2277 magis
1492 2207 1756 2262 convenit
1782 2207 1857 2262 fa-

247 2311 369 2350 cere
399 2292 538 2349 ﬁliis
563 2294 681 2362 Dei,
713 2301 806 2349 aut
837 2303 1080 2350 evertere
1107 2302 1309 2351 cuncta
1338 2296 1652 2367 pugnando,
1676 2313 1746 2351 an
1766 2312 1857 2351 ex-
1899 2335 1926 2347 -

248 2394 495 2457 pugnata
514 2393 568 2441 et
588 2385 771 2441 diruta
793 2385 1099 2441 instaurare
1128 2384 1372 2458 pacando
1398 2385 1424 2441 ?
1453 2386 1575 2442 Non
1606 2386 1707 2442 tibi
1739 2402 1858 2458 pro-

247 2474 425 2542 derit,
466 2474 786 2546 imperator,
836 2491 1061 2531 enorme
1092 2475 1306 2548 pondus
1349 2475 1490 2543 auri,
1542 2491 1718 2547 neque
1753 2476 1857 2532 ele-

246 2562 611 2634 phantorum,
658 2581 795 2637 quos
843 2564 1118 2620 sustulisti
1167 2563 1312 2629 aliis,
1362 2563 1661 2620 multitudo
1704 2582 1715 2620 ;
1764 2565 1858 2629 sed

244 2651 365 2708 haec
393 2669 515 2708 vox
547 2669 685 2715 mea,
731 2660 784 2708 et
824 2653 867 2709 is
916 2671 1071 2709 meus
1109 2670 1310 2710 sermo.
1344 2654 1425 2708 Tu
1473 2670 1604 2709 vero
1642 2654 1857 2711 etiamsi

243 2758 331 2796 me
379 2741 700 2797 interficere
731 2743 991 2811 volueris,
1033 2760 1146 2798 non
1197 2743 1421 2811 timebo,
1472 2743 1565 2798 ibo
1594 2744 1744 2801 enim
1790 2743 1858 2800 ad

239 2834 433 2887 Deum
464 2831 648 2898 citius,
681 2831 776 2902 qui
815 2839 869 2886 et
896 2848 1115 2888 causam
1159 2841 1213 2889 et
1260 2832 1431 2889 vitam
1472 2847 1645 2887 meam
1677 2834 1854 2889 novit.

236 2918 390 2975 Nihil
439 2925 521 2973 est
544 2918 689 2991 quod
720 2920 895 2975 Deum
927 2921 1093 2975 latere
1142 2920 1330 2991 possit,
1364 2920 1521 2992 cujus
1554 2922 1699 2977 oculi
1732 2930 1859 2978 sunt
1926 2968 1933 2976 .

237 3023 450 3064 omnes
479 3008 671 3076 stellae,
704 3010 806 3076 sol,
840 3018 893 3064 et
941 3011 1090 3075 luna,
1133 3025 1253 3080 quae
1302 3011 1491 3065 omnia
1534 3019 1593 3066 tu
1623 3011 1858 3082 effugere

238 3116 354 3154 non
393 3104 585 3169 jpotes,
620 3114 796 3170 neque
831 3099 978 3153 in'te
1002 3096 1277 3169 judicium
1307 3098 1424 3170 ejus
1453 3099 1701 3156 evadere.
1734 3100 1857 3158 Noli

246 3189 426 3259 igitur
457 3196 518 3243 tu
550 3187 828 3245 destruere
860 3206 980 3261 quae
1012 3190 1105 3244 ille
1136 3190 1447 3245 construxit
1482 3208 1493 3245 :
1530 3190 1642 3245 noli
1675 3198 1735 3245 tu
1764 3208 1855 3247 cu-
1895 3221 1935 3279 Β

246 3294 375 3350 pere
415 3277 684 3347 dissipare
712 3294 773 3332 ea
803 3295 922 3350 quae
952 3278 1065 3345 ille,
1091 3278 1183 3349 qui
1216 3294 1277 3332 ea
1306 3278 1455 3346 fecit,
1490 3295 1684 3334 ornare
1717 3280 1857 3336 desi-

245 3367 407 3424 derat
460 3383 471 3421 :
515 3367 629 3421 noli
664 3366 953 3422 immolare
982 3367 1302 3437 sanguinem
1335 3367 1645 3436 civitatum,
1680 3384 1855 3441 neque

246 3456 488 3512 transire
516 3472 677 3527 supra
711 3456 955 3527 gentium
987 3464 1328 3511 mortuarum
1357 3456 1639 3511 cadavera.
1674 3457 1855 3529 Longe

244 3546 396 3601 enim
426 3553 631 3601 rectius
662 3544 854 3601 feceris
883 3545 927 3600 si
960 3552 1110 3600 tuam
1145 3545 1427 3602 curaveris
1455 3545 1650 3613 vitam,
1691 3562 1852 3619 quam

244 3638 290 3693 si
322 3638 563 3693 alienam
594 3636 994 3692 desideraveris
1032 3646 1262 3693 mortem
1300 3656 1312 3693 :
1338 3646 1390 3692 et
1420 3637 1488 3706 si,
1522 3639 1855 3710 contemptis

244 3729 316 3785 iis
336 3745 463 3801 qua;
486 3727 831 3801 prosequeris
870 3726 1105 3796 damnis,
1138 3744 1267 3783 vera
1296 3728 1522 3801 elegeris
1552 3728 1721 3784 lucra.
1746 3728 1856 3785 Cur

240 3836 374 3876 cum
411 3835 576 3875 unam
609 3821 949 3894 persequeris
976 3820 1239 3888 animam,
1290 3828 1371 3875 tot
1413 3820 1580 3875 simul
1631 3820 1717 3876 vis
1762 3835 1854 3874 ex-

244 3909 532 3979 stinguere
584 3911 833 3965 nationes
864 3911 892 3966 ‘?
922 3910 1066 3976 Quid
1113 3909 1403 3966 delectaris
1451 3910 1622 3967 totius
1669 3907 1855 3964 saeculi

242 3996 414 4050 malis
442 3997 469 4050 ‘l'
498 3997 629 4066 quid
657 3998 781 4051 aliis
811 3998 1089 4064 ﬂentibus,
1123 3999 1269 4052 rides
1300 3999 1327 4052 ‘I
1358 3999 1619 4068 Hocipso
1649 4005 1853 4065 tamen,

244 4082 401 4157 quod
435 4099 644 4138 memor
676 4085 802 4150 mei,
833 4086 927 4156 qui
952 4085 1007 4139 in
1029 4085 1427 4141 solitudinibus
1449 4085 1535 4140 his
1564 4087 1714 4152 vivo,
1740 4101 1855 4141 esse

241 4170 506 4239 voluisti,
550 4172 902 4244 temetipsum
936 4173 1179 4228 lucratus
1227 4189 1300 4228 es.
1351 4174 1537 4247 Neque
1584 4190 1731 4230 nunc
1761 4182 1855 4229 aut

240 4260 557 4319 certamina
588 4261 949 4333 pertimescis,
974 4270 1068 4317 aut
1097 4262 1293 4319 laedere
1322 4280 1651 4337 quemquam
1673 4266 1851 4337 cupis,

238 4361 339 4409 aut
370 4350 635 4407 virtutem
678 4360 828 4407 tuam
866 4352 926 4407 in
976 4352 1210 4408 aliorum
1256 4354 1437 4421 malis,
1487 4355 1632 4428 quod
1674 4355 1851 4412 fecisti

237 4457 487 4513 semper,
527 4458 765 4499 exerces.
818 4442 1034 4514 Projice
1076 4443 1246 4515 igitur
1273 4460 1304 4498 a
1332 4460 1559 4517 corpore
1590 4452 1687 4500 tuo
1726 4447 1854 4500 vel—

239 4533 357 4589 lera
387 4531 578 4586 ovium
610 4539 973 4599 mortuarum,
1010 4549 1186 4605 neque
1214 4533 1492 4590 defunctis
1522 4534 1766 4589 volueris
1796 4543 1850 4590 te

236 4621 464 4695 operire
494 4621 830 4693 tegminibus
860 4640 872 4690 ;
920 4623 1092 4695 magis
1122 4622 1269 4678 enim
1305 4623 1415 4696 ipse
1447 4640 1573 4679 cum
1605 4624 1766 4680 talem
1798 4631 1851 4679 te

240 4710 470 4777 feceris,
505 4710 822 4779 honorabis,
856 4712 985 4784 quia
1014 4721 1349 4784 temperatur
1372 4714 1557 4769 anima
1586 4714 1646 4770 in
1677 4713 1852 4770 deser-

236 4802 315 4857 tis
346 4800 547 4855 vivens
578 4800 733 4857 locis.
767 4800 883 4856 Hoc
911 4800 1080 4872 igitur
1110 4802 1240 4857 vitae
1283 4812 1484 4859 nostra:
1512 4803 1852 4876 propositum

234 4888 424 4961 magis
453 4888 612 4959 elige,
646 4888 807 4960 cujus
835 4889 1177 4946 beatitudine
1209 4890 1333 4962 plus
1363 4907 1526 4964 quam
1556 4890 1701 4963 apud
1730 4890 1855 4946 Ma-

234 4982 484 5039 cedones
516 4979 623 5035 frui
676 4980 897 5052 poteris.
950 4981 1055 5048 Qui
1116 4981 1340 5053 quidem
1384 4991 1437 5037 te
1484 4998 1579 5053 per
1608 4982 1854 5054 singulos

233 5077 567 5143 exspectant
595 5070 733 5138 dies,
766 5078 827 5126 ut
859 5071 1098 5143 reliquas
1124 5079 1303 5127 tecum
1325 5070 1549 5127 diruant
1578 5070 1849 5140 civitates,

232 5170 291 5218 et
322 5175 672 5233 quacunque
697 5160 753 5216 in
782 5160 918 5234 ipsis
948 5160 1224 5217 valuerint
1253 5161 1505 5217 invenire
1538 5160 1804 5233 diripiant
1838 5181 1849 5218 :

231 5264 495 5325 quosque
523 5248 582 5303 in
611 5252 863 5322 praesenti
892 5252 981 5308 die
1010 5252 1219 5309 tristari
1248 5252 1487 5309 arbitror
1538 5269 1602 5310 ac
1646 5252 1849 5321 dolere,

233 5338 393 5415 quod
428 5336 733 5395 incolumes
781 5340 964 5398 adhuc
1001 5331 1273 5414 quasdam
1312 5342 1538 5399 videant
1577 5342 1847 5412 nationes,

232 5429 592 5491 occasionem
624 5430 1005 5489 nanciscentes
1036 5434 1406 5505 cupiditatum
1436 5452 1500 5492 ac
1530 5435 1850 5509 rapinarum

232 5538 473 5580 suarum
505 5523 886 5578 auctoritatem
916 5522 1159 5578 nominis
1184 5524 1284 5579 tui.
1319 5524 1492 5591 Quam
1530 5540 1657 5596 ergo
1686 5540 1852 5580 secu-

233 5629 359 5668 ram
392 5611 455 5667 in
482 5612 595 5667 Deo
622 5610 792 5666 vitam
826 5611 1031 5682 poteris
1060 5611 1330 5681 obtinere,
1377 5621 1431 5669 et
1476 5622 1537 5669 ut
1585 5612 1685 5669 tibi
1737 5614 1852 5686 ipse

226 5701 351 5776 jam
386 5702 567 5770 vivas,
610 5703 706 5776 qui
754 5719 905 5760 nunc
952 5703 1135 5762 adhuc
1174 5706 1350 5762 multa
1396 5705 1604 5778 cogitas
1640 5720 1847 5777 rapere,

1969 1941 2227 1980 excusare
2256 1933 2311 1980 te
2343 1922 2546 1997 poteris
2564 1927 2591 1983 εἰ

2039 2014 2299 2069 Libenter
2335 2014 2453 2069 haec
2500 2022 2553 2068 et
2600 2014 2719 2069 sine
2766 2015 2882 2070 ulla
2930 2013 3215 2072 iracundia
3261 2017 3575 2074 Alexander

1969 2101 2263 2158 audiebat:
2301 2109 2415 2156 erat
2450 2101 2597 2156 enim
2637 2102 2694 2156 in
2730 2104 2999 2159 Dandami
3033 2105 3258 2176 spiritus
3285 2108 3421 2163 Dei:
3456 2107 3571 2176 sed,

1970 2193 2266 2264 instigante
2295 2191 2545 2247 dmmone
2574 2192 2740 2259 malo,
2769 2192 2913 2247 inter
2944 2193 3057 2265 ipsa
3088 2194 3362 2266 principia
3390 2205 3571 2254 muta-

1967 2281 2129 2336 batur
2158 2281 2488 2337 Alexander.
2525 2280 2678 2335 Unde
2709 2280 2796 2335 his
2826 2281 3208 2355 alloquebatur
3241 2284 3571 2342 Dandamim

1969 2370 2150 2427 verbis
2187 2390 2198 2427 :
2240 2372 2365 2427 Scio
2396 2388 2523 2427 vera
2565 2380 2616 2428 te
2645 2371 2845 2439 dicere,
2879 2370 2945 2427 de
2975 2372 3170 2428 divino
3200 2374 3348 2430 enim
3379 2392 3574 2447 genere

1969 2461 2323 2531 descendens,
2357 2464 2417 2518 in
2445 2463 2531 2519 his
2562 2464 2897 2519 constitutus
2924 2481 2981 2519 es
3002 2465 3161 2534 locis,
3183 2466 3277 2521 ubi
3301 2484 3448 2523 nunc
3470 2467 3573 2523 tibi

1969 2552 2086 2607 sine
2116 2552 2229 2607 ulla
2250 2553 2521 2620 molestia,
2544 2553 2637 2608 sed
2662 2570 2787 2609 cum
2814 2554 3056 2609 maxima
3081 2556 3365 2627 voluptate
3384 2558 3574 2614 vivere

1968 2641 2120 2710 licet,
2149 2650 2203 2697 et
2234 2642 2328 2697 ubi
2375 2642 2716 2697 naturalibus
2763 2642 2980 2698 divitiis
3033 2643 3233 2700 frueris
3284 2653 3337 2700 et
3389 2648 3573 2719 quiete

1968 2747 2178 2787 secura.
2212 2732 2327 2802 Ego
2357 2747 2486 2786 vero
2524 2730 2668 2786 inter
2705 2733 2980 2787 tumultus
3018 2733 3200 2788 varios
3252 2750 3314 2790 ac
3369 2734 3573 2791 formi-

1968 2818 2128 2874 dines
2182 2820 2337 2884 vivo,
2380 2820 2758 2892 plurimosque
2804 2837 2869 2875 ex
2918 2820 3051 2892 ipsis
3098 2822 3193 2894 qui
3243 2839 3331 2878 me
3380 2834 3572 2881 custo-

1968 2908 2132 2964 diuut
2177 2909 2369 2978 timeo,
2402 2919 2456 2966 et
2490 2911 2663 2984 major
2710 2911 2848 2966 mihi
2897 2912 3223 2985 plerumque
3269 2913 3336 2970 ab
3379 2915 3573 2973 amicis

1969 3007 2149 3054 metus
2182 3015 2345 3072 quam
2374 3000 2440 3055 ab
2472 3000 2723 3056 hostibus
2755 3001 2927 3068 venit,
2960 3018 3304 3075 quorumque
3334 3005 3570 3076 amplius

1969 3088 2215 3161 quotidie
2244 3105 2407 3161 quam
2441 3090 2793 3146 inimicorum
2827 3108 3073 3147 meorum
3115 3092 3351 3149 insidias
3390 3094 3571 3165 perti-

1972 3194 2180 3234 mesco:
2238 3186 2291 3232 et
2338 3195 2513 3251 neque
2556 3180 2674 3234 sine
2706 3180 2837 3251 ipsis
2868 3179 3059 3252 degere
3089 3197 3248 3254 queo,
3282 3198 3458 3255 neque
3488 3182 3570 3237 il-

1966 3268 2032 3322 lis
2078 3285 2162 3323 me
2208 3285 2429 3340 possum
2470 3269 2687 3324 credere
2723 3287 2733 3323 :
2778 3270 2908 3325 vivo
2942 3270 3111 3341 igitur
3141 3272 3198 3325 in
3229 3272 3565 3339 afﬂictione;

1966 3375 2101 3430 quos
2131 3358 2279 3413 enim
2320 3375 2533 3427 vereor,
2576 3375 2764 3415 eorum
2813 3360 3218 3431 constipatione
3260 3362 3567 3419 custodior.

1964 3453 2169 3510 Diebus
2198 3454 2420 3527 quidem
2452 3456 2583 3510 totis
2612 3456 2791 3510 varias
2819 3465 3004 3527 gentes
3034 3473 3331 3530 prosequor
3377 3474 3437 3515 ac
3475 3458 3568 3514 fa-

1965 3542 2099 3614 tigo,
2132 3545 2387 3601 noctibus
2431 3561 2558 3600 vero
2589 3561 2674 3600 me
2704 3562 2930 3601 somnus
2974 3546 3159 3601 turbat
3188 3563 3250 3602 ac
3279 3555 3464 3615 vexat,
3500 3563 3568 3603 ne

1966 3632 2089 3705 quis
2120 3632 2174 3688 in
2208 3648 2291 3688 me
2320 3633 2639 3706 inopinatus
2670 3634 2844 3690 hostis
2874 3636 3141 3707 impetum
3180 3635 3346 3691 faciat
3385 3654 3395 3691 :
3431 3644 3485 3691 et
3519 3635 3566 3691 si

1964 3722 2216 3779 occidero
2259 3741 2395 3797 quos
2434 3725 2695 3793 formido,
2743 3727 2916 3782 tristis
2961 3726 3205 3794 efﬁcior;
3252 3726 3298 3781 si
3347 3744 3567 3783 rursum

1964 3813 2104 3869 lenis
2128 3831 2191 3871 ac
2222 3815 2374 3871 mitis
2404 3817 2629 3872 voluero
2660 3834 2794 3883 esse,
2826 3826 3169 3873 contemnor.
3212 3818 3282 3872 Et
3308 3817 3567 3889 quemad-

1966 3902 2191 3959 modum
2221 3920 2252 3957 a
2276 3902 2447 3958 tantis
2477 3920 2661 3958 rerum
2690 3905 2948 3974 periculis
2976 3922 3061 3960 me
3087 3906 3316 3976 eripiam
3349 3905 3564 3973 ignoro.

1963 3990 2097 4045 Nam
2130 3998 2183 4045 et
2211 3990 2257 4044 si
2289 3992 2516 4045 voluero
2550 3989 2606 4045 in
2637 3991 2724 4046 his
2750 3993 3001 4060 desertis,
3032 3993 3087 4047 in
3120 3992 3323 4064 quibus
3353 4010 3451 4048 vos
3475 3993 3565 4048 de-

1964 4080 2112 4150 gitis,
2153 4080 2362 4149 vivere,
2392 4080 2449 4135 id
2483 4081 2617 4135 mihi
2666 4082 2885 4152 penitus
2934 4098 3043 4136 non
3094 4081 3281 4137 licebit
3316 4082 3385 4137 ob
3416 4082 3565 4154 quod

1965 4169 2109 4240 apud
2137 4172 2312 4226 Deum
2342 4186 2488 4226 nunc
2517 4187 2781 4226 excusare
2800 4187 2887 4226 me
2915 4186 3158 4241 possum,
3182 4170 3313 4241 quia
3336 4170 3450 4241 ipse
3478 4187 3564 4226 me

1963 4257 2022 4312 in
2048 4256 2367 4328 hujusmodi
2398 4257 2525 4313 vitae
2557 4264 2722 4325 statu,
2754 4266 2807 4312 et
2838 4257 2894 4311 in
2922 4256 3021 4311 tali
3052 4255 3246 4311 ordine
3268 4256 3557 4312 hominum

1963 4345 2274 4404 collocavit.
2308 4346 2390 4401 Tu
2420 4362 2551 4401 vero
2572 4362 2670 4417 pro
2700 4345 2823 4400 istis
2851 4361 2987 4418 quas
3014 4361 3113 4417 ego
3144 4343 3263 4400 fudi
3297 4345 3558 4417 querelis,

1963 4436 2091 4507 quia
2136 4452 2222 4490 me
2266 4451 2361 4508 per
2390 4434 2576 4489 omnia
2622 4433 2900 4501 recreasti,
2946 4450 3008 4491 ac
3055 4449 3247 4490 sensus
3282 4433 3562 4507 paulisper

1965 4546 2113 4585 meos
2140 4546 2171 4584 a
2198 4527 2703 4586 conﬂictationibus
2746 4537 2800 4583 et
2849 4528 3053 4600 praeliis
3095 4528 3338 4586 liberasti
3373 4546 3384 4584 :
3417 4529 3564 4586 dona

1962 4637 2081 4676 mea
2105 4620 2337 4691 suscipe,
2372 4635 2547 4693 neque
2577 4635 2638 4675 ea
2666 4636 2785 4693 quae
2815 4619 2918 4675 tibi
2950 4620 3139 4689 oﬂ‘ero,
3175 4620 3235 4675 in
3264 4628 3564 4677 contume-

1964 4714 2094 4769 liam
2127 4713 2235 4769 mei
2265 4712 2507 4768 volueris
2538 4729 2807 4769 recusare.
2846 4713 2985 4769 Mihi
3018 4714 3187 4784 enim,
3212 4714 3437 4789 quando
3465 4732 3562 4771 sa—

1962 4803 2225 4875 pientiam
2253 4802 2521 4858 honorare
2549 4801 2752 4870 fecisti,
2792 4817 2906 4858 non
2951 4803 3231 4859 modicum
3278 4803 3557 4883 profuisti.

1963 4892 2169 4965 Hisque
2198 4891 2392 4959 ﬁnitis,
2428 4892 2612 4948 innuit
2638 4892 2813 4948 servis
2860 4892 3176 4948 Alexander
3226 4902 3287 4951 ut
3333 4909 3560 4949 munera

1963 4999 2083 5056 qua:
2130 4981 2515 5055 spoponderat,
2552 4981 2898 5039 exhiberem.
2932 4981 3036 5050 Qui
3058 4999 3189 5038 mox
3219 4983 3341 5038 auri
3368 4998 3553 5054 argen—

1966 5072 2114 5145 tique
2142 5072 2379 5144 optimas
2407 5071 2632 5144 species,
2665 5071 3021 5145 diversasque
3052 5080 3232 5127 vestes
3281 5086 3407 5125 cum
3438 5070 3558 5124 oleo

1961 5179 2024 5218 ac
2053 5162 2288 5234 panibus
2316 5161 2656 5219 obtulerunt.
2685 5162 2898 5230 Quibus
2928 5162 3062 5218 visis
3090 5158 3390 5217 Dandamis
3412 5159 3554 5226 risit,

1961 5253 2068 5310 hoc
2092 5251 2283 5309 dicens
2320 5269 2332 5308 :
2374 5252 2660 5325 Numquid
2697 5252 2923 5309 suadere
2968 5250 3166 5308 avibus
3212 5247 3336 5303 istis
3381 5255 3553 5319 potes,

1961 5345 2056 5417 qui
2086 5345 2143 5400 in
2172 5344 2307 5400 locis
2335 5342 2683 5400 silvestribus
2702 5344 2921 5410 vivunt,
2944 5351 3007 5399 ut
3024 5355 3219 5397 aurum
3246 5347 3556 5412 argentum-

1961 5451 2066 5508 que
2094 5434 2420 5506 suscipiant,
2445 5442 2499 5490 et
2520 5435 2718 5491 melius
2737 5449 2900 5508 quam
2932 5438 3291 5498 consuerunt,
3317 5429 3556 5486 canant?

1960 5525 2120 5593 Quod
2151 5541 2277 5580 cum
2308 5524 2426 5580 ﬁeri
2458 5526 2685 5581 omnino
2714 5540 2825 5581 non
2857 5520 3048 5595 possit,
3082 5535 3168 5575 me
3201 5518 3314 5577 illis
3330 5519 3417 5575 vis
3442 5534 3556 5575 esse

1959 5614 2201 5688 pejorem
2224 5615 2252 5671 ?
2282 5614 2393 5673 Cur
2420 5614 2559 5671 illud
2588 5612 2872 5685 accipiam,
2899 5608 3046 5682 quod
3078 5624 3254 5682 neque
3276 5608 3364 5665 edi
3390 5625 3422 5664 a
3442 5624 3550 5676 me,

1960 5720 2136 5778 neque
2155 5704 2329 5777 potari
2362 5705 2583 5778 potest?
2613 5703 2724 5761 Cur
2749 5698 3016 5771 accipiam
3033 5697 3182 5770 quod
3213 5697 3351 5755 mihi
3376 5697 3549 5755 nulla-
