4068 6186
528 397 664 456 1179

1523 385 1618 440 ΑΙ)
1660 381 1894 438 OPERA
1933 377 1988 434 S.
2032 369 2368 432 AMBROSII
2405 365 2786 426 APPENDIX.

3691 351 3829 409 1180

523 534 684 583 tenus
711 522 931 599 prosit?
977 523 1087 576 Aut
1115 531 1278 590 quam
1311 512 1380 570 ob
1411 528 1526 568 rem
1558 511 1615 568 id
1642 508 1970 575 custodiam,
2004 522 2113 578 quo
2145 509 2194 567 Α
2223 500 2467 557 cessariaa
2490 513 2600 553 non
2629 501 2759 550 sunt
2790 490 3063 557 civitates,
3087 487 3146 542 in
3167 485 3370 559 quibus
3391 484 3665 538 latronum
3691 482 3828 536 mul-

2069 597 2078 599 -
2233 591 2263 599 Α.
2349 590 2364 599 .
2608 586 2639 599 .,
2831 597 2873 599 η
3044 593 3169 599 Νη
3208 575 3392 599 ,ημ-
3427 571 3584 599 MHR
3611 579 3796 599 an,“

526 616 608 672 uti
633 597 916 687 nequeam,
936 607 1044 664 nisi
1077 608 1216 662 forte
1246 612 1308 660 ut
1335 604 1575 660 animam
1609 617 1782 656 meam
1812 615 1906 672 per
1931 597 2117 653 omnia

526 705 752 761 liberam
777 699 1092 772 hujusmodi
1113 696 1348 752 nexibus
1371 694 1528 766 ligem
1543 692 1571 748 ?
1592 692 1702 749 Cur
1724 689 2116 762 ingenuitatem

527 792 696 864 ipsius
725 791 928 846 frustra
957 786 1093 859 jugo
1130 784 1464 858 turpissimae
1501 779 1785 838 servitutis
1822 777 2069 834 addicam
2091 776 2119 831 ?

526 880 684 948 Quod
731 895 830 949 ego
876 892 1160 950 nunquam
1205 890 1428 948 prorsus
1477 869 1731 927 eﬂiciam.
1792 866 1896 923 Sed
1944 881 2120 936 neque

527 986 705 1025 emere
733 967 1030 1042 quidquam
1053 966 1200 1029 volo,
1229 963 1321 1037 qui
1362 963 1421 1018 in
1443 957 1837 1016 solitudinibus
1860 956 1955 1011 ubi
1979 953 2120 1008 nihil

529 1058 808 1125 venditur,
831 1056 982 1112 vivo.
1017 1057 1242 1112 Munera
1272 1051 1411 1107 mihi
1445 1053 1610 1116 Deus,
1639 1048 1744 1103 hoc
1777 1054 1878 1113 est,
1910 1045 2120 1099 fructus

531 1148 758 1203 istorum
792 1147 1064 1211 locorum,
1096 1143 1319 1218 praebet.
1351 1139 1505 1198 Nihil
1549 1137 1694 1195 enim
1732 1151 1866 1191 auro
1904 1132 2119 1188 homini

529 1236 723 1292 vendit
767 1238 929 1305 Deus,
974 1235 1068 1291 sed
1111 1231 1432 1305 sapientiam
1473 1228 1672 1284 bonam
1701 1224 1750 1281 ei
1779 1224 1874 1297 qui
1906 1221 2124 1278 noverit

530 1347 646 1386 eam
675 1329 941 1400 accipere,
974 1325 1222 1398 largitur.
1256 1324 1420 1380 Veste
1448 1321 1662 1376 velatus
1697 1334 1818 1374 sum
1853 1331 1979 1372 cum
2018 1329 2125 1385 qua

531 1439 618 1479 me
657 1423 849 1476 matris
878 1437 1012 1475 meae
1041 1418 1216 1474 edidit
1244 1425 1450 1490 partus.
1489 1415 1625 1470 Aere
1659 1411 1765 1467 hoc
1795 1418 1856 1466 ut
1881 1408 2004 1465 cibo
2034 1424 2123 1464 ve-

531 1527 672 1580 scor,
706 1510 942 1567 libenter
973 1507 1134 1563 video
1174 1523 1261 1562 me
1304 1507 1488 1572 talem,
1532 1503 1664 1560 dum
1712 1500 1882 1556 nullis
1928 1513 2126 1570 corpus

529 1619 712 1658 meum
745 1599 983 1656 nexibus
1012 1613 1179 1669 gravo
1210 1615 1221 1652 :
1258 1595 1519 1667 omnique
1553 1591 1692 1648 mihi
1720 1591 1882 1646 melle
1910 1587 2126 1645 dulcior

529 1698 632 1760 est,
664 1690 759 1746 ubi
791 1689 1060 1745 naturalis
1093 1685 1309 1742 venerit
1337 1684 1480 1751 sitis,
1527 1699 1680 1754 aquae
1721 1686 1882 1752 potus
1911 1695 1979 1733 ex
2011 1677 2127 1732 ﬂu—

530 1779 645 1834 vio.
678 1778 735 1833 Si
763 1784 946 1832 autem
978 1784 1033 1829 et
1069 1789 1234 1846 panes
1283 1771 1416 1826 istos
1459 1769 1607 1824 dices
1649 1768 1848 1823 habere
1886 1766 2124 1837 aliquam

2225 590 2405 646 titudo
2435 586 2716 659 colligitur
2749 601 2760 638 :
2797 596 3018 652 magnas
3044 593 3175 633 vero
3204 575 3395 630 domos
3426 571 3587 628 nobis
3609 579 3829 627 exstru—

2226 681 2310 736 xit
2342 681 2502 742 Deus,
2532 692 2596 731 ac
2625 671 2899 746 prastitit,
2931 675 3144 723 montes
3164 663 3388 737 pariter,
3420 679 3484 718 ac
3512 661 3681 717 silvas
3713 679 3725 716 :
3762 677 3831 715 ex

2228 769 2428 842 quibus
2449 765 2724 836 simplices
2756 760 3027 816 sumimus
3055 757 3287 822 fructus,
3321 759 3376 808 et
3405 767 3554 822 purae
3576 749 3721 805 dona
3740 765 3831 804 na-

2229 839 2364 914 turai
2397 871 2562 928 aquas
2590 852 2838 907 bibimus
2871 866 2882 902 ε
2916 848 3262 919 libenterque
3291 840 3662 912 nosmetipsos
3698 839 3833 895 reﬁ-

2229 947 2433 1004 cientes
2463 951 2584 1016 post
2612 939 2874 1006 laborem,
2900 937 2969 993 iis
2995 935 3144 991 foliis
3172 932 3517 988 incubamus.
3543 928 3831 996 Quomodo

2231 1034 2456 1108 potestis
2482 1029 2734 1102 ingenuis
2782 1025 3104 1082 hominibus
3148 1023 3436 1094 imperare,
3487 1036 3616 1076 cum
3650 1018 3833 1075 sciatis

2232 1142 2328 1181 vos
2358 1123 2413 1178 in
2436 1128 2701 1194 potestate
2731 1119 3030 1172 multorum
3053 1130 3167 1169 esse
3194 1112 3221 1167 7
3251 1112 3364 1167 Vos
3385 1109 3531 1165 enim
3554 1109 3758 1164 vestris
3777 1109 3830 1163 in

2232 1211 2488 1268 omnibus
2512 1227 2631 1282 quae
2653 1206 3073 1278 concupiscunt,
3106 1201 3329 1258 servitis
3358 1198 3672 1254 animabus.
3694 1197 3827 1252 Nam

2233 1303 2277 1360 si
2314 1302 2514 1357 multas
2545 1298 2743 1354 habere
2771 1302 2949 1351 vestes
2989 1292 3335 1359 desideratis,
3379 1305 3490 1344 non
3536 1295 3602 1343 ut
3631 1303 3832 1360 paucos

2233 1407 2417 1466 greges
2447 1390 2636 1446 ovium
2665 1386 2919 1460 pascatis,
2943 1401 3055 1440 non
3085 1390 3148 1438 ut
3175 1397 3377 1452 paucos
3408 1379 3501 1451 qui
3534 1378 3682 1450 ipsas
3709 1386 3831 1432 ton-

2232 1485 2397 1541 deant
2429 1496 2579 1547 oves,
2609 1486 2662 1534 et
2687 1494 2717 1532 a
2746 1476 2950 1548 quibus
2985 1475 3113 1545 ipsae
3159 1471 3299 1525 lana:
3333 1468 3678 1534 intexantur,
3731 1481 3833 1521 ne-

2234 1589 2380 1631 cesse
2412 1570 2626 1627 habetis
2668 1567 2924 1624 artifices.
2956 1561 3101 1630 Quid
3133 1558 3414 1616 excusaris
3460 1557 3608 1630 quod
3646 1556 3836 1612 mollia

2233 1662 2561 1720 vestimenta
2587 1676 2696 1716 non
2731 1656 2932 1713 habeas
2958 1653 2986 1709 ?
3014 1649 3266 1724 Equalis
3292 1648 3440 1705 enim
3462 1645 3705 1703 servitus
3725 1663 3835 1703 esse

2233 1751 2495 1824 probatur
2524 1749 2582 1804 in
2612 1745 2920 1803 minoribus
2945 1750 2998 1798 et
3033 1738 3334 1811 majoribus
3362 1736 3546 1792 rebus.
3571 1735 3708 1792 Nam
3741 1736 3834 1809 qui

529 1868 895 1938 voluptatem,
925 1879 1024 1919 cur
1061 1825 1154 1916 eos
1202 1857 1495 1916 incendisti
1535 1857 1772 1912 ﬂammis
1791 1855 1818 1910 αἶ
1848 1825 2128 1927 Reliquias
2155 1871 2200 1930 Β
2237 1840 2496 1912 ΘΧίεζιωπὶ
2529 1837 3092 1938 ῐῐιίτᾶῑυτυὲὶῐξΐιιῐξιχθῑ
3119 1829 3356 1885 militum
3386 1825 3720 1926 ἀθδίίξθτξὼίῐ
3745 1834 3838 1925 {et

529 1971 629 2028 ego
659 1953 802 2025 ignis
831 1967 1007 2007 escam
1039 1950 1215 2005 facere
1240 1964 1416 2003 meam
1451 1947 1579 2002 nolo
1604 1964 1617 2013 ;
1664 1961 1838 2017 neque
1868 1945 1927 1999 in
1973 1944 2126 2000 cibos

531 2049 852 2100 convertere
880 2055 1030 2095 meos
1060 2037 1224 2110 cupio
1264 2035 1410 2108 quod
1441 2035 1508 2090 de
1545 2034 1726 2089 alieno
1756 2049 1849 2089 ore
1879 2033 2127 2088 sustule-

531 2135 659 2190 rim.
691 2133 802 2188 Hos
829 2147 957 2202 ergo
988 2146 1154 2204 panes
1190 2129 1303 2202 ipse
1333 2126 1428 2200 qui
1458 2125 1610 2182 coxit
1661 2124 1806 2197 ignis
1851 2124 2122 2180 absumat.

531 2223 636 2279 Sed
665 2239 733 2278 ne
762 2221 1002 2294 aliquam
1032 2219 1158 2286 tibi,
1192 2217 1286 2291 qui
1323 2217 1647 2288 sapientiam
1679 2215 1936 2281 houoras,
1967 2213 2129 2285 inju-

531 2311 672 2367 riam
718 2328 749 2366 a
787 2326 872 2365 me
923 2309 1160 2365 aestimes
1207 2306 1460 2377 irrogari,
1509 2305 1691 2359 oleum
1742 2303 2128 2359 tantummodo

531 2400 681 2457 istud
713 2397 940 2471 accipio.
973 2397 1105 2464 Quae
1158 2395 1254 2451 ubi
1304 2393 1602 2449 Dandamis
1648 2391 1812 2460 dixit,
1863 2393 2128 2448 continuo

533 2489 794 2556 surrexit,
843 2504 906 2544 ac
946 2487 1143 2542 silvam
1191 2499 1504 2558 peragrans,
1553 2493 1606 2540 et
1645 2483 1910 2555 colligens
1959 2483 2126 2553 ligna,

533 2581 733 2636 molem
757 2594 825 2633 ex
855 2576 924 2632 iis
943 2575 1238 2631 maximam
1262 2574 1414 2640 fecit,
1440 2589 1600 2645 quam
1622 2572 1747 2646 igne
1769 2571 2126 2640 succendens,

533 2667 622 2724 his
647 2669 863 2723 locutus
893 2672 974 2721 est
999 2663 1182 2720 verbis
1211 2682 1224 2719 :
1267 2662 1661 2730 Brachmanus,
1704 2661 1906 2734 inquit,
1944 2660 2130 2716 omnia

533 2755 717 2824 habet,
747 2763 801 2812 et
831 2753 1046 2810 abunde
1071 2769 1140 2809 ex
1171 2739 1449 2819 omnibus,
1469 2758 1531 2807 ut
1559 2751 1732 2822 cupit,
1759 2749 2018 2822 pascitur.
2045 2743 2127 2804 In-

532 2848 762 2920 fusoque
793 2847 914 2902 oleo
945 2861 1096 2910 mox,
1130 2858 1375 2916 pyraque
1401 2842 1756 2898 vehementer
1785 2840 2031 2905 incensa,
2053 2849 2130 2896 ta-

531 2939 639 2994 lem
663 2936 863 2994 cecinit
889 2935 1158 3008 hymnum
1179 2935 1292 2990 Deo
1321 2951 1332 2989 :
1361 2931 1936 3004 ImmOrtalis,inquit,
1961 2933 2156 2999 Deus,‘

531 3026 633 3082 tibi
661 3043 758 3099 ego
786 3026 843 3080 in
873 3024 1134 3082 omnibus
1161 3023 1360 3095 gratias
1379 3038 1498 3092 ago.
1531 3021 1663 3088 Quae
1693 3020 1788 3075 ubi
1819 3020 2131 3076 Alexander

535 3115 698 3181 vidit,
730 3113 1011 3180 abscessit,
1044 3119 1244 3168 cuncta
1271 3126 1476 3178 secum,
1509 3119 1706 3184 praeter
1755 3111 1960 3178 oleum,
2009 3127 2129 3184 quae

533 3202 879 3270 exhibuerat,
911 3210 1216 3274 reportans,
1246 3216 1592 3272 summopere
1621 3208 1866 3271 stupens.
1899 3200 2127 3255 Danda-
2162 3232 2204 3292 Ο

532 3293 643 3349 mis
662 3309 793 3350 vero
813 3291 919 3347 hoc
937 3291 1100 3347 etiam
1128 3289 1476 3346 sermonibus
1503 3289 1618 3345 suis
1646 3289 1884 3358 addidit,
1914 3289 2121 3346 dicens:

533 3385 689 3440 Tales
731 3380 976 3438 universi
1024 3397 1125 3436 nos
1163 3395 1374 3436 sumus.
1418 3379 1654 3437 Calanus
1691 3395 1822 3434 vero
1863 3379 2131 3450 pessimus

532 3474 621 3530 vir
641 3472 922 3544 judicatus
937 3483 1018 3529 est
1038 3488 1070 3526 a
1091 3470 1270 3537 nobis,
1294 3485 1358 3525 eo
1387 3467 1534 3540 quod
1559 3475 1752 3523 vestrae
1782 3483 1838 3523 se
1873 3467 2133 3523 exhibuit

533 3561 861 3634 praesentiae,
895 3571 950 3616 et
988 3567 1230 3616 nostram
1263 3574 1374 3614 non
1405 3557 1654 3612 imitatus
1693 3565 1775 3612 est
1816 3555 2026 3611 vitam:
2078 3563 2132 3610 et

533 3651 664 3722 quia
688 3666 814 3705 cum
841 3657 1054 3705 amator
1081 3648 1180 3704 Dei
1204 3664 1319 3704 esse
1343 3661 1456 3702 non
1485 3652 1685 3716 posset,
1718 3645 1861 3717 fugit
1888 3662 1919 3700 a
1948 3644 2128 3712 nobis,

533 3745 587 3794 et
616 3737 874 3809 migravit
911 3737 979 3792 ad
1009 3737 1247 3804 Graecos,
1287 3733 1726 3805 contemptisque
1754 3733 2000 3789 moribus
2037 3750 2132 3789 no-

515 3828 680 3909 stris,
714 3844 771 3882 se
804 3826 982 3898 ipsum
1010 3823 1298 3881 damnavit
1327 3821 1736 3877 immortalibus
1761 3821 2016 3877 ﬂammis.
2050 3822 2132 3877 Tu

537 3932 665 3973 vero
685 3915 1044 3973 Macedonum
1069 3914 1223 3970 malae
1253 3911 1430 3985 gentis
1449 3911 1736 3967 dominum
1758 3926 1873 3966 esse
1894 3919 1946 3966 te
1968 3910 2128 3979 dicis,

530 4006 905 4062 Brachmanos
933 4003 1233 4075 vituperas,
1257 4011 1312 4060 et
1331 4000 1573 4058 interﬁci
1594 4016 1785 4055 omnes
1798 3999 1978 4071 jubes,
2005 4017 2133 4056 cre—

531 4095 665 4153 dens
693 4112 883 4153 eorum
911 4094 1269 4151 mendacibus
1296 4091 1498 4159 verbis,
1531 4093 1678 4165 quod
1709 4092 1916 4147 bonum
1946 4091 2129 4146 virum

530 4185 709 4241 facere
739 4201 852 4240 non
881 4189 1117 4256 oportet.
1147 4183 1258 4239 Nos
1286 4197 1418 4238 vero
1452 4179 1719 4236 rationem
1743 4179 1872 4236 vitae
1897 4178 2132 4251 proprias

531 4276 643 4330 Deo
675 4272 937 4329 novimus
965 4270 1279 4328 reddituros
1305 4279 1458 4338 tunc,
1481 4286 1608 4326 cum
1627 4269 1692 4324 ad
1714 4285 1840 4324 eum
1864 4268 2132 4323 fuerimus

531 4362 784 4434 profecti.
821 4362 1024 4418 Omnes
1047 4361 1196 4416 enim
1227 4360 1403 4432 ipsius
1431 4375 1639 4427 sumus,
1672 4358 1903 4430 gloriam
1933 4373 2130 4412 vanam

534 4450 961 4518 contemnimus,
985 4450 1128 4522 quod
1148 4448 1304 4504 stulti
1325 4449 1502 4505 facere
1518 4461 1628 4502 non
1647 4454 1895 4518 possunt.
1919 4445 2132 4512 Quem-

534 4538 832 4594 admodum
863 4556 962 4595 vos
1011 4539 1244 4595 transire
1289 4537 1357 4594 ad
1402 4535 1855 4594 consuetudinem
1885 4544 2126 4590 nostram

536 4627 750 4694 valetis,
786 4629 880 4700 qui
910 4636 1022 4683 tam
1049 4629 1191 4684 male
1223 4628 1433 4698 vivitis,
1449 4636 1503 4684 et
1531 4627 1626 4700 qui
1655 4643 1867 4698 semper
1895 4627 1992 4681 illa
2013 4642 2133 4698 quae

535 4721 681 4777 bona
718 4727 866 4789 sunt,
899 4719 1042 4776 datis
1082 4718 1400 4776 oblivioni?
1443 4720 1554 4775 Nos
1600 4733 1733 4774 vero
1780 4715 2130 4786 Brachmani,

538 4825 808 4865 memores
837 4807 1300 4882 quemadmodum
1330 4808 1598 4881 procreati
1626 4805 1924 4879 aliquando
1955 4804 2136 4861 fueri-

538 4915 683 4968 mus,
717 4905 772 4953 et
801 4897 1052 4955 videntes
1091 4906 1312 4971 propter
1346 4913 1466 4971 quae
1495 4897 1684 4952 vivere
1707 4894 2025 4964 debeamus,
2057 4894 2133 4950 ir-

537 4987 1026 5061 reprehensibilem
1068 4986 1296 5043 vivendi
1350 5002 1569 5043 cursum
1621 4995 1891 5052 tenemus,
1936 4999 2132 5038 unum-

537 5095 810 5153 quemque
839 5077 988 5134 enim
1019 5079 1164 5135 Deus
1200 5085 1351 5133 certo
1379 5074 1646 5150 propositi
1676 5073 1814 5146 ejus,
1846 5073 1934 5130 cui
1967 5068 2132 5143 depu-

539 5177 684 5226 tatus
711 5177 812 5237 est,
846 5168 954 5224 ﬁne
980 5166 1264 5224 formavit.
1304 5166 1578 5221 Laetamur
1625 5163 1683 5218 in
1719 5161 1949 5218 desertis
1975 5160 2129 5228 locis,

537 5267 592 5315 et
621 5258 679 5314 in
712 5257 910 5314 mediis
936 5256 1094 5312 silvis
1122 5255 1391 5322 sedentes,
1421 5262 1476 5309 et
1505 5253 1564 5309 in
1593 5251 1682 5308 his
1707 5258 1924 5307 tantum
1963 5250 2131 5304 sensi-

538 5348 641 5404 bus
666 5346 869 5404 nostris
903 5345 1154 5419 occupati
1195 5360 1403 5412 sumus,
1447 5359 1516 5399 ne
1563 5357 1805 5413 unquam
1855 5354 2133 5396 sermones

539 5437 831 5492 hominum
853 5435 1064 5490 animas
1083 5440 1297 5490 nostras
1315 5431 1383 5488 ab
1405 5430 1672 5487 institutis
1688 5429 1890 5485 talibus
1915 5428 2134 5484 valeant

539 5549 809 5606 separare.
842 5531 1040 5587 Beatus
1070 5539 1151 5588 est
1181 5530 1274 5587 ille
1304 5530 1399 5604 qui
1436 5528 1646 5584 nullius
1674 5526 1903 5597 indiget,
1956 5533 2010 5581 et
2038 5525 2132 5599 qui

541 5641 652 5682 non
677 5623 912 5680 alienam
951 5624 1181 5699 gloriam
1212 5623 1384 5696 cupit,
1417 5629 1471 5678 et
1501 5621 1593 5694 qui
1623 5621 1835 5692 placere
1876 5621 1997 5675 vult
2023 5635 2135 5674 om-

544 5712 730 5783 nibus,
762 5729 979 5771 necesse
1003 5720 1083 5770 est
1110 5720 1173 5770 ut
1201 5712 1273 5770 sit
1301 5711 1549 5770 omnium
1581 5727 1790 5768 servus.
1839 5709 2006 5768 Nobis
2044 5725 2134 5767 ne-

2235 1929 2329 2002 qui
2357 1945 2537 2002 parvae
2566 1925 2809 1983 civitatis
2827 1921 2991 1978 fuerit
3014 1920 3326 1992 imperator,
3352 1922 3405 1971 et
3427 1915 3624 1989 majori
3652 1916 3836 1989 cupiet

2237 2019 2521 2092 imperare.
2554 2017 2824 2073 Praeterea
2853 2011 3020 2070 etiam
3061 2028 3130 2066 ex
3165 2009 3381 2066 modica
3411 2015 3693 2081 perpetuae
3717 2025 3837 2080 por-

2235 2110 2406 2177 tione,
2440 2124 2560 2180 quae
2591 2107 2648 2161 in
2680 2104 2881 2161 vestris
2911 2101 3159 2174 splendet
3198 2098 3463 2167 vestibus,
3490 2097 3791 2171 superbitis
3821 2115 3834 2153 :

2235 2206 2289 2255 et
2315 2215 2439 2256 cum
2471 2195 2670 2252 vestris
2696 2193 2920 2249 famulis
2949 2191 3158 2247 fuerint
3187 2187 3510 2244 indumenta
3541 2203 3835 2260 purpurea,

2235 2305 2334 2343 vos
2362 2285 2652 2358 pulchrius
2693 2299 2809 2339 esse
2838 2279 3048 2354 aliquid
3079 2278 3476 2345 existimantes,
3521 2285 3707 2333 vestra
3737 2294 3841 2332 co—

2238 2378 2353 2432 lore
2394 2377 2564 2430 altero
2604 2372 2891 2445 splendere
2937 2368 3162 2426 curatis.
3209 2368 3266 2423 Si
3315 2377 3491 2423 autem
3537 2367 3646 2422 hoc
3695 2367 3840 2438 apud

2236 2483 2336 2522 vos
2362 2465 2567 2522 bonum
2601 2477 2709 2518 nou
2741 2460 2986 2526 videtur,
3031 2471 3295 2530 pauperes
3316 2454 3676 2527 judicamini,
3707 2455 3838 2511 dum

2237 2570 2405 2628 parva
2447 2550 2747 2608 miramini.
2792 2548 3073 2606 Animalia
3127 2546 3364 2602 libenter
3414 2544 3678 2601 occiditis
3720 2562 3839 2617 quae

2236 2653 2383 2700 terra
2409 2641 2746 2716 progenuit:
2781 2656 2901 2713 qua:
2948 2647 3129 2693 tamen
3175 2636 3279 2708 ipsi
3328 2634 3637 2706 plurimum
3683 2633 3842 2690 vobis

2237 2735 2493 2806 prodesse
2522 2729 2852 2803 cognoscitis
2876 2745 2888 2796 ;
2923 2724 3171 2799 quaedam
3195 2724 3340 2780 enim
3364 2740 3433 2778 ex
3454 2723 3589 2794 ipsis
3610 2723 3844 2779 tonden-

2237 2833 2347 2891 tur,
2379 2822 2487 2877 alia
2521 2820 2836 2891 mulgentur
2869 2834 2881 2872 :
2909 2831 3034 2872 cum
3063 2812 3389 2886 quibusdam
3411 2829 3603 2884 agrum
3635 2812 3846 2880 colitis,

2238 2927 2361 2970 cum
2396 2909 2521 2965 aliis
2549 2907 2831 2964 dimicatis
2865 2923 2876 2961 :
2913 2919 3151 2977 quorum
3173 2909 3357 2975 postea
3382 2917 3446 2957 eo
3478 2899 3630 2972 quod
3659 2899 3848 2956 fundi-

2239 3001 2309 3057 tis
2329 3014 2601 3065 cruorem,
2635 2994 2901 3070 gaudetis,
2930 2992 3204 3064 talemque
3227 2989 3529 3046 mercedem
3551 2989 3848 3062 ipsis,qu:e

2237 3088 2498 3163 perutilia
2529 3085 2687 3142 vobis
2716 3084 2944 3150 fuerint,
2979 3080 3210 3137 redditis
3258 3079 3434 3134 vicem
3475 3095 3488 3133 :
3523 3085 3578 3134 et
3605 3094 3848 3151 quorum

2238 3182 2444 3236 vellera
2462 3193 2562 3232 vos
2581 3175 2921 3232 extrinsecus
2947 3172 3152 3237 velant,
3185 3167 3505 3224 eorumdem
3528 3184 3630 3224 vos
3651 3184 3849 3224 carnes

2240 3269 2572 3325 intrinsecus
2593 3271 2841 3329 onerant,
2875 3269 2929 3316 et
2958 3258 3206 3330 incipitis
3228 3273 3344 3313 esse
3369 3272 3669 3327 corporum
3703 3273 3848 3312 mor-

2237 3371 2460 3418 tuorum
2509 3359 2758 3430 sepulcra
2787 3353 3052 3412 viventia.
3088 3353 3278 3408 Tantis
3307 3368 3434 3424 ergo
3486 3358 3712 3422 tamque
3747 3349 3847 3405 iu-

2238 3448 2698 3508 convenientibus
2740 3446 2920 3513 rebus,
2953 3454 3174 3515 tamque
3203 3440 3495 3499 contrariis
3527 3456 3686 3496 mens
3714 3454 3849 3510 gra-

2240 3553 2385 3610 vata,
2409 3549 2585 3614 potest
2616 3540 2672 3594 in
2697 3555 2754 3595 se
2780 3538 3020 3609 recipere
3039 3536 3135 3592 Dei
3159 3551 3379 3591 sensum
3403 3534 3430 3590 ?
3449 3533 3686 3590 Dimitte
3701 3549 3847 3604 pan-

2240 3633 2408 3704 lisper
2430 3636 2853 3685 memoratorum
2875 3626 3198 3683 animalium
3225 3639 3436 3690 carnes,
3465 3637 3593 3694 qua:
3612 3620 3842 3689 occidis,

2241 3723 2319 3778 sic
2342 3721 2542 3793 jacere,
2575 3729 2628 3776 et
2658 3717 2792 3792 quid
2824 3733 2890 3772 ex
2921 3714 3054 3787 ipsis
3103 3713 3200 3769 fiat
3241 3711 3508 3782 intellige.
3558 3710 3843 3783 Numquid

2240 3811 2447 3885 poteris
2479 3805 2707 3867 fetorem
2741 3808 2982 3879 ipsarum
3013 3805 3156 3860 ferre
3182 3818 3295 3858 non
3316 3801 3533 3874 fugiens
3555 3801 3586 3856 ‘I
3617 3801 3847 3868 Quanta

2241 3900 2450 3965 sordes,
2476 3908 2692 3972 quantae
2725 3895 3069 3969 impuritates
3099 3891 3389 3948 animabus
3417 3898 3583 3962 atque
3605 3890 3845 3962 corpori-

2239 3991 2342 4046 bus
2373 3992 2690 4046 inferuntur
2720 3985 3002 4053 humanis,
3026 4001 3160 4056 quas
3179 3999 3303 4039 cum
3334 3980 3447 4053 ipse
3467 3981 3708 4036 tolerare
3737 3995 3844 4034 non

2242 4081 2436 4155 possis,
2470 4078 2833 4136 includuntur
2860 4075 3007 4131 intra
3043 4074 3356 4144 illos,atque
3378 4070 3445 4126 ab
3465 4069 3585 4126 illis
3603 4068 3849 4125 inferun-

2241 4182 2350 4240 tur,
2378 4187 2409 4226 a
2433 4169 2633 4243 quibus
2661 4167 2770 4224 cibi
2802 4165 2940 4222 tales
2967 4164 3369 4220 desiderantur.
3399 4161 3606 4218 Anima
3635 4160 3852 4217 iracun-

2241 4264 2388 4320 diam
2410 4260 2572 4334 parit,
2603 4259 2708 4314 ista
2736 4265 3031 4314 concreant
3059 4253 3334 4309 vomitum
3368 4268 3380 4307 :
3416 4259 3563 4307 terra
3583 4267 3722 4306 vero
3742 4251 3852 4305 fru-

2241 4362 2362 4410 ctus
2391 4360 2444 4407 et
2466 4351 2646 4418 ﬂores,
2678 4348 2772 4422 qui
2805 4347 2951 4403 foras
2979 4344 3195 4401 emissis
3232 4341 3391 4398 bonis
3420 4340 3694 4397 odoribus
3725 4342 3854 4411 pla-

2242 4449 2385 4498 cent.
2416 4440 2573 4495 Tales
2603 4439 2790 4509 epulas
2818 4435 2980 4491 nobis
3029 4432 3301 4506 plantavit
3338 4432 3484 4486 Deus
3532 4445 3598 4485 ac
3627 4429 3853 4500 praesti-

2247 4533 2313 4588 tit
2338 4549 2348 4587 :
2378 4533 2644 4585 humanos
2674 4543 2866 4583 sensus
2885 4542 2984 4580 vos
3003 4523 3224 4596 penitus
3243 4519 3585 4593 perdidistis.
3611 4519 3854 4590 Corpora

2246 4631 2426 4678 vestra
2464 4619 2605 4675 feras
2636 4619 2775 4673 male
2807 4618 2956 4672 olent
2989 4633 2999 4670 :
3031 4613 3372 4686 receptacula
3401 4610 3550 4667 enim
3584 4609 3725 4666 estis
3755 4625 3853 4683 pe-

2243 4711 2445 4768 cudum
2488 4717 2829 4764 mortuarum
2861 4723 2872 4760 :
2906 4703 3160 4760 leonibus
3191 4702 3442 4775 lupisque
3475 4698 3692 4771 pejores
3743 4712 3852 4754 est

2243 4800 2504 4874 cmpistis.
2536 4799 2678 4872 Lupi
2707 4797 2876 4864 enim,
2909 4795 2955 4850 si
2983 4795 3067 4850 uti
3097 4792 3329 4850 terrenis
3353 4788 3570 4863 pabulis
3597 4796 3848 4863 possent,

2242 4909 2526 4967 nunquam
2547 4891 2794 4965 profecto
2815 4887 3076 4945 carnibus
3095 4891 3466 4942 vescerentur.
3492 4882 3683 4948 Tauri,
3703 4879 3851 4955 equi,

2243 4984 2390 5041 cervi
2408 4981 2574 5054 justis
2601 4979 2895 5036 herbarum
2928 4993 2992 5050 pa
3004 4975 3179 5032 stibus
3199 4974 3419 5038 vivunt,
3442 4969 3594 5026 unde
3622 4978 3676 5026 et
3706 4971 3856 5025 vali-

2242 5072 2491 5129 dioribus
2525 5068 2806 5136 membris,
2841 5075 2894 5122 et
2924 5066 3112 5122 nervis
3139 5060 3468 5121 fortioribus
3497 5059 3850 5115 roborantur.

2243 5169 2353 5227 Cur
2381 5168 2496 5224 haec
2526 5165 2786 5222 animalia
2808 5162 2979 5236 magis
3001 5177 3112 5217 non
3141 5159 3311 5216 vultis
3332 5157 3588 5214 imitari?
3609 5156 3726 5214 Cur
3747 5172 3853 5213 non

2242 5259 2404 5316 editis
2432 5256 2728 5324 silvestria,
2763 5263 2816 5311 et
2844 5269 3040 5327 aquam
3080 5251 3276 5309 bibitis
3308 5250 3335 5305 7
3368 5247 3475 5305 Sed
3506 5264 3672 5304 causa
3716 5246 3853 5320 ignis

2242 5349 2563 5423 hujusmodi
2595 5348 2783 5421 epulas
2829 5345 2988 5401 vobis
3032 5341 3350 5417 prmparatis
3396 5357 3532 5414 quas
3578 5355 3706 5397 cum
3748 5353 3856 5393 non

2242 5460 2356 5513 esse
2386 5439 2613 5497 cernitis
2639 5437 2842 5495 bestias
2871 5437 3146 5504 fortiores,
3181 5434 3308 5489 ideo
3354 5431 3555 5486 vestris
3586 5446 3696 5484 non
3752 5444 3859 5482 ur-

2243 5539 2442 5604 gentur
2470 5528 2692 5586 insidiis
2721 5547 2734 5596 ;
2766 5544 2864 5583 vos
2896 5526 3042 5582 enim
3073 5523 3320 5598 quzeritis
3347 5522 3497 5578 cives
3527 5520 3736 5591 plures,
3765 5533 3859 5572 ex-

2243 5637 2438 5694 pensas
2458 5619 2726 5692 plurimas
2752 5616 2953 5683 facitis,
2978 5623 3031 5670 et
3052 5614 3109 5669 in
3138 5611 3323 5685 parvis
3353 5609 3515 5666 rebus
3543 5608 3857 5680 plurimum

2246 5693 2506 5768 laboratis
2537 5715 2757 5782 propter
2787 5705 3040 5779 exiguam
3063 5703 3403 5774 voluptatem
3429 5714 3441 5754 :
3478 5696 3571 5752 ubi
3603 5693 3755 5751 nihil
3779 5703 3861 5750 est
