4086 6208
270 414 400 471 1181
1370 409 1465 466 DE
1504 409 1809 468 MORIBUS
1846 408 2456 468 BRACHMANORUM.
3451 418 3589 474 1182

271 541 377 596 nisi
407 555 597 596 eorum
641 545 826 610 aperta
858 535 1114 610 perditio,
1163 535 1220 591 in
1251 535 1452 608 quibus
1491 535 1662 591 fuerit
1710 534 1868 591 labor
1895 539 1944 596 Α
1979 535 2345 592 ambulantes.
2380 535 2425 592 Ο
2455 535 2786 592 stultissimi
2821 536 3092 606 homines,
3126 540 3366 613 impletis
3394 543 3588 626 inglu-

270 647 462 687 vanus.
487 631 632 702 Ergo
654 628 796 684 nihil
820 637 902 684 est
930 634 1112 684 vestra
1136 626 1416 683 infelicius
1445 627 1578 682 vita.
1598 628 1706 683 Nos
1733 645 1870 683 nun-

269 737 431 795 quam
459 718 704 776 bibimus
735 717 921 786 inviti,
946 717 1041 774 sed
1065 717 1437 773 necessarium
1465 717 1558 772 siti
1590 733 1658 773 ex
1689 716 1872 772 fonti—

270 810 372 865 bus
393 815 602 864 naturae
626 807 920 879 implemus
941 804 1182 862 ofﬁcium
1211 824 1223 872 ;
1251 806 1344 878 qui
1367 806 1529 863 etiam
1552 822 1662 861 non
1684 805 1872 862 biben-

273 899 422 955 tibus
452 895 611 952 nobis
639 895 890 952 deﬂuunt
922 911 1172 967 semper:
1207 912 1306 951 vos
1330 912 1462 952 vero
1492 905 1713 968 propter
1744 913 1871 952 ven-

274 988 374 1044 tris
398 988 760 1059 voluptatem,
793 994 845 1041 et
877 1002 987 1040 non
1013 985 1318 1041 esurientes
1342 985 1587 1057 quaeritis
1608 984 1768 1057 juges
1798 985 1871 1042 ci-

275 1077 394 1148 bos,
427 1086 476 1134 et
494 1075 823 1150 quibusdam
852 1075 1064 1132 artibus
1090 1075 1250 1131 vobis
1278 1076 1480 1131 multas
1504 1083 1669 1148 atque
1691 1074 1872 1132 diver-

272 1184 359 1223 sas
400 1167 590 1240 epulas
620 1165 971 1239 praeparatis:
1007 1164 1302 1221 excurritis
1331 1179 1495 1221 omne
1525 1163 1733 1220 retibus
1763 1181 1874 1220 ma-

280 1275 356 1326 re,
392 1258 447 1312 in
479 1274 600 1314 aere
630 1257 1010 1326 volitantium,
1045 1257 1100 1312 in
1128 1255 1411 1312 montibus
1439 1255 1738 1312 bestiarum
1767 1271 1877 1310 ve-

278 1347 500 1404 natione
529 1345 802 1420 gaudetis,
835 1362 1145 1421 canumque
1176 1353 1487 1402 vestrorum
1517 1346 1870 1402 velocitatem

276 1439 558 1506 mirantes,
591 1439 829 1496 ferarum
877 1439 1280 1511 reprehenditis
1328 1439 1665 1508 tarditatem,
1714 1448 1877 1513 atque

281 1529 635 1584 habilatrices
672 1545 761 1584 eas
817 1529 1084 1583 malarum
1139 1527 1504 1583 solitudinum
1555 1527 1874 1585 nominatis.

278 1619 405 1676 Istis
430 1617 599 1690 igitur
626 1617 789 1673 rebus
818 1617 1074 1673 insistitis
1101 1615 1218 1672 haec
1243 1615 1556 1671 animantia
1587 1615 1879 1688 investiga-

277 1725 353 1778 re,
387 1709 504 1766 haec
532 1709 860 1782 investigata
889 1707 1169 1765 festinatis
1200 1706 1472 1775 occidere,
1508 1714 1603 1763 aut
1633 1704 1880 1761 viventia

277 1798 458 1855 caveis
483 1799 668 1854 clausa
694 1797 921 1853 defertis
949 1797 1017 1852 ad
1047 1796 1356 1869 spectacula
1389 1795 1681 1852 civitatum
1716 1814 1728 1851 :
1766 1812 1878 1852 non

1981 624 2069 680 vie
2125 626 2336 681 viscera
2393 635 2576 682 vestra
2641 635 2802 700 atque
2863 627 3207 696 distenditis,
3269 641 3330 688 ut
3402 624 3588 706 postea

1981 717 2181 773 iterum
2234 726 2348 774 arte
2398 719 2738 777 medicorum
2795 737 3028 793 corpora
3077 731 3258 778 vestra
3305 727 3586 796 vacuetis;

1981 807 2385 878 turpitudinem
2419 824 2517 879 per
2554 807 2676 864 baac
2707 808 2864 864 vobis
2897 809 3308 882 maximamque
3356 814 3589 884 aegritu-

1985 895 2178 951 dinem
2222 905 2549 970 quaerentes,
2602 897 2846 970 adeoque
2885 898 3016 954 estis
3056 898 3259 967 insani,
3310 907 3372 956 ut
3416 901 3586 974 ipsam

1982 984 2217 1055 cupiatis
2296 993 2537 1041 evertere
2601 986 2699 1042 tali
2771 987 3053 1043 curatione
3116 997 3391 1056 naturam,
3449 1006 3570 1062 qua

1983 1074 2192 1129 nullam
2225 1075 2444 1146 penitus
2475 1075 2678 1132 sentiat
2701 1077 3076 1149 voluptatem:
3114 1077 3277 1133 ﬁnem
3323 1078 3586 1138 habentes

1984 1164 2303 1221 voracitatis
2360 1165 2671 1222 immodicae
2730 1167 3088 1239 supplicium,
3151 1185 3261 1225 non
3315 1171 3598 1240 salutem;

1983 1252 2318 1310 insatiabilia
2353 1254 2503 1310 enim
2537 1257 2780 1314 membra
2809 1258 2928 1314 ﬁeri
2969 1275 3038 1314 ex
3069 1260 3276 1318 morbis
3316 1261 3584 1319 continuo

1985 1344 2184 1410 solent,
2249 1352 2524 1402 tormenta
2574 1346 2934 1416 comitantur,
2990 1349 3068 1403 ita
3127 1357 3189 1404 ut
3245 1357 3582 1422 postremum

1988 1432 2139 1504 quod
2171 1432 2412 1490 honestae
2440 1451 2504 1491 ac
2528 1435 2711 1506 probaa
2740 1435 2870 1493 vitae
2901 1453 2971 1493 ex
3001 1439 3170 1494 tantis
3198 1437 3414 1496 deliciis
3445 1457 3577 1498 con-

1988 1522 2197 1579 feratur
2225 1524 2368 1580 nihil
2401 1524 2669 1582 habeatis.
2715 1526 2818 1583 Sed
2856 1526 3066 1600 jactare
3107 1545 3205 1585 vos
3245 1529 3411 1586 audio
3459 1530 3590 1604 quia

1988 1611 2229 1684 plurima
2282 1613 2620 1684 possidetis;
2678 1616 2773 1688 qui
2819 1625 3002 1672 tamen
3047 1633 3174 1675 cum
3231 1618 3357 1675 aliis
3411 1621 3591 1677 multa

1987 1700 2226 1772 donetis,
2275 1705 2473 1761 vestris
2519 1705 2818 1762 admodum
2865 1725 3040 1780 pauca
3085 1711 3377 1782 praestatis.
3433 1712 3590 1769 Unde

1988 1809 2089 1848 vos
2144 1793 2316 1865 magis
2372 1809 2635 1866 pauperes
2686 1794 3020 1866 judicamus,
3089 1800 3219 1871 quia
3267 1817 3337 1856 ne
3393 1817 3589 1874 panem

278 1896 340 1944 ut
361 1888 544 1960 fruges
574 1887 788 1955 seralis,
820 1902 887 1941 ex
915 1886 1115 1960 quibus
1149 1885 1372 1958 famem,
1402 1900 1576 1958 neque
1595 1894 1654 1941 ut
1680 1885 1880 1943 exinde
1915 1900 1961 1959 Β
1992 1881 2212 1953 quidem
2245 1883 2424 1954 ipsum
2467 1883 2788 1955 parentibus
2825 1885 2990 1954 datis,
3041 1886 3359 1945 innumeras
3404 1899 3586 1946 autem

280 1977 645 2036 necessarium
672 1975 896 2048 aliquod
927 1975 1173 2032 officium
1223 1975 1545 2032 hominibus
1575 1975 1879 2047 praebeatis,

281 2067 375 2123 sed
406 2076 466 2122 ut
494 2065 811 2139 proximum
841 2083 904 2122 ac
925 2064 1210 2138 sanguinis
1239 2065 1431 2134 vestri,
1467 2072 1520 2121 et
1549 2082 1687 2138 opus
1709 2063 1880 2137 (quod

282 2167 364 2214 est
395 2156 595 2230 majus)
621 2156 741 2224 Dei,
768 2172 899 2212 cum
923 2172 1142 2212 summo
1162 2155 1426 2212 dedecore
1457 2155 1767 2224 trucidetis,
1793 2155 1880 2211 vel

284 2255 345 2304 ut
377 2247 646 2302 violenter
667 2245 908 2302 vinculis
931 2245 1200 2318 illigatum
1239 2245 1479 2300 ferarum
1511 2245 1784 2301 morsibus
1805 2244 1881 2299 in.

285 2337 486 2409 geratis
537 2336 610 2391 Et
637 2335 742 2392 hoc
773 2334 954 2408 ipsum
987 2334 1224 2391 libenter
1251 2335 1521 2407 aspicitis,
1552 2334 1700 2408 quod
1753 2350 1879 2389 cum

285 2426 606 2484 hominibus
635 2426 762 2482 fera;
785 2432 1051 2498 pugnent,
1082 2434 1136 2481 et
1164 2425 1313 2498 quod
1345 2425 1454 2480 illaa
1485 2432 1694 2497 partem
1726 2433 1882 2480 natu-

286 2533 359 2573 rae
387 2523 580 2571 vestrae
610 2531 673 2572 ac
715 2513 1108 2570 similitudinis
1159 2513 1426 2570 devorent
1461 2532 1472 2570 :
1524 2520 1710 2587 postea
1752 2529 1883 2580 vero

284 2605 409 2660 illas
439 2620 661 2676 prorsus
689 2603 832 2658 feras
866 2603 1142 2672 occiditis,
1179 2610 1239 2659 ut
1269 2603 1518 2660 crudeles
1555 2601 1792 2672 easdem,
1820 2619 1884 2660 eo

288 2694 435 2768 quod
464 2693 768 2751 occiderint
793 2693 1096 2762 hominem,
1115 2711 1230 2751 esse
1255 2694 1488 2751 dicatis:
1525 2703 1598 2764 et,
1627 2693 1774 2768 quod
1793 2693 1883 2750 ad-

294 2783 404 2840 huc
431 2783 716 2840 scelestius
745 2782 964 2838 videtur
1007 2799 1070 2840 ac
1113 2783 1287 2856 pejus,
1326 2782 1569 2839 humano
1619 2783 1885 2856 sanguine

298 2873 552 2941 saturati,
606 2872 836 2928 necdum
883 2879 965 2929 tot
998 2873 1274 2945 tantisque
1322 2875 1480 2930 malis
1521 2874 1750 2946 expleti,
1781 2890 1887 2930 ve-

299 2971 536 3020 strorum
567 2962 768 3034 cupitis
795 2962 1005 3019 civium
1058 2971 1279 3020 ventres
1327 2965 1555 3036 replere.
1603 2965 1689 3021 Ad
1745 2963 1881 3034 hac,

300 3063 411 3110 tam
463 3051 1110 3124 dedecorosis,-tamque
1158 3053 1344 3126 pravis
1373 3053 1620 3110 moribus
1670 3054 1883 3124 vivitis,

297 3151 360 3200 ut
389 3149 442 3198 et
469 3140 628 3197 vobis
675 3139 882 3198 calidas
926 3141 1376 3213 superazdiﬁcetis
1433 3143 1646 3213 domos,
1687 3144 1888 3217 quibus

294 3235 364 3291 ad
394 3243 628 3292 vestram
686 3235 1011 3308 explendam
1046 3236 1400 3293 voracitatem
1432 3245 1672 3294 comesta
1714 3237 1887 3310 digeri
1921 3253 1970 3314 ε

289 3326 460 3384 citius
484 3326 906 3398 compellantur.
953 3327 1182 3399 Insuper
1219 3335 1274 3383 et
1315 3335 1378 3382 ut
1411 3327 1617 3400 proprii
1645 3328 1888 3400 corporis

294 3415 560 3472 intestina
587 3414 761 3470 nimia
790 3415 1041 3472 ciborum
1094 3415 1404 3486 repletione
1457 3415 1840 3473 distendentur
1871 3434 1883 3472 :

296 3504 562 3561 lautiores
631 3503 834 3576 eligitis
889 3503 1101 3574 epulas,
1153 3503 1299 3560 unde
1371 3504 1576 3577 peritos
1646 3521 1890 3579 quosque

293 3593 604 3668 procuratis
645 3592 884 3649 artifices
937 3592 1266 3650 condiendis
1337 3603 1500 3667 atque
1568 3595 1891 3652 ordinandis

294 3685 490 3757 epulis.
524 3684 634 3740 Nos
671 3693 853 3740 autem
903 3699 1190 3755 precamur
1236 3685 1432 3753 Deum,
1474 3701 1542 3742 ne
1593 3685 1891 3759 aliquando

297 3775 598 3831 sitiamus:
650 3791 776 3832 nam
821 3775 926 3833 hoc
976 3777 1252 3834 interdum
1302 3778 1466 3834 modo
1495 3795 1527 3834 a
1571 3780 1758 3852 regula
1786 3797 1892 3836 ve-

293 3863 476 3920 ritatis
503 3863 894 3934 abstrahimur,
929 3865 1034 3923 hoc
1067 3875 1168 3935 est,
1203 3875 1334 3923 tunc
1362 3885 1489 3925 cum
1523 3868 1892 3925 necessarium

296 3958 487 4022 potum
516 3959 705 4007 nostro
752 3954 969 4025 corpori
999 3954 1213 4022 damus,
1245 3955 1316 4010 ob
1346 3955 1492 4026 quod
1533 3964 1722 4027 postea
1766 3973 1891 4012 ocu-

297 4039 379 4093 los
430 4048 484 4094 et
539 4054 734 4094 manus
782 4047 1012 4102 nostras,
1056 4042 1232 4096 veluti
1281 4042 1613 4100 sacrificium
1643 4046 1892 4118 aliquod,

293 4125 362 4182 ad
390 4126 572 4183 radios
618 4127 752 4183 solis
788 4134 1008 4199 agentes
1053 4130 1395 4188 extollimus.
1460 4134 1533 4187 At
1580 4150 1677 4188 vos
1729 4135 1893 4190 etiam

296 4217 406 4274 laeti
466 4216 597 4274 estis
651 4217 866 4290 quoties
904 4233 1068 4288 supra
1127 4219 1352 4276 modum
1391 4221 1659 4278 convivia
1713 4231 1896 4280 vestra

295 4305 608 4375 celebratis,
640 4323 742 4364 nec
765 4314 892 4362 ante
912 4307 1109 4365 vestris
1140 4310 1697 4369 commessatiouibus
1728 4313 1894 4370 ﬁnem

300 4395 611 4468 imponitis,
651 4413 813 4470 quam
849 4396 1022 4452 nimia
1069 4397 1333 4455 ebrietate
1380 4400 1561 4457 furere
1591 4402 1892 4476 incipiatis,

297 4491 350 4538 et
379 4483 554 4542 donec
582 4484 762 4557 ipsum
811 4485 958 4559 quod
1005 4503 1194 4559 sapere
1241 4486 1603 4559 videbamini,
1651 4489 1895 4549 bibendo

297 4572 536 4646 perdatis
567 4592 578 4630 :
619 4583 673 4632 et
701 4575 878 4631 nimio
903 4575 1022 4631 viui
1055 4576 1294 4650 pondere
1324 4593 1515 4636 sensus
1559 4579 1730 4636 vestri
1761 4598 1893 4638 cor-

296 4661 382 4719 dis
442 4663 701 4721 oneratis.
753 4664 1052 4722 Feliciores
1102 4666 1348 4739 profecto
1423 4668 1569 4741 apud
1625 4687 1724 4727 vos
1780 4689 1895 4733 esse

295 4753 625 4811 crediderim
679 4771 772 4812 eos
824 4756 918 4830 qui
973 4757 1216 4814 insanire
1267 4758 1551 4818 dicuntur.
1607 4763 1697 4819 Illi
1744 4765 1893 4822 enim

296 4857 510 4915 semper
536 4841 674 4899 ebrii
705 4853 854 4913 sunt,
883 4861 1008 4901 cum
1039 4855 1223 4903 tamen
1254 4847 1449 4905 vinum
1481 4867 1592 4908 non
1617 4853 1890 4910 emerint:

296 4953 396 4992 vos
424 4944 606 4994 autem
638 4953 736 5009 pro
783 4937 961 5010 pretio
1007 4937 1125 4999 vini
1178 4940 1408 4996 nimiam
1460 4943 1894 5002 sollicitudinem

297 5028 520 5100 geritis:
553 5045 664 5102 quo
695 5035 880 5100 empto
912 5029 1273 5101 vosmetipsos
1320 5030 1586 5087 ebrietate
1618 5034 1892 5105 polluitis,

296 5132 504 5189 vosque
533 5115 773 5174 invicem
804 5117 1126 5187 verberatis,
1161 5135 1225 5174 ac
1254 5118 1474 5175 tandem
1515 5120 1581 5176 ad
1611 5122 1894 5179 sobrieta-

297 5212 408 5260 tem
452 5203 678 5272 reversi,
713 5206 811 5261 vix
839 5207 1070 5279 potestis
1109 5223 1402 5280 agnoscere
1429 5211 1896 5281 quemadmodum

298 5297 617 5355 ebrietatem
647 5305 886 5354 vestram
916 5298 1196 5356 custodire
1227 5301 1482 5357 valeatis.
1518 5301 1702 5359 Audio
1729 5303 1896 5360 etiam

297 5387 446 5462 quod
475 5387 716 5460 plurima
757 5388 1108 5446 comedentes
1138 5406 1201 5446 ea
1223 5389 1471 5462 digerere
1503 5408 1614 5448 non
1643 5396 1892 5466 potestis:

299 5487 352 5534 et
377 5495 502 5536 cum
536 5478 756 5536 tandem
780 5495 810 5534 a
833 5479 1080 5535 convivii
1097 5481 1397 5538 voracitate
1423 5482 1518 5538 vix
1541 5485 1893 5556 recesseritis,

300 5568 488 5624 omnia
516 5585 635 5642 quas
668 5586 768 5625 vos
790 5569 1006 5642 explere
1036 5571 1216 5627 solent
1265 5571 1526 5628 evomitis
1559 5591 1571 5630 :
1612 5574 1897 5649 ipsamque

299 5665 574 5714 mutantes
615 5673 870 5731 perverso
921 5675 1074 5716 more
1104 5667 1378 5730 naturam,
1410 5677 1481 5718 ex
1510 5662 1702 5720 eadem
1747 5672 1897 5738 parte

300 5762 406 5820 qua
445 5765 594 5806 escas
651 5747 866 5823 capitis,
925 5749 1194 5823 egeratis:
1251 5750 1450 5826 capite,
1501 5767 1613 5810 non
1664 5753 1898 5828 pedibus

1994 1970 2194 2026 habere
2239 1987 2367 2043 opes
2414 1971 2758 2029 desideratis.
2810 1973 2966 2030 Servi
3019 1975 3229 2032 ventris
3284 1993 3383 2033 vos
3437 1979 3590 2048 estis,

1995 2069 2278 2133 propterea
2303 2063 2544 2118 maxima
2580 2063 2723 2135 apud
2763 2081 2860 2119 vos
2893 2065 3057 2122 turba
3094 2066 3437 2124 medicorum
3486 2077 3590 2137 est,

1994 2151 2089 2224 qui
2118 2149 2338 2207 assidua
2374 2168 2472 2208 vos
2512 2152 2833 2224 purgatione
2873 2162 3176 2209 evacuant:
3224 2154 3438 2212 faciunt
3483 2173 3592 2212 au-

1995 2250 2102 2297 tem
2137 2241 2192 2298 id
2223 2250 2317 2298 aut
2339 2240 2554 2314 jejunio
2594 2243 2679 2299 vel
2709 2243 2916 2311 inedia,
2963 2251 3059 2299 aut
3096 2251 3212 2299 arte
3258 2244 3592 2302 medicami-

1993 2348 2128 2388 num
2154 2349 2166 2388 :
2209 2339 2270 2387 ut
2298 2332 2392 2405 qui
2424 2332 2659 2404 plurima
2692 2331 2823 2386 vina
2850 2331 3110 2388 solebatis
3141 2332 3383 2402 haurire,
3406 2333 3592 2390 subito

1996 2439 2063 2479 ne
2117 2441 2272 2498 aqua;
2325 2422 2548 2498 quidem
2601 2423 2878 2480 modicam
2934 2423 3305 2498 quantitatem
3370 2425 3594 2498 possitis

1995 2516 2260 2588 accipere,
2283 2515 2498 2588 quoties
2520 2514 2914 2588 aegritudinum
2940 2515 3262 2572 necessitate
3286 2515 3591 2574 vexamini.

1995 2604 2068 2660 Et
2095 2604 2239 2660 sicut
2267 2611 2400 2660 tunc
2429 2603 2573 2659 ultra
2611 2611 2864 2658 naturam
2913 2604 3152 2659 multum
3200 2603 3337 2659 meri
3377 2604 3591 2675 bibitis,

1998 2692 2076 2748 ita
2103 2709 2251 2750 nunc
2280 2708 2470 2764 parum
2514 2707 2732 2765 quoque
2764 2708 2940 2764 aquae,
2990 2691 3136 2766 quod
3179 2693 3430 2763 exposcit
3478 2694 3595 2766 ipsa

1997 2789 2213 2850 natura,
2262 2780 2606 2837 desideratis.
2661 2781 2770 2837 Nos
2803 2797 2933 2838 vero
2970 2781 3165 2837 vinum
3214 2781 3439 2854 quidem
3479 2799 3592 2839 om-

1997 2871 2132 2926 nino
2161 2886 2273 2927 uon
2303 2870 2624 2942 quarimus,
2669 2886 2866 2942 aquam
2908 2877 3090 2926 autem
3131 2869 3397 2926 habemus
3428 2887 3591 2944 quam

1998 2961 2170 3016 solam
2226 2961 2506 3026 volumus,
2567 2965 2620 3013 et
2673 2974 2780 3030 qua
2826 2957 3068 3014 maxime
3115 2957 3474 3027 delectamur,
3539 2966 3594 3016 et

1997 3049 2273 3121 sapienter
2333 3064 2591 3105 curamus
2635 3047 2809 3103 sitim.
2862 3047 2982 3104 Non
3028 3047 3210 3103 furere
3256 3054 3310 3103 et
3350 3046 3594 3103 insanire

1999 3153 2374 3209 properamus,
2408 3135 2690 3208 magisque
2725 3135 2884 3192 nobis
2914 3143 3168 3203 mortem,
3209 3152 3372 3210 quam
3403 3135 3595 3192 ebrie—

1999 3235 2166 3283 tatem
2219 3243 2526 3298 precamur,
2585 3242 2680 3298 per
2731 3242 2893 3298 quam
2948 3241 3167 3283 necesse
3222 3234 3304 3280 est
3341 3224 3594 3281 homines

1998 3316 2130 3372 totis
2159 3322 2213 3370 et
2236 3313 2560 3387 corporibus
2587 3323 2640 3371 et
2661 3313 2914 3371 sensibus
2945 3313 3191 3370 interire.
3216 3312 3420 3369 Ebrius
3441 3313 3590 3370 enim

1996 3404 2218 3460 videtur
2247 3404 2469 3476 quidem
2510 3404 2718 3471 vivere,
2749 3403 2844 3460 sed
2873 3412 3140 3476 quantum
3167 3402 3236 3458 ad
3266 3403 3594 3474 sapientiam

1998 3497 2256 3569 pertinet,
2280 3503 2531 3552 mortuus
2546 3495 2829 3568 judicatur
2849 3493 3110 3567 ;perdidit
3130 3494 3278 3549 enim
3299 3493 3595 3550 sublimem

1999 3585 2173 3658 ipsam
2205 3601 2369 3658 quam
2409 3584 2628 3641 homini
2675 3585 2827 3642 dedit
2872 3585 3018 3640 Deus
3068 3590 3328 3640 mentem.
3379 3583 3595 3656 Ecquid

1999 3674 2039 3730 ii
2072 3674 2166 3747 qui
2198 3689 2254 3729 se
2286 3689 2512 3745 magnos
2536 3680 2591 3730 et
2620 3673 2890 3745 gloriosos
2912 3679 3126 3744 putant,
3150 3687 3314 3745 quam
3343 3671 3480 3728 falsa
3501 3687 3594 3743 spe

2000 3771 2054 3819 et
2083 3763 2240 3820 vanis
2267 3762 2620 3836 decipiuntur
2653 3761 2951 3830 illecebris,
2983 3761 3078 3835 qui
3110 3761 3339 3817 alternis
3367 3775 3426 3816 se
3453 3760 3598 3816 invi-

2001 3870 2118 3910 cem
2153 3853 2409 3910 manibus
2439 3853 2666 3920 laedunt,
2703 3852 2962 3923 spoliant,
2989 3850 3266 3922 jugulant,
3309 3866 3435 3905 cum
3468 3857 3598 3905 tau-

2000 3940 2124 3996 dem
2168 3947 2221 3994 et
2261 3939 2367 4011 ipsi
2398 3947 2656 4008 mortem,
2706 3956 2826 4012 quae
2864 3939 3169 3994 necessario
3219 3936 3298 3993 eis
3346 3936 3596 4006 debetur,

2001 4027 2372 4100 exspectent?
2419 4026 2564 4095 Quid
2605 4027 2840 4099 denique
2875 4027 2942 4083 de
2973 4025 3088 4082 illis
3114 4025 3272 4090 viris,
3329 4023 3486 4096 quasi
3529 4024 3597 4079 de

2003 4116 2214 4188 magnis
2243 4115 2571 4189 quihusdam
2600 4124 2654 4172 et
2689 4116 2925 4171 aliorum
2953 4113 3356 4187 provisorihus,
3381 4113 3596 4184 loquar,

2003 4206 2096 4280 qui
2130 4220 2278 4261 more
2318 4202 2564 4276 turpium
2606 4203 2936 4260 feminarum
2984 4202 3153 4258 variis
3191 4201 3595 4273 pigmentorum

2003 4295 2267 4352 odoribus
2293 4297 2415 4352 oleo
2446 4293 2690 4351 membra
2720 4293 2925 4367 perfusi
2956 4292 3091 4349 foris
3122 4291 3340 4364 prodire
3371 4304 3598 4346 consue-

2003 4394 2226 4454 verunt,
2278 4385 2420 4442 aeris
2451 4383 2623 4457 ipsius
2652 4383 2947 4457 puritatem
2979 4381 3344 4438 dissolutione
3376 4381 3601 4453 propria

2003 4475 2313 4548 polluentes
2335 4474 2364 4531 ?
2402 4473 2548 4542 Quid
2577 4471 2643 4528 de
2671 4471 2870 4529 Stoicis
2901 4469 3247 4545 philosophis
3276 4469 3475 4526 vestris
3505 4470 3600 4526 lo-

1924 4600 1976 4659 D
2005 4584 2143 4641 quar
2183 4566 2278 4640 qui
2311 4583 2438 4624 cum
2471 4581 2661 4622 omnes
2698 4564 2818 4622 auri
2859 4581 3042 4622 amore
3073 4572 3382 4634 teneantur,
3436 4563 3598 4622 vobis

2005 4666 2188 4712 tamen
2217 4655 2580 4713 admiratione
2609 4655 2695 4712 vel
2727 4655 2888 4711 laude
2918 4654 3072 4726 digni
3101 4652 3406 4711 videntur?
3427 4651 3599 4710 Audi-

2005 4762 2127 4802 mus
2153 4745 2318 4802 etiam
2349 4745 2497 4820 quod
2533 4763 2566 4801 a
2610 4744 2870 4802 masculis
2899 4743 3098 4800 vestris
3139 4751 3349 4818 partem
3397 4758 3601 4816 quam-

2004 4842 2130 4898 dam
2173 4843 2419 4916 corporis
2456 4841 2777 4915 amputatis,
2820 4841 2881 4896 in
2923 4839 3361 4913 muliebremque
3402 4855 3599 4896 sexum

2007 4931 2135 4989 illos
2163 4941 2483 4990 convertere
2504 4931 2747 5004 gestiatis
2775 4949 2787 4987 :
2820 4939 2875 4987 et
2903 4929 3051 5004 quod
3080 4930 3153 4986 sit
3186 4929 3333 5003 apud
3356 4947 3454 4987 vos
3474 4930 3600 4986 talis

2006 5020 2194 5090 homo,
2245 5021 2341 5094 qui
2389 5037 2565 5094 neque
2608 5020 2865 5095 generare
2922 5028 2983 5076 ut
3027 5019 3136 5088 vir,
3185 5034 3360 5090 neque
3413 5032 3599 5089 parere

2005 5110 2176 5183 possit
2204 5119 2265 5168 ut
2297 5109 2515 5178 mulier,
2544 5117 2598 5166 et
2625 5111 2721 5184 qui
2749 5109 2807 5165 in
2839 5126 3001 5166 suum
3029 5115 3248 5164 tantum
3281 5105 3518 5164 dedecus
3546 5113 3599 5162 et

2005 5199 2064 5254 in
2094 5216 2246 5256 suam
2278 5207 2493 5255 tantum
2523 5199 2677 5255 vivat
2707 5197 2990 5270 injuriam.
3014 5197 3148 5264 Quis
3175 5196 3338 5250 talem
3369 5193 3598 5250 humani

2006 5286 2219 5360 generis
2251 5283 2852 5360 praevaricationem,et
2871 5293 2983 5341 tam
3014 5279 3378 5338 miserabilem
3408 5297 3598 5337 casum

2005 5378 2171 5434 etiam
2195 5377 2486 5450 cogitando
2524 5393 2636 5434 non
2665 5377 2898 5434 doleat?
2937 5375 3184 5442 Quorum
3220 5387 3321 5428 nos
3361 5371 3599 5428 misera-

2004 5466 2156 5523 tione
2184 5467 2338 5525 ducti
2365 5467 2525 5524 vobis
2554 5468 2809 5542 prodesse
2843 5472 3110 5539 quantum
3141 5479 3432 5536 possumus
3472 5463 3598 5518 affe-

2004 5566 2253 5616 ctamus:
2283 5559 2413 5633 quia
2439 5570 2495 5617 et
2531 5560 2848 5634 superbiam
2875 5570 3246 5623 exsecramur,
3278 5562 3334 5611 et
3359 5554 3597 5610 univer-

2005 5663 2112 5703 satr
2146 5648 2374 5706 humani
2407 5651 2621 5724 generis
2652 5657 2904 5706 naturam
2928 5643 3216 5716 diligimus
3235 5661 3299 5702 ac
3312 5645 3591 5702 fovemus:

2004 5743 2060 5794 et
2087 5739 2241 5814 quasi
2273 5739 2330 5798 in
2361 5741 2473 5798 alto
2494 5739 2801 5814 magnifica
2828 5735 3116 5812 cujusdam
3137 5735 3334 5794 domus
3349 5735 3597 5797 sedentes
