4068 6186
542 332 678 399 1183

1571 344 1665 397 AD
1710 341 1941 398 OPERA
1983 341 2038 397 S.
2068 339 2399 398 AMBROSII
2436 337 2814 395 APPENDIX.

3704 332 3845 389 1184

537 470 680 538 loco,
730 469 864 525 nudi
914 476 1025 525 tam
1064 474 1245 524 mente
1275 484 1438 541 quam
1468 484 1714 540 corpore,
1769 486 2126 542 quoscunque
2163 472 2212 530 Α
2242 470 2536 542 dignitates
2571 487 2583 525 :
2615 484 2739 524 nam
2783 466 2945 523 aliter
2987 480 3099 521 non
3130 462 3448 535 suscipieris
3474 480 3507 518 a
3558 463 3741 520 nobis.
3776 466 3846 522 Et

537 569 867 633 spectatores
895 557 1152 613 novimus
1180 557 1456 626 veritatis,
1503 566 1555 612 et
1587 557 1868 615 docemus.
1926 561 1996 615 Et
2027 558 2132 616 hoc

537 657 619 705 est
647 650 705 704 in
736 664 843 720 quo
876 647 1088 703 caeteris
1118 646 1443 703 hominibus
1468 648 1699 703 ditiores
1737 665 1837 703 nos
1874 665 1989 704 esse
2021 665 2132 720 pu—

536 746 736 796 tamus.
776 736 1097 792 Macedonia
1123 736 1238 791 v'im
1271 736 1531 792 omnibus
1562 736 1713 803 facit,
1755 754 1917 809 quam
1947 745 2131 794 tamen

537 827 688 899 prius
718 825 785 882 ab
820 826 947 881 aliis
987 827 1104 898 ipsa
1131 827 1414 883 sustinuit.
1439 827 1641 882 Omnes
1668 835 1844 882 autern
1890 826 1956 880 ad
1987 827 2130 882 dete-

537 916 683 971 riora
712 916 984 984 conversi,
1041 925 1226 988 turpes
1261 917 1453 972 famuli
1480 916 1823 988 judicantur.
1871 916 1975 971 Sed
2022 917 2132 971 ho-

534 1022 658 1060 rum
684 1006 933 1060 omnium
961 1007 1229 1062 malorum
1264 1023 1384 1078 quae
1410 1007 1780 1074 nominamus,
1804 1007 2129 1062 Brachmani

535 1094 798 1150 videntur
841 1104 1114 1169 expertes.
1165 1098 1211 1152 A
1269 1097 1424 1152 nullo
1467 1098 1613 1152 enim
1658 1096 1921 1152 debellari
1967 1106 2129 1170 atque

511 1186 842 1257 ‘expugnari
862 1188 1225 1259 queunt,quia
1237 1186 1445 1242 nullius
1460 1187 1535 1242 rei
1554 1186 1826 1242 desiderio
1844 1187 1929 1241 vel
1946 1204 2130 1242 amore

538 1283 814 1332 tenentur.
872 1277 951 1331 Tu
981 1293 1113 1331 vero
1154 1276 1198 1331 si
1249 1294 1376 1333 vera
1423 1278 1507 1332 vis
1559 1294 1767 1350 sapere,
1819 1278 1886 1333 ad
1916 1277 2129 1333 Indiam

538 1366 688 1432 veni,
734 1365 926 1422 habita
977 1367 1035 1422 in
1083 1367 1477 1424 solitudinibus
1527 1370 1728 1437 nudus,
1778 1386 1967 1425 omnes
1997 1386 2129 1440 quas

539 1454 750 1527 diligis,
834 1467 888 1513 et
968 1458 1167 1531 quibus
1244 1461 1428 1515 ornari
1512 1461 1737 1530 videris,
1834 1460 2129 1532 projieiens

1731 1606 2062 1617 —_—.——-

2238 569 2371 617 tunc
2400 559 2609 616 amabis
2674 576 2757 626 ea,
2809 572 3149 629 quascunque
3205 556 3372 627 paulo
3441 562 3568 610 ante
3627 556 3844 626 vidisti,

2240 669 2467 724 quaeque
2512 651 2739 705 miratus
2794 665 2887 703 es:
2955 664 3133 719 neque
3178 648 3326 701 ullus
3388 655 3580 702 contra
3612 654 3662 701 te
3693 647 3845 702 ulte-

2242 744 2356 797 rius
2384 741 2694 808 dimicabit,
2726 749 2820 796 aut
2851 738 3153 810 quidquam
3195 744 3417 792 tuorum
3483 736 3584 791 tibi
3631 738 3845 793 auferre

2241 832 2365 904 quis
2398 832 2635 903 poterit;
2672 846 2846 902 neque
2879 830 3056 884 aliena
3085 828 3401 895 collatione,
3473 843 3650 898 neque
3698 828 3843 882 alio-

2242 940 2360 977 rum
2396 921 2598 978 sudore
2632 918 2905 992 pasceris;
2942 920 3050 973 eris
3082 917 3228 973 enim
3286 918 3344 972 in
3374 916 3637 972 omnibus
3665 916 3837 972 dives.

2238 1013 2309 1069 Et
2367 1014 2628 1086 quoniam
2682 1012 2993 1068 desiderare
3047 1019 3100 1067 te
3157 1010 3375 1079 scribis,
3435 1018 3497 1065 ut
3555 1011 3615 1065 in
3658 1011 3841 1083 aliquo

2240 1103 2341 1159 tibi
2391 1103 2637 1174 prosim:
2693 1118 2801 1156 non
2850 1100 3165 1155 invidemus
3211 1100 3325 1155 illis
3373 1101 3468 1174 qui
3514 1117 3647 1156 vere
3692 1102 3839 1173 pium

2239 1193 2530 1249 imitantur
2562 1194 2757 1247 Deum.
2810 1189 3134 1246 Universam
3178 1190 3325 1246 enim
3373 1190 3679 1246 humanam
3710 1190 3841 1246 ubi-

2239 1302 2343 1357 que
2365 1292 2615 1339 naturam
2645 1284 2924 1351 volumus,
2958 1291 3223 1355 quantum
3257 1299 3351 1355 per
3372 1299 3471 1338 nos
3500 1281 3622 1337 ﬁeri
3646 1291 3838 1355 potest,

2239 1374 2524 1430 meliorem
2556 1374 2809 1431 e’mdere.

2955 1463 3180 1535 (Aliqua
3209 1463 3375 1518 deesse
3403 1463 3699 1535 videntur.)

805 1746 1997 1833 PHILOSOPHORUM
2091 1744 2691 1844 ALIQUOT
2788 1745 3557 1851 EPISTOLZE,

1350 1904 1641 1975 QUORUM
1681 1905 2015 1964 HABETUR
2051 1904 2438 1962 INTERPRES
2477 1904 2531 1961 S.
2576 1904 2989 1973 AMBROSIUS,

572 2027 832 2093 Gilberti
868 2030 1495 2112 CognatiNozereni
1536 2048 1732 2113 opera
1775 2031 1849 2091 in
1890 2031 2331 2173 styglipsorunlzl.
2374 2048 2591 2172 utsum,
2630 2030 2782 2109 jam
2825 2031 2984 2094 olim
3030 2050 3184 2096 cum
3225 2033 3382 2097 aliis
3422 2032 3801 2098 multorum

1861 2129 1992 2173 ems
2022 2129 2056 2172 ο
2088 2130 2163 2173 ιε.
2206 2129 2275 2173 co
2332 2129 2396 2173 cc
2421 2128 2497 2173 an

1861 2128 2163 2192 epistous,
2206 2128 2497 2175 couccm’.

1062 2390 1250 2445 Thales
1287 2389 1592 2460 Pherecydi.

523 2527 527 2531 ι
597 2494 781 2551 Audio
814 2504 866 2551 te
894 2496 1132 2568 primum
1168 2498 1386 2564 Ionum,
1417 2495 1485 2551 de
1512 2496 1721 2552 divinis
1752 2496 1934 2564 rebus,
1978 2497 2122 2568 apud

526 2584 747 2641 Graecos
796 2585 974 2655 palam
1029 2583 1295 2640 disserere
1350 2600 1559 2655 parare.
1628 2585 1835 2640 Verum
1887 2584 2123 2656 jusliore

530 2678 759 2734 fortasse
804 2678 1101 2747 sententia,
1150 2679 1294 2733 inter
1320 2680 1524 2735 amicos
1565 2695 1627 2734 ea
1661 2696 1780 2752 quae
1812 2679 2120 2752 scripseris,

527 2768 688 2840 leges,
734 2784 895 2842 quam
930 2768 1128 2839 passim
1162 2768 1582 2840 quibuscunque
1610 2769 1917 2840 permittes,
1966 2769 2122 2823 nullo

524 2856 637 2913 illis
671 2858 1046 2914 emolumento
1085 2858 1292 2913 futura.
1346 2858 1616 2930 Equidem
1671 2858 1715 2913 si
1756 2857 1856 2913 tibi
1905 2866 2118 2930 gratum

523 2965 852 3020 cognovero,
900 2948 1028 3003 volo
1061 2948 1317 3004 conscius
1355 2964 1544 3003 eorum
1589 2964 1709 3020 quze
1750 2948 1945 3004 scribis
1981 2965 2114 3003 esse.

522 3039 603 3092 Ac
632 3036 903 3108 siquidem
929 3034 1115 3107 jubes,
1149 3035 1215 3092 ad
1248 3044 1299 3091 te
1328 3045 1542 3091 mature
1572 3036 1906 3108 proﬁciscar.
1937 3039 2119 3111 Neque

523 3126 672 3181 enim
713 3126 847 3181 adeo
877 3114 1121 3181 amentes
1158 3141 1222 3182 ac
1251 3125 1440 3182 stolidi
1473 3143 1684 3195 sumus,
1731 3144 1829 3198 ego
1869 3137 1920 3183 et
1950 3128 2116 3183 Solon

524 3215 899 3283 Atheniensis,
948 3224 1010 3271 ut
1066 3232 1192 3271 cum
1251 3215 1473 3287 navigio
1530 3218 1744 3274 Cretam
1793 3218 2117 3290 petierimus

521 3304 737 3360 visendi
769 3306 961 3377 gratia,
980 3305 1391 3377 Egyptumque
1409 3306 1599 3361 itidem
1624 3308 2115 3378 penetraverimus,

516 3402 578 3449 ut
611 3394 735 3451 istic
762 3395 1137 3451 sacerdotibus
1178 3403 1230 3451 et
1275 3396 1607 3451 astronornis
1637 3397 2115 3468 congrederemur,

514 3483 581 3539 ad
636 3493 688 3539 te
746 3500 856 3539 non
912 3484 1031 3556 pari
1074 3484 1260 3541 studio
1309 3485 1621 3557 navigaturi
1675 3485 1865 3543 simus.
1916 3488 2117 3543 Veniet

514 3569 663 3626 enim
692 3579 748 3626 et
776 3573 943 3627 Solon
975 3572 1109 3643 ipse,
1162 3574 1207 3627 si
1240 3589 1471 3647 annuas.
1517 3575 1701 3646 Neque
1731 3582 1791 3629 tu
1823 3576 1928 3631 loci
1962 3576 2115 3632 illius

515 3678 701 3716 amore
729 3662 1004 3729 detentus,
1024 3678 1145 3715 raro
1182 3663 1238 3716 in
1272 3664 1481 3719 Ioniam
1514 3665 1735 3734 transis,
1760 3682 1935 3737 neque
1963 3683 2113 3738 pere-

2149 2389 2195 2448 B
2228 2388 2353 2445 dem
2384 2390 2583 2446 melius
2622 2399 2931 2461 servantur,
2965 2408 3128 2465 quam
3180 2403 3420 2466 possent,
3471 2396 3521 2452 si
3569 2398 3839 2454 multitu-

2231 2481 2382 2537 dinis
2415 2482 2648 2553 imperio
2679 2499 2766 2539 res
2803 2492 3073 2555 ageretur.
3119 2487 3384 2543 Permitto
3434 2488 3584 2544 enim
3626 2492 3838 2547 nemini

2231 2571 2493 2643 injuriam
2534 2573 2653 2628 ﬁeri
2691 2592 2702 2630 :
2744 2590 2807 2631 ac
2835 2582 3105 2646 tyrannus
3135 2594 3233 2649 ego
3279 2586 3476 2650 preter
3503 2579 3840 2650 dignitatem

2231 2670 2284 2718 et
2314 2662 2578 2718 honorem
2612 2664 2753 2719 nihil
2784 2681 2814 2719 a
2842 2665 2999 2735 plebe
3026 2665 3242 2734 differo,
3273 2668 3407 2724 solis
3433 2669 3515 2724 eis
3541 2670 3841 2741 stipendiis

2230 2759 2544 2819 contentus,
2575 2769 2695 2825 quae
2720 2753 2786 2808 iis
2815 2771 3055 2826 quoque,
3088 2757 3183 2828 qui
3219 2765 3346 2812 ante
3382 2775 3468 2813 me
3509 2768 3840 2831 regnarunt,

2229 2842 2595 2899 debebantur.
2631 2844 2878 2915 Denique
2906 2846 3333 2902 Atheniensium
3359 2848 3565 2920 singuli
3590 2848 3845 2905 decimas

2232 2933 2450 3004 frugum
2509 2950 2732 2988 suarum
2790 2944 3061 3005 separant,
3131 2954 3241 2993 non
3303 2939 3359 2993 in
3428 2956 3561 2995 usus
3618 2950 3843 2997 nostros

2229 3023 2651 3090 consumendus,
2685 3038 2877 3079 verum
2910 3025 3199 3081 sacriﬁciis
3232 3027 3470 3098 publicis
3499 3030 3843 3087 commodis.

2229 3130 2332 3185 que
2362 3114 2751 3169 communibus
2780 3133 2791 3171 :
2823 3122 2878 3170 et
2917 3115 2963 3170 si
2993 3117 3213 3188 quando
3253 3119 3458 3174 bellum
3504 3129 3702 3177 contra
3740 3139 3841 3178 nos

2229 3210 2520 3279 ingruerit,
2573 3210 2633 3264 in
2676 3219 2929 3281 sumptus
2965 3211 3326 3283 deputandas.
3386 3213 3509 3269 Tibi
3568 3216 3839 3286 equidem

2226 3299 2367 3354 nihil
2397 3316 2713 3367 succenseo,
2748 3301 2893 3373 quod
2932 3310 3169 3357 mentem
3200 3319 3373 3357 meam
3419 3304 3840 3379 consiliumque

2226 3390 2537 3446 detexeris:
2588 3390 2787 3462 quippe
2843 3390 2939 3462 qui
2978 3391 3029 3445 id
3066 3392 3251 3463 potius
3289 3392 3613 3464 reipublicae
3648 3396 3840 3452 studio

2224 3480 2490 3548 civitatis,
2548 3496 2713 3553 quam
2772 3480 2876 3535 mei
2909 3480 3037 3535 odio
3095 3481 3410 3537 detexeris:
3473 3500 3536 3539 ac
3567 3493 3840 3555 praeterea

2223 3570 2371 3642 quod
2402 3571 2681 3641 ignorares
2709 3569 3019 3641 cujusmodi
3052 3588 3152 3642 ego
3201 3589 3299 3627 rex
3356 3572 3582 3628 futurus
3631 3591 3837 3632 essem.

2224 3657 2284 3713 Id
2324 3658 2470 3713 enim
2502 3659 2547 3712 si
2578 3659 2892 3727 didicisses,
2927 3676 3085 3730 azquo
3117 3661 3304 3715 animo
3335 3671 3387 3717 et
3413 3671 3651 3718 conatus
3679 3680 3838 3720 meos

517 3748 799 3819 grinorum
828 3750 1119 3806 hominum
1152 3751 1427 3809 desiderio
1455 3756 1712 3826 tangeris.
1762 3755 1967 3811 Verum
2014 3759 2112 3813 uni

2225 3748 2367 3803 forte
2398 3748 2705 3815 tolerasses,
2734 3758 2788 3804 et
2818 3756 2872 3804 te
2896 3750 3036 3819 fugas
3060 3749 3486 3822 haudquaquam
3518 3754 3834 3809 commisis-

518 3845 755 3907 tantum,
805 3849 867 3896 ut
892 3857 1071 3912 spero,
1129 3841 1405 3898 scribendi
1437 3845 1656 3915 negotio
1686 3845 1979 3901 incumbis.
2039 3848 2111 3903 At

514 3946 634 3998 nos,
672 3930 766 4002 qui
796 3930 938 3985 nihil
970 3931 1285 4000 scribimus,
1333 3931 1619 4001 Graaciam,
1652 3934 1948 4009 Asiamque
1978 3953 2110 4008 per—

514 4036 788 4092 agramus.
823 4021 979 4079 Vale.

1086 4121 1276 4179 Thales
1326 4123 1528 4180 Soloni.

582 4216 817 4275 Athenis
873 4217 920 4274 si
983 4219 1238 4289 excedas,
1294 4221 1492 4292 Mileti,
1550 4230 1612 4279 ut
1657 4223 1913 4298 equidem
1961 4242 2105 4297 reor,

509 4311 956 4368 commodissime
1012 4312 1258 4371 habitare
1307 4316 1529 4387 poteris.
1589 4319 1688 4373 Est
1731 4318 1875 4374 enim
1928 4330 2109 4378 vestra

508 4399 747 4466 colonia,
795 4401 1128 4476 patiarisque
1161 4421 1324 4476 grave
1354 4405 1516 4461 nihil.
1568 4407 1727 4475 Quod
1768 4408 1814 4465 si
1866 4419 1919 4466 et
1964 4413 2107 4484 apud

508 4486 749 4545 Milesios
777 4493 1077 4548 exsecraris
1111 4495 1494 4567 tyrannidem,
1535 4514 1689 4570 mque
1720 4498 1867 4555 enim
1900 4502 2106 4576 ubique

506 4584 774 4649 tyrannos
822 4580 1052 4639 infestos
1082 4583 1270 4652 habes,
1326 4594 1381 4641 at
1426 4604 1549 4642 cum
1581 4588 1775 4645 amicis
1814 4590 2103 4648 nobiscum

509 4668 696 4725 vivere
740 4670 846 4725 erit
868 4670 1357 4747 jucundissimum.
1412 4677 1645 4750 Scripsit
1676 4679 1745 4736 ad
1774 4688 1826 4735 te
1855 4682 1998 4751 Bias,
2045 4691 2107 4738 ut

506 4756 761 4813 Prienam
794 4760 1193 4831 proﬁciscaris:
1244 4780 1363 4820 eam
1404 4773 1465 4823 tu
1499 4766 1690 4823 urbem
1740 4768 1784 4823 si
1838 4769 2104 4829 libentius

506 4847 931 4921 inhabitaveris,
960 4861 1014 4909 et
1046 4854 1151 4926 ipsi
1182 4871 1246 4913 eo
1277 4855 1346 4911 ad
1379 4864 1429 4913 te
1456 4857 1866 4918 advolabimus.

1016 4948 1336 5021 Pisistratus
1377 4966 1582 5022 Soloni.

571 5066 761 5173 ltitique
787 5070 940 5173 solus
952 5069 1273 5129 Graecorum
1296 5073 1658 5145 tyrannidem
1681 5076 2101 5151 arripui,neque
2132 5115 2179 5173 Β

504 5156 647 5213 mihi
690 5174 805 5215 rem
850 5152 1090 5217 alienam
1136 5164 1423 5234 usurpavi,
1471 5166 1672 5238 quippe
1709 5182 1880 5237 genus
1924 5184 1963 5223 a~
2003 5168 2097 5225 Ce-

508 5262 673 5319 crope
702 5247 864 5304 duco.
894 5250 959 5305 Id
986 5250 1137 5306 enim
1167 5253 1307 5308 mihi
1338 5271 1490 5310 mero
1512 5253 1635 5327 jure
1665 5256 1912 5325 vindico,
1949 5258 2095 5330 quod

504 5337 871 5397 Athenienses
915 5342 1051 5397 olim
1098 5359 1225 5399 cum
1271 5344 1327 5400 in
1376 5345 1736 5418 jurejurando
1789 5349 2098 5407 ﬁrmassent

507 5431 713 5502 Codro,
798 5436 1062 5509 illiusque
1122 5439 1269 5508 genti
1324 5442 1671 5513 praebituros,
1744 5444 2094 5517 postmodum

503 5520 865 5581 abstulerant.
892 5526 1161 5584 Caeterum
1191 5530 1249 5585 in
1281 5530 1432 5599 deos,
1462 5532 1548 5586 vel
1582 5532 1640 5587 in
1672 5532 1924 5590 homines
1953 5532 2096 5590 nihil

505 5614 642 5669 alias
670 5630 852 5686 pecco.
878 5618 1073 5689 Leges,
1095 5634 1230 5690 quas
1256 5619 1372 5693 ipse
1404 5620 1841 5677 Atheniensibus
1872 5623 2094 5690 dedisti,

502 5705 734 5774 servari,
792 5714 955 5782 atque
982 5711 1282 5771 secundum
1311 5730 1401 5771 eas
1432 5714 1617 5770 vivere
1643 5711 1811 5784 jubeo
1846 5722 1937 5771 :et
1962 5716 2097 5789 qui—

2218 3854 2323 3892 ses.
2355 3838 2589 3892 Domum
2626 3838 2796 3909 igitur
2823 3838 2968 3893 bona
2996 3839 3105 3894 ﬁde
3135 3839 3277 3908 redi,
3325 3839 3465 3896 mihi
3497 3849 3553 3896 et
3586 3842 3833 3914 injnrato

2218 3927 2466 3995 credens,
2525 3927 2665 3983 nihil
2721 3944 2835 3984 esse
2887 3930 3121 4001 periculi
3170 3948 3202 3984 a
3261 3931 3552 3987 Pisistrato
3611 3932 3831 3990 Soloni.

2216 4016 2374 4072 Nosti
2408 4017 2556 4072 enim
2588 4016 2864 4072 neminem
2897 4017 3061 4074 etiam
3084 4036 3153 4074 ex
3182 4019 3539 4076 inimicorum
3562 4039 3829 4091 numero,

2216 4106 2348 4160 mali
2385 4106 2667 4179 quippiam
2701 4123 2731 4162 a
2753 4124 2839 4163 me
2875 4125 3212 4181 perpessum.
3246 4109 3496 4183 Denique
3527 4112 3574 4167 si
3606 4114 3837 4184 placue-

2218 4195 2293 4249 rit
2324 4202 2508 4250 nostra
2536 4195 2781 4251 amicitia
2810 4196 2944 4264 frui,
3003 4196 3148 4252 inter
3186 4199 3408 4270 primos
3455 4200 3568 4255 eris
3610 4218 3623 4255 :
3676 4202 3835 4258 nihil

2217 4284 2365 4339 enim
2401 4285 2459 4340 in
2499 4293 2551 4340 te
2582 4284 2812 4352 fraudis,
2860 4285 3175 4357 perﬁdireve
3220 4288 3527 4360 conspicio.
3578 4290 3751 4356 Quod
3788 4293 3837 4349 si

2218 4373 2423 4446 alioqui
2457 4373 2706 4429 habitare
2752 4374 2988 4430 Athenis
3036 4376 3301 4446 nolueris,
3336 4394 3435 4449 pro
3460 4377 3702 4436 arbitrio
3737 4389 3837 4438 tuo

2219 4463 2274 4517 id
2305 4464 2471 4519 facies
2496 4482 2507 4520 :
2542 4471 2756 4520 tantum
2788 4482 2856 4521 ne
2885 4466 3061 4523 nostri
3091 4483 3275 4533 causa,
3306 4470 3486 4539 patria
3514 4471 3833 4531 excederis.

2218 4553 2372 4607 Vale.

2751 4635 2913 4690 Solon
2956 4636 3275 4692 Periandro.

2287 4720 2493 4778 Scribis
2541 4722 2645 4778 tibi
2676 4723 2943 4792 plurimos
2973 4723 3227 4781 insidiari
3260 4744 3273 4791 ;
3308 4732 3363 4781 at
3395 4734 3479 4795 tu,
3536 4729 3832 4803 siquidem

2215 4827 2406 4867 omnes
2453 4828 2482 4867 θ
2534 4812 2718 4867 medio
2771 4813 2985 4881 tuleris,
3052 4830 3119 4868 ne
3173 4815 3254 4870 sic
3280 4816 3505 4888 quidem
3538 4820 3828 4889 proﬁcies.

2214 4900 2570 4957 Insidiabitur
2589 4900 2737 4957 enim
2761 4901 2866 4957 tibi
2887 4902 3160 4974 quispiam
3192 4920 3261 4959 ex
3278 4904 3384 4971 his,
3413 4922 3555 4978 quos
3588 4910 3830 4966 minime

2214 4997 2491 5061 suspectos
2514 4989 2700 5058 habes,
2738 4990 2937 5061 partim
2968 4991 3073 5047 sibi
3115 4991 3337 5063 quidem
3370 5004 3653 5064 metuens,
3681 5015 3826 5070 par-

2212 5080 2312 5136 tim
2348 5090 2401 5137 te
2430 5079 2855 5153 reprehendens,
2899 5082 3049 5153 quod
3086 5084 3274 5139 omnia
3300 5084 3588 5155 formidas,
3627 5090 3822 5146 nihil—

2207 5186 2312 5244 que
2340 5187 2451 5227 non
2483 5178 2695 5227 metuas
2730 5190 2740 5227 :
2781 5172 2980 5243 partim
3042 5174 3175 5229 item
3227 5175 3444 5231 civitati
3504 5179 3823 5249 gratiﬁcari

2205 5263 2450 5334 cupiens.
2485 5265 2643 5319 Esset
2677 5280 2804 5336 ergo
2833 5265 3108 5336 optimum
3163 5265 3442 5324 abstinere
3487 5273 3821 5342 tyrannide,

2206 5360 2267 5408 ut
2295 5369 2485 5409 causas
2511 5353 2693 5409 omnis
2723 5361 2901 5410 metus
2926 5354 3202 5411 evaderes.
3234 5356 3393 5422 Quod
3437 5359 3483 5413 si
3519 5362 3821 5432 tyrannidi

2206 5444 2431 5499 omnino
2458 5444 2824 5500 insistendum
2855 5461 3063 5513 censes,
3095 5464 3376 5518 compares
3429 5450 3553 5518 tibi,
3592 5468 3824 5509 necesse

2206 5542 2305 5601 est,
2343 5541 2595 5589 externas
2634 5535 2779 5590 vires
2832 5545 2887 5591 et
2944 5536 3233 5609 peregrina
3281 5540 3515 5605 auxilia,
3578 5541 3824 5598 urbanis

2205 5624 2421 5680 viribus
2456 5622 2685 5695 majora,
2714 5633 2774 5681 ut
2814 5624 2929 5697 jam
2960 5628 3062 5684 tibi
3095 5629 3282 5684 nullus
3336 5629 3576 5689 infestus
3623 5633 3729 5702 sit,
3764 5642 3823 5691 et

2208 5722 2268 5773 tu
2296 5714 2575 5774 neminem
2605 5725 2882 5774 extorrem
2914 5733 3060 5790 agas.
3094 5719 3247 5777 Vale.
