4068 6186
226 346 358 407 1183

769 470 931 526 Solon
963 468 1288 540 Epimenidi.

287 569 473 640 Neque
515 565 662 637 leges
700 579 835 619 meae
884 562 1132 634 profecto
1161 561 1593 618 Atheniensibus
1623 561 1825 634 profu—

225 667 358 714 turae
390 656 632 712 multum
662 659 818 708 erant
843 669 854 706 :
889 668 1062 725 neque
1089 659 1150 707 tu
1177 652 1257 708 eis
1283 651 1584 723 antiquatis
1609 651 1822 708 civitati

220 747 372 804 fuisti
418 747 814 802 emolumento.
869 743 1014 798 Deus
1056 742 1226 810 enim,
1283 758 1346 798 ac
1393 742 1592 798 latores
1641 742 1821 815 legum

219 841 326 896 non
351 839 457 894 soli
479 837 676 910 juvare
704 833 958 891 civitates
990 843 1238 906 possunt,
1263 833 1356 888 sed
1385 833 1479 906 qui
1513 833 1822 889 multitudi-

217 944 339 984 nem
369 934 560 998 agunt,
595 925 651 980 in
697 937 1081 996 quamcunque
1113 922 1445 978 sententiam
1477 923 1694 978 volunt.
1727 923 1824 979 His

217 1015 385 1084 enim,
414 1016 461 1071 si
491 1023 636 1070 recte
661 1029 777 1068 rem
809 1010 1220 1075 administrent,
1254 1013 1402 1066 Deus
1433 1027 1494 1066 ac
1531 1009 1674 1082 leges
1699 1011 1822 1065 uti-

217 1105 292 1160 les
339 1111 514 1159 sunt:
571 1101 656 1157 sin
703 1109 902 1156 autem
937 1100 1096 1168 male,
1146 1100 1290 1154 nihil
1337 1108 1586 1170 prosunt.
1638 1100 1822 1173 Neque

216 1211 356 1251 sane
409 1209 542 1249 meai
585 1193 730 1265 leges
775 1209 838 1247 ac
879 1189 1024 1262 jura,
1077 1207 1196 1262 qua:
1251 1189 1466 1260 scripsi,
1518 1189 1820 1264 quidquam

215 1284 543 1358 profuerunt
575 1301 588 1338 :
637 1282 731 1338 sed
767 1281 861 1354 qui
898 1281 1023 1336 illas
1072 1280 1394 1352 transgressi
1444 1287 1594 1347 sunt,
1627 1295 1822 1352 magna

219 1375 539 1448 reipublicae
589 1375 850 1430 invexere
900 1371 1249 1462 detrimenta,
1291 1371 1385 1444 qui
1411 1371 1718 1437 Pisistrato,
1752 1385 1820 1425 ne

223 1464 575 1539 tyrannidem
615 1462 921 1530 invaderet,
945 1460 1064 1517 non
1093 1461 1445 1539 obstiterunt.
1476 1460 1661 1533 Neque
1691 1476 1820 1515 vero

215 1537 402 1612 futura
431 1552 751 1626 praedicenti
781 1551 921 1606 mihi
951 1549 1088 1606 ﬁdes
1117 1537 1440 1606 habebatur.
1477 1550 1575 1605 Ille
1604 1548 1821 1604 ﬁdelior

215 1641 641 1698 existimabatur
684 1637 1120 1694 Atheniensibus
1165 1637 1474 1704 blandiens,
1524 1652 1686 1709 quam
1721 1653 1820 1708 ego

217 1753 345 1794 vera
397 1737 753 1809 proloquens.
816 1732 1018 1788 Positis
1070 1731 1240 1802 igitur
1293 1732 1461 1787 armis
1501 1747 1600 1802 pro
1643 1732 1817 1800 curia,

1368 339 1956 402 PHILOSOPHORUM
1992 339 2378 400 EPISTOLJE.

1855 476 1905 534 Α
1940 467 2170 524 Veniam
2201 476 2382 524 tamen
2422 466 2490 524 ad
2534 475 2602 536 te,
2636 473 2698 523 ut
2725 473 2821 522 tuo
2869 467 2957 524 vel
2987 467 3232 540 hospitio
3265 471 3533 543 tantisper

3400 342 3536 404 1186

1934 561 2107 618 fruar.

2489 669 2640 726 Chilo
2672 669 2992 751 Periandro.

2003 766 2168 822 Jubes
2191 767 2273 822 uti
2307 767 2506 822 militia
2539 785 2749 834 vacem,
2773 766 3118 839 extorrisque
3149 781 3304 838 agam
3329 784 3340 821 :
3373 767 3529 840 quasi

1933 865 1992 911 tu
2018 857 2073 912 in
2100 865 2222 913 tuto
2255 857 2474 914 futurus
2503 860 2596 914 sis.
2629 859 2798 931 Atqui
2834 876 2932 932 ego
2963 859 3274 914 monarchaa
3304 875 3405 915 nec
3433 877 3532 915 sua

1935 955 2050 1002 tuta
2078 963 2193 1002 esse
2239 955 2370 1020 puto
2403 965 2414 1002 :
2448 949 2773 1020 felicemque
2821 966 2944 1004 eum
2977 958 3275 1021 tyrannum
3307 965 3524 1017 censeo,

1930 1037 2021 1092 cui
2051 1036 2109 1091 in
2159 1053 2256 1093 sua
2299 1036 2462 1092 domo
2493 1036 2696 1110 absque
2744 1037 3008 1110 sanguine
3038 1041 3330 1112 contigerit
3364 1039 3528 1094 mori.

2497 1157 2734 1212 Pittacus
2767 1157 2965 1212 Crwso.

1999 1255 2164 1311 Iubes
2193 1272 2279 1310 me
2310 1257 2369 1312 in
2388 1255 2620 1328 Lydiam
2651 1255 2862 1324 venire,
2895 1262 3199 1326 spectatum
3229 1271 3356 1327 opes
3390 1263 3530 1312 tuas.

1930 1349 2045 1420 Ego
2073 1349 2174 1404 etsi
2203 1349 2324 1404 illas
2373 1349 2605 1406 minime
2627 1349 2836 1421 aspexi,
2869 1348 3012 1404 nihil
3044 1349 3263 1422 ambigo
3291 1351 3536 1422 Alyattis

1929 1436 2130 1502 ﬁlium,
2184 1454 2372 1508 regum
2427 1439 2676 1494 omnium
2723 1453 2837 1493 esse
2883 1437 3386 1509 opulentissimum,
3417 1455 3536 1511 _au-

1932 1549 2100 1606 roque
2152 1535 2596 1592 refertissimum.
2665 1535 2851 1608 Neque
2908 1551 3038 1591 vero
3088 1535 3329 1608 amplius
3377 1536 3536 1608 quid-

1931 1642 2092 1698 quam
2146 1625 2393 1682 habituri
2442 1643 2652 1694 sumus,
2703 1627 2750 1682 si
2800 1626 3018 1683 Sardeis
3079 1625 3147 1683 ad
3197 1635 3248 1681 te
3301 1643 3534 1684 accesse-

1929 1724 2136 1806 rimus.
2177 1725 2330 1781 Auro
2377 1727 2524 1780 enim
2570 1725 2673 1796 ipsi
2730 1741 2841 1781 non
2895 1725 3227 1796 indigemus,
3286 1725 3532 1782 contenti

217 1825 301 1882 his
367 1825 592 1900 quidem
650 1824 745 1896 qui
801 1822 1149 1878 Pisistratum
1209 1819 1404 1892 gestire
1465 1821 1818 1892 tyrannidem
1848 1838 1894 1897 Β
1931 1824 2147 1880 modico
2193 1823 2323 1880 vitae
2369 1823 2666 1896 stipendio,
2697 1833 2962 1896 quantum
3005 1825 3137 1880 satis
3185 1823 3257 1880 sit
3288 1825 3448 1889 mihi,
3477 1832 3530 1879 et

217 1935 330 1974 non
378 1915 842 1984 animadvertunt,
899 1913 1335 1986 sapientiorem:
1393 1911 1473 1968 eis
1527 1928 1660 1967 vero
1721 1912 1818 1984 qui

215 2007 525 2064 libertatem
595 2004 910 2076 reipublicae
981 2017 1220 2058 asserere
1292 2009 1621 2068 metuerent,
1693 2001 1820 2056 for—

215 2097 414 2154 tiorem
467 2111 555 2150 me
615 2111 730 2150 esse
787 2093 948 2161 dixi;
982 2101 1038 2149 at
1089 2092 1175 2146 illi
1227 2090 1448 2146 Solonis
1481 2090 1819 2162 interpreta-

214 2187 420 2244 bantur
467 2184 758 2242 insaniam.
793 2185 1036 2240 Tandem
1087 2183 1164 2238 i'a
1193 2183 1424 2255 patriam
1459 2189 1815 2249 contestatus,

216 2277 423 2336 excessi
458 2293 470 2332 :
505 2279 549 2334 0
580 2275 776 2348 patria,
825 2275 917 2331 hic
948 2274 1170 2347 quidem
1201 2275 1370 2330 Solon
1399 2273 1492 2329 ille
1519 2273 1624 2330 tibi
1659 2288 1817 2344 opem

214 2367 373 2434 ferre,
425 2375 479 2422 et
523 2365 672 2421 facto
721 2372 778 2420 et
805 2363 977 2432 dicto,
1028 2373 1316 2436 promptus
1359 2371 1412 2418 et
1461 2371 1682 2434 paratus
1713 2369 1816 2431 est,

214 2465 472 2514 caeterum
501 2455 655 2510 hisce
681 2461 736 2509 et
763 2453 1003 2509 insanire
1025 2452 1238 2510 videor.
1261 2454 1471 2525 Itaque,
1503 2462 1555 2508 te
1585 2452 1813 2524 deserta,

215 2545 552 2618 proﬁciscor,
609 2544 760 2600 solus
787 2558 860 2598 ex
903 2542 1164 2599 omnibus
1204 2542 1476 2598 Pisistrati
1507 2540 1768 2597 inimicus
1801 2557 1812 2594 :

217 2635 309 2692 isti
328 2651 461 2691 vero
481 2643 536 2691 et
555 2635 737 2689 favere
762 2641 822 2689 et
843 2633 1070 2706 obsequi
1098 2633 1276 2706 parati
1303 2641 1452 2688 sunt.
1483 2631 1637 2688 Nosti
1669 2630 1815 2686 enim

218 2727 499 2785 hominem
531 2725 726 2794 amice,
759 2734 964 2798 quanto
993 2724 1090 2781 ille
1117 2730 1401 2796 astu,quo
1431 2723 1674 2794 ingenio,
1711 2738 1818 2794 qua

214 2823 330 2872 arte
380 2815 734 2888 tyrannidem
765 2814 1049 2871 invaserit.
1086 2815 1225 2870 Nam
1263 2813 1431 2884 cmpit
1460 2811 1660 2868 blande
1687 2812 1818 2884 ple—

214 2905 341 2962 bem
388 2906 616 2974 illicere,
665 2904 864 2960 deinde
911 2903 1018 2960 sibi
1068 2903 1234 2959 etiam
1279 2903 1510 2957 vulnera
1555 2901 1810 2956 inﬂixit:

204 3014 277 3055 ac
323 3013 638 3070 progressus
678 2996 737 3052 in
785 2995 1092 3067 publicum,
1143 3009 1314 3065 eaque
1365 3009 1424 3048 se
1465 2994 1532 3048 ab
1564 2991 1818 3047 hostibus

209 3087 488 3158 accepisse
533 3086 862 3153 vociferans,
932 3085 1122 3140 orabat
1169 3082 1598 3156 quadringentos
1639 3081 1816 3137 robu-

192 3175 479 3233 stissimos
519 3174 754 3248 juvenes
799 3173 906 3230 sibi
925 3173 1188 3230 custodes
1241 3172 1454 3228 darent.
1483 3174 1556 3228 At
1585 3171 1693 3241 illi,
1727 3189 1812 3228 me
1845 3199 1887 3258 Ο

193 3265 435 3338 quidem
505 3267 810 3320 reluctante
868 3272 922 3320 et
974 3263 1330 3331 reclamante,
1390 3262 1804 3335 acquieverunt.

193 3357 385 3413 Erant
413 3363 597 3412 autem
629 3355 684 3410 hi
733 3353 932 3409 armati
966 3351 1169 3408 validis
1199 3351 1438 3407 fustibus
1467 3369 1481 3419 ;
1518 3351 1606 3406 bis
1631 3351 1816 3423 itaque

200 3447 466 3517 stipatus,
495 3452 700 3502 statum
726 3442 1042 3515 reipublicae
1070 3442 1290 3498 evertit.
1322 3443 1575 3514 Dumque
1612 3441 1696 3496 illi
1723 3457 1815 3514 spe

204 3539 366 3596 inani
400 3553 665 3610 pauperes
709 3551 858 3604 suos,
892 3550 960 3590 ne
999 3533 1246 3590 mercede
1277 3531 1550 3588 servirent
1583 3531 1815 3586 liberare

204 3627 455 3696 student,
503 3643 693 3683 omnes
721 3641 830 3682 una
875 3624 976 3680 sub
1000 3621 1196 3696 jugum
1242 3622 1396 3680 missi
1424 3628 1574 3692 sunt,
1609 3621 1814 3694 unique

204 3717 460 3774 serviunt
487 3715 798 3776 Pisistrato.

785 3816 946 3872 Solon
972 3814 1278 3872 Pisistrato.

283 3905 458 3964 Credo
495 3906 752 3979 equidem
793 3907 938 3978 nihil
995 3925 1084 3966 me
1120 3907 1217 3962 abs
1257 3914 1311 3964 te
1341 3921 1628 3978 passurum
1659 3905 1811 3960 mali.

205 3992 347 4048 Nam
395 4001 521 4048 ante
566 3994 921 4064 tyrannidem
973 3996 1077 4049 tibi
1125 3995 1335 4050 amicus
1361 4011 1532 4061 eram,
1569 4009 1638 4048 ne
1667 4009 1817 4050 nunc

205 4080 434 4156 quidem
465 4082 638 4152 magis
688 4081 958 4151 infensus,
989 4099 1154 4156 quam
1184 4083 1326 4140 alius
1353 4083 1538 4155 quivis
1567 4081 1815 4137 Atheni-

201 4171 448 4240 ensium,
497 4170 592 4242 qui
633 4171 986 4242 tyrannidem
1030 4187 1142 4226 non
1191 4180 1400 4239 ament.
1447 4171 1577 4226 Sive
1630 4177 1816 4225 autem

203 4259 378 4316 unius
424 4259 655 4331 imperio
699 4259 834 4330 regi,
866 4258 982 4328 sive
1029 4259 1249 4330 publice
1280 4275 1394 4313 rem
1437 4256 1815 4314 administrari

202 4349 326 4406 illis
371 4348 568 4405 utilius
612 4349 706 4418 sit,
753 4365 827 4404 ex
873 4365 972 4404 sua
1005 4347 1236 4421 quisque
1284 4347 1560 4402 sententia
1589 4354 1810 4402 statuat.

205 4437 372 4496 Certe
392 4447 757 4510 tyrannorum
788 4445 842 4494 te
869 4439 1123 4496 omnium
1151 4453 1266 4492 esse
1299 4436 1814 4508 prtestantissimum

203 4528 406 4584 fateor.
453 4527 698 4584 Athenas
741 4536 924 4584 autem
974 4527 1154 4584 redire
1202 4525 1342 4582 mihi
1389 4526 1524 4582 utile
1556 4541 1666 4580 non
1699 4541 1814 4580 esse

201 4634 501 4692 cognosco,
539 4636 606 4674 ne
644 4618 768 4691 quis
799 4635 886 4674 me
907 4616 1057 4689 juste
1089 4616 1472 4690 reprehendat,
1507 4615 1601 4688 qui
1631 4615 1814 4670 Athe-

201 4708 498 4765 Iliensibus
543 4709 749 4764 dudum
801 4708 1196 4780 rempublicam
1245 4724 1314 4761 ex
1346 4723 1500 4778 aequo
1539 4705 1816 4761 adminis—

200 4795 464 4856 trandam
535 4797 891 4866 tradideram,
959 4815 1302 4870 praesensque
1359 4797 1599 4853 oblatam
1677 4793 1815 4850 mihi

199 4886 564 4960 tyrannidem
595 4894 786 4958 sponte
809 4886 1237 4952 declinat-eram,
1271 4886 1432 4942 modo
1464 4885 1679 4942 rediens
1708 4885 1818 4960 fac;

198 4985 332 5035 tum
367 4985 524 5034 tuum
554 4977 736 5034 subita
763 4977 1087 5049 poenitentia
1113 4976 1342 5048 probare
1373 4975 1581 5032 videar.

819 5089 980 5144 Solon
1014 5090 1210 5144 Crwso.

283 5178 606 5250 Amplector
647 5176 878 5234 miriﬁce
909 5185 1060 5234 tuam
1091 5177 1148 5232 in
1197 5193 1296 5232 nos
1328 5175 1768 5232 benevolentiam
1800 5192 1812 5230 :

199 5275 268 5326 et
309 5284 406 5339 per
445 5265 576 5322 deos
621 5267 980 5334 immortales,
1035 5267 1141 5322 nisi
1171 5265 1318 5340 apud
1363 5283 1447 5322 me
1485 5265 1818 5339 jampridem

198 5355 526 5439 statuissem
569 5354 646 5409 ibi
677 5355 858 5410 sedem
911 5356 1108 5411 habere
1140 5355 1230 5411 ubi
1268 5355 1578 5428 respublica
1621 5355 1694 5410 sit
1738 5353 1819 5409 li-

198 5447 367 5516 bera,
425 5445 643 5500 mallem
695 5445 840 5516 apud
873 5453 942 5514 te,
974 5446 1034 5500 in
1079 5452 1173 5502 tuo
1215 5462 1382 5518 regno
1429 5445 1622 5512 vitam,
1655 5460 1817 5517 quam

203 5537 454 5595 Athenis
481 5554 657 5610 agere,
705 5537 980 5594 violenter
1016 5535 1370 5609 tyrannidem
1404 5543 1694 5593 exercente
1723 5534 1818 5590 Pi-

203 5625 458 5686 sistrato.
493 5629 699 5686 Verum
748 5627 826 5685 ibi
855 5628 1082 5684 suavius
1118 5643 1189 5684 ex
1219 5627 1476 5684 instituto
1505 5633 1693 5683 nostro
1715 5624 1825 5700 .vi-.

205 5720 423 5792 \‘imus,
473 5722 566 5780 ubi
615 5729 743 5779 sunt
779 5723 1037 5779 omnibus
1065 5737 1217 5794 aequa
1247 5730 1302 5778 et
1331 5721 1648 5779 communia
1669 5719 1816 5793 jura.

1928 1920 2141 1977 amicis.
2174 1922 2405 1979 Veniam
2456 1931 2663 1990 tamen,
2715 1929 2776 1976 ut
2821 1921 2925 1976 tibi
2967 1921 3310 1993 perhumano
3339 1930 3393 1978 et
3423 1922 3536 1978 ho-

1929 2009 2115 2083 spitali
2144 2009 2266 2065 viro
2294 2010 2584 2066 familiaris
2613 2011 2839 2066 elﬁciar.
2873 2011 3030 2067 Vale.

2491 2120 2771 2175 Cleobulus
2803 2119 3007 2175 Soloni.

1959 2229 1962 2232 ’
2001 2218 2183 2276 Amici
2209 2216 2428 2293 quidem
2460 2215 2564 2272 tibi
2597 2223 2726 2272 sunt
2755 2214 3035 2288 permulti,
3065 2213 3408 2288 singulisque
3437 2212 3534 2270 do-

1929 2327 2051 2366 mus
2097 2317 2212 2366 est:
2263 2325 2454 2363 verum
2485 2324 2584 2379 ego
2631 2305 2820 2363 Soloni
2850 2304 3354 2362 commodissimam
3415 2304 3535 2360 fore

1927 2400 1996 2456 ad
2045 2398 2489 2466 inhabitandum,
2525 2396 2763 2452 Lindum
2811 2411 3029 2463 censeo,
3060 2393 3344 2450 civitatem
3376 2393 3530 2448 libe-

1929 2483 2066 2543 ram.
2099 2489 2304 2561 Estque
2336 2485 2516 2541 insula
2551 2485 2848 2552 maritima,
2889 2483 2984 2540 ubi
3018 2483 3064 2538 si
3096 2482 3300 2538 morari
3329 2485 3536 2540 volue-

1927 2577 2023 2647 ris,
2070 2577 2211 2633 nihil
2259 2595 2289 2632 a
2317 2577 2603 2634 Pisistrato
2635 2576 2764 2631 mali
2795 2574 3140 2644 formidabis,
3175 2583 3338 2650 atque
3375 2577 3447 2634 ad
3480 2585 3534 2634 te

1926 2667 2093 2727 amici
2122 2668 2367 2744 undique
2397 2666 2697 2724 conﬂuent.
2732 2665 2890 2722 Vale.

2381 2787 2678 2844 Periander
2709 2784 3066 2856 Sapientibus.

1997 2887 2210 2945 Gratias
2253 2888 2596 2944 immortales
2623 2903 2724 2959 ago
2752 2885 2954 2958 Pythio
2983 2885 3252 2958 Apollini,
3288 2884 3436 2958 quod
3466 2887 3525 2942 in

1924 2996 2099 3035 unum
2145 2986 2363 3035 coactos
2411 2978 2658 3050 epistolae
2701 2993 2834 3034 meae
2887 2983 3230 3049 reperierunt,
3283 2975 3524 3049 ipsaeque

1925 3067 2276 3142 Corinthum,
2310 3077 2372 3124 ut
2414 3067 2652 3136 conﬁdo,
2686 3067 3005 3139 perducent.
3041 3067 3312 3136 Exspecto
3341 3064 3527 3138 itaque

1923 3173 2042 3214 vos.
2090 3157 2249 3214 Certe
2287 3158 2392 3227 ipsi
2435 3157 2713 3225 videbitis,
2747 3173 2908 3230 quam
2946 3155 3189 3213 civiliter
3234 3169 3334 3210 vos
3363 3153 3528 3210 exci-

1924 3246 2091 3318 piam.
2160 3247 2314 3312 Sicut
2384 3247 2556 3318 igitur
2604 3263 2751 3302 anno
2807 3246 3084 3317 praeterito
3163 3243 3401 3310 Sardeis,
3467 3243 3526 3298 in

1925 3335 2159 3408 Lydiam
2200 3334 2474 3391 venistis:
2523 3333 2601 3389 ita
2647 3351 2815 3402 nunc,
2865 3350 2982 3402 oro,
3017 3349 3084 3388 ne
3132 3332 3312 3404 pigeat
3337 3332 3406 3386 ad
3438 3347 3526 3388 me

1926 3443 2142 3500 quoque
2186 3425 2485 3498 proﬁcisci,
2543 3425 2795 3482 Corinthi
2846 3432 3194 3497 tyrannum;
3249 3422 3524 3480 videbunt

1926 3519 2074 3574 enim
2109 3535 2209 3574 vos
2237 3534 2348 3574 non
2369 3517 2489 3572 sine
2517 3516 2881 3590 gratulatione
2907 3513 3207 3583 Corinthii,
3235 3513 3522 3570 Periandri

1925 3607 2153 3666 domum
2183 3607 2467 3664 adeuntes.

2449 3723 2746 3782 Periander
2769 3724 2981 3781 Proclo.

1995 3826 2166 3884 Nobis
2227 3826 2451 3899 quidem
2513 3841 2627 3880 non
2685 3840 2755 3879 ex
2820 3820 3092 3878 sententia
3163 3819 3270 3875 fuit
3329 3818 3528 3876 uxoris

1927 3919 2138 3974 scelus:
2190 3924 2252 3972 tu
2278 3923 2460 3970 autem
2503 3921 2695 3984 sponte
2741 3910 2859 3966 ﬁlio
2889 3911 3102 3982 ingrato
3131 3909 3178 3964 si
3208 3908 3346 3980 quid
3391 3923 3526 3978 ege-

1927 4006 2022 4071 ris,
2079 4019 2289 4075 peccas.
2367 4004 2478 4058 Aut
2532 4001 2704 4072 igitur
2761 3999 3164 4054 immanitatem
3222 3997 3281 4052 in
3340 3995 3520 4050 ﬁlium

1926 4107 2226 4164 compesce,
2273 4099 2368 4147 aut
2413 4107 2512 4162 ego
2553 4090 2640 4146 illi
2686 4101 2844 4161 opem
2889 4089 3098 4144 feram:
3150 4101 3278 4142 nam
3327 4092 3382 4140 et
3410 4083 3528 4155 ipse

1925 4181 2060 4238 satis
2085 4181 2184 4237 diu
2213 4197 2402 4254 poenas
2429 4179 2603 4236 dedit.

2379 4295 2742 4367 Thrasybulus
2770 4291 3094 4350 Periandro.

1995 4396 2238 4456 Praeconi
2268 4392 2488 4470 quidem
2519 4403 2616 4450 tuo
2645 4392 2786 4448 nihil
2809 4387 3178 4456 dissimulavi,
3212 4385 3308 4442 sed
3334 4385 3516 4459 ipsum

1927 4493 1985 4547 in
2033 4497 2266 4562 segetem
2319 4485 2607 4550 inducens,
2669 4479 3060 4536 eminentiores
3101 4477 3276 4550 spicas
3323 4475 3524 4532 bacillo

1841 4563 1890 4622 D
1925 4579 2149 4646 feciens,
2181 4573 2545 4640 decutiebam,
2568 4571 2930 4643 subsequente
2960 4569 3056 4623 illo
3081 4585 3094 4636 ;
3122 4567 3350 4640 tibique,
3375 4565 3419 4621 si
3438 4566 3522 4622 in-

1922 4679 2242 4740 terrogares,
2281 4665 2504 4721 referret
2527 4659 2796 4736 quidquid
2819 4658 2908 4713 vel
2929 4657 3242 4738 videritvel
3283 4654 3524 4712 audierit

1923 4779 1955 4818 a
1985 4777 2089 4817 mc.
2125 4760 2206 4814 Tu
2237 4774 2363 4829 ergo
2390 4757 2469 4812 sic
2501 4755 2686 4820 facito,
2718 4749 2988 4824 siquidem
3018 4747 3372 4822 tyrannidem
3409 4755 3526 4804 tuto
3615 4791 3635 4802 ,

1925 4861 2108 4909 tenere
2131 4849 2306 4922 cupis,
2337 4857 2498 4920 atque
2524 4847 2582 4901 in
2607 4861 2668 4900 ea
2697 4839 3060 4900 constabiliri.
3094 4837 3348 4897 Civitatis
3377 4838 3526 4910 prin-

1923 4944 2074 5015 cipes
2115 4943 2269 5008 tolle,
2299 4940 2415 4995 sive
2445 4937 2528 4992 illi
2570 4933 2754 5001 amici,
2795 4933 2912 4988 sive
2938 4929 3156 4986 inimici
3187 4928 3519 4984 videantur:

1925 5033 2126 5106 quippe
2155 5039 2392 5104 tyranno
2418 5026 2582 5083 amici
2611 5038 2828 5098 quoque
2866 5036 3006 5094 saepe
3035 5019 3272 5092 suspecti
3301 5024 3449 5075 sunt.

2441 5145 2769 5202 Anacharsis
2823 5144 3025 5201 Croeso.

1996 5260 2133 5332 Ego,
2183 5257 2463 5330 Lydorum
2514 5272 2633 5323 rex,
2668 5253 2726 5308 in
2755 5250 3018 5309 Graeciam
3057 5243 3278 5312 adveni,
3312 5242 3524 5298 Graeco-

1927 5367 2051 5408 rum
2082 5363 2262 5403 morcs
2290 5355 2344 5404 et
2381 5347 2566 5404 studia
2592 5353 2646 5402 et
2675 5343 2932 5401 instituta
2959 5343 3334 5411 percepturus.
3371 5333 3524 5387 Auro

1926 5447 2110 5497 autem
2155 5439 2298 5496 nihil
2335 5453 2482 5509 egeo,
2530 5435 2768 5509 satisque
2816 5428 2954 5488 mihi
2985 5434 3067 5482 est
3095 5432 3158 5480 ut
3193 5423 3263 5480 ad
3291 5420 3525 5494 Scythas

1927 5533 2144 5590 redeam
2193 5531 2390 5587 melior
2453 5538 2615 5602 atque
2660 5525 2898 5583 doctior.
2945 5517 3180 5576 Veniam
3226 5523 3412 5570 tamen
3453 5511 3523 5568 ad

1926 5633 1980 5682 te
2055 5623 2293 5692 Sardeis,
2362 5621 2587 5696 plurimi
2655 5616 2864 5674 faciens
2918 5610 3024 5668 tibi
3077 5607 3412 5668 familiarem
3469 5611 3526 5664 et

1927 5715 2162 5773 amicum
2197 5713 2336 5770 ﬁeri.
