4068 6186
492 263 625 344 1187

993 406 1328 480 Epimenides
1359 405 1561 461 Soloni.

563 525 810 593 Conﬁde,
855 541 887 580 ο
915 522 1088 578 amice
1121 523 1132 576 l
1175 519 1231 576 Si
1279 520 1426 576 enim
1468 520 1557 574 vel
1589 517 1797 574 servire
1825 515 2080 583 assuetis,

492 618 580 673 vel
626 632 737 672 non
784 613 921 668 bene
972 609 1241 666 institutis
1291 606 1724 665 Atheniensibus
1769 605 2091 662 Pisistratus

493 705 826 767 immineret,
874 697 1166 770 imperium
1210 697 1454 768 profecto
1497 695 1823 752 diuturnum
1870 693 2090 750 habuis-

492 805 592 853 set.
639 794 906 850 Caeterum
952 790 1103 845 viros
1146 789 1294 844 haud
1340 804 1469 844 sane
1501 789 1692 855 malos,
1741 796 1834 845 aut
1867 786 2092 858 ignavos

493 885 695 942 servire
741 882 1009 953 compulit
1043 881 1172 937 :sed
1221 881 1315 953 qui
1366 881 1704 936 monitorum
1735 880 1952 936 Solonis
1986 894 2092 934 me—

493 990 692 1040 mores,
745 989 855 1044 prae
897 971 1103 1042 pudore
1166 969 1544 1042 ingemiscant,
1593 968 1800 1024 servire
1847 967 2093 1041 tyranni-

493 1064 548 1120 di
599 1061 809 1118 diutius
856 1060 1280 1134 haudquaquam
1328 1059 1524 1114 ferent.
1575 1059 1780 1115 Verum
1829 1057 1928 1114 etsi
1961 1056 2094 1113 Pisi-

495 1159 696 1207 stratus
739 1149 1020 1206 civitatem
1070 1149 1373 1220 occuparit,
1425 1164 1537 1202 non
1596 1156 1780 1203 tamen
1823 1147 1891 1202 ad
1943 1145 2096 1202 illius

495 1241 698 1297 liberos
764 1238 1056 1310 imperium
1113 1253 1275 1309 spero
1329 1235 1731 1292 deducendum.
1789 1236 1888 1290 Est
1945 1234 2095 1291 enim

497 1328 821 1402 perdifﬁcile
872 1325 1194 1382 hominibus
1243 1325 1449 1394 liberis,
1507 1324 1888 1397 praeclarisque
1940 1323 2097 1380 insti-

498 1420 634 1475 tutis
708 1402 938 1488 legibus,
1001 1416 1102 1471 sub
1148 1415 1415 1471 servitute
1473 1415 1690 1472 durare.
1752 1416 1834 1470 Tu
1889 1423 2096 1482 autem,

499 1507 636 1576 noli,
689 1523 894 1578 quaeso,
953 1522 1124 1576 vagus
1166 1505 1272 1575 agi,
1305 1504 1398 1560 sed
1442 1504 1499 1559 in
1549 1505 1765 1562 Cretam
1815 1503 2002 1559 venire
2029 1501 2098 1558 ad

499 1612 599 1651 nos
631 1603 865 1662 matura,
898 1593 991 1649 ubi
1026 1601 1296 1665 tyrannus
1338 1593 1526 1648 nullus
1553 1593 1810 1665 cuiquam
1839 1591 2101 1647 molestus

500 1692 599 1739 est.
649 1683 705 1740 Si
755 1699 887 1738 vero
933 1681 1084 1737 illius
1127 1681 1290 1736 amici
1343 1681 1502 1748 forte,
1558 1688 1619 1735 ut
1661 1680 1743 1747 ﬁt,
1794 1678 1852 1734 in
1903 1678 2100 1735 itinere

505 1772 833 1840 inciderint,
865 1781 1051 1827 metuo
1080 1786 1147 1826 ne
1173 1769 1307 1842 quid
1333 1768 1544 1825 sinistri
1581 1769 1679 1825 tibi
1711 1769 1949 1825 eveniat.

1016 1876 1334 1946 Pherecydes
1380 1876 1601 1932 Thaleti.

578 1981 725 2038 Bene
773 1981 1048 2050 moriaris,
1101 1997 1227 2037 cum
1275 1979 1377 2035 tibi
1434 1978 1615 2036 fatalis
1668 1977 1786 2035 dies
1836 1994 2101 2051 superve-

506 2073 667 2131 nerit.
721 2074 944 2131 Morbus
989 2089 1075 2128 me
1118 2073 1411 2141 invaserat,
1459 2089 1584 2128 cum
1628 2079 1750 2127 tuas
1781 2071 1964 2142 accepi
2000 2071 2104 2126 lit-

504 2169 666 2232 teras,
699 2162 966 2235 pediculis
995 2162 1336 2234 opperiebar,
1375 2171 1429 2218 et
1457 2160 1598 2217 febri
1629 2160 1912 2234 quatiebar
1930 2167 2099 2217 totus.

503 2252 757 2310 Mandavi
820 2253 1002 2325 itaque
1072 2251 1401 2324 quibusdam
1458 2267 1528 2306 ex
1589 2249 1978 2317 familiaribus,
2041 2256 2104 2305 ut

503 2358 630 2397 cum
675 2358 760 2397 me
809 2341 1142 2412 sepelierint,
1174 2339 1241 2395 ad
1295 2349 1346 2396 te
1397 2340 1675 2412 perferant
1705 2355 1824 2412 quae
1871 2339 2098 2411 scripsi.

505 2430 589 2485 Tu
630 2437 833 2498 autem,
885 2430 931 2484 si
975 2429 1199 2502 quidem
1259 2446 1320 2484 ea
1369 2427 1687 2500 probaveris
1734 2445 1858 2484 cum
1888 2428 2099 2499 sapien-

506 2519 656 2576 tibus
696 2519 944 2592 reliquis,
991 2518 1069 2574 ita
1111 2517 1339 2592 legenda
1367 2518 1588 2575 demum
1618 2518 1802 2575 trades
1834 2535 1846 2574 :
1881 2517 1967 2574 sin
1997 2537 2107 2575 au-

507 2618 616 2666 tem
648 2608 1069 2681 improbaveris,
1104 2609 1286 2664 nolito
1313 2609 1493 2664 edere.
1527 2608 1663 2664 Mihi
1695 2616 1840 2666 certe
1868 2608 2104 2665 necdum

506 2698 640 2755 satis
690 2697 996 2770 placebant,
1048 2704 1131 2754 est
1187 2697 1265 2754 ibi
1314 2698 1534 2772 quidem
1592 2715 1704 2755 non
1750 2707 1895 2755 certa
1926 2716 2108 2755 rerum

507 2787 662 2842 ﬁdes.
710 2786 895 2858 Neque
945 2787 1093 2842 enim
1140 2785 1198 2842 id
1243 2788 1441 2859 recepi.
1491 2804 1666 2860 neque
1712 2787 1846 2861 quid
1890 2789 1960 2843 sit
2004 2804 2110 2844 ve-

508 2889 628 2930 rum
695 2891 782 2930 me
831 2875 970 2931 scire
1019 2875 1296 2947 professus
1343 2893 1488 2932 sum.
1538 2877 1700 2932 Forte
1744 2877 1990 2949 quaedam
2043 2877 2110 2933 de

509 2963 805 3034 Theologia
885 2964 1181 3031 reservavi,
1249 2973 1443 3020 caetera
1512 2964 1815 3036 intelligere
1873 2973 2106 3037 oportet.

508 3051 706 3108 Omnia
753 3053 954 3123 quippe
995 3051 1186 3122 judico
1232 3053 1432 3124 potius,
1479 3069 1640 3125 quam
1685 3054 1888 3126 aperio.
1919 3055 2111 3111 Morbo

1493 277 1588 334 AD
1627 273 1862 332 OPERA
1901 274 1956 330 S.
2006 269 2346 331 AMBROSII
2388 264 2765 328 APPENDIX.

3660 256 3808 326 1188

2120 395 2170 464 Α
2196 386 2350 458 nulla
2393 402 2554 458 nobis
2601 416 2722 473 spes
2771 397 2964 456 salutis
3000 397 3092 454 sit.
3124 397 3373 466 Quonam
3421 397 3590 470 igitur
3614 398 3807 455 animo

2196 493 2368 568 possit
2417 492 2789 548 Anaximenes
2839 489 2964 546 caeli
3019 496 3225 545 secreta
3274 489 3487 556 rimari,
3529 489 3621 546 cui
3655 489 3810 560 jugis

2196 590 2291 638 aut
2320 581 2514 637 mortis
2543 588 2634 637 aut
2665 577 2952 637 servitutis
2982 578 3257 634 incumbit
3285 585 3466 634 metus
3486 578 3513 633 ἲ)
3543 578 3716 651 Atqui
3746 586 3810 633 tu

2198 669 2530 729 Crotoniatis
2557 678 2719 742 atque
2758 668 2914 725 Italis
2944 666 3158 724 caeteris
3187 674 3372 739 gratus
3401 675 3566 738 atque
3601 666 3659 721 in
3691 683 3812 738 pre-

2199 759 2278 816 tio
2301 776 2380 828 es,
2414 776 2576 832 quem
2606 757 2874 816 accedunt
2903 765 2957 813 et
2997 773 3066 811 ex
3097 755 3287 813 Sicilia
3316 754 3552 812 studiosi
3581 757 3806 829 quique.

2720 873 2984 942 Archytas
3014 871 3290 943 Dionysio.

2271 965 2551 1021 Missimus
2608 979 2799 1018 omnes
2846 961 3092 1017 Platonis
3147 960 3439 1017 necessarii
3472 960 3808 1030 Lamiscum,

2201 1061 2256 1110 et
2303 1053 2619 1119 Photidam,
2648 1052 2833 1112 virum
2864 1051 3023 1106 illum
3057 1049 3154 1106 abs
3182 1057 3236 1105 te
3266 1049 3538 1122 recepturi
3563 1049 3691 1121 jure
3720 1067 3811 1107 an-

2203 1144 2370 1217 tiquae
2425 1152 2623 1201 nostrae
2702 1141 2978 1197 amicitia.
3042 1141 3204 1197 Recte
3262 1139 3430 1213 igitur
3482 1140 3703 1208 feceris,
3766 1142 3813 1196 si

2206 1232 2522 1289 memineris
2563 1241 2770 1305 quanto
2827 1246 2860 1285 a
2900 1229 3060 1285 nobis
3106 1229 3291 1286 studio
3335 1229 3648 1301 efﬂagitasti
3698 1230 3812 1285 Pla-

2205 1322 2354 1379 tonis
2397 1321 2467 1378 ad
2508 1329 2562 1377 te
2615 1319 2937 1388 adventum,
2989 1326 3051 1374 ut
3102 1335 3202 1375 nos
3250 1317 3409 1374 illum
3457 1318 3649 1375 venire
3693 1319 3813 1375 hor.

2206 1419 2472 1478 taremur,
2537 1409 2814 1466 facturum
2858 1416 2913 1464 te
2978 1406 3253 1479 spondens
3304 1407 3492 1462 omnia
3545 1406 3815 1482 illumque

2207 1501 2378 1557 libere
2447 1500 2705 1558 accedere
2767 1505 2820 1556 et
2885 1497 3035 1555 abire
3111 1498 3528 1571 permissurum.
3606 1497 3816 1553 Memor

2206 1598 2324 1647 esto
2371 1591 2559 1663 igitur,
2604 1591 2795 1665 quanti
2845 1590 2999 1647 illius
3049 1590 3351 1647 adventum
3399 1590 3614 1658 feceris,
3647 1589 3816 1664 quod-

2208 1697 2313 1754 que
2359 1698 2422 1737 eo
2465 1689 2710 1753 tempore
2754 1681 2878 1753 plus
2923 1681 3136 1737 caeteris
3185 1680 3484 1738 amaveris.
3532 1679 3718 1748 Quod,
3769 1681 3817 1736 si

2126 1767 2315 1843 Bqua
2357 1780 2478 1828 orta
2539 1771 2793 1827 simultas
2847 1777 2948 1838 est,
3009 1769 3309 1828 humanius
3368 1778 3424 1826 te
3477 1785 3631 1842 agere
3689 1787 3818 1826 con-

2209 1860 2386 1930 venit,
2460 1862 2728 1933 illumque
2794 1860 2956 1917 nobis
3011 1861 3302 1917 restituere
3375 1860 3631 1917 illaesum.
3689 1861 3821 1917 Haec

2211 1949 2357 2006 enim
2412 1949 2458 2006 si
2505 1949 2662 2020 facis,
2713 1949 2988 2022 justitiam
3040 1950 3206 2020 coles,
3256 1968 3320 2008 ac
3362 1950 3526 2007 nobis
3555 1949 3820 2023 gratiﬁca-

2210 2039 2378 2096 beris.

2663 2148 2972 2206 Arcesilam
3009 2149 3360 2209 Thaumasia.

2285 2249 2631 2306 Testamenta
2660 2266 2782 2307 mea
2795 2250 3026 2323 Diogeni
3049 2249 3253 2306 tradidi
3291 2248 3360 2305 ad
3380 2256 3435 2304 te
3473 2247 3820 2322 perferenda.

2214 2338 2354 2407 Quia
2394 2339 2542 2396 enim
2603 2339 2803 2411 saepius
2850 2349 3077 2413 aegroto,
3125 2348 3180 2395 et
3233 2354 3464 2411 corpore
3515 2355 3628 2394 non
3681 2347 3825 2394 recte

2216 2428 2393 2497 valeo,
2438 2434 2830 2483 testamentum
2885 2427 3157 2484 conﬁcere
3217 2428 3427 2500 placuit
3460 2444 3472 2481 :
3507 2435 3572 2482 ut
3611 2426 3661 2482 si
3692 2426 3824 2500 quid

2216 2517 2499 2589 contingat
2543 2517 2913 2589 inopinatum,
2954 2517 3075 2572 sine
3125 2524 3222 2572 tua
3267 2516 3475 2587 injuria
3507 2514 3827 2588 proﬁciscar

2217 2622 2288 2663 ex
2330 2605 2468 2674 vita,
2517 2605 2613 2678 qui
2643 2622 2788 2662 unus
2835 2622 2908 2662 ex
2938 2606 3200 2665 omnibus
3232 2605 3476 2662 maximo
3506 2620 3596 2659 me
3628 2605 3829 2660 affectu

2218 2706 2536 2769 prosecutus
2586 2715 2662 2754 es.
2720 2697 3103 2757 Fidelissimus
3155 2705 3337 2753 autem
3394 2696 3673 2763 omnium,
3731 2693 3828 2766 qui

2219 2789 2312 2845 hic
2360 2797 2509 2857 sunt,
2558 2806 2684 2845 cum
2741 2789 2881 2845 mihi
2930 2803 3144 2860 semper
3195 2787 3385 2855 fueris,
3432 2785 3736 2858 diligenter
3776 2793 3831 2839 et

2220 2894 2438 2933 servare
2484 2876 2662 2946 stude,
2714 2884 2831 2933 tum
2888 2885 3111 2950 propter
3159 2885 3397 2943 aetatem,
3449 2882 3568 2934 tum
3601 2883 3832 2947 propter

2220 2966 2699 3024 necessitudinem.
2743 2966 2886 3024 Cura
2923 2966 3092 3038 igitur
3134 2982 3365 3035 memor,
3406 2971 3680 3038 quantum
3722 2972 3831 3018 tuae

2221 3057 2348 3112 ﬁdei
2397 3057 2761 3125 committam,
2810 3065 2871 3112 ut
2900 3056 3048 3129 quod
3091 3055 3235 3129 apud
3274 3065 3326 3112 te
3373 3063 3550 3112 totum
3587 3055 3832 3127 depone-

509 3150 690 3196 autem
753 3121 1008 3212 singulis,
1046 3121 1249 3196 diebus
1295 3121 1682 3211 invalescente,
1718 3121 1928 3216 meque
1976 3160 2105 3199 me-
2140 3121 2190 3184 Ο
2221 3155 2330 3214 tur,
2379 3156 2646 3219 quantum
2700 3121 2760 3202 in
2815 3153 2869 3202 te
2907 3121 3008 3215 est,
3063 3121 3142 3202 et-
3175 3146 3394 3218 negotia
3446 3160 3568 3202 mea
3597 3121 3832 3200 honeste

507 3228 759 3285 dicorum
863 3229 1195 3302 quempiam,
1297 3247 1474 3303 neque
1579 3232 1882 3288 amicorum
1943 3233 2112 3304 peni-

508 3327 598 3376 tus
650 3317 902 3375 admitto.
962 3317 1230 3375 Caeterum
1287 3320 1671 3377 assistentibus
1727 3339 1825 3394 pro
1874 3322 2109 3390 foribus,

509 3415 562 3464 et
616 3407 1081 3478 interrogantibus
1136 3426 1244 3482 quo
1297 3409 1354 3465 in
1413 3417 1559 3466 statu
1613 3411 1739 3480 sim,
1799 3411 1973 3484 digito
2019 3427 2114 3483 per

509 3496 639 3552 ostii
687 3497 924 3554 claustra
985 3496 1236 3564 dimisso,
1286 3514 1450 3570 quam
1501 3499 1780 3570 pestilenti
1831 3500 1975 3556 malo
2023 3508 2114 3556 te—

509 3599 659 3652 near,
695 3585 909 3641 ostendi
941 3602 952 3639 :
986 3586 1358 3658 admonuique
1388 3595 1450 3642 ut
1488 3587 1755 3658 postridie
1782 3589 2116 3646 conveniant

511 3674 578 3729 ad
608 3675 880 3730 solemnes
911 3674 1246 3747 Pberecydis
1286 3677 1529 3733 inferias.
1565 3678 1718 3733 Vale.

954 3783 1308 3840 Anaximenes
1333 3788 1664 3860 Pythagorae.

585 3881 800 3952 Thales,
849 3881 919 3939 ab
949 3883 1125 3940 (etatis
1168 3883 1322 3954 ﬂore,
1357 3885 1426 3943 ad
1473 3895 1830 3958 senectutem,
1862 3905 1958 3962 per
1985 3898 2114 3947 stu-

513 3972 604 4030 dia
676 3971 900 4029 virtutis
974 3972 1444 4049 humanitatisque
1518 3985 1827 4049 pervectus,
1906 3980 2115 4054 inclyta

513 4070 687 4120 morte
743 4062 1083 4136 defungitur.
1140 4065 1193 4121 Is
1250 4082 1397 4134 cum,
1457 4075 1520 4124 ut
1573 4078 1952 4138 consueverat,
2005 4086 2116 4126 una

513 4169 638 4212 cum
695 4151 975 4222 ancillula,
1052 4153 1232 4210 sidera
1289 4154 1655 4229 inspecturus,
1715 4158 1855 4214 atrio
1919 4159 2116 4218 domus

515 4243 823 4301 matutinus
896 4243 1116 4312 exisset,
1178 4245 1471 4302 immemor
1527 4255 1588 4304 ut
1645 4263 1760 4303 sese
1818 4247 1922 4304 loci
1977 4249 2117 4306 situs

513 4331 760 4401 haberet,
797 4332 930 4388 dum
976 4329 1182 4389 ethera
1211 4348 1435 4390 securus
1469 4336 1744 4407 eXplorat,
1789 4336 1847 4391 in
1891 4336 2117 4409 subjec-

514 4429 627 4478 tam
673 4422 885 4479 foveam
939 4421 1159 4479 cecidit.
1216 4423 1414 4480 Milesii
1464 4423 1706 4481 siderum
1749 4426 2116 4486 observatoris

516 4513 664 4569 hunc
694 4512 856 4568 ﬁnem
892 4512 1136 4568 tradunt.
1181 4512 1451 4570 Caeterum
1501 4531 1622 4584 nos,
1661 4516 1754 4588 qui
1809 4516 2115 4574 litterarum

517 4622 700 4662 amore
779 4614 1048 4672 tenemur,
1106 4608 1239 4662 tanti
1308 4608 1416 4664 viri
1471 4607 1676 4681 jugiter
1738 4610 2110 4683 meminimus,

516 4703 680 4767 atque
735 4693 792 4750 in
867 4693 1018 4750 illius
1081 4695 1322 4753 maxime
1377 4695 1630 4755 doctrina
1693 4699 2114 4773 acquiescimus,

519 4784 852 4857 initiumque
944 4782 1213 4843 sermonis
1286 4787 1460 4844 nostri
1552 4783 1831 4845 Thaletem
1905 4805 2117 4865 semper

520 4875 883 4932 instituimus.

906 5054 910 5059 ι
958 4981 1315 5040 Anaximenes
1343 4982 1676 5058 Pythagora.

591 5075 910 5138 Consultius
956 5081 1118 5137 nobis
1149 5082 1330 5154 egisti,
1378 5091 1440 5138 ut
1492 5084 1711 5156 quietus
1754 5084 1989 5157 viveres,
2022 5088 2115 5161 qui

519 5183 588 5224 ex
640 5170 801 5226 Samo
860 5169 1155 5226 Crotonem
1215 5172 1610 5244 commigrasti.
1675 5175 1813 5230 Nam
1876 5177 2117 5234 Eacidze

518 5271 644 5315 cum
686 5258 811 5314 aliis
857 5258 1043 5315 infesti
1105 5269 1255 5321 sunt.
1315 5268 1431 5316 tum
1483 5261 1709 5320 Milesiis
1758 5265 1976 5336 tyranni
2016 5265 2117 5322 do-

519 5349 822 5404 minantur.
871 5347 1154 5404 Medorum
1188 5348 1316 5405 item
1368 5367 1464 5406 rex
1497 5351 1658 5409 nobis
1703 5353 1901 5408 acriter
1929 5353 2118 5410 immi-

520 5444 634 5502 net,
689 5437 796 5492 nisi
846 5436 1083 5494 velimus
1143 5454 1256 5494 esse
1303 5437 1609 5497 tributarii.
1653 5441 1975 5515 Quanquam
2023 5443 2121 5499 vi-

519 5523 720 5581 dentur
789 5526 948 5581 Iones
994 5543 1092 5598 pro
1165 5526 1416 5584 libertate
1472 5528 1721 5585 omnium
1765 5546 1891 5586 cum
1947 5532 2121 5589 Medis

519 5614 803 5674 dimicare.
863 5618 942 5674 Ita
992 5617 1140 5674 enim
1196 5617 1279 5674 illi
1337 5635 1438 5676 nos
1500 5618 1746 5693 undique
1801 5631 2017 5697 urgent,
2058 5633 2122 5683 ut

2151 4485 2198 4543 D

2220 3235 2486 3309 disposita
2511 3235 2645 3292 sint.

2509 3347 2624 3402 Res:
2657 3345 2954 3416 Antigonus
2982 3346 3178 3402 Zenoni
3199 3345 3538 3417 philosopho.

2291 3445 2407 3516 Ego
2463 3444 2684 3499 fortuna
2739 3460 2825 3501 me
2879 3444 3099 3517 quidem
3157 3452 3210 3500 et
3239 3444 3412 3516 gloria
3466 3443 3647 3501 vitam
3681 3454 3826 3501 tuam

2221 3533 2430 3590 anteire
2489 3534 2792 3590 existimo:
2839 3541 3096 3591 caeterum
3164 3534 3475 3607 disciplinis
3519 3534 3829 3608 studiisque

2223 3622 2562 3691 liberalibus,
2611 3630 2664 3678 et
2703 3623 2941 3696 perfecta
3003 3623 3283 3692 felicitate,
3326 3639 3487 3696 quam
3541 3630 3604 3681 tu
3647 3623 3831 3695 possi-

2222 3711 2316 3768 des
2365 3713 2523 3784 longe
2571 3712 2666 3768 abs
2703 3720 2756 3769 te
2786 3714 3025 3786 praecelli
3057 3712 3254 3770 sentio.
3289 3713 3562 3780 Quocirca
3591 3723 3646 3769 te
3674 3728 3829 3768 orare

2221 3802 2389 3859 statui
2423 3803 2507 3858 uti
2528 3801 2594 3858 ad
2617 3819 2703 3859 me
2721 3803 3107 3875 proﬁciscaris,
3138 3802 3195 3859 id
3219 3801 3358 3858 mihi
3388 3803 3739 3876 persuadens,
3773 3809 3830 3858 te

2221 3908 2407 3965 preces
2445 3908 2592 3948 meas
2639 3892 2864 3949 minime
2896 3892 3080 3950 irritas
3107 3893 3226 3950 ﬁeri
3255 3909 3564 3966 passurum.
3599 3893 3684 3948 Tu
3713 3893 3830 3966 igi-

2222 3988 2314 4036 tur
2343 3980 2522 4038 modis
2535 3981 2793 4037 omnibus
2814 3981 3042 4052 enitere,
3069 3992 3133 4039 ut
3169 3990 3268 4039 tuo
3287 3982 3658 4040 contubernio
3683 3983 3830 4038 frua-

2224 4086 2350 4126 mur
2377 4077 2526 4127 certo
2544 4069 2722 4127 sciens
2743 4087 2854 4127 non
2871 4072 2977 4128 mei
3001 4078 3240 4141 tantum,
3261 4072 3355 4129 sed
3386 4071 3640 4128 omnium
3663 4071 3828 4128 simul

2222 4160 2581 4219 Macedonum
2629 4161 2966 4218 eruditorem
3000 4161 3138 4219 fore.
3190 4162 3326 4218 Nam
3366 4161 3461 4235 qui
3490 4161 3831 4218 Macedonia

2224 4265 2405 4322 regem
2436 4249 2618 4306 erudit
2647 4259 2808 4324 atque
2829 4251 2887 4308 in
2916 4251 3181 4308 virtutem
3211 4250 3431 4317 imbuit,
3462 4266 3592 4306 eum
3623 4258 3680 4307 et
3705 4250 3834 4306 sub-

2225 4336 2370 4394 ditos
2416 4355 2658 4412 quosque
2714 4339 2990 4397 instruere
3039 4341 3106 4396 ad
3163 4339 3550 4397 fortitudinem
3605 4347 3661 4396 et
3708 4356 3834 4412 pro-

2223 4426 2451 4484 bitatem
2503 4435 2712 4484 certum
2770 4437 2870 4486 est.
2917 4429 3051 4485 Nam
3109 4428 3419 4501 cujusmodi
3475 4429 3653 4485 fuerit
3689 4429 3829 4494 dux,

2227 4520 2360 4577 tales
2387 4530 2448 4578 ut
2477 4521 2780 4594 plurimum
2811 4522 3064 4578 subditos
3095 4521 3217 4578 ﬁeri
3246 4538 3461 4579 necesse
3493 4529 3594 4579 est.
3631 4522 3794 4579 Vale.

2719 4628 2862 4685 Zeno
2889 4631 3151 4703 Antigono
3178 4631 3310 4703 regi.

2294 4724 2613 4798 Amplector
2667 4732 2824 4783 tuum
2883 4733 2994 4784 tam
3044 4727 3338 4786 vehemens
3393 4727 3646 4787 discendi
3699 4736 3833 4786 stu-

2225 4810 2399 4881 dium,
2456 4813 2605 4886 quod
2644 4830 2852 4886 veram,
2883 4815 3078 4873 utilem
3107 4826 3268 4890 atque
3297 4827 3683 4886 necessariam,
3716 4835 3831 4874 non

2225 4903 2541 4975 popularem
2583 4911 2637 4960 et
2683 4921 2803 4977 quae
2849 4906 2918 4961 ad
2964 4906 3351 4978 pervertendos
3398 4924 3577 4964 mores
3625 4906 3830 4973 tendit,

2225 4992 2591 5049 eruditionem
2638 4993 3045 5066 apprehendere
3078 4995 3340 5052 instituis.
3389 4996 3495 5064 Qui
3525 4995 3677 5052 enim
3709 4995 3833 5069 phi-

2228 5081 2495 5154 losophiae
2569 5098 2754 5138 amore
2805 5099 2868 5140 ac
2939 5084 3124 5141 studio
3179 5093 3416 5154 tenetur,
3475 5084 3832 5157 declinatque

2225 5171 2494 5228 celebrem
2540 5172 2692 5228 illam
2724 5181 2778 5229 et
2825 5174 3107 5247 vulgarem
3152 5173 3512 5247 voluptatem,
3544 5191 3669 5247 qua:
3699 5189 3829 5246 quo-

2229 5260 2481 5316 rumdam
2539 5261 3073 5319 adolescentulorum
3108 5264 3322 5320 animos
3349 5263 3669 5320 effeminat:
3703 5280 3828 5320 eum

2228 5371 2340 5410 non
2399 5365 2596 5413 natura
2636 5358 2802 5414 modo
2870 5359 3216 5415 nobilitatem
3284 5359 3446 5426 tueri,
3493 5358 3588 5415 sed
3637 5375 3828 5415 verum

2227 5445 2449 5519 quidem
2481 5447 2706 5503 virtutis
2739 5464 2958 5522 quoque
2981 5448 3318 5516 institutum,
3342 5450 3697 5505 manifestum
3721 5455 3829 5506 est.

2227 5536 2396 5594 Porro
2426 5538 2640 5595 liberali
2665 5555 2730 5597 ac
2759 5539 2935 5597 nobili
2964 5540 3186 5614 ingenio
3212 5542 3258 5597 si
3289 5539 3580 5612 adjiciatur
3613 5539 3834 5596 modica

2230 5629 2574 5700 exercitatio,
2625 5647 2801 5705 neque
2829 5631 2971 5690 desit
3013 5632 3362 5706 praeceptoris
3404 5633 3579 5706 copia,
3613 5639 3834 5688 mature
