2043 3104
137 154 212 183 1189

710 152 1005 180 PHILOSOPHORUM
1025 152 1216 179 EPISTOLAS.

1723 143 1791 181 1190

134 217 172 246 ad
186 217 335 254 perfectam
350 216 462 244 virtutis
476 215 569 243 evadit
590 215 707 251 frugem.
723 215 858 251 Equidem
883 214 936 242 nisi
952 216 976 244 Α
993 218 1093 241 runtur
1117 217 1205 240 autem
1227 213 1273 240 isti
1298 213 1362 246 viri,
1386 213 1482 248 Myrai
1501 213 1585 241 fuisse
1613 222 1618 242 :
1645 212 1673 241 bi
1698 217 1789 241 autem

133 266 264 291 senectus
287 262 356 289 mihi
381 261 534 295 obsisteret,
551 269 611 288 sum
635 259 709 288 enim
736 260 935 295 octogenarius,

88 300 89 303 Ἰ
133 316 292 344 corpusque
304 311 435 343 praeterea
450 306 616 340 invalidum,
635 307 692 342 ipse
711 306 745 334 ad
761 311 786 334 te
802 306 936 341 venirem,

132 357 166 381 ut
179 354 272 389 jubes.
288 352 359 386 Quia
374 360 439 380 vero
459 351 487 379 id
510 350 600 385 datur,
619 351 750 387 quosdam
771 359 806 378 ex
834 354 937 378 contu—

131 398 298 427 bernalibus
321 398 389 425 meis
411 397 444 425 ad
468 402 494 425 te
516 397 607 430 mitto,
625 396 672 432 qui
695 396 780 424 animi
799 396 878 424 bonis
894 404 936 422 me

132 444 255 472 minime
276 444 420 472 inferiores
444 447 517 476 sunt,
545 446 571 470 et
599 442 721 478 corporis
749 442 831 469 etiam
855 449 936 469 com—

130 489 228 517 modis
242 493 417 525 exsuperant.
443 488 491 515 His
512 488 534 516 si
559 491 589 515 tu
611 487 733 515 studiose
748 486 934 522 congrediare,

130 533 209 561 nihil
234 533 307 570 quod
336 533 370 561 ad
398 533 546 569 perfectam
576 532 695 568 pertinet
723 531 934 565 beatitudinem,

130 578 211 607 desid
216 579 314 607 erabis.

359 629 525 664 Pythagoras
540 625 711 654 Anaximeni.

169 673 208 701 At
234 678 272 707 tu,
298 673 421 700 virorum
451 673 563 708 optime,
588 671 611 699 si
638 671 709 698 nihil
733 669 888 706 Pythagora
909 672 936 696 et

130 725 233 752 genere
247 721 274 745 et
290 717 377 752 gloria
397 716 570 753 praestantior
587 724 669 749 esses,
694 714 816 750 profecto
832 713 865 741 ad
885 721 935 741 nos

127 760 189 796 jam
213 769 248 789 ex
271 762 365 789 Mileto
390 761 533 796 migrasses
549 770 554 788 :
571 768 646 787 nunc
667 767 733 787 vero
755 763 781 786 te
796 757 936 786 continuit

129 809 248 842 paterna
272 809 299 833 et
322 806 396 833 avita
420 805 516 841 gloria,
541 813 600 841 quae
622 808 649 832 et
671 812 713 832 me
741 803 932 836 continuisset,

129 849 153 877 si
169 857 258 877 essem
281 849 447 877 Anaximeni
472 849 582 877 similis.
607 849 743 878 Caeterum
768 856 817 875 vos
840 847 863 875 si
879 855 933 875 au—

129 895 213 931 gurio
229 894 310 922 urbes
329 895 470 928 deseretis,
495 894 535 922 eis
556 894 667 931 quidem
687 897 801 922 ornatus
825 893 934 920 adime-
948 897 971 926 Β

128 943 187 973 tur,
216 939 340 975 Medique
365 939 422 967 illis
440 939 567 966 infestius
591 938 743 966 instabunt.
763 938 856 974 Neque
871 945 936 965 vero

128 992 241 1020 semper
261 984 392 1012 convenit
415 988 552 1012 astrorum
577 992 608 1012 ac
637 984 700 1011 cmli
728 987 863 1019 vestigare
888 990 937 1009 ra—

128 1028 233 1057 tiones.
250 1029 364 1058 Przestat
388 1029 538 1063 interdum,
557 1029 591 1056 ad
615 1028 731 1065 patriam
757 1036 836 1056 curas
856 1027 936 1064 cogi-

128 1073 306 1110 tationesque
327 1078 496 1102 convertere.
519 1074 679 1110 Quanquam
696 1082 745 1109 ego
762 1081 816 1101 non
831 1080 937 1108 semper

128 1118 201 1145 meis
217 1126 285 1146 vaco
301 1118 410 1152 fabulis,
428 1127 523 1146 verum
546 1122 572 1146 et
587 1118 667 1146 bellis
680 1117 820 1146 interdum
835 1117 937 1153 quibus

128 1162 205 1191 inter
222 1171 250 1191 se
269 1163 389 1191 invicem
404 1163 466 1191 Itali
482 1163 627 1191 dissident.

401 1213 533 1249 Archytas
548 1214 666 1241 Platoni.

163 1256 247 1284 Facis
270 1260 300 1284 tu
323 1257 434 1293 quidem
459 1261 542 1290 recte,
575 1257 649 1294 quod
673 1257 753 1286 nobis
777 1262 803 1286 te
829 1267 936 1288 conva-

126 1300 218 1329 luisse
233 1310 268 1329 ex
282 1302 445 1337 (egritudine
459 1302 622 1338 significaris
639 1311 645 1336 ;
671 1303 705 1330 de
727 1303 853 1332 Damisco
868 1304 934 1332 item

125 1346 264 1374 certiores
289 1346 396 1375 feceris.
421 1348 460 1375 De
484 1347 697 1375 Commentariis
716 1352 807 1375 autem
828 1349 935 1376 curavi-

124 1400 199 1426 mus,
223 1392 403 1429 Venimusque
418 1393 451 1420 ad
476 1393 610 1427 Lucanos,
636 1393 730 1430 ibique
753 1395 935 1424 convenimus

124 1436 237 1465 Occelli
264 1441 386 1472 nepotes.
416 1437 481 1471 Quae
512 1437 596 1474 igitur
623 1438 656 1466 de
693 1446 786 1474 regno,
817 1439 932 1475 legibus,

120 1481 250 1516 justitia,
268 1482 447 1518 omniumque
465 1483 650 1518 generatione,
673 1487 699 1510 et
714 1483 766 1519 ipsi
790 1483 932 1519 habemus,

123 1531 150 1554 et
177 1534 221 1554 ex
252 1526 295 1554 his
321 1527 444 1562 quaedam
469 1527 604 1555 misimus.
635 1527 748 1564 Reliqua
770 1528 851 1556 modo
886 1539 934 1558 re-

991 266 1026 286 ex
1054 257 1111 285 illis
1139 257 1214 284 fuere
1247 255 1382 291 Trojanis,
1420 256 1468 291 qui
1504 265 1567 285 cum
1604 257 1789 285 Laomedonte

992 302 1153 338 migrarnnt,
1193 300 1246 328 viri
1272 300 1349 334 boni,
1387 303 1418 327 ut
1454 300 1487 327 de
1524 300 1580 328 illis
1619 302 1717 330 tradita
1754 301 1789 329 si-

992 345 1132 381 gniﬁcant.
1172 346 1237 379 Quae
1274 345 1345 381 apud
1385 353 1427 373 me
1471 349 1537 373 sunt
1573 345 1786 381 Commentaria,

991 389 1024 417 de
1061 390 1161 426 quibus
1198 390 1341 425 scripsisti,
1371 389 1495 417 nondum
1528 390 1594 418 satis
1630 391 1790 419 elucubrata

991 440 1064 469 sunt,
1087 445 1175 472 neque
1195 444 1315 472 unquam
1336 435 1401 463 satis
1425 439 1506 462 erunt
1522 444 1529 467 ;
1545 443 1576 462 ea
1601 439 1690 463 tamen
1714 435 1785 463 misi.

991 481 1030 508 De
1044 481 1169 508 custodia
1189 488 1254 507 vero
1269 480 1350 508 ambo
1372 479 1561 508 consentimus
1578 487 1583 506 :
1600 479 1672 506 nihil
1698 479 1790 515 itaque

990 525 1181 553 adhortatione
1195 533 1263 561 opus
1282 528 1332 552 est.
1349 524 1426 552 Vale.

990 590 1047 618 Rex
1074 589 1187 623 Darius,
1212 589 1350 624 Hystaspis
1375 588 1457 624 ﬁlius,
1499 588 1663 616 Heraclitum
1698 589 1791 623 Ephe—

1163 634 1232 661 sium
1246 634 1387 669 sapientem
1400 634 1498 667 virum,
1512 634 1622 661 salutat.

1025 692 1138 721 Librum
1163 693 1197 721 de
1224 693 1327 721 Natura
1350 693 1485 729 scripsisti
1510 692 1668 727 obscurum,
1693 692 1790 720 ditlici-

991 738 1098 774 lemque
1113 738 1141 766 in
1156 739 1302 775 plerisque,
1320 738 1377 775 qui,
1393 738 1416 766 si
1440 738 1474 766 ad
1494 738 1608 766 verbum
1625 742 1788 773 exponetur,

990 782 1046 810 vim
1059 783 1205 819 quamdam
1215 783 1412 819 speculationis
1425 782 1567 811 continere
1575 782 1685 809 videtur
1694 781 1790 809 mundi

989 827 1085 862 totius,
1111 831 1138 855 et
1160 836 1220 864 quas
1244 828 1272 855 in
1295 837 1327 856 eo
1351 828 1422 856 ﬁunt
1439 826 1576 860 omnium,
1601 834 1660 862 qua!
1679 825 1791 862 quidem

991 875 1056 898 sunt
1070 871 1099 899 in
1114 871 1211 899 divino
1234 875 1312 899 motu
1335 872 1495 900 constituta.
1512 872 1542 899 In
1558 870 1658 907 quibus
1678 870 1791 906 plurimi

992 916 1131 944 haserunt
1153 916 1231 951 adeo,
1246 920 1318 944 utet
1334 916 1381 953 qui
1405 916 1548 951 complura
1572 916 1706 951 legerunt,
1728 922 1791 941 am-

991 960 1096 996 bigant,
1111 969 1174 988 eum
1195 966 1268 989 recta
1280 961 1329 989 abs
1345 965 1371 988 te
1395 961 1517 988 narratio
1534 959 1689 994 conscripta
1700 959 1790 986 videa-

991 1008 1047 1032 tur.
1073 1005 1131 1032 Rex
1159 1004 1245 1040 igitur
1269 1005 1382 1038 Darius,
1408 1004 1551 1040 Hystaspis
1575 1003 1658 1037 filius,
1683 1002 1792 1030 auditor

991 1057 1050 1076 esse
1077 1052 1141 1076 tuus
1168 1048 1255 1084 cupit,
1285 1049 1475 1084 particepsque
1499 1048 1599 1075 Greca
1626 1047 1791 1075 eruditionis

991 1095 1062 1123 ﬁeri.
1087 1095 1189 1123 Venias
1214 1095 1305 1131 itaque
1328 1095 1530 1131 quamprimum
1555 1095 1589 1122 ad
1612 1099 1790 1130 conspectum

992 1147 1093 1173 meum,
1109 1148 1140 1168 ac
1159 1138 1260 1175 regiam
1285 1139 1409 1166 domum.
1434 1139 1520 1167 Graeci
1541 1139 1626 1172 enim,
1654 1143 1685 1166 ut
1706 1139 1790 1174 pluri-

990 1192 1066 1212 mum
1084 1184 1256 1220 sapientibus
1278 1184 1347 1212 viris
1369 1183 1549 1212 observandis
1575 1183 1668 1212 minus
1691 1184 1788 1217 dediti,

990 1233 1172 1265 aspernantur
1186 1237 1216 1257 ea
1228 1237 1288 1265 quae
1300 1229 1333 1256 ab
1348 1227 1391 1256 his
1404 1232 1476 1256 recte
1491 1228 1596 1256 fuerint
1609 1227 1770 1256 elucubrata
1782 1236 1787 1255 :

990 1275 1098 1303 tametsi
1135 1274 1270 1310 ejusmodi
1304 1274 1370 1306 sint,
1408 1278 1439 1301 ut
1475 1273 1631 1302 eruditione
1667 1278 1695 1301 et
1732 1282 1789 1310 gra-

990 1320 1075 1347 vitate
1090 1327 1145 1347 non
1161 1324 1280 1347 careant.
1295 1318 1377 1355 Apud
1395 1327 1438 1346 me
1450 1322 1542 1346 autem
1558 1318 1646 1346 aderit
1660 1318 1712 1346 tibi
1726 1327 1791 1346 om—

989 1364 1033 1392 nis
1055 1364 1155 1397 honor,
1176 1364 1363 1400 primatusque
1383 1363 1483 1397 omnis,
1509 1364 1686 1399 quotidieque
1708 1363 1791 1391 solli-

989 1409 1043 1437 cita
1070 1409 1236 1443 observatio,
1261 1413 1288 1437 et
1311 1413 1386 1445 grata
1411 1409 1571 1443 collocatio,
1598 1409 1712 1445 vitaque
1734 1408 1790 1437 tuis

989 1454 1112 1481 moribus
1127 1453 1286 1490 probabilis.
1303 1453 1381 1481 Vale.

1024 1519 1174 1547 Heraclitus
1188 1519 1318 1554 Ephesius
1342 1519 1396 1554 regi
1420 1518 1515 1550 Dario.
1532 1518 1671 1554 Hystaspis
1686 1517 1752 1554 ﬁlio.

127 1570 222 1606 perire
245 1578 300 1597 non
325 1574 438 1607 possunt
461 1580 467 1599 :
498 1579 562 1599 cum
586 1571 698 1599 inventa
721 1572 834 1607 fuerint,
855 1573 889 1601 ad
914 1578 939 1604 te
955 1578 976 1608 Ο
1026 1577 1165 1613 Quotquot
1184 1577 1312 1604 mortales
1327 1576 1355 1604 in
1374 1576 1455 1604 terris
1471 1577 1578 1611 vivunt,
1594 1584 1611 1604 a
1625 1576 1740 1603 veritate
1759 1583 1791 1604 ac

131 1615 304 1643 deferentur.

421 1665 500 1694 Plato
520 1666 652 1702 Archyta.

168 1709 238 1743 Quae
250 1709 299 1737 abs
320 1713 346 1737 te
361 1710 441 1738 nobis
458 1711 541 1738 allata
565 1716 629 1739 sunt
651 1711 863 1746 Commentaria,
881 1712 936 1740 dici

133 1762 189 1782 non
222 1758 321 1790 potest,
352 1763 434 1792 quam
461 1755 579 1784 libenter
602 1756 757 1793 accepimus
784 1766 790 1790 ;
834 1757 936 1793 quique

133 1799 183 1827 illa
208 1799 329 1835 scripsit,
355 1800 384 1827 in
407 1801 504 1837 primis
528 1800 655 1829 admirati
681 1810 785 1830 sumus.
811 1802 937 1830 Ostendit

134 1844 209 1871 enim
240 1845 362 1881 profecto
391 1846 435 1873 vir
473 1845 530 1880 ille,
570 1846 685 1882 dignum
723 1855 750 1874 se
788 1846 938 1882 majoribus

988 1622 1096 1658 justitia
1111 1622 1260 1656 abstinent,
1282 1623 1405 1650 avaritia:
1429 1627 1521 1650 autem
1546 1626 1573 1650 et
1597 1621 1674 1649 inani
1694 1621 1789 1657 gloria:

991 1668 1196 1704 inexplebiliter
1212 1668 1369 1702 intendunt,
1396 1668 1509 1704 perditae
1531 1667 1676 1696 dementiae
1696 1677 1787 1696 causa.

992 1714 1048 1749 Ego
1059 1718 1160 1748 autem,
1173 1714 1263 1741 onmis
1276 1714 1423 1741 immemor
1433 1713 1573 1748 nequitiae,
1590 1712 1790 1749 fastidiumque

991 1758 1117 1786 devitans
1131 1758 1221 1786 omnis
1236 1757 1349 1785 invidiae
1359 1757 1526 1791 domesticae,
1543 1765 1603 1793 quae
1616 1756 1788 1792 splendorem

992 1803 1116 1831 comitari
1133 1803 1211 1836 solet,
1228 1810 1370 1838 nunquam
1388 1802 1418 1829 in
1434 1802 1579 1830 Persarum
1598 1802 1687 1829 solum
1702 1800 1791 1829 adve-

992 1847 1090 1881 nirem,
1107 1846 1201 1883 paucis
1215 1850 1370 1881 contentus,
1387 1840 1446 1883 qua
1461 1849 1526 1874 sunt
1536 1845 1686 1874 secundum
1703 1853 1790 1873 meam

134 1890 193 1918 illis
221 1891 290 1925 suis,
320 1892 521 1929 antiquissimis
545 1898 627 1930 atque
649 1892 762 1929 optimis
787 1893 865 1921 viris.
889 1893 937 1920 Fe-
992 1892 1167 1920 sententiam.

137 1951 296 1958 -—__

281 2032 565 2075 EPISTOL/E
614 2033 740 2076 DU/E
791 2033 862 2075 DE
911 2032 1185 2092 MONACHO
1237 2031 1644 2075 ENERGUMENO.

174 2169 208 2198 In
223 2169 371 2205 exemplari
379 2169 407 2198 S.
426 2170 551 2197 Germani
565 2171 601 2198 ad
611 2170 724 2198 Pratum
739 2170 968 2204 Scholasticorum,
982 2173 1042 2205 post
1062 2173 1113 2197 tres
1130 2169 1211 2197 libros
1233 2169 1264 2197 de
1284 2168 1396 2205 Ofﬁciis,
1413 2169 1452 2197 hie
1473 2168 1533 2196 dum
1547 2168 1675 2204 Epistolis
1697 2177 1793 2204 seque-

140 2214 250 2243 bantur.
266 2214 389 2242 Priorem
412 2223 464 2242 εδει
481 2215 616 2242 Ambrosii
637 2215 813 2250 persuadebal
827 2215 938 2242 materia
961 2214 997 2241 ad
1015 2213 1085 2242 illud
1101 2216 1200 2249 tempus
1214 2213 1412 2240 accommodata
1440 2212 1470 2239 de
1492 2212 1618 2246 Antonio,
1640 2212 1791 2247 Hilarione,

139 2260 291 2293 Machario,
310 2260 447 2295 Gervasio,
464 2261 614 2295 Prothasio,
631 2261 662 2288 de
676 2260 868 2289 Mediolanensi
881 2260 985 2287 civitate
999 2259 1027 2286 in
1039 2267 1093 2293 qua
1107 2258 1234 2293 scriptam
1248 2257 1331 2292 fuisse
1351 2260 1460 2285 constat.
1486 2257 1559 2285 Illud
1574 2260 1674 2285 tantum
1689 2260 1719 2285 ut
1737 2258 1792 2285 ilu—

139 2304 284 2332 bitaremus
298 2304 368 2339 fecit,
382 2306 453 2340 quod
465 2308 533 2332 vocet
557 2305 726 2333 Germanicos
742 2308 766 2332 et
780 2305 917 2340 Anyelicos
932 2308 955 2332 et
977 2304 1093 2332 Italicos.
1116 2303 1254 2331 Posterior
1278 2303 1366 2330 minus
1386 2302 1462 2330 habet
1476 2302 1611 2330 Ambrosii
1627 2311 1632 2330 :
1650 2303 1693 2330 sed
1707 2306 1792 2331 tamen

138 2350 318 2384 appressimus
332 2352 481 2384 utramque,
496 2350 560 2385 quia
572 2353 712 2385 utramque
725 2350 863 2385 antiquam
878 2358 930 2377 esse
943 2352 967 2377 et
980 2347 1069 2376 utilem
1079 2347 1270 2382 judicavimus.

387 2419 557 2448 EPISTOLA
568 2420 687 2447 PRIMA.

175 2463 228 2492 Vir
241 2464 354 2499 quidam
370 2464 514 2500 religiosus
529 2468 611 2500 atque
622 2464 650 2491 in
667 2464 827 2492 monachico
843 2463 939 2492 habitu

138 2508 307 2536 constitutus
324 2512 400 2542 tunc,
418 2512 512 2535 nostro
526 2512 648 2544 tempore
663 2516 737 2535 nunc
754 2508 860 2545 antiqui
876 2508 939 2536 hos-

138 2551 175 2579 tis
189 2556 231 2579 est
243 2552 367 2580 inaudita
382 2553 534 2580 tentatione
549 2553 681 2588 pulsatus,
699 2552 738 2580 ita
753 2556 783 2580 ut
798 2552 870 2580 idem
886 2561 940 2580 ma-

140 2595 232 2631 lignus
247 2596 362 2632 spiritus
372 2597 601 2625 vestimentorum
618 2597 677 2633 ejus
692 2597 841 2632 particulas
854 2600 880 2624 et
895 2605 941 2624 ex-

139 2644 182 2667 tra
199 2640 278 2668 illum
294 2641 376 2668 etiam
392 2641 598 2677 incompositas,
626 2641 769 2668 immunda
783 2641 941 2669 colluvione

138 2685 264 2713 crebrius
280 2685 403 2713 foedaret.
420 2687 486 2719 Quae
510 2686 647 2713 intantum
663 2689 719 2713 erat
736 2685 881 2720 horrenda,
898 2686 942 2714 fe-

140 2730 200 2758 tida
214 2735 240 2759 et
255 2731 349 2765 noxia,
367 2735 398 2758 ut
413 2739 475 2767 pars
490 2730 608 2759 vestium
623 2739 705 2766 quam
724 2730 866 2766 tetigisset,
881 2731 941 2758 nul-

140 2773 195 2801 lius
220 2773 314 2811 [forte
336 2775 418 2809 nulli,
444 2779 492 2802 aut
511 2775 616 2803 nullius
635 2774 699 2812 rei]
722 2774 850 2811 deinceps
873 2780 942 2804 esset

140 2821 204 2848 usui
227 2825 300 2857 apta,
326 2829 483 2858 quanquam
509 2821 606 2850 fuisset
629 2821 731 2850 abluta.
754 2823 793 2850 De
807 2830 861 2859 qua
878 2830 941 2851 cum

955 2421 979 2450 D
995 2419 1177 2455 interrogatus
1199 2419 1320 2452 fuissem,
1347 2426 1397 2446 cur
1420 2415 1594 2453 omnipotens
1617 2416 1691 2445 Deus
1710 2415 1793 2445 talem

994 2467 1103 2491 versuto
1119 2463 1239 2499 serpenti
1255 2467 1415 2499 potestatem
1432 2462 1460 2489 in
1471 2471 1533 2490 eum
1545 2462 1674 2496 dedisset,
1692 2466 1722 2489 ut
1736 2469 1793 2489 cor-

995 2508 1038 2536 dis
1052 2509 1110 2544 ejus
1126 2508 1329 2536 immunditiam
1346 2508 1413 2536 foris
1433 2508 1598 2541 ostenderet,
1620 2507 1694 2544 quod
1717 2515 1794 2533 nun-

996 2561 1077 2590 quam
1101 2553 1128 2580 in
1148 2553 1278 2580 exteriori
1294 2553 1390 2581 habitu
1414 2553 1533 2586 fecisset,
1560 2551 1613 2579 nisi
1633 2550 1792 2578 interiorem

996 2598 1109 2625 omnino
1124 2598 1300 2633 corrupisset,
1321 2597 1427 2625 scilicet
1441 2601 1489 2625 aut
1504 2595 1667 2625 infidelitate
1682 2598 1708 2622 et
1723 2594 1794 2622 blas-

996 2643 1115 2678 phemia,
1137 2646 1183 2670 aut
1200 2647 1272 2670 certe
1289 2642 1364 2670 inani
1379 2646 1405 2671 et
1421 2651 1490 2670 vana
1505 2641 1601 2677 gloria,
1626 2639 1756 2675 respondi
1786 2648 1792 2668 :

996 2687 1091 2715 Sanies
1104 2687 1203 2723 quippe
1227 2687 1302 2714 intus
1327 2687 1355 2714 in
1381 2687 1461 2715 corde
1477 2687 1551 2713 foras
1566 2693 1614 2720 per
1631 2684 1795 2712 vestimenta

997 2732 1128 2760 manavit.
1145 2732 1231 2765 Quem
1246 2732 1310 2768 quia
1322 2733 1399 2767 longe
1415 2731 1518 2767 positus
1533 2733 1600 2763 erat,
1618 2737 1666 2765 ego
1683 2728 1795 2765 quidem

996 2785 1052 2805 non
1067 2776 1136 2811 vidi,
1154 2776 1200 2804 sed
1215 2780 1318 2811 tamen,
1344 2781 1374 2804 ut
1389 2775 1516 2809 arbitror,
1538 2772 1596 2802 haec
1614 2773 1643 2801 in
1668 2774 1717 2801 illo
1732 2781 1795 2801 vere

996 2820 1122 2857 praavidi.
1138 2821 1216 2855 Quod
1240 2821 1263 2849 si
1286 2821 1324 2849 ita
1347 2827 1402 2848 non
1426 2822 1476 2854 est,
1493 2818 1629 2855 numquid
1645 2822 1736 2847 tamen
1751 2817 1795 2846 fa-
