4068 6186
517 314 652 380 1191

1521 320 1617 376 AD
1658 311 1891 377 OI’ERA
1930 318 1984 374 S.
2025 317 2358 377 AMBROSII
2396 306 2775 373 APPENDIX.

3682 314 3810 375 1192

515 456 631 503 tum
673 455 897 519 putatur
926 447 1044 500 sine
1086 461 1249 500 causa
1286 452 1339 499 et
1377 452 1661 515 propterea
1700 450 1931 513 gestum,
1966 442 2113 497 utin
2147 447 2197 504 Α
2228 442 2497 514 perfectos
2546 443 2849 498 ostendam.
2903 439 3141 496 Obsecro
3180 439 3363 513 itaque
3401 439 3529 495 illos
3577 440 3673 512 qui
3712 440 3823 498 haec

514 554 578 595 eo
604 537 935 594 munditiam
969 534 1151 591 cordis
1180 535 1396 591 fmditas
1422 534 1515 591 illa
1545 542 1806 604 servaret,
1835 552 1937 592 nec
1973 536 2116 592 hanc

491 629 757 695 callidus
791 625 965 681 hostis
1002 626 1155 680 inani
1186 625 1358 697 gloria
1389 626 1618 682 foedaret
1651 645 1662 683 :
1704 626 1868 682 sicuti
1912 627 2117 681 Paulus

512 734 581 773 ne
612 717 678 772 de
710 714 1061 771 revelationis
1108 716 1487 787 magnitudine
1536 716 1773 785 timeret,
1825 717 2113 771 stimulum

510 805 690 861 carnis
719 804 947 876 accepit.
981 805 1036 860 Si
1068 806 1251 878 itaque
1281 806 1476 861 horum
1508 806 1814 879 quodlibet,
1846 813 1941 860 aut
1971 813 2116 862 certe

512 896 556 950 si
588 912 697 949 non
744 895 933 962 fuerit,
971 896 1243 968 numquid
1282 903 1469 952 tamen
1521 896 1663 968 quod
1702 897 1768 952 ad
1806 904 2114 951 extremum

511 976 791 1056 positurus
816 1002 937 1040 sum
964 1002 1155 1041 verum
1184 1002 1294 1041 non
1323 986 1427 1040 erit
1458 986 1485 1041 ?
1516 986 1721 1041 Verum
1751 993 1832 1040 est
1863 986 2110 1041 omnino.

510 1076 715 1133 Verum
748 1084 827 1131 est
858 1076 1005 1149 quod
1050 1076 1195 1145 dico,
1246 1094 1357 1133 non
1399 1094 1514 1133 esse
1557 1078 1930 1133 colluvionem
1964 1077 2112 1131 illam

512 1164 854 1220 extrinsecus
875 1166 1073 1220 animae
1100 1165 1346 1232 noxiam,
1381 1166 1425 1221 si
1458 1165 1573 1236 ipsa
1597 1181 1812 1221 servare
1843 1164 2117 1220 studuerit

508 1251 658 1309 intus
687 1254 870 1309 cordis
908 1254 1259 1310 munditiam.
1298 1256 1512 1310 Interea
1560 1255 1703 1311 sicut
1733 1262 1794 1309 tu
1826 1254 1941 1325 ipse
1966 1252 2112 1323 judi-

510 1359 633 1399 care
660 1343 886 1410 curasti,
922 1344 1088 1400 audio
1119 1345 1383 1416 quosdam
1415 1345 1561 1417 apud
1604 1362 1702 1401 vos
1741 1343 1922 1400 dicere
1956 1361 1966 1398 :
1994 1343 2115 1397 Non

510 1449 667 1504 posse
704 1434 943 1505 aliquem
992 1435 1049 1489 in
1094 1434 1268 1506 patria
1315 1453 1425 1491 sure
1460 1434 1768 1491 nativitatis
1814 1432 2113 1505 perfectum

509 1537 645 1589 esse,
678 1522 820 1577 illud
851 1522 907 1577 in
939 1534 1326 1595 argumentum
1357 1533 1717 1591 assumentes,
1749 1522 1896 1594 quod
1927 1520 2113 1578 Domi-

508 1625 613 1665 nus
644 1610 792 1665 dixit
826 1629 836 1667 :
872 1612 1043 1668 Nemo
1067 1614 1335 1685 propheta
1362 1621 1617 1685 acceptus
1632 1620 1713 1667 est
1734 1613 1792 1667 in
1813 1610 1988 1682 patria
2018 1626 2115 1663 sua

511 1696 663 1769 (Luc.
716 1700 821 1770 1v).
874 1700 1021 1767 Quos
1062 1703 1302 1773 primum
1351 1709 1565 1773 oportet
1608 1700 1817 1755 ratione
1864 1698 2115 1754 veritatis

509 1787 709 1855 refelli,
745 1796 798 1842 et
845 1789 925 1843 sic
962 1790 1184 1844 demum
1214 1791 1451 1861 qualiter
1481 1787 1839 1867 intelligenda
1885 1787 1956 1842 sit
1988 1804 2105 1858 pro-
2141 1809 2184 1867 Β

506 1875 619 1930 lata
650 1877 923 1931 sententia
953 1877 1340 1933 demonstrari.
1372 1877 1619 1933 Audiant
1642 1850 1812 1949 igitur
1840 1877 2109 1950 patienter

511 1964 605 2034 qui
636 1964 753 2019 hzec
782 1965 995 2034 dicunt,
1029 1967 1159 2038 quia
1188 1967 1319 2022 dum
1360 1985 1580 2023 sensum
1613 1984 1776 2023 sacrae
1807 1966 2104 2039 Scriptura:

509 2052 808 2122 prudenter
865 2072 975 2109 non
1042 2057 1412 2125 considerant,
1467 2073 1604 2128 pene
1655 2073 1845 2112 omnes
1892 2064 2109 2113 sanctos

505 2150 881 2198 contemnant.
913 2143 969 2197 Si
991 2144 1139 2200 enim
1170 2145 1247 2201 ita
1277 2154 1380 2214 est,
1403 2154 1465 2202 ut
1494 2153 1763 2214 asserunt,
1798 2162 1927 2217 ergo
1950 2154 2107 2217 quot-

502 2241 638 2304 quot
664 2249 733 2286 ex
763 2234 1025 2290 Romanis
1063 2237 1337 2303 conversi,
1370 2235 1514 2307 apud
1544 2237 1820 2291 Romanos
1847 2237 2052 2306 degunt
2090 2252 2102 2290 :

502 2330 775 2394 quotquot
795 2339 862 2377 ex
884 2324 1107 2391 Graecis,
1132 2325 1276 2395 apud
1308 2325 1525 2380 Grzecos
1561 2343 1572 2379 :
1606 2332 1874 2397 quotquot
1901 2340 1970 2379 ex
1996 2325 2106 2379 Ita-

502 2410 592 2478 lis,
624 2411 768 2481 apud
817 2413 985 2468 Italos
1021 2431 1031 2467 :
1067 2421 1336 2485 quotquot
1379 2431 1446 2476 ex
1484 2413 1721 2480 Hiberis,
1754 2413 1897 2484 apud
1931 2414 2105 2469 Ilibe—

502 2516 633 2554 ros:
673 2509 942 2573 quotquot
990 2518 1058 2557 ex
1100 2502 1462 2569 Germanicis,
1511 2502 1657 2572 apud
1698 2502 2051 2558 Germanicos
2090 2520 2101 2558 :

504 2595 774 2662 quotquot
810 2604 879 2643 ex
909 2589 1277 2661 Aquitanicis,
1331 2591 1475 2662 apud
1504 2591 1864 2662 Aquitanicos
1893 2609 1904 2646 :
1950 2599 2104 2663 quot-

505 2685 638 2750 quot
665 2694 735 2733 ex
761 2678 977 2750 Anglis,
1011 2679 1153 2750 apud
1188 2680 1394 2750 Anglos
1432 2680 1685 2751 religiose
1722 2679 1943 2749 vivunt,
1987 2681 2106 2735 im-

506 2767 731 2838 perfecti
753 2774 936 2822 erunt.
962 2768 1101 2824 Ecce
1124 2769 1328 2824 Paulus
1357 2777 1409 2824 et
1435 2769 1711 2824 Antonius
1740 2786 1809 2824 ex
1830 2769 2101 2839 Thebazis,

498 2858 643 2929 apud
669 2856 932 2912 Thebaeos
962 2859 1189 2928 perfecti
1221 2868 1368 2914 sunt.
1403 2861 1544 2915 Ecce
1567 2860 1817 2915 Hilarion
1839 2877 1905 2915 ex
1936 2860 2098 2915 Palae-

498 2946 682 3014 stinis,
713 2946 857 3017 apud
909 2946 1231 3002 Palaestinos
1261 2948 1533 3019 perfectus
1566 2957 1664 3003 est.
1698 2949 1839 3004 Ecce
1872 2948 2102 3004 Macha—

497 3036 613 3089 rius
660 3051 728 3089 ex
776 3036 1075 3107 IEgyptiis,
1123 3037 1268 3107 apud
1325 3038 1619 3109 z’Egyptios
1674 3039 1947 3109 perfectus
1993 3045 2094 3093 est.

496 3124 638 3178 Ecce
668 3123 1042 3196 Oxyrynchus
1089 3125 1288 3180 civitas
1329 3143 1397 3181 ex
1442 3127 1677 3198 propriis
1723 3127 1939 3183 civibus
1987 3135 2102 3182 tota

2223 532 2366 603 apud
2410 548 2510 586 vos
2553 531 2673 586 ﬁeri
2716 546 2874 603 posse
2916 531 3207 600 denegant,
3242 538 3303 584 ut
3333 528 3588 602 vigilanti
3644 530 3823 586 studio

2222 619 2593 687 considerent,
2623 636 2723 675 cur
2760 636 2873 674 non
2900 619 3107 674 dixerit
3155 619 3427 674 Dominus
3459 635 3470 673 :
3506 619 3681 675 Nemo
3710 636 3822 691 pro-

2223 711 2385 782 pheta
2412 711 2685 782 perfectus
2713 718 2794 766 est
2825 710 2882 765 in
2913 709 3090 782 patria
3132 726 3252 777 sua,
3302 709 3395 765 sed
3433 726 3445 763 :
3478 710 3643 765 Nemo
3677 727 3822 765 acce—

2218 814 2342 879 ptus
2371 808 2527 861 estin
2553 807 2737 879 patria
2779 824 2877 861 sua
2918 808 3070 877 (Luc.
3120 823 3204 874 1v,
3250 806 3365 877 24).
3421 804 3526 862 Sed
3574 803 3652 861 ibi
3696 806 3819 877 quid

2224 897 2374 952 aliud
2430 896 2849 969 intelligendum
2898 905 2998 965 est,
3044 897 3151 952 nisi
3202 896 3332 968 quia
3386 912 3498 951 non
3544 904 3816 968 acceptum

2223 986 2390 1053 dixit,
2421 1003 2765 1060 nequaquam
2796 994 3097 1057 receptum.
3130 985 3289 1052 Quod
3312 986 3382 1041 de
3411 985 3658 1058 antiquis
3690 1002 3817 1057 pro—

2226 1075 2405 1148 phetis
2434 1084 2487 1131 et
2535 1076 2711 1148 seipso
2764 1073 3259 1146 dictumintelligi
3311 1074 3510 1142 voluit,
3543 1076 3642 1146 qui
3686 1074 3819 1146 apud

2224 1167 2537 1223 incredulos
2579 1169 2795 1224 Iudaeos
2829 1184 2940 1223 non
2982 1167 3210 1222 fuerunt
3238 1166 3466 1238 accepti,
3516 1165 3613 1221 sed
3656 1166 3820 1237 magis

2224 1257 2412 1329 spreti,
2464 1256 2740 1329 Stephano
2787 1256 2854 1311 ad
2898 1273 2990 1311 eos
3029 1256 3249 1311 dicente
3284 1273 3295 1310 :
3350 1256 3513 1322 Quem
3544 1256 3819 1327 propheta-

2223 1362 2346 1401 rum
2374 1364 2478 1401 non
2510 1353 2632 1402 sunt
2654 1346 2917 1418 persecuti
2948 1344 3089 1416 (Act.
3127 1363 3230 1413 vn,
3257 1343 3351 1416 52)
3383 1345 3411 1399 ?

2687 1470 3031 1527 EPISTOLA
3052 1470 3356 1526 ALTERA.

2295 1578 2632 1635 Praedicator
2662 1579 3058 1651 omnipotentis
3094 1576 3318 1634 Domini
3350 1577 3552 1633 Paulus
3600 1585 3821 1650 aposto-

2225 1670 2311 1726 lus
2358 1670 2534 1725 dicit:
2569 1668 2850 1728 Seniorem
2896 1685 2964 1724 ne
3009 1667 3381 1739 iucrepaveris
3423 1668 3556 1739 (Tit.
3600 1673 3686 1738 v).
3724 1668 3819 1725 Sed

2224 1761 2341 1818 hac
2370 1761 2486 1833 ejus
2515 1762 2786 1828 sententia
2820 1760 2877 1815 in
2907 1776 2970 1816 ea
2998 1778 3055 1815 re
3082 1760 3352 1816 servanda
3377 1767 3480 1824 est,
3507 1776 3633 1815 cum
3663 1762 3817 1832 culpa

2223 1848 2454 1905 senioris
2483 1852 2737 1922 exemplo
2780 1867 2879 1906 suo
2917 1866 3028 1905 non
3078 1848 3256 1905 tradat
3302 1848 3466 1922 [forte
3502 1849 3705 1923 trahat]
3751 1852 3817 1908 ad

2224 1938 2511 1994 interitum
2540 1939 2705 1994 corda
2728 1938 3037 2010 juniorum.
3063 1938 3168 1995 Ubi
3194 1947 3376 1995 autem
3396 1939 3582 1995 senior
3604 1939 3817 2010 juveni-

2221 2028 2326 2084 bus
2373 2029 2689 2099 exemplum
2737 2028 2806 2083 ad
2843 2028 3130 2084 interitum
3181 2029 3406 2100 praebet,
3448 2028 3527 2084 ibi
3573 2029 3822 2085 districta

2224 2116 2597 2188 increpatione
2634 2113 2914 2170 feriendus
2946 2123 3049 2181 est,
3081 2115 3210 2187 quia
3247 2114 3513 2186 scriptum
3544 2123 3628 2170 est
3663 2133 3676 2170 :
3713 2115 3820 2170 La-

2222 2205 2649 2277 queusjuvenum
2678 2222 2854 2260 omnes
2890 2222 2977 2258 cos
3010 2204 3144 2276 (Isa.
3176 2221 3312 2272 XLII,
3345 2204 3434 2276 22)
3473 2222 3485 2260 :
3519 2212 3576 2260 et
3602 2221 3819 2261 rursum

2223 2295 2486 2367 propheta
2511 2294 2647 2350 dicit
2682 2312 2692 2350 :
2728 2296 2801 2349 Et
2823 2301 3064 2364 peccator
3109 2300 3312 2347 centum
3345 2310 3615 2348 annorum
3656 2295 3825 2348 mte-

2221 2387 2392 2441 dictus
2425 2385 2580 2457 (Isai.
2604 2402 2734 2453 va,
2764 2384 2877 2455 20).
2902 2384 3075 2439 Tanta
3100 2391 3280 2439 autem
3304 2382 3553 2454 nequitia
3577 2382 3649 2437 ad
3669 2399 3822 2438 aures

2221 2492 2366 2530 meas
2395 2473 2462 2553 de
2497 2484 2590 2530 tua
2619 2481 2896 2530 senectute
2934 2472 3206 2545 pervenit,
3238 2479 3298 2527 ut
3328 2488 3442 2526 eam
3481 2471 3592 2527 nisi
3640 2471 3822 2527 adhuc

2220 2563 2519 2619 humanius
2548 2580 2919 2636 pensaremus,
2942 2561 3053 2624 ﬁxa
3071 2560 3185 2633 jam
3218 2560 3605 2617 maledictione
3640 2560 3826 2616 ferire-

2222 2672 2365 2711 mus.
2417 2658 2639 2713 Dictum
2685 2655 2887 2728 quippe
2928 2661 3030 2719 est,
3078 2653 3227 2727 quod
3274 2651 3694 2708 dominicorum
3740 2651 3821 2707 die

2217 2746 2534 2819 priusquam
2576 2745 2865 2800 Missurum
2897 2742 3165 2801 solemnia
3201 2741 3523 2810 celebrares,
3563 2740 3636 2795 ad
3688 2758 3820 2797 exa-

2215 2835 2442 2890 raudam
2496 2851 2728 2890 messem
2779 2833 2967 2889 latoris
3010 2833 3361 2906 prassentium
3393 2830 3698 2904 perrexisti
3729 2849 3741 2886 :
3773 2838 3823 2886 et

2215 2936 2338 2998 post
2367 2927 2739 2981 exarationem
2784 2924 2899 2995 ejus
2939 2923 3227 2981 Missarum
3270 2921 3541 2977 solemnia
3573 2922 3817 2977 celebra-

2215 3033 2319 3071 res.
2354 3018 2484 3071 Post
2522 3015 2808 3071 Missarum
2856 3012 3124 3069 solemnia
3167 3011 3329 3067 etiam
3378 3010 3655 3066 terminos
3689 3028 3820 3083 pos—

2213 3104 2519 3160 sessionum
2563 3104 2716 3159 illius
2744 3103 3020 3158 eradicare
3065 3101 3292 3156 minime
3334 3099 3592 3155 timuisti.
3652 3098 3819 3155 Dubii

494 3214 735 3287 perfecta
757 3180 862 3269 ξεί,
895 3216 1055 3283 Ecce,
1104 3223 1164 3270 ut
1193 3216 1259 3271 ad
1300 3180 1583 3287 prox;,n(;s
1612 3180 1684 3272 ξι
1716 3180 1931 3273 έίείιέοέ
1960 3180 2097 3271 nas;
2138 3180 2180 3238 Ο
2209 3204 2391 3250 autem
2423 3194 2488 3249 de
2516 3201 2666 3250 tanta
2696 3195 2797 3249 hac
2823 3192 3177 3264 perversitate
3205 3191 3643 3287 fueranius,_sed
3679 3191 3823 3246 ﬁlius

492 3309 607 3358 tros
646 3303 952 3370 veniamus,
986 3303 1303 3358 Protbasius
1348 3312 1401 3358 et
1446 3304 1740 3360 Gervasius
1769 3304 1825 3359 in
1877 3305 2097 3376 propria

492 3391 595 3448 hac
625 3392 1020 3448 Mediolanensi
1050 3393 1300 3460 civitate,
1327 3394 1656 3464 prOpriaque
1684 3392 1848 3448 domo
1872 3408 2091 3446 manen-

495 3490 591 3549 tes,
625 3499 687 3538 ac
716 3499 812 3554 per
849 3484 1037 3540 decem
1087 3500 1262 3539 annos
1294 3485 1692 3541 monachorum
1725 3484 1895 3540 vitam
1925 3500 2095 3539 exer—

488 3581 691 3639 centes,
722 3572 797 3628 ita
824 3573 1051 3643 perfecti
1083 3573 1328 3641 fuerunt,
1363 3583 1425 3629 ut
1454 3582 1724 3645 martyres
1754 3573 1969 3629 ﬁerent.
2003 3573 2093 3628 An

494 3660 636 3715 forte
662 3662 777 3715 sola
806 3669 994 3715 nostra
1017 3662 1303 3732 provincia
1342 3669 1498 3717 extra
1526 3662 1671 3717 hanc
1700 3662 1945 3732 regulam
1986 3661 2094 3717 erit

489 3755 741 3817 excepta,
775 3754 837 3801 ut
865 3763 978 3801 non
1018 3750 1083 3802 de
1129 3748 1389 3819 propriis,
1440 3750 1535 3805 sed
1568 3757 1777 3805 tantum
1818 3749 1885 3805 de
1914 3760 2089 3807 extre-

484 3834 592 3890 mis
616 3832 778 3906 [forte
806 3834 1074 3909 externis]
1105 3836 1302 3892 habeat
1342 3837 1641 3893 monachos
1670 3838 1697 3893 ‘2
1726 3838 2088 3910 Satagendum

484 3924 654 3996 igitur
685 3926 858 3996 magis
881 3935 982 3994 est,
1004 3937 1067 3983 ut
1082 3926 1175 3982 ubi
1196 3926 1318 3998 quis
1341 3925 1691 3997 fuerit,juxta
1709 3928 1948 3998 regulam
1973 3944 2087 3999 per-

483 4012 755 4069 fectorum
784 4015 958 4083 vivat,
1014 4023 1067 4071 et
1094 4032 1204 4070 non
1241 4025 1550 4086 parentum,
1584 4033 1694 4071 non
1732 4016 2088 4089 propinquo-

481 4118 626 4171 rum,
658 4120 770 4158 non
801 4102 1050 4158 afﬁnium
1073 4104 1350 4161 illecebris
1379 4122 1407 4158 a
1438 4105 1527 4159 via
1548 4105 1902 4176 perfectionis
1923 4105 2087 4170 decli-

484 4203 577 4249 net
623 4195 836 4265 (Matth.
883 4210 1001 4263 xxx,
1054 4196 1171 4266 21).
1222 4195 1312 4250 Sic
1364 4203 1528 4262 certe,
1577 4195 1740 4266 juxta
1786 4196 2086 4251 Salvatoris

479 4284 828 4350 sententiam,
853 4284 994 4354 patri
1026 4285 1319 4355 matrique,
1364 4283 1630 4339 fratribus
1672 4283 2079 4357 sororibusque,

479 4371 769 4439 uxoribus,
805 4371 956 4440 ﬁliis,
990 4371 1269 4439 domibus,
1301 4371 1464 4442 agris,
1490 4380 1546 4427 et
1575 4372 1790 4428 cunctis
1810 4389 1929 4444 quas
1962 4390 2081 4445 pos-

479 4459 640 4526 sidet,
675 4464 992 4516 renuntiare
1034 4462 1260 4517 valebit.
1302 4464 1416 4516 Hoc
1447 4470 1628 4517 autem
1662 4462 1786 4517 dico
1817 4478 1926 4517 non
1971 4478 2079 4534 quo

2208 3291 2393 3339 noster
2414 3283 2703 3350 Quiriacus
2733 3282 2897 3338 abbas
2926 3298 2956 3337 a
2986 3282 3145 3338 nobis
3173 3280 3469 3354 requisitus
3500 3279 3647 3334 dum
3679 3290 3819 3337 esset

2208 3370 2434 3438 Caralis,
2469 3371 2544 3426 ita
2576 3387 2631 3425 se
2660 3368 2981 3441 cognovisse
3032 3368 3332 3441 perhibuit.
3366 3368 3439 3423 Et
3469 3367 3601 3439 quia
3638 3368 3819 3423 adhuc

2205 3458 2356 3514 canis
2385 3459 2496 3514 tuis
2536 3458 2833 3530 parcimus,
2868 3457 3155 3513 hortamur
3198 3454 3498 3528 aliquando
3530 3457 3814 3529 resipisce,

2203 3563 2392 3615 senex,
2444 3556 2606 3619 atque
2648 3554 2857 3603 tantam
2907 3547 3185 3602 lenitatem
3232 3562 3452 3601 morum
3495 3552 3552 3600 et
3580 3563 3817 3618 operum

2205 3637 2619 3708 perversitatem
2647 3653 2929 3709 compesce
2966 3654 2977 3691 :
3016 3637 3111 3708 qui
3133 3644 3338 3709 quanto
3366 3636 3536 3690 morti
3568 3636 3816 3692 vicinior

2201 3731 2451 3801 eﬂiceris,
2484 3739 2638 3787 tanto
2665 3730 2784 3787 ﬁeri
2813 3730 3107 3787 sollicitior
3144 3738 3305 3803 atque
3335 3728 3591 3785 timidior
3625 3730 3809 3786 debes.

2199 3819 2271 3873 Et
2301 3819 2522 3891 quidem
2556 3836 2728 3890 poenae
2769 3818 3039 3875 sententia
3071 3819 3126 3873 in
3157 3827 3210 3874 te
3240 3818 3419 3874 fuerat
3456 3816 3762 3889 jaculanda
3792 3835 3805 3884 ;

2199 3906 2294 3962 sed
2338 3908 2467 3979 quia
2513 3908 2922 3980 simplicitatem
2970 3915 3123 3963 tuam
3155 3923 3281 3964 cum
3316 3916 3602 3963 senectute
3638 3908 3811 3964 novi-

2198 4011 2339 4063 mus,
2388 3994 2611 4051 interim
2660 4005 2925 4052 tacemus.
2974 3998 3086 4051 Eos
3116 4012 3246 4051 vero
3282 4011 3520 4068 quorum
3549 3996 3809 4052 consiliis

2194 4086 2311 4144 haec
2357 4089 2535 4160 egisti,
2588 4089 2646 4143 in
2695 4087 2910 4144 duobus
2962 4088 3241 4143 mensibus
3286 4089 3808 4143 excommunicatos

2193 4179 2539 4237 decernimus
2573 4198 2584 4236 :
2620 4181 2697 4237 ita
2724 4187 2787 4236 ut
2826 4181 2873 4236 si
2913 4179 3046 4253 quid
3076 4181 3155 4235 eis
3183 4179 3329 4234 infra
3357 4178 3597 4234 duorum
3640 4196 3808 4235 men-

2192 4271 2333 4326 sium
2387 4273 2622 4344 spatium
2681 4270 3005 4327 humanitus
3059 4269 3324 4337 evenerit,
3397 4269 3805 4326 benedictione

2191 4346 2380 4416 viatici
2429 4376 2541 4415 non
2592 4360 2901 4432 priventur.
2949 4361 3215 4431 Deinceps
3252 4365 3435 4414 autem
3482 4359 3551 4413 ab
3602 4376 3804 4415 eorum

2188 4452 2438 4508 consiliis
2466 4460 2665 4508 cautus
2686 4453 2908 4520 exsiste,
2935 4461 3096 4525 teque
3122 4450 3392 4506 sollicitus
3419 4449 3650 4505 custodi
3688 4470 3703 4506 :
3736 4466 3805 4505 ne

478 4568 779 4608 secessores
825 4554 920 4625 qui
959 4555 1025 4609 de
1073 4572 1241 4627 regno
1272 4556 1339 4610 ad
1377 4572 1628 4627 regnum,
1661 4553 1726 4609 de
1756 4554 1977 4626 publico
2010 4553 2078 4610 ad
2108 4534 2156 4592 D
2191 4543 2237 4598 εἰ
2268 4542 2347 4598 eis
2385 4544 2442 4597 in
2470 4544 2613 4598 malo
2649 4542 2955 4614 ᾱίεοὶριιιιιε
2982 4543 3172 4609 fueris,
3203 4540 3407 4613 quibus
3435 4539 3716 4611 magister
3746 4542 3801 4595 ἰιι

475 4656 723 4696 eremum
753 4650 1058 4710 transeunt,
1108 4660 1321 4699 summa
1352 4644 1512 4699 laude
1558 4659 1668 4698 non
1700 4642 1893 4699 ducam
1924 4634 1941 4698 ἐ
1976 4643 2071 4699 sed

476 4745 587 4801 quo
618 4729 782 4784 etiam
830 4729 954 4785 illos
983 4731 1077 4802 qui
1120 4732 1292 4804 magis
1333 4731 1619 4788 effectibus
1664 4730 1824 4804 [forte
1852 4731 2071 4787 affecti-

472 4816 602 4891 bus]
632 4818 865 4889 patriam
904 4819 1145 4892 fugiunt,
1175 4838 1337 4894 quam
1370 4821 1661 4893 gressibus,
1696 4821 1882 4878 felices
1908 4829 2071 4894 atque

2181 4631 2327 4688 bono
2356 4649 2470 4688 esse
2509 4632 2770 4700 debuisti,
2822 4648 2923 4688 nec
2951 4630 3292 4703 simplicitati
3331 4636 3439 4685 tute
3486 4646 3596 4686 nec
3643 4646 3799 4687 sene.

2180 4721 2319 4780 ctuti
2349 4731 2455 4779 tum
2486 4723 2719 4780 ulterius
2747 4738 3051 4796 parcamus.
