4068 6186
262 318 397 384 H93

1500 322 1830 382 EXPLANA
1838 323 1952 384 ΤῙΟ
1988 324 2311 385 SYMBOLI.

3393 338 3534 400 1194

259 442 3534 492 ετξ-ΕΜ

502 632 1357 719 EXPLANATIO
1460 632 2053 721 SYMBOLI
2145 636 2307 721 AD
2393 639 3259 732 INITIANDOS.

1274 908 1402 971 (Mar
1435 905 1623 969 Script.
1657 908 1754 958 vet.
1794 905 2001 957 Collect.
2034 920 2180 974 non,
2211 915 2347 964 tom.
2383 914 2514 973 VII)

318 1025 601 1084 Celebrata
641 1023 907 1082 hactenus
946 1024 1210 1097 mysteria
1253 1023 1673 1082 scrutaminum.
1722 1024 1824 1079 Iu-
1850 1025 1901 1083 A
1927 1022 2060 1080 hinc
2088 1028 2431 1099 complevit.)
2468 1029 2584 1087 Hoc
2614 1030 2776 1090 habet
2803 1034 3084 1106 Scriptum
3111 1035 3326 1094 divina.
3360 1039 3532 1098 Nun-

256 1114 518 1186 quisitum
547 1121 629 1169 est
662 1127 731 1167 ne
760 1111 1118 1168 immunditia
1147 1112 1205 1167 in
1237 1128 1463 1184 corpore
1483 1110 1718 1182 alicujus
1734 1111 1838 1165 hae-

255 1210 416 1258 reret.
448 1203 550 1259 Per
577 1202 950 1259 exorcismum
981 1202 1064 1272 (1)
1096 1217 1205 1257 non
1241 1202 1419 1257 solum
1449 1201 1713 1272 corporis,
1744 1198 1840 1255 sed

255 1290 417 1347 etiam
448 1291 647 1345 anima:
681 1290 913 1363 quaesita
948 1298 1003 1345 et
1036 1288 1291 1345 adhibita
1328 1297 1409 1344 est
1455 1288 1839 1344 sanctiﬁcatio.

254 1377 411 1434 Nunc
439 1384 656 1449 tempus
689 1385 772 1433 est
817 1384 873 1433 et
907 1377 1026 1433 dies
1063 1384 1126 1432 ut
1162 1375 1475 1449 symbolum
1523 1374 1835 1440 tradamus;

254 1468 401 1540 quod
429 1468 743 1539 symbolum
774 1475 856 1525 est
883 1466 1132 1538 spiritale
1157 1465 1522 1537 signaculum,
1544 1464 1726 1520 cordis
1743 1479 1839 1519 no-

250 1558 352 1613 stri
381 1556 689 1624 meditatio,
740 1564 795 1611 et
840 1556 995 1630 quasi
1032 1571 1245 1628 semper
1286 1570 1523 1629 praesens
1567 1554 1836 1622 custodia,

249 1653 397 1703 certe
424 1645 715 1702 thesaurus
740 1644 981 1716 pectoris
1009 1643 1207 1702 nostri.

321 1767 568 1826 Primum
601 1768 770 1842 igitur
794 1768 1063 1826 rationem
1093 1768 1337 1826 nominis
1370 1768 1543 1841 ipsius
1578 1767 1838 1825 debemus

251 1863 517 1935 accipere.
565 1863 889 1936 Symbolum
923 1864 1108 1921 Graece
1146 1861 1372 1930 dicitur,
1424 1861 1616 1918 Latine
1654 1868 1836 1916 autem

249 1952 513 2010 cellatio:
563 1959 619 2008 et
646 1951 884 2008 maxime
913 1949 1224 2022 symbolam
1254 1948 1620 2021 negotiatores
1657 1946 1838 2003 dicere

250 2046 610 2107 consuerunt,
664 2039 882 2113 quando
909 2039 1203 2097 conferunt
1242 2036 1529 2109 pecuniam
1557 2051 1734 2103 suam,
1785 2041 1842 2090 et

251 2130 409 2204 quasi
439 2148 509 2188 ex
536 2130 884 2203 singulorum
913 2129 1209 2187 collatione
1231 2129 1290 2185 in
1308 2144 1484 2186 unum
1512 2128 1837 2198 constipata,

249 2218 464 2294 integra
483 2230 538 2279 et
555 2221 898 2278 inviolabilis
927 2228 1302 2288 conservatur,
1320 2228 1382 2276 ut
1402 2237 1562 2275 nemo
1591 2217 1839 2274 fraudem

246 2309 535 2367 collationi
570 2310 748 2367 facere
776 2317 1024 2375 conetur,
1054 2323 1217 2363 nemo
1247 2305 1609 2378 negotiationi
1638 2322 1650 2360 :
1685 2303 1835 2360 deni-

246 2414 359 2473 que
388 2400 533 2456 inter
558 2399 705 2471 ipsos
734 2360 1097 2470 negotiatores
1126 2397 1230 2453 ista
1259 2360 1348 2453 es:
1371 2394 1729 2462 consuetudo,
1774 2400 1838 2449 ut
1864 2366 1910 2426 B

245 2488 299 2545 si
329 2489 452 2560 quis
480 2487 728 2544 fraudem
758 2487 967 2554 fecerit,
1013 2486 1168 2558 quasi
1198 2485 1583 2540 fraudulentus
1611 2482 1837 2554 rejicia-

244 2585 367 2636 tur.
418 2576 603 2634 Sancti
658 2594 785 2649 ergo
840 2575 1072 2648 apostoli
1111 2576 1168 2632 in
1211 2591 1385 2631 unum
1426 2574 1834 2640 convenientes,

239 2666 591 2725 breviarium
630 2666 760 2724 ﬁdei
785 2666 1054 2736 fecerunt,
1105 2673 1170 2723 ut
1209 2666 1452 2723 breviter
1498 2663 1626 2720 ﬁdei
1666 2663 1836 2720 totius

240 2755 452 2813 seriem
484 2754 1034 2827 comprehendamus.
1056 2752 1305 2811 Brevitas
1333 2751 1635 2811 necessaria
1652 2758 1753 2820 est,
1774 2758 1838 2808 ut

244 2858 471 2915 semper
502 2843 769 2899 memoria
795 2850 851 2899 et
880 2841 1261 2900 recordatione
1290 2847 1561 2897 teneatur.
1608 2839 1732 2896 Scio
1778 2837 1837 2894 in

248 2931 505 3005 partibus
537 2933 775 2989 maxime
803 2930 1067 2998 Orientis,
1094 2929 1241 3001 quod
1271 2944 1333 2984 ea
1360 2945 1481 3001 qua:
1510 2927 1690 2999 primo
1715 2933 1840 2982 tra-

247 3022 372 3080 dita
399 3029 526 3078 sunt
559 3038 590 3077 a
619 3020 919 3093 majoribus
952 3019 1155 3075 nostris
1176 3017 1282 3090 (2),
1304 3017 1434 3073 dum
1465 3017 1617 3089 quasi
1649 3016 1840 3072 fraude

246 3110 372 3178 alii,
392 3109 487 3165 alii
517 3108 825 3181 diligentia,
844 3106 1035 3163 fraude
1065 3104 1331 3173 haeretici,
1349 3104 1635 3177 diligentia
1655 3103 1841 3162 catho-

247 3199 348 3256 lici
375 3216 389 3265 ;
409 3199 539 3255 dum
560 3214 687 3269 ergo
705 3196 789 3252 illi
810 3194 1186 3252 fraudulenter
1200 3200 1470 3250 conantur
1487 3191 1840 3264 irrepere,ad—

244 3288 518 3346 diderunt
538 3284 686 3359 quod
714 3301 825 3341 non
855 3300 991 3357 opus
1019 3292 1135 3351 est;
1162 3282 1296 3338 dum
1323 3280 1417 3337 isti
1439 3281 1684 3337 fraudem
1707 3297 1838 3353 pm-

246 3391 449 3436 cavere
474 3371 836 3438 contendunt,
857 3372 995 3429 ﬁnes
1023 3369 1295 3444 majorum
1326 3370 1478 3426 velut
1493 3370 1692 3441 pietate
1711 3384 1840 3443 qua-

243 3466 379 3524 dam
409 3471 464 3519 et
491 3461 706 3521 incuria
735 3461 997 3519 videntur
1022 3474 1138 3517 esse
1165 3457 1553 3532 praetergressi.

323 3591 471 3663 Ergo
500 3586 735 3662 apostoli
766 3585 940 3644 sancti
969 3585 1360 3644 convenientes
1389 3584 1637 3642 fecerunt
1679 3599 1842 3656 sym-

244 3679 444 3737 bolum
483 3678 742 3735 breviter.
794 3677 1014 3749 Signate
1048 3692 1165 3733 vos.
1224 3676 1343 3744 Quo
1382 3675 1545 3742 facto,
1590 3681 1646 3730 et
1686 3672 1836 3730 dicto
1868 3711 1913 3775 Ο

245 3769 506 3841 symbolo
532 3787 544 3824 :
580 3769 637 3823 in
663 3768 769 3845 hoc
801 3765 1053 3840 symbolo
1080 3765 1346 3822 divinitas
1374 3763 1659 3821 Trinitatis
1684 3769 1835 3820 aeter-

244 3875 339 3916 nae
368 3857 780 3914 evidentissime
807 3855 1199 3927 comprehensa
1237 3862 1319 3912 est
1361 3856 1528 3911 unius
1558 3852 1840 3926 operatio-

243 3946 361 4003 nis.
406 3947 619 4000 Patrem
644 3952 692 3998 et
720 3944 921 3998 Filium
947 3951 995 3998 et
1022 3946 1283 4012 Spiritum
1319 3951 1579 4009 sanctum,
1629 3944 1733 3998 hoc
1759 3950 1841 4000 est

243 4032 626 4092 venerabilem
657 4029 1003 4085 Trinitatem.
1058 4030 1131 4084 Et
1172 4029 1320 4101 quod
1360 4029 1496 4086 fides
1533 4037 1719 4085 nostra
1763 4030 1841 4087 ita

241 4123 352 4191 sit,
399 4128 463 4176 ut
490 4116 607 4191 pari
637 4130 831 4188 genere
869 4117 1157 4171 credamus
1185 4116 1245 4171 in
1273 4116 1490 4173 Patrem
1533 4128 1588 4172 et
1635 4115 1838 4174 Filium

238 4220 307 4272 et
337 4210 602 4284 Spiritum
633 4198 915 4262 sanctum?
938 4202 1042 4260 Ubi
1072 4204 1223 4259 enim
1254 4205 1409 4260 nulla
1442 4204 1702 4262 discretio
1729 4222 1840 4262 ma-

229 4300 463 4377 jestalis
505 4305 608 4365 est,
658 4311 760 4352 nec
788 4293 917 4349 ﬁdei
945 4292 1108 4349 debet
1144 4307 1262 4350 esse
1299 4290 1577 4349 discretio.
1630 4293 1840 4352 Deinde

239 4393 570 4463 frequenter
619 4384 905 4453 admonui,
943 4382 1089 4457 quod
1144 4382 1413 4439 Dominus
1460 4392 1645 4439 noster
1685 4384 1840 4439 Iesus

236 4479 507 4542 Christus
548 4474 725 4532 Filius
762 4472 862 4530 Dei
907 4472 1057 4529 solus
1098 4487 1318 4529 carnem
1363 4470 1523 4528 istam
1578 4471 1835 4544 suscepit,

232 4570 498 4642 corporis
524 4567 721 4623 forma.
771 4563 1028 4637 Corporis
1079 4563 1240 4620 istius
1276 4562 1505 4619 veritate
1553 4563 1728 4620 factus
1758 4569 1841 4619 est

234 4669 310 4719 ut
345 4661 544 4716 homo:
593 4657 688 4714 sed
717 4655 881 4711 habet
910 4654 1186 4728 singulare
1212 4653 1562 4726 privilegium
1607 4669 1841 4725 genera-

230 4746 421 4806 tionis
440 4763 586 4801 suae:
621 4760 729 4799 non
762 4742 910 4798 enim
941 4759 1011 4798 ex
1041 4741 1193 4798 virili
1223 4750 1384 4797 natus
1412 4750 1494 4797 est
1511 4740 1840 4810 semine,sed

229 4842 525 4911 generatus
566 4833 791 4904 Spiritu,
825 4830 1025 4903 inquit,
1058 4836 1235 4886 sancto
1279 4847 1344 4886 ea:
1388 4830 1569 4889 Maria
1617 4830 1836 4901 virgine.

228 4923 672 4994 Prwrogativam
695 4920 933 4976 auctoris
953 4918 1190 4975 ccelestis
1210 4918 1459 4990 agnoscis
1480 4936 1493 4985 ;
1519 4918 1696 4975 factus
1721 4919 1837 4991 qui-

228 5014 375 5071 dem
406 5018 468 5064 ut
497 5010 684 5077 homo,
732 5014 795 5062 ut
824 5006 1173 5061 inﬁrmitates
1206 5012 1421 5060 nostras
1462 5004 1522 5060 in
1552 5022 1650 5060 sua
1676 5022 1839 5062 carne

224 5097 670 5171 susciperet,sed
700 5113 825 5152 cum
856 5094 1150 5168 privilegio
1178 5094 1331 5151 venit
1359 5092 1659 5164 majestatis
1686 5104 1837 5150 mter-

224 5207 356 5251 nm.
407 5189 551 5258 Ergo
598 5186 847 5241 dicamus
874 5182 1211 5256 symbolum.
1261 5183 1357 5255 (Et
1408 5199 1532 5239 cum
1581 5182 1837 5253 dixisset,

320 5330 408 5403 (1)
450 5322 1410 5403 Egorcismuslegituri‘nﬁmhrosii
1434 5322 1838 5402 editioneMau-
1896 5310 1913 5311 ί

226 5394 440 5465 ιυίιὶίίῑ.
470 5399 539 5466 ΙΙ,
567 5396 691 5461 fin.,
722 5394 970 5466 sumptus
992 5394 1253 5450 videlicet
1273 5410 1341 5450 ex
1363 5394 1630 5452 Vaticano
1650 5410 1837 5466 perve-

230 5486 373 5535 tere
400 5468 589 5529 codice
614 5466 708 5534 82,
750 5466 932 5523 szeculi
968 5482 1044 5521 XI.

318 5544 407 5615 (‘2)
449 5543 552 5599 Par
582 5537 853 5594 sententia
894 5543 976 5592 est
1011 5535 1155 5608 apud
1184 5535 1469 5603 Ruﬁnum,
1516 5535 1728 5595 Comm.
1779 5536 1839 5595 in

222 5615 431 5692 symb.

571 5706 814 5768 Pauor.
853 5705 1031 5765 XVII.

1951 1112 2083 1182 quid
2113 1130 2276 1185 supra
2305 1118 2676 1184 apostolorum
2710 1120 2847 1175 ﬁnes
2876 1122 3127 1193 progredi
3155 1124 3357 1182 audaci
3380 1142 3530 1185 men-

1949 1206 2003 1254 te
2034 1202 2341 1258 debemus?
2379 1206 2643 1277 Nunquid
2672 1221 2772 1264 nos
2799 1225 2989 1266 sumus
3017 1211 3274 1281 apostolis
3309 1214 3531 1273 cautio-

1948 1304 2034 1344 res
2054 1290 2082 1345 ‘i

2019 1377 2144 1445 Sed,
2176 1380 2316 1439 dicis
2343 1385 2505 1454 mihi,
2536 1394 2723 1459 postea
2750 1395 3089 1443 emerserunt
3116 1386 3363 1445 haereses.
3385 1389 3530 1457 Quid

1948 1468 2115 1565 ergo?
2146 1470 2272 1527 vide
2299 1474 2736 1546 simplicitatem,
2768 1475 2895 1531 vide
2921 1476 3232 1547 puritatem.
3262 1476 3529 1551 Patripas-

1949 1561 2088 1609 siani
2119 1572 2246 1613 cum
2277 1561 2648 1630 emersissent,
2699 1571 3031 1635 putaverunt
3067 1566 3230 1620 etiam
3268 1566 3527 1624 catholici

1948 1641 2005 1696 in
2035 1643 2137 1700 hac
2170 1655 2320 1716 parte
2363 1650 2675 1706 addendum
2720 1652 3035 1707 inuisibilem
3061 1659 3107 1707 et
3134 1654 3525 1724 impassibilem,

1949 1731 2103 1800 quasi
2136 1733 2315 1790 Filius
2342 1736 2442 1791 Dei
2469 1737 2708 1793 visibilis
2739 1747 2794 1794 et
2818 1739 3094 1809 passibilis
3122 1739 3305 1797 fuerit.
3340 1741 3398 1797 Si
3420 1742 3530 1799 fuit

1948 1818 2190 1877 visibilis
2219 1822 2275 1878 in
2307 1840 2494 1892 carne,
2510 1841 2639 1881 caro
2658 1825 2756 1881 illa
2782 1826 2892 1881 fuit
2920 1827 3176 1893 visibilis,
3199 1844 3310 1883 non
3325 1828 3528 1886 divini-

1947 1913 2050 1964 tas.
2080 1909 2329 1982 Denique
2359 1912 2492 1984 quid
2519 1913 2667 1970 dicat
2703 1911 2869 1969 audi:
2902 1915 3068 1982 Deus,
3115 1916 3280 1983 Deus,
3324 1917 3530 1989 respice

1949 1996 2008 2053 in
2067 2013 2194 2065 me;
2237 2015 2404 2070 quare
2454 2018 2542 2057 me
2588 1996 2987 2074 dereliquisti?
3026 2005 3089 2059 In
3133 2006 3383 2076 passione
3425 2004 3533 2065 hoc

1948 2086 2122 2153 dicit;
2145 2088 2419 2144 Dominus
2442 2098 2629 2146 noster
2646 2091 2801 2146 .lesus
2818 2091 3072 2148 Christus
3099 2092 3205 2150 hoc
3228 2094 3531 2151 secundum

1948 2173 2228 2230 hominem
2267 2176 2484 2234 locutus
2512 2186 2617 2242 est,
2649 2176 2807 2249 quasi
2834 2194 2962 2234 caro
2988 2177 3136 2235 dicat
3163 2181 3231 2237 ad
3259 2181 3530 2238 Divinita-

1948 2271 2057 2319 tem
2084 2281 2095 2319 :
2120 2265 2296 2332 Quare
2328 2281 2414 2321 me
2442 2264 2785 2338 dereliquisti
2807 2265 2995 2337 ?Ergo
3026 2273 3166 2335 esto,
3194 2267 3399 2324 medici
3416 2269 3530 2324 fue-

2104 2352 2336 2423 majores
2376 2354 2589 2418 nostri;
2653 2353 2932 2410 voluerint
2971 2353 3170 2433 addere
3215 2355 3530 2427 aegritudini

1946 2442 2234 2499 sanitatem
2251 2461 2272 2507 ;
2293 2443 2567 2499 medicina
2587 2459 2698 2499 non
2715 2443 2884 2514 quaeri
2893 2451 3001 2500 tur.
3029 2443 3174 2515 Ergo
3189 2444 3235 2500 si
3258 2444 3533 2502 medicina

1947 2547 2058 2587 non
2090 2530 2197 2586 fuit
2222 2546 2286 2585 eo
2315 2538 2560 2601 tempore
2592 2531 2914 2596 necessaria,
2958 2545 3068 2602 quo
3092 2538 3209 2586 erat
3234 2531 3532 2590 haeretico-

1948 2634 2069 2673 rum
2100 2616 2462 2689 quorumdam
2490 2617 2670 2687 gravis
2698 2615 2965 2687 aegritudo
2992 2616 3301 2673 animorum
3328 2634 3340 2673 :
3382 2626 3438 2674 et
3481 2619 3531 2676 si

1946 2705 2056 2761 fuit
2102 2711 2237 2760 tunc
2274 2703 2536 2775 temporis
2586 2702 2900 2775 quaerenda,
2948 2718 3098 2761 nunc
3125 2719 3225 2759 nos
3256 2713 3358 2762 est.
3410 2705 3533 2773 Qua

1947 2792 2161 2848 ratione
2177 2792 2203 2847 ?
2219 2791 2381 2847 Fides
2411 2791 2621 2863 integra
2650 2791 2912 2848 adversus
2935 2790 3533 2855 Sabellianos.Exclusi

1949 2888 2082 2939 sunt
2107 2879 2402 2937 Sabelliani
2433 2879 2674 2934 maxime
2701 2877 2769 2934 de
2797 2878 3044 2950 partibus
3072 2878 3406 2937 Occidentis.
3442 2881 3532 2937 Ex

1947 2968 2045 3024 illo
2072 2966 2313 3024 remedio
2336 2966 2528 3022 Ariani
2548 2966 2881 3023 invenerunt
2895 2965 3002 3021 sibi
3022 2981 3191 3039 genus
3203 2966 3493 3025 calumniae
3511 2986 3524 3026 :

1948 3064 2003 3113 et
2028 3057 2288 3128 quoniam
2316 3055 2632 3128 symbolum
2661 3055 2918 3112 Romanae
2950 3054 3208 3111 Ecclesiae
3239 3072 3338 3113 nos
3366 3064 3533 3115 tene-

1948 3161 2071 3200 mus
2096 3145 2200 3216 (3),
2222 3144 2346 3199 ideo
2375 3142 2653 3199 visibilem
2686 3151 2741 3198 et
2770 3141 3084 3215 passibilem
3114 3142 3329 3199 Patrem
3355 3144 3530 3201 omni-

1948 3239 2225 3306 potentem
2273 3230 2358 3286 illi
2405 3228 2742 3287 aestimarent
2788 3238 2843 3285 et
2882 3229 3163 3286 dicerent:
3217 3230 3373 3288 vides
3400 3230 3534 3304 quia

1948 3321 2262 3392 symbolum
2293 3319 2375 3375 sic
2402 3318 2625 3384 habent,
2655 3324 2716 3372 ut
2745 3316 3022 3372 visibilem
3054 3317 3257 3373 Filium
3284 3325 3339 3373 et
3363 3319 3529 3389 passi-

1947 3409 2116 3466 bilem
2147 3408 2540 3479 designarent?
2583 3405 2728 3474 Quid
2757 3405 2933 3479 ergo?
2977 3404 3082 3461 Ubi
3131 3405 3267 3463 ﬁdes
3312 3406 3528 3478 integra

1950 3508 2052 3567 est,
2074 3496 2356 3554 sufﬁciunt
2384 3503 2653 3569 praecepta
2682 3493 3074 3565 apostolorum.
3097 3493 3388 3551 Cautiones
3402 3493 3534 3550 licet

1949 3587 2291 3646 sacerdotum
2345 3602 2455 3641 non
2492 3583 2865 3657 requirantur.
2915 3579 3142 3649 Quare?
3182 3580 3311 3653 quia
3347 3580 3531 3641 tritico

1948 3676 2193 3733 immista
2215 3674 2424 3730 zizania
2451 3682 2599 3730 sunt.

2020 3764 2163 3821 Hinc
2183 3762 2520 3835 symbolum.
2551 3761 2720 3819 Credo
2739 3758 2953 3818 unicum
2971 3758 3255 3816 Dominum
3272 3764 3530 3817 nostrum.

1948 3854 2039 3911 Sic
2058 3852 2243 3908 dicite:
2270 3851 2470 3906 Filium
2494 3849 2609 3917 ejus
2628 3849 2861 3902 unicum.
2878 3847 2999 3902 Non
3018 3845 3216 3901 unicus
3235 3846 3535 3903 Dominus?

1949 3941 2103 3997 Unus
2135 3940 2281 3995 Deus
2321 3945 2423 4003 est,
2453 3952 2597 3991 unus
2625 3943 2680 3992 et
2716 3933 3023 3991 Dominus:
3080 3931 3174 3988 sed
3216 3948 3284 3988 ne
3330 3933 3533 3987 calum-

1951 4027 2176 4084 nientur
2208 4033 2263 4082 et
2300 4023 2506 4091 dicant,
2557 4021 2686 4095 quia
2713 4036 2824 4076 una
2850 4036 3082 4091 persona
3129 4018 3235 4089 (4),
3287 4017 3536 4075 dicamus

1950 4114 2153 4172 Filium
2179 4118 2342 4169 etiam
2371 4111 2599 4168 unicum
2629 4107 2930 4166 Dominum
2959 4112 3231 4161 nostrum.
3279 4103 3420 4172 Quia
3465 4103 3535 4161 de

1949 4200 2242 4259 divinitate
2271 4198 2446 4255 Patris
2471 4206 2525 4254 et
2552 4195 2684 4253 Filii
2714 4194 2937 4251 venitur
2977 4192 3045 4250 ad
3094 4190 3535 4249 incarnationem

1950 4287 2124 4361 ipsius
2178 4287 2272 4357 qui
2315 4292 2472 4340 ualus
2511 4290 2562 4340 et
2596 4284 2867 4356 sepultus:
2914 4279 3081 4337 habes
3124 4288 3179 4335 et
3227 4277 3533 4350 passionem

1951 4377 2143 4450 ipsius,
2192 4385 2245 4431 et
2274 4374 2631 4447 sepulturam.
2688 4370 2862 4429 Tertio
2890 4368 2974 4424 die
2998 4386 3034 4424 α
3060 4366 3322 4431 mortuis;
3366 4365 3536 4424 habes

1950 4473 2005 4524 et
2052 4463 2506 4521 resurrectionem
2544 4460 2679 4532 ejus.
2731 4457 2981 4515 Ascendit
3005 4463 3056 4512 et
3080 4456 3215 4511 sedet
3241 4455 3311 4512 ad
3349 4455 3536 4512 dexte-

1949 4575 2069 4614 ram
2098 4555 2299 4613 Patris.
2343 4552 2512 4611 Vides
2542 4568 2669 4626 ergo
2695 4550 2825 4624 quia
2856 4564 2983 4606 caro
3010 4546 3294 4603 divinitati
3336 4546 3535 4604 immi-

1950 4662 2117 4703 nuere
2146 4644 2226 4700 nil
2258 4643 2475 4716 potuit;
2526 4641 2638 4695 imo
2687 4639 2755 4693 de
2803 4637 3179 4693 incarnatione
3217 4634 3535 4707 triumphus

1951 4752 2179 4807 magnus
2211 4732 2470 4806 quaesitus
2497 4734 2580 4787 es't
2606 4728 2847 4787 Christo.
2878 4727 2998 4794 Qua
3026 4725 3235 4781 ratione
3262 4724 3408 4781 enim
3438 4724 3535 4780 ubi

1951 4824 2019 4882 de
2048 4833 2220 4881 morte
2249 4822 2516 4890 ascendit,
2548 4818 2700 4876 sedet
2725 4817 2794 4873 ad
2822 4816 3101 4873 dexteram
3126 4814 3341 4870 Patris?
3368 4811 3536 4880 Quasi

1950 4915 2043 4989 qui
2094 4914 2240 4969 Patri
2280 4909 2530 4968 retulerit
2575 4908 2734 4964 bonae
2773 4905 3012 4960 fructum
3048 4902 3367 4958 voluntatis.
3413 4902 3534 4956 Duo

1950 5004 2150 5061 habes:
2212 5002 2452 5058 surrexit
2475 5018 2511 5055 a
2536 5004 2721 5065 morte,
2768 4995 2905 5051 sedet
2931 4994 3002 5049 ad
3031 4994 3301 5049 dexteram
3331 4989 3530 5046 Patris.

1951 5095 2178 5153 Nullum
2209 5109 2337 5165 ergo
2388 5091 2567 5163 potuit
2592 5089 2783 5144 aﬁ‘erre
2831 5100 2958 5143 caro
2988 5084 3304 5140 divinitatis
3346 5079 3533 5151 gloriae

1950 5182 2364 5241 detrimentum.
2389 5180 2512 5234 Duo
2532 5176 2698 5232 habes
2729 5191 2741 5230 :
2765 5180 2861 5230 aut
2888 5171 3043 5245 quasi
3073 5167 3371 5226 secundum
3400 5182 3533 5239 prae-

2026 5325 2109 5397 (3)
2149 5322 2326 5397 Nullis
2356 5315 2745 5397 additamentis
2774 5308 3534 5397 fuisse‘auctu’mAggom'anum

1953 5377 2289 5468 symbolum,
2304 5399 2359 5447 et
2387 5389 2603 5468 publice
2632 5387 2700 5443 ab
2727 5377 3257 5468 initiandis‘recitari
3284 5377 3531 5468 solitum,

1953 5449 2140 5525 narrat
2158 5449 2403 5521 liuli'nus‘
2414 5462 2518 5523 loc.
2540 5459 2661 5527 cit.,
2684 5456 2783 5530 qui
2806 5463 2986 5511 tamen
3006 5449 3358 5523 Aquileiense
3373 5461 3536 5504 suum

1954 5545 2314 5682 seiiitlgéd,
2345 5620 2508 5660 uuam
2528 5598 2853 5675 passionum.

3151 5685 3224 5743 38
