4086 6208
518 285 659 365 ωε

1526 267 1622 323 AD
1660 262 1892 322 OPERA
1923 262 1984 320 S.
2019 257 2351 320 AMBROSII
2384 258 2760 318 APPENDIX.

3655 258 3785 315 1196

513 402 819 480 rogativam
840 392 1157 457 divinitatis
1168 388 1565 480 etsubstantiae
1594 385 1960 480 generationis
1981 402 2092 442 suae
2125 390 2177 448 A
2214 383 2459 480 pecuniae
2496 384 2658 480 hanc
2678 382 2882 480 habent
2907 379 3102 480 legem,
3140 385 3216 479 .ut
3246 376 3296 436 si
3480 378 3791 480 symbolam

512 476 786 555 Dominus
812 493 999 544 noster
1035 484 1191 540 Jesus
1216 479 1469 538 Christus
1495 478 1648 534 sedet
1684 476 1750 532 ad
1788 476 2092 542 dexteram,

514 597 549 640 a
579 587 754 638 morte
783 573 1060 640 surrexit;
1087 576 1187 628 aut
1208 575 1354 626 certe
1373 565 1529 640 quasi
1557 563 1924 635 triumphator
1943 570 2094 618 aeter-

513 686 621 730 nus
649 666 746 741 qui
771 665 979 722 bonum
1002 670 1238 732 regnum
1265 656 1381 712 Deo
1407 647 1940 741 Patricomparavit,
1962 662 2095 741 prro:

514 733 822 831 rogativam
858 749 967 807 sibi
1005 761 1117 807 suae
1145 742 1394 806 victoriae
1418 738 1749 812 vindicavit,
1794 737 1987 799 sedens
2026 733 2099 793 ad

514 848 796 906 dexteram
823 837 1021 897 Patris.

585 934 839 993 Judicare
867 930 952 1004 (ὅ)
987 925 1135 985 ciaos
1155 933 1209 985 et
1225 927 1479 985 mortuos.
1531 915 1702 992 Audi,
1744 914 1932 978 homo.
1978 916 2101 978 De-

514 1023 611 1081 bes
634 1019 860 1093 quidem
897 1014 1011 1075 cito
1050 1016 1291 1074 credere.
1342 1011 1505 1071 Fides
1557 1008 1677 1083 ipsa
1718 1008 1788 1066 de
1832 1005 2102 1093 claritate

520 1092 823 1185 pretantur.
890 1105 1001 1175 Qui
1055 1111 1222 1173 amat,
1277 1102 1358 1159 nil
1412 1100 1662 1173 derogat:
1714 1096 1945 1185 amicus,
2004 1092 2103 1167 qui

516 1183 754 1257 amicum
785 1200 951 1264 amat,
1000 1191 1144 1251 nihil
1170 1192 1397 1264 derogat
1425 1207 1438 1246 :
1483 1187 1582 1262 qui
1606 1194 1753 1243 amat
1780 1183 2099 1253 Dominum,

516 1287 694 1343 multo
726 1283 896 1356 magis
924 1298 1036 1338 non
1065 1280 1227 1337 debet
1249 1279 1526 1351 derogare.
1557 1275 1737 1343 Quare
1763 1274 1890 1331 dico
1920 1271 2104 1328 sedet?

516 1376 625 1444 Qui
670 1378 837 1442 amat,
884 1371 1051 1429 habet
1094 1368 1233 1443 quid
1269 1369 1480 1425 timeat.
1526 1363 1682 1424 Unde
1730 1369 1780 1420 et
1821 1361 2103 1419 mortuos?

516 1464 638 1536 Ipse
664 1463 734 1521 de
762 1461 921 1519 nobis
946 1458 1294 1534 iudicaturus
1320 1465 1422 1514 est.
1472 1454 1618 1515 Cave
1650 1468 1782 1527 ergo
1816 1449 2103 1509 detrahere

515 1550 592 1621 ei,
630 1565 795 1624 quem
832 1548 1079 1622 iudicem
1105 1548 1399 1605 habitans
1422 1561 1505 1603 es.
1546 1544 1727 1612 Quare
1754 1542 1859 1599 hoc
1885 1546 2103 1611 myste-

518 1639 666 1697 rium
689 1635 721 1694 ν
765 1637 1029 1712 Nunquid
1055 1650 1170 1694 non
1207 1648 1382 1693 mum
1406 1632 1681 1705 judicium
1725 1636 1807 1686 est
1835 1626 2010 1684 Patris
2048 1632 2104 1681 et

519 1726 653 1788 Filii
674 1734 735 1785 et
762 1726 1005 1799 Spiritus
1025 1723 1203 1781 sancti
1222 1722 1258 1779 τ
1281 1719 1545 1799 Nunquid
1572 1731 1683 1774 non
1708 1730 1823 1773 una
1845 1712 2104 1770 voluntas

516 1780 653 1876 Et?
679 1780 1087 1886 iugandum
1113 1780 1227 1867 ω
1246 1780 1545 1880 maiestas?
1562 1806 1740 1873 Quane
1760 1802 1867 1859 tibi
1892 1800 2101 1858 dicitur
2131 1780 2178 1842 B

517 1901 668 1977 quod
696 1901 874 1958 Filius
897 1899 1250 1971 iudicaturus
1268 1903 1378 1964 est,
1416 1894 1528 1952 nisi
1556 1901 1620 1950 ut
1643 1891 1919 1964 intelligas
1954 1888 2100 1946 nihil

517 1988 663 2048 Filio
689 1986 1066 2060 derogandum
1092 1983 1126 2042 ἢ
1168 1985 1315 2057 Ergo
1338 1982 1468 2040 vide
1496 1999 1511 2039 :
1556 1981 1748 2040 credes
1776 1981 1834 2037 in
1862 1980 2097 2046 Patrem,

516 2074 708 2138 credes
730 2082 789 2131 et
814 2074 873 2131 in
902 2073 1129 2131 Filium.
1156 2071 1230 2129 Et
1255 2070 1392 2145 quid
1421 2068 1637 2128 tertio?
1660 2076 1719 2125 et
1744 2069 1804 2124 in
1829 2065 2100 2139 Spiritum

518 2172 791 2225 sanctum.
838 2162 1195 2234 Quaecunque
1220 2158 1459 2233 accipias
1488 2164 1851 2224 sacramenta,
1897 2155 1959 2210 in
1998 2154 2103 2209 hac

516 2250 771 2312 trinitate
792 2249 1054 2324 accipies.
1098 2250 1272 2306 Nemo
1299 2255 1353 2304 te
1381 2248 1555 2303 fallat.
1588 2245 1757 2304 Vides
1776 2258 1908 2315 ergo
1934 2242 2103 2297 unius

519 2338 878 2414 operationis,
907 2336 1079 2393 unius
1105 2333 1578 2403 sanctiﬁcationis,
1606 2333 1777 2389 unius
1803 2329 2102 2403 majestatis

518 2443 637 2488 esse
662 2425 1039 2484 venerabilem
1068 2423 1418 2480 Trinitatem.

591 2525 734 2584 Sane
750 2523 939 2596 accipe
962 2522 1235 2579 rationem
1262 2516 1729 2594 quemadmodum
1744 2517 2023 2576 credimus
2043 2518 2100 2573 in

524 2619 804 2674 auctorem
828 2628 848 2680 ;
875 2624 949 2668 ne
976 2609 1121 2668 forte
1146 2607 1321 2678 dicas,
1336 2607 1443 2665 Sed
1458 2607 1622 2665 habet
1643 2618 1699 2666 et
1714 2609 1773 2664 in
1791 2609 2099 2675 Ecclesium,

523 2700 619 2763 sed
640 2700 808 2760 habet
841 2707 904 2758 et
931 2700 997 2756 in
1019 2697 1381 2756 missionem
1401 2704 1756 2769 peccatorum,
1802 2696 1898 2754 sed
1942 2695 2105 2752 habet

521 2799 577 2849 et
600 2791 660 2847 in
684 2785 1138 2847 resurrectionem.
1164 2783 1318 2854 Quid
1340 2799 1471 2861 ergo
1489 2786 1521 2844 9
1566 2786 1671 2843 Par
1694 2800 1862 2843 causa
1885 2791 1985 2841 est.
2012 2784 2104 2841 Sic

520 2879 796 2940 credimus
845 2874 911 2935 in
960 2875 1271 2947 Christum,
1316 2876 1402 2935 sic
1438 2876 1716 2935 credimus
1761 2877 1822 2933 in
1867 2877 2102 2946 Patrem,

521 2963 988 3042 quemadmodum
1011 2962 1291 3022 credimus
1316 2970 1373 3021 et
1398 2963 1459 3020 in
1485 2963 1810 3033 Ecclesiam,
1836 2974 1893 3021 et
1918 2964 1980 3021 in
2009 2978 2105 3021 re.

520 3055 841 3113 missionem
862 3058 1237 3126 peccatorum,
1252 3059 1314 3109 et
1332 3052 1399 3109 in
1426 3055 1606 3111 carnis
1629 3054 2102 3113 resurrectionem.

521 3144 655 3212 Qum
680 3142 825 3201 ratio
844 3140 979 3199 est?
1021 3138 1166 3209 Quia
1184 3140 1283 3215 qui
1306 3140 1483 3201 credit
1510 3144 1570 3201 in
1599 3153 1897 3213 auctorem,
1929 3143 2107 3201 credit
2139 3134 2183 3195 C

518 3241 578 3293 et
598 3233 662 3291 in
691 3246 828 3307 opus
853 3229 1117 3292 auctoris.
1162 3230 1412 3307 Denique
1449 3250 1517 3291 ne
1544 3232 1651 3292 hoc
1681 3234 1888 3306 ingenii
1929 3233 2105 3290 nostri

519 3321 746 3396 putetis,
766 3322 1001 3397 accipite
1016 3320 1401 3381 testimonium
1427 3341 1441 3379 :
1462 3322 1535 3381 Si
1552 3322 1692 3380 mihi
1720 3339 1832 3379 non
1861 3322 2105 3390 creditis,

518 3412 610 3470 vel
655 3413 916 3488 operibus
954 3411 1181 3474 credite.
1219 3411 1367 3487 Ergo
1396 3412 1504 3471 hoc
1531 3413 1717 3473 babes.
1764 3415 1925 3474 Nunc
1970 3412 2108 3469 ﬁdes

517 3508 615 3559 tua
641 3500 881 3575 amplius
907 3501 1182 3572 elucebit,
1215 3500 1263 3558 si
1290 3504 1351 3559 in
1383 3517 1520 3576 opus
1547 3502 1786 3562 auctoris
1824 3504 1911 3559 tui
1939 3501 2105 3558 ﬁdem

516 3604 704 3646 veram
752 3596 811 3645 et
847 3589 1120 3662 integram
1166 3591 1447 3661 putaveris
1479 3590 1855 3649 deferendam.
1900 3593 1967 3648 In
2007 3592 2106 3647 Ec-

516 3674 730 3731 clesium
755 3680 1012 3743 sanctam,
1032 3682 1083 3731 et
1105 3674 1167 3730 in
1195 3675 1551 3733 remissionem
1566 3680 1918 3749 peccatorum.
1934 3677 2109 3736 Crede

520 3774 650 3834 ergo
672 3772 744 3818 ex
768 3758 904 3831 ﬁde,
951 3759 1085 3836 quia
1110 3760 1297 3819 omnia
1331 3762 1437 3821 tibi
1466 3773 1691 3839 peccata
1726 3767 2105 3825 remittuntur.

520 3847 699 3919 Quare
726 3849 911 3924 legisti
940 3850 1001 3908 in
1020 3848 1350 3925 Evangelia,
1379 3852 1596 3913 dicente
1622 3856 1900 3915 Domino:
1943 3857 2110 3916 Fides

514 3943 615 3995 tua
640 3946 698 3996 te
725 3938 944 3997 salvum
968 3938 1123 3998 fecit.
1156 3940 1625 4004 Resurrectionem.
1648 3944 1824 4008 Crede
1853 3949 1984 4023 quia
2010 3964 2110 4007 re-

517 4032 704 4101 surget
743 4035 800 4086 et
832 4043 983 4088 caro.
1028 4028 1179 4099 Quid
1219 4033 1371 4090 enim
1413 4050 1551 4108 opus
1572 4035 1704 4106 fuit,
1752 4045 1817 4094 ut
1858 4039 2109 4097 Christus

520 4126 742 4173 carnem
782 4116 1136 4192 susciperet?
1190 4118 1327 4193 quid
1382 4136 1519 4195 opus
1568 4123 1698 4195 fuit,
1743 4132 1807 4183 ut
1859 4124 2109 4185 Christus

515 4210 751 4260 mortem
780 4210 1042 4277 gustaret,
1076 4206 1415 4279 sepulturam
1443 4212 1742 4284 susciperet
1771 4221 1825 4269 et
1853 4231 2109 4289 resurge-

517 4298 623 4361 ret,
653 4292 763 4354 nisi
786 4302 1010 4369 propter
1032 4302 1185 4353 tuam
1214 4298 1723 4358 resurrectionem?
1774 4301 1970 4360 Totum
2004 4303 2109 4362 hoc

517 4388 919 4439 sacramentum
964 4389 1077 4440 tuas
1118 4390 1202 4441 est
1240 4388 1681 4446 resurrectionis.
1735 4389 1795 4446 Si
1853 4388 2106 4449 Christus

520 4480 632 4521 non
664 4468 986 4540 resurrexit,
1018 4485 1161 4528 vana
1186 4478 1269 4530 est
1292 4473 1432 4534 ﬁdes
1458 4485 1677 4534 nostra:
1727 4476 1823 4535 sed
1852 4478 1980 4553 quia
2008 4496 2107 4537 re-
2132 4483 2183 4544 D

519 4554 780 4624 surrexit,
808 4555 933 4613 ideo
959 4554 1121 4617 ﬁrma
1144 4570 1229 4618 est
1252 4561 1391 4621 ﬁdes
1423 4574 1630 4624 nostra.

588 4647 735 4725 Ergo
771 4651 893 4751 dixi
938 4657 1215 4751 apostolos
1257 4660 1574 4736 symbolum
1608 4667 1999 4738 composuisse.
2049 4672 2105 4728 Si

518 4748 646 4810 ergo
701 4744 969 4800 mercium
1017 4744 1249 4805 istarum
1295 4752 1664 4825 negotiatores
1719 4764 1773 4812 et
1818 4757 2106 4819 collatores

596 4897 678 4969 (5)
716 4897 1092 4961 Praeterii-lisse
1128 4905 1192 4961 in
1227 4908 1416 4968 codice
1446 4910 1621 4969 verba
1660 4912 1820 4973 uncis
1855 4916 2101 4977 inciudo.

2201 489 2362 531 suam
2393 471 2708 539 violaverit,
2741 472 3025 542 improbus
3053 475 3109 524 et
3136 464 3472 523 intestabilis
3508 465 3788 537 habeatur,

2202 565 2381 621 multo
2410 562 2585 635 magis
2612 560 2921 619 cavendum
2959 566 3043 616 est
3067 556 3249 627 nobis,
3301 572 3374 614 ne
3416 554 3485 613 de
3521 554 3789 628 majorum

2203 650 2458 725 symbolo
2486 649 2700 724 aliquid
2726 647 3089 706 detrahatur:
3140 660 3271 703 cum
3308 643 3513 702 habeas
3543 644 3603 700 in
3650 644 3791 703 libro
3870 699 3875 702 .

2202 740 2565 813 Apocalypsis
2609 737 2867 805 Joannis,
2917 738 3013 809 qui
3056 734 3277 792 libellus
3317 731 3691 801 canonizatur,
3736 741 3791 790 et

2207 829 2450 886 maxime
2495 826 2564 885 ad
2601 825 2731 883 ﬁdei
2759 825 2984 898 proﬁcit
3025 825 3490 882 fundamentum:
3539 821 3620 878 ibi
3644 821 3789 878 enim

2207 916 2492 974 evidenter
2519 915 2950 988 omnipotentem
2980 913 3279 971 Dominum
3316 920 3567 969 nostrum
3610 911 3791 967 Iesum

2211 1004 2489 1064 Christum
2519 1003 2865 1061 memoravit.
2916 1001 3071 1059 Licet
3093 1009 3155 1058 et
3174 1002 3238 1058 in
3265 1000 3397 1057 aliis
3418 999 3581 1068 locis,
3609 1005 3796 1055 tamen

2212 1095 2268 1151 in
2298 1094 2416 1167 ipso
2446 1093 2634 1149 libello
2662 1092 2756 1150 :Si
2784 1090 2931 1165 quis,
2966 1089 3170 1164 inquit,
3192 1087 3471 1146 addiderit
3492 1095 3593 1145 aut
3616 1086 3797 1144 detra-

2211 1184 2377 1253 xerit,
2417 1182 2692 1255 judicium
2735 1180 2843 1239 sibi
2885 1179 3062 1239 sumit
3105 1188 3163 1236 et
3203 1194 3444 1252 pmuam.
3490 1178 3589 1236 Sic
3626 1178 3797 1235 unius

2212 1278 2446 1351 apostoli
2472 1277 2762 1351 scripturis
2788 1276 2933 1334 nihil
2958 1283 3043 1332 est
3069 1273 3497 1339 detrahendum,
3526 1271 3674 1329 nihil
3701 1271 3795 1329 ad-

2211 1369 2475 1437 dendum,
2505 1366 2967 1441 quemadmodum
2996 1380 3100 1421 nos
3127 1365 3382 1436 symbolo
3410 1363 3559 1437 quod
3587 1363 3794 1434 accepi.

2212 1471 2336 1514 mus
2360 1456 2431 1514 ab
2459 1454 2719 1529 apostolis
2749 1453 3019 1510 traditum
3042 1460 3208 1525 atque
3236 1452 3627 1524 compositum,
3649 1451 3797 1508 nihil

2213 1546 2474 1603 debemus
2500 1544 2808 1610 detrahere,
2838 1542 2980 1599 nihil
3010 1541 3327 1613 adiungere.
3360 1541 3476 1597 Hoc
3497 1549 3685 1597 autem
3712 1548 3798 1597 est

2212 1635 2525 1709 symbolum
2554 1632 2702 1707 quod
2731 1633 2974 1689 Romana
3000 1630 3249 1688 Ecclesia
3279 1636 3449 1696 tenet,
3467 1628 3561 1684 ubi
3582 1629 3800 1701 primus

2212 1725 2586 1798 apostolorum
2613 1722 2806 1782 Petrus
2830 1719 2998 1790 sedit,
3018 1726 3076 1779 et
3097 1733 3449 1785 communem
3464 1718 3794 1781 sententiam

2211 1813 2523 1875 eodetulit.

2282 1903 2430 1977 Ergo
2451 1903 2915 1978 quemadmodum
2940 1897 3236 1963 duodecim
3262 1897 3519 1977 apostoli,
3563 1908 3622 1958 et
3642 1898 3794 1958 duo-

2214 1993 2390 2050 decim
2418 1994 2724 2052 sententim.
2751 1994 2977 2066 Signata
3006 2009 3125 2051 vos.
3154 1992 3276 2061 Quo
3304 1992 3489 2049 facto:
3524 1990 3698 2048 Credo
3718 1988 3802 2064 [in

2214 2082 2383 2139 Deam
2408 2083 2626 2141 Patrem
2648 2082 3070 2156 omnipotentem,
3089 2088 3378 2139 creatorem
3403 2079 3522 2136 creti
3546 2085 3598 2134 et
3622 2085 3801 2147 terra,

2214 2178 2264 2227 et
2288 2172 2346 2227 in
2363 2172 2542 2229 Iesum
2570 2172 2843 2229 Christum
2864 2173 3070 2230 Filium
3100 2170 3216 2243 ejus
3260 2169 3477 2227 unicum
3512 2167 3800 2226 Dominum

2212 2270 2473 2333 coalitum,
2518 2265 2613 2336 qui
2636 2271 2906 2337 conceptus
2936 2271 3019 2322 est
3052 2265 3114 2321 de
3152 2262 3363 2335 Spiritu
3394 2268 3599 2328 cauto,
3642 2267 3799 2314 natus

2214 2371 2279 2411 ea:
2306 2353 2510 2427 Maria]
2538 2354 2788 2426 cirgitw;
2835 2352 3031 2427 [babes
3074 2352 3291 2410 Patrem
3335 2354 3799 2422 omnipotentem,

2216 2444 2383 2501 habes
2424 2445 2466 2500 F
2470 2443 2629 2501 ilium
2656 2442 2913 2517 unicum]
2961 2441 3131 2499 habes
3174 2439 3610 2498 incarnationem
3644 2439 3800 2507 Filii,

2215 2531 2676 2608 quemadmodum
2722 2530 2864 2593 dixi.
2917 2531 3029 2588 Sub
3066 2529 3263 2588 Pontio
3297 2528 3479 2586 Pilato
3507 2544 3707 2601 passus
3754 2533 3803 2583 et

2215 2623 2483 2693 sepultus;
2548 2620 2717 2677 habes
2765 2618 3075 2692 passionem
3126 2626 3189 2675 et
3238 2618 3602 2691 sepulturam.
3658 2616 3801 2673 Ecca

2218 2717 2452 2784 quatuor
2478 2709 2597 2766 istas
2622 2709 2928 2765 sententia.
2962 2707 3265 2767 Videamus
3291 2708 3446 2766 alias.
3507 2705 3689 2765 Tertia
3718 2706 3800 2761 die

2220 2798 2542 2872 [resurrexit
2589 2817 2625 2854 α
2667 2797 2917 2867 mortuis,
2945 2798 3184 2854 ascazda'l
3222 2799 3297 2854 ad
3338 2799 3515 2863 oculos,
3540 2796 3684 2852 sedet
3730 2796 3803 2852 ad

2216 2889 2485 2944 desieram
2516 2888 2615 2944 Dei
2640 2888 2846 2957 Patris,
2897 2887 3016 2944 inde
3052 2893 3303 2944 uenturam
3338 2892 3414 2941 est
3426 2884 3681 2954 judicare
3706 2885 3801 2939 oi-

2216 2978 2330 3051 vos]
2369 2984 2421 3033 et
2446 2984 2701 3033 mortuos
2751 2977 2894 3034 Ecce
2916 2976 3044 3033 alite
3073 2985 3307 3049 quatuor
3332 2975 3646 3041 sententiae,
3693 2972 3804 3030 hoc

2216 3074 2298 3123 est
2336 3075 2464 3125 octo
2504 3066 2813 3122 sententias.
2865 3064 3166 3123 Videamus
3194 3065 3378 3122 adhuc
3400 3065 3537 3120 alias
3563 3072 3805 3137 quatuor

2215 3154 2529 3211 seuteutias.
2578 3157 2652 3211 Ει
2676 3156 2735 3209 in
2766 3154 3029 3226 Spbitm
3043 3162 3285 3211 sanctam
3308 3154 3337 3227 f
3340 3160 3576 3210 sanet-1m
3600 3154 3800 3208 Eccle—

2214 3243 2368 3312 sium,
2416 3242 2770 3299 remissionum
2804 3250 3157 3314 peccatorum,
3190 3243 3398 3317 carnis]
3442 3241 3801 3299 ramuntis—

2215 3349 2352 3389 aem.
2400 3334 2542 3390 Ecce
2571 3333 2872 3390 secundum
2898 3333 3197 3390 duodecim
3223 3334 3518 3407 apostolos,
3562 3339 3622 3389 et
3650 3332 3803 3392 dno-

2218 3422 2395 3478 decim
2425 3422 2709 3479 sententias
2739 3422 3153 3495 comprehensas
3186 3430 3338 3480 sunt.

2288 3510 2435 3565 Illud
2463 3527 2591 3567 sane
2619 3511 2860 3567 monitos
2890 3528 2988 3567 vos
3015 3512 3143 3568 volo
3172 3527 3311 3579 esse,
3347 3507 3608 3583 quoniam
3638 3525 3802 3581 sym-

2217 3597 2409 3657 bolum
2437 3616 2550 3656 non
2579 3599 2739 3657 debet
2767 3601 2956 3670 scribi,
2986 3601 3116 3675 quia
3142 3600 3369 3657 reddere
3392 3599 3531 3655 illud
3564 3599 3799 3655 habetis.

2219 3686 2323 3745 Sed
2352 3704 2513 3745 nemo
2540 3688 2762 3746 scribat.
2812 3688 2933 3755 Qua
2965 3689 3175 3745 ratione
3198 3689 3231 3745 *Ρ
3280 3689 3371 3745 Sic
3398 3688 3717 3759 accepimus
3747 3696 3805 3743 ut

2220 3793 2330 3833 non
2357 3776 2550 3833 debeat
2578 3777 2766 3836 scribi.
2785 3777 2890 3834 Sed
2917 3778 3051 3853 quid
3065 3779 3093 3835 ?
3112 3778 3329 3835 Teneri.
3352 3777 3458 3833 Sed
3479 3777 3620 3833 dicis
3639 3775 3801 3843 mihi,

2220 3865 2495 3942 quomodo
2525 3876 2705 3941 potest
2733 3868 2929 3935 teneri,
2965 3869 3009 3924 si
3041 3885 3155 3925 non
3183 3867 3443 3926 scribitur
3460 3868 3492 3924 Τ
3509 3868 3686 3940 Magis
3714 3883 3806 3938 po-

2218 3965 2325 4015 test
2342 3959 2541 4026 teneri,
2571 3958 2617 4015 si
2648 3976 2761 4016 non
2793 3956 3083 4016 scribatur.
3107 3959 3225 4026 Qua
3253 3959 3463 4015 ratione
3482 3957 3513 4013 7
3531 3956 3802 4027 Accipite.

2220 4047 2377 4119 Quod
2411 4046 2558 4106 enim
2590 4050 2815 4117 scribes,
2846 4065 3069 4105 securus
3088 4049 3241 4122 quasi
3272 4048 3498 4120 relegas,
3529 4061 3642 4102 non
3671 4062 3803 4118 quo-

2218 4144 2429 4209 tidiana
2459 4142 2815 4199 meditatione
2842 4142 3049 4216 incipis
3075 4158 3355 4199 recensere
3380 4161 3392 4197 :
3444 4142 3595 4214 quod
3623 4152 3806 4198 autem

2218 4250 2328 4291 non
2358 4232 2570 4301 scribis,
2608 4231 2771 4289 times
2800 4249 2868 4289 ne
2898 4233 3138 4300 amittas,
3182 4230 3427 4305 quotidie
3459 4230 3665 4302 incipis
3714 4247 3811 4286 re-

2219 4338 2457 4381 censere.
2505 4322 2762 4393 Magnum
2793 4330 2974 4379 autem
3002 4330 3368 4379 tutamentum
3399 4328 3518 4380 est:
3554 4338 3813 4378 nascun-

2216 4421 2308 4469 tur
2334 4419 2583 4484 stupores
2614 4410 2792 4467 animi
2825 4422 2878 4470 et
2905 4412 3171 4484 corporis,
3222 4412 3456 4468 tentatio
3498 4411 3809 4471 adversarii

2218 4501 2311 4575 qui
2334 4517 2616 4574 nunquam
2638 4496 2891 4573 quiescit,
2915 4509 3120 4558 tremor
3134 4501 3335 4574 aliquis
3358 4502 3625 4576 corporis,
3652 4503 3811 4560 inﬁr-

2216 4590 2379 4646 mitas
2409 4589 2715 4657 stomachi;
2740 4588 3050 4662 symbolum
3082 4607 3300 4648 recense
3320 4592 3465 4647 intra
3480 4593 3811 4656 te,maxime

2218 4694 2435 4736 recense
2467 4678 2610 4733 intra
2634 4686 2689 4734 te
2716 4678 2918 4749 ipsum.
2945 4679 3122 4746 Quare
3150 4680 3604 4737 consuetudinem
3637 4683 3812 4741 facias

2218 4773 2272 4822 et
2298 4780 2424 4823 cum
2450 4765 2623 4834 solus,
2638 4762 2754 4841 [ut]
2775 4765 2974 4826 fortius
3002 4782 3284 4833 recenseas
3309 4769 3405 4831 ubi
3435 4780 3575 4831 sunt
3589 4768 3804 4830 ﬁdeles.
