4068 6186
272 349 409 410 H97

1565 333 1899 390 EPISTULA
1942 334 2035 388 DE
2077 331 2256 388 FIDE.

3410 338 3549 397 1198

278 452 3551 507 WW

1282 592 1920 681 EPISTULA
2002 591 2158 679 DE
2249 592 2543 679 FIDE

1039 746 1149 819 λυ
1200 745 1527 813 BEATUM
1586 744 2119 812 HIERONYMUM
2172 746 2778 821 PRESBYTERUM.

1745 869 1895 935 (ωλι,
1936 866 2089 935 ibid.)

342 1117 662 1196 Apostolica
678 1122 867 1179 narrat
883 1113 1183 1176 auctoritas
1204 1128 1217 1174 ε
1240 1113 1371 1173 Sine
1391 1112 1499 1177 ﬁde
1519 1112 1858 1191 impossibile
1887 1120 1937 1178 A
1968 1123 2084 1177 tota
2127 1116 2187 1179 in
2228 1134 2326 1183 sua
2366 1120 2439 1181 sit
2476 1134 2695 1195 semper
2725 1119 2987 1189 essentia;
3020 1136 3122 1179 nec
3148 1119 3411 1181 damnum
3441 1121 3553 1185 sibi

270 1230 383 1273 esse
426 1220 489 1271 ut
534 1209 828 1286 quisquam
874 1208 1088 1285 placeat
1133 1208 1267 1265 Deo.
1304 1206 1415 1264 Nos
1456 1222 1582 1279 ergo
1624 1204 1861 1263 fideliter

267 1303 547 1365 credimus
566 1304 806 1370 Patrem,
820 1300 1026 1359 Filium
1042 1307 1099 1362 et
1115 1298 1381 1373 Spiritum
1401 1305 1672 1366 sanctum,
1687 1313 1858 1357 unum

275 1408 466 1451 verum
492 1392 673 1449 solum
695 1391 871 1449 Deum
896 1390 956 1445 in
975 1387 1253 1447 essentiali
1274 1386 1601 1454 substantia,
1631 1401 1696 1444 ac
1723 1401 1860 1443 san-

270 1491 415 1542 ctam
442 1487 498 1536 et
528 1476 873 1535 individuam
900 1476 1242 1551 personalem
1268 1475 1649 1535 aeternitatem.
1675 1475 1861 1537 Deitas

266 1568 418 1626 enim
443 1566 649 1629 Christi
682 1580 780 1639 par
808 1564 869 1623 in
898 1562 1158 1623 omnibus
1185 1571 1242 1620 et
1262 1562 1750 1622 consubstantialis
1777 1569 1861 1620 est

265 1656 438 1723 Patri,
481 1661 537 1717 et
581 1651 914 1726 sempiterna
954 1658 1119 1725 atque
1156 1651 1595 1727 intemporaliter
1621 1667 1732 1715 una
1758 1666 1860 1713 ea-

267 1746 503 1819 demque
529 1739 774 1817 potentia
804 1738 1071 1814 genitoris
1097 1747 1154 1796 et
1177 1739 1369 1819 geniti.
1407 1740 1630 1805 Creator
1658 1740 1861 1814 quippe

264 1834 520 1895 omnium
550 1839 893 1899 naturarum,
915 1827 1177 1907 quoniam
1197 1843 1294 1902 per
1310 1827 1493 1903 ipsum
1512 1827 1699 1887 omnia
1715 1828 1861 1887 facta

263 1928 419 1993 sunt,
450 1926 507 1977 et
533 1917 652 1981 sine
682 1918 801 1991 ipso
830 1917 1037 1977 factum
1068 1921 1151 1974 est
1176 1914 1345 1984 nihil,
1378 1916 1629 1991 superior
1642 1923 1726 1977 est
1744 1931 1859 1979 om-

262 2012 438 2081 nibus
475 2025 597 2086 quae
640 2008 869 2081 creavit,
894 2023 999 2071 nec
1042 2022 1286 2089 unquam
1335 2007 1571 2071 creatori
1614 2022 1717 2065 suo
1743 2020 1858 2067 non

271 2103 501 2169 fuerunt
543 2098 792 2174 subjwta
825 2114 952 2176 quae
993 2096 1274 2171 condidit;
1330 2096 1422 2157 cui
1466 2096 1753 2179 proprium
1799 2101 1858 2157 et

262 2190 665 2261 sempiternum
713 2197 816 2258 est,
864 2202 967 2246 nec
999 2185 1229 2245 aliunde
1254 2200 1419 2259 quam
1450 2185 1517 2242 de
1549 2186 1727 2252 Patre,
1757 2198 1858 2240 nec

256 2278 440 2341 alium
480 2293 602 2335 esse
641 2291 810 2351 quam
855 2276 1018 2335 Pater
1049 2284 1157 2335 est.
1207 2274 1351 2336 Huic
1394 2275 1443 2333 ei
1482 2273 1673 2332 addita
1713 2279 1857 2331 esset

258 2375 528 2441 potestas,
560 2367 610 2423 si
650 2365 924 2422 illustrata
950 2364 1214 2438 dignitas,
1248 2364 1297 2422 si
1327 2363 1565 2421 exaltata
1592 2360 1859 2419 sublimi-

256 2464 373 2527 tas,
418 2455 602 2512 minor
640 2461 762 2512 erat
797 2452 1134 2527 provehente
1158 2452 1275 2528 squi
1308 2452 1540 2519 creavit,
1568 2467 1672 2509 nec
1692 2448 1855 2509 habe-

259 2544 365 2603 bat
384 2542 613 2600 divitias
640 2542 759 2615 ejus
779 2549 1007 2609 naturm,
1038 2541 1200 2615 cujus
1226 2540 1466 2615 indiguit
1495 2540 1764 2613 largitate.

329 2653 400 2710 In
428 2668 492 2709 ea
522 2650 866 2724 plenitudine
892 2651 1178 2725 temporis,
1200 2667 1323 2727 quae
1350 2651 1686 2725 sempiterno
1711 2664 1856 2708 con-

261 2741 402 2800 silio
431 2742 610 2798 fuerat
630 2743 958 2814 praestituta,
977 2750 1035 2799 et
1061 2740 1381 2815 prophetica
1398 2739 1673 2799 dictorum
1695 2746 1857 2811 atque

255 2837 549 2905 gestorum
586 2828 988 2902 signiﬁcatione
1027 2830 1316 2902 promissa,
1348 2827 1527 2885 factus
1568 2828 1718 2884 ﬁlius
1744 2826 1857 2883 ho-

254 2919 442 2979 minis
473 2933 587 2976 non
620 2934 734 2976 sum
762 2918 1122 2977 conversione
1163 2917 1504 2986 substantiae,
1533 2917 1627 2973 sed
1655 2921 1857 2990 nostra

256 3009 649 3083 assumptione
670 3017 904 3079 naturae,
936 3007 1094 3065 venit
1120 3021 1362 3079 quaerere
1386 3014 1441 3062 et
1469 3009 1681 3064 salvere
1708 3006 1857 3087 quod

254 3097 527 3175 perierat.
560 3094 734 3154 Venit
754 3103 937 3153 autem
981 3110 1095 3151 non
1123 3094 1287 3152 locali
1335 3109 1553 3153 accessu
1588 3109 1690 3152 nec
1727 3109 1857 3151 mo-

249 3190 423 3247 tione
474 3199 756 3260 corporea,
808 3192 1069 3259 tanquam
1129 3198 1367 3255 praesens
1426 3183 1648 3240 futurus
1709 3181 1856 3239 unde

247 3277 556 3349 adfuisset,
599 3283 698 3335 aut
741 3272 900 3333 illinc
942 3286 1256 3333 recessurus
1282 3272 1430 3333 unde
1471 3272 1732 3342 venisset,
1756 3272 1857 3337 sed

254 3368 429 3431 venit
454 3381 552 3445 per
578 3364 686 3427 hoc
696 3364 860 3439 .quod
887 3371 1006 3425 erat
1029 3362 1271 3423 visibilis
1296 3371 1352 3421 et
1374 3364 1594 3425 cunctis
1618 3378 1856 3424 nomen.

247 3458 423 3525 tibus
449 3452 833 3517 declarandus.
870 3451 1177 3511 Humanam
1207 3452 1420 3511 scilicet
1443 3467 1664 3513 carnem
1692 3459 1856 3525 atque

246 3547 508 3611 animam
537 3546 599 3609 in
628 3540 935 3604 visceribus
976 3541 1212 3616 virginis
1240 3542 1432 3603 matris
1466 3542 1762 3615 accipiens,
1792 3550 1855 3605 ut

249 3648 495 3695 manens
536 3632 597 3691 in
638 3631 820 3689 forma
846 3630 969 3701 Dei,
996 3631 1142 3688 servi
1175 3630 1408 3693 formam
1454 3638 1770 3697 assumeret,
1796 3638 1855 3693 et

252 3725 321 3782 in
354 3720 727 3783 similitudine
742 3720 925 3781 carnis
944 3726 1289 3793 peccatorum
1318 3717 1547 3786 veniret,
1573 3732 1672 3791 per
1691 3733 1854 3792 quam

256 3826 383 3871 non
428 3810 709 3871 minueret
745 3809 939 3869 divina
964 3808 1244 3881 humanis,
1274 3809 1371 3867 sed
1397 3813 1617 3882 augeret
1645 3805 1857 3867 divinis

256 3895 531 3957 humana.
564 3893 712 3957 Talis
742 3895 891 3957 enim
939 3904 1055 3955 erat
1105 3862 1353 3957 omnium
1391 3862 1656 3967 aprimis
1688 3891 1854 3950 ducta
1888 3862 1932 3923 Ο

252 3982 610 4054 genitoribus
648 3998 811 4045 causa
850 3986 1194 4050 mortalium,
1238 3991 1300 4036 ut
1328 3981 1587 4053 originali
1634 3987 1855 4050 peccato

251 4076 587 4131 transeunte
628 4083 727 4147 per
768 4076 1033 4142 posteros,
1061 4068 1253 4131 nullus
1293 4082 1509 4141 poenam
1538 4066 1857 4125 damnatio-

252 4160 359 4218 nis
407 4157 681 4227 evaderet,
725 4158 831 4214 nisi
885 4157 1127 4214 Verbum
1168 4173 1295 4216 caro
1324 4157 1478 4214 ﬁeret
1504 4165 1558 4214 et
1586 4156 1856 4222 habitaret

247 4252 321 4308 in
357 4247 538 4305 nobis.
570 4245 728 4316 Quod
756 4244 978 4305 deitatis
1002 4254 1110 4316 est,
1134 4262 1267 4309 caro
1296 4262 1407 4302 non
1434 4246 1675 4314 minuit;
1707 4246 1855 4320 quod

243 4338 449 4401 carnis
494 4346 597 4409 est,
624 4336 803 4401 deitas
845 4351 961 4395 non
984 4335 1238 4412 peremit.
1270 4334 1420 4394 Idem
1459 4336 1607 4395 enim
1632 4343 1689 4393 et
1716 4351 1853 4397 sem-

244 4428 517 4503 piternus
558 4440 632 4484 ex
678 4424 871 4495 Patre;
920 4431 977 4482 et
1001 4423 1321 4497 temporalis
1346 4440 1417 4483 ex
1444 4432 1639 4494 matre,
1666 4424 1728 4483 in
1754 4441 1855 4484 sua

241 4518 476 4575 virtute
510 4513 876 4584 inviolabilis,
906 4511 967 4575 in
992 4519 1179 4575 nostra
1206 4512 1529 4572 inﬁrmitate
1555 4513 1849 4586 possibilia.

241 4606 318 4665 In
346 4602 551 4661 deitate
574 4609 793 4663 tantum
814 4609 873 4663 et
896 4617 1021 4661 cum
1044 4602 1414 4663 Patreetcnm
1434 4601 1644 4674 Spiritu
1663 4610 1853 4660 satiate

241 4693 431 4753 unius
474 4690 833 4767 ejusdemque
881 4700 1126 4759 naturai;
1170 4692 1231 4755 in
1284 4691 1625 4765 susceptione
1670 4698 1851 4750 autem

242 4782 531 4849 hominis,
560 4798 677 4841 non
704 4782 873 4841 unius
899 4782 1244 4850 substantia,
1268 4783 1366 4843 sed
1389 4783 1558 4845 unius
1580 4780 1852 4856 ejusdem-

240 4886 370 4949 que
417 4885 662 4947 personae
695 4888 708 4926 :
742 4878 805 4929 ut
849 4869 994 4929 idem
1042 4880 1185 4933 esset
1220 4869 1380 4933 dives
1412 4872 1474 4933 in
1515 4881 1850 4945 paupertate,

1968 1207 2238 1280 recipiens
2257 1225 2358 1266 nec
2376 1216 2731 1283 augmentum
2750 1228 2764 1276 ;
2787 1219 2840 1266 et
2851 1212 2930 1269 sic
2948 1220 3280 1283 assumptam
3302 1220 3554 1279 naturam

1967 1296 2307 1368 beatiﬁcans,
2338 1307 2400 1359 ut
2428 1300 2735 1372 gloriﬁcata
2762 1300 2819 1359 in
2850 1300 3189 1372 gloriﬁcante
3218 1311 3550 1372 permaneat.

2039 1386 2150 1447 Cur
2173 1394 2353 1447 autem
2376 1388 2775 1449 inconveniens
2803 1397 2899 1446 aut
2921 1389 3259 1463 impossibile
3280 1389 3554 1461 videatur,

1967 1480 2031 1531 ut
2076 1475 2317 1535 Verbum
2368 1485 2423 1535 et
2464 1493 2589 1534 caro
2617 1488 2781 1553 atque
2808 1477 2992 1535 anima
3019 1494 3162 1536 unus
3203 1479 3371 1535 homo
3396 1478 3557 1541 Chrir

1966 1568 2083 1621 stus
2122 1572 2178 1619 et
2217 1580 2362 1625 unus
2422 1567 2522 1624 Dei
2556 1566 2910 1642 hominisque
2952 1568 3028 1625 sit
3055 1566 3322 1637 Filius,si
3353 1574 3557 1629 caroet

1966 1649 2170 1721 anima,
2199 1667 2319 1729 quas
2346 1652 2705 1715 dissimilium
2751 1663 3071 1717 naturarum
3100 1664 3251 1723 sunt.
3284 1672 3449 1717 unam
3478 1656 3556 1715 fa-

1967 1742 2143 1813 ciunt,
2164 1744 2327 1801 etiam
2346 1742 2468 1803 sine
2488 1745 2656 1805 Verbi
2687 1747 3086 1817 incarnatione,
3114 1762 3398 1820 personam
3421 1748 3503 1819 (ι)
3525 1746 3559 1807 ?

1968 1830 2106 1891 Cum
2136 1833 2313 1891 multo
2342 1832 2565 1895 facilius
2586 1834 2683 1902 sit,
2714 1844 2778 1897 ut
2804 1834 2949 1893 hanc
2981 1836 3248 1895 unitatem
3282 1836 3371 1895 sui
3394 1843 3557 1910 atque

1965 1917 2229 1988 hominis,
2258 1919 2483 1981 deitatis
2511 1930 2733 1997 praestet
2762 1930 3021 1996 potestas,
3047 1939 3214 1996 quam
3252 1932 3316 1983 ut
3350 1938 3469 1980 eam
3495 1924 3558 1985 in

1960 2005 2289 2069 substantiis
2335 2008 2452 2069 suis
2502 2008 2749 2067 obtineat
2788 2011 2965 2069 solius
3010 2010 3370 2075 humanitatis
3408 2008 3556 2067 inﬁr-

1965 2094 2263 2155 mitas.Nec
2284 2094 2527 2159 Verbum
2548 2099 2719 2171 igitur
2746 2098 2805 2161 in
2834 2115 3079 2165 carnem,
3102 2116 3205 2159 nec
3223 2101 3281 2156 in
3314 2099 3555 2161 Verbum

1967 2198 2091 2239 caro
2132 2189 2344 2240 mutata
2388 2192 2471 2241 est
2518 2203 2530 2241 :
2574 2185 2671 2242 sed
2714 2194 3011 2259 utrumque
3040 2186 3099 2241 in
3130 2203 3241 2242 uno
3271 2194 3472 2255 manet,
3502 2194 3557 2242 et

1960 2288 2110 2332 unus
2152 2274 2211 2330 in
2258 2281 2489 2349 utroque
2516 2284 2601 2333 est
2628 2293 2641 2332 :
2675 2291 2788 2333 non
2818 2276 3136 2333 diversitate
3178 2275 3411 2345 divisus,
3442 2292 3556 2335 non

1964 2363 2321 2436 permistione
2351 2366 2634 2435 confusus,
2665 2381 2768 2423 nec
2813 2367 2952 2422 alter
2996 2381 3066 2422 ex
3114 2366 3293 2434 Patre,
3323 2366 3459 2422 alter
3486 2381 3556 2422 ex

1966 2463 2173 2524 matre;
2214 2457 2313 2514 sed
2356 2457 2504 2515 idem
2544 2474 2619 2514 ex
2664 2459 2821 2513 Patre
2849 2464 2977 2513 ante
3000 2472 3167 2514 omne
3196 2458 3554 2529 principium,

1966 2552 2021 2601 et
2046 2545 2194 2601 idem
2224 2548 2282 2602 in
2314 2547 2424 2605 ﬁne
2453 2549 2779 2606 smculorum
2805 2557 2869 2603 ut
2895 2555 3038 2604 esset
3064 2548 3336 2604 mediator
3373 2548 3471 2603 Dei
3500 2556 3557 2605 et

1962 2634 2276 2703 hominum,
2324 2635 2490 2691 homo
2542 2637 2698 2693 Iesus
2742 2634 2997 2694 Christus
3040 2634 3101 2691 in
3138 2652 3247 2709 quo
3284 2636 3557 2693 habitaret

1965 2722 2250 2795 plenitudo
2278 2722 2609 2780 divinitatis.

2034 2809 2306 2867 Nativitas
2345 2811 2492 2867 enim
2522 2812 2747 2868 Domini
2776 2813 3079 2871 secundum
3108 2830 3327 2873 carnem
3365 2824 3554 2897 querna

1964 2902 2052 2960 vis
2080 2902 2278 2961 habeat
2321 2904 2569 2981 quaedam
2618 2905 2858 2977 propria,
2889 2904 3089 2978 quibus
3129 2904 3383 2971 humanae
3411 2923 3554 2964 con-

1965 2993 2192 3051 ditionis
2222 2994 2382 3052 initia
2412 2996 2787 3063 transcendat,
2816 2996 2934 3052 sive
2977 2995 3122 3070 quod
3169 2997 3319 3053 solus
3362 2997 3429 3053 ab
3469 2998 3552 3058 in-

1964 3083 2170 3141 violata
2188 3084 2414 3157 Virgine
2444 3086 2563 3142 sine
2590 3086 3036 3159 concupiscentia
3068 3095 3152 3142 est
3178 3094 3473 3159 conceptus
3498 3091 3554 3153 et

1965 3183 2156 3243 natus;
2197 3174 2315 3233 sive
2340 3176 2487 3248 quod
2514 3176 2593 3232 ita
2619 3193 2649 3232 e
2674 3178 2980 3234 visceribus
3010 3177 3202 3234 matris
3230 3184 3312 3233 est
3347 3176 3547 3244 editus,

1965 3270 2027 3325 ut
2075 3262 2383 3323 fecunditas
2432 3272 2664 3335 pareret,
2718 3272 2774 3325 et
2827 3264 3118 3337 virginitas
3168 3271 3547 3335 permaneret;

1964 3365 2077 3409 non
2103 3350 2332 3408 alterius
2353 3359 2538 3409 tamen
2567 3359 2776 3411 naturae
2807 3362 2925 3411 erat
2959 3351 3080 3423 ejus
3106 3368 3234 3411 caro
3261 3367 3424 3423 qnam
3454 3367 3551 3407 no-

1965 3445 2077 3497 stra
2096 3446 2184 3495 est
2213 3457 2227 3496 :
2256 3455 2360 3501 nec
2390 3441 2502 3503 alio
2530 3440 2614 3497 illi
2646 3457 2810 3513 quam
2838 3441 3050 3499 ceteris
3072 3439 3394 3499 hominibus
3420 3438 3551 3494 ani-

1965 3543 2056 3587 ma
2097 3535 2180 3584 est
2235 3528 2498 3601 inspirata
2554 3529 2850 3602 principio,
2906 3544 3029 3601 quis
3091 3528 3384 3583 excelleret
3438 3543 3550 3584 non

1964 3614 2282 3675 diversitate
2319 3619 2553 3690 generis,
2602 3618 2699 3675 sed
2733 3617 3075 3675 sublimitate
3121 3616 3364 3673 virtutis.
3397 3615 3550 3673 Nihil

1964 3707 2111 3765 enim
2158 3707 2341 3771 carnis
2367 3724 2481 3772 sum
2509 3708 2747 3768 habebat
2772 3707 3065 3767 adversum
3090 3724 3105 3772 ;
3137 3720 3249 3762 non
3277 3704 3552 3761 discordia

1963 3800 2359 3861 desideriorum
2381 3800 2636 3872 gignebat
2653 3798 3135 3869 compugnantiam
3164 3797 3508 3867 voluptatum
3533 3813 3549 3864 ;

1962 3905 2153 3947 sensus
2195 3903 2445 3960 carperet
2491 3886 2751 3958 vigebant
2794 3886 2914 3943 sine
2958 3885 3075 3955 lege
3102 3883 3332 3954 peccati,
3366 3893 3424 3939 et
3456 3899 3553 3939 ve-

1963 3978 2097 4041 ritas
2140 3977 2494 4039 aﬂectionum
2522 3979 2629 4035 sub
2658 3976 3037 4037 moderamine
3058 3976 3284 4033 deitatis
3306 3982 3365 4031 et
3402 3992 3551 4031 men-

1963 4069 2057 4133 tis,
2084 4080 2189 4125 nec
2214 4066 2529 4127 ww
2550 4065 2848 4134 illecebris,
2874 4082 2984 4122 nec
3006 4064 3234 4123 cedebat
3262 4063 3319 4118 in
3349 4064 3503 4118 vitiis
3527 4078 3546 4118 τ

1964 4170 2129 4217 verus
2154 4154 2324 4215 homo
2368 4171 2496 4212 vere
2548 4155 2740 4213 unitas
2780 4164 2865 4212 est
2904 4156 3017 4211 Deo
3056 4170 3070 4208 :
3110 4169 3212 4210 nec
3246 4154 3549 4211 secundum

1965 4247 2315 4308 usistentem
2344 4246 2499 4320 prius
2522 4247 2766 4305 animam
2792 4244 3065 4303 deductus
3095 4260 3128 4300 e
3150 4244 3313 4312 caelo,
3341 4259 3442 4299 nec
3472 4258 3549 4299 se-

1962 4334 2205 4394 cundum
2229 4350 2448 4393 carnem
2478 4342 2694 4395 creatus
2718 4350 2793 4392 ex
2829 4333 3009 4390 nihilo
3040 4350 3052 4389 :
3082 4332 3329 4389 eamdem
3363 4348 3551 4403 gerens

1962 4424 2023 4483 in
2074 4423 2242 4482 Verbi
2276 4424 2482 4482 deitate
2519 4440 2827 4497 personam,
2871 4432 2929 4480 et
2970 4430 3163 4479 tenens
3202 4436 3549 4478 communem

1963 4512 2249 4571 nobiscum
2281 4514 2341 4570 in
2366 4529 2601 4587 corpore
2640 4513 2933 4586 animaque
2959 4518 3229 4568 naturam.
3255 4508 3377 4565 Non
3399 4508 3552 4564 enim

1961 4611 2102 4661 esset
2147 4602 2246 4659 Dei
2301 4601 2699 4674 hominumque
2744 4599 3036 4668 mediator,
3074 4599 3183 4655 nisi
3224 4597 3368 4654 idem
3408 4599 3553 4654 Deus

1963 4694 2218 4769 identque
2246 4693 2413 4749 homo
2442 4693 2503 4753 in
2533 4701 2765 4765 utroque
2792 4698 2847 4748 et
2874 4705 3020 4747 unus
3046 4697 3187 4745 esset
3210 4695 3263 4745 et
3290 4703 3474 4743 verus.

2030 4784 2239 4849 Invitat
2290 4782 2515 4857 quidem
2574 4798 2674 4839 nos
2728 4780 2799 4837 ad
2853 4777 3200 4836 latitudinem
3250 4774 3553 4832 disserendi

1963 4874 2203 4933 materia
2250 4871 2605 4946 magnitudo;
2652 4870 2752 4927 sed
2790 4869 2937 4943 apud
2978 4864 3347 4924 eruditionem
3400 4873 3553 4921 tuam

237 4958 615 5033 omnipotens
656 4959 716 5021 in
756 4957 1148 5027 submissione,
1174 4959 1533 5032 impassibilis
1561 4960 1621 5017 in
1648 4963 1852 5035 supplic
1964 4979 2074 5019 non
2127 4970 2209 5019 est
2256 4962 2421 5033 copia
2474 4958 2778 5016 laborandi.
2830 4956 2991 5029 Apud
3036 4963 3090 5012 te
3127 4964 3211 5012 est
3248 4953 3551 5017 Bethleem,

237 5049 372 5111 cio,
407 5046 737 5107 immortalis
765 5046 823 5107 in
868 5056 1065 5109 morte.
1091 5047 1205 5107 Nec
1227 5048 1376 5105 enim
1404 5048 1647 5107 Verbum
1671 5058 1765 5107 aut
1790 5051 1850 5107 in
1962 5051 2021 5108 in
2052 5068 2162 5125 qua
2184 5052 2437 5108 salutifer
2476 5048 2726 5121 Virginis
2752 5054 2941 5120 partus
2969 5044 3180 5112 illuxit,
3211 5057 3375 5115 quem
3397 5041 3554 5094 invo-

234 5150 485 5195 carnem
515 5142 612 5195 aut
639 5135 699 5193 in
728 5134 968 5193 animam
1006 5134 1194 5209 aliqua
1233 5137 1319 5193 sui
1347 5144 1498 5210 parte
1524 5153 1851 5197 conversum
1963 5141 2141 5195 lutum
2181 5140 2397 5212 pannis,
2443 5138 2588 5194 inter
2625 5135 2905 5209 angustias
2950 5129 3266 5196 diversorii,
3312 5139 3555 5205 praesepe

225 5234 376 5291 est;
432 5235 556 5279 cum
602 5222 841 5295 simplex
886 5230 942 5280 et
988 5221 1353 5281 immutabilis
1396 5233 1594 5285 natura
1630 5225 1853 5285 deitatis
1883 5216 1934 5277 D
1964 5228 2221 5301 suscepit.

1957 5448 2035 5505 Re
2063 5455 2245 5521 autem
2270 5461 2402 5521 vera
2429 5443 2551 5521 duas
2570 5452 2700 5521 sunt
2728 5443 2787 5500 in
2816 5440 3042 5521 homine
3061 5445 3280 5521 natura
3298 5455 3399 5499 seu
3424 5438 3552 5521 snbv

1958 5518 2211 5595 stantiae;
2258 5517 2553 5595 spiritalis,
2601 5517 2786 5595 anima
2814 5532 2846 5595 ;-
2882 5512 3201 5595 materialis,
3240 5529 3422 5595 ocaroa
3457 5512 3552 5593 he-

1959 5600 2123 5661 gatur
2145 5581 2212 5644 de
2256 5581 2363 5646 hbc
2397 5581 2657 5661 exemplo
2689 5584 2948 5658 pratciara
2991 5581 3276 5638 Athanasii
3303 5582 3553 5639 doctrina

1959 5658 2046 5719 ed.
2070 5659 2244 5719 Maur.
2277 5667 2319 5721 t.
2350 5676 2393 5730 ι,
2424 5675 2480 5733 p.
2514 5658 2677 5715 1279.

318 5444 417 5515 (1)
448 5442 771 5517 Rectissime
798 5441 1125 5517 Ambrosius
1144 5462 1445 5517 personam,
1470 5462 1579 5517 non
1600 5452 1850 5503 naturam

231 5516 420 5575 dicit.
456 5515 590 5570 Nam
620 5516 665 5570 si
697 5523 888 5570 contra
916 5532 1025 5571 una
1048 5515 1290 5571 hominis
1320 5526 1515 5573 natura
1540 5516 1767 5584 dicitur,
1788 5525 1851 5573 ut

230 5586 506 5660 plerique
540 5587 686 5660 loqui
718 5587 917 5654 solent,
952 5586 1337 5660 hace-nemplo
1376 5590 1517 5645 mire
1542 5589 1852 5645 abutuntur

232 5656 680 5731 f‘vionophysit'ae,
710 5667 773 5718 ut
813 5673 980 5725 tinam
1026 5656 1526 5721 Christi'naturam
1554 5661 1846 5722 afﬁrmem.
