4068 6186
298 302 435 362 1201

1368 305 1595 362 HYMNI
1631 308 1683 363 S.
1731 309 2084 368 AMBROSIO
2122 313 2515 372 ATTRIBUTI.

3444 325 3586 387 1202

297 430 462 497 rium,
495 428 556 484 in
584 427 770 485 indice
789 427 891 484 sub
906 428 975 484 A.
997 428 1105 485 228
1123 436 1394 497 notatum,
1417 447 1484 485 ex
1512 432 1667 487 libris
1688 434 1888 491 Crusii.
1920 438 1971 496 A
2003 436 2175 495 simus
2211 440 2547 511 argumentis
2575 441 2706 497 satis
2742 440 2958 498 idoneis
3010 446 3383 515 conﬁrmavit,
3436 452 3585 510 nihil

298 520 415 576 Hoc
447 516 814 584 breviarium,
874 516 1020 589 quod
1076 517 1259 572 ordini
1312 518 1801 576 Dominicanorum
1835 522 1893 577 in

299 623 406 663 usu
451 605 582 672 fuit,
613 621 684 660 ex
711 605 1232 661 commemoratione
1261 608 1623 678 quorumdam
1667 618 1893 665 sancto-

296 710 441 762 rum,
475 694 630 750 velut
661 695 699 749 8
766 693 984 760 “halm,
1015 702 1236 765 apparet
1269 711 1339 750 ex
1376 695 1594 766 regione
1632 697 1893 754 Rhenana

297 782 580 855 superiore
612 786 881 852 o'wginem
921 781 1172 837 traxisse.
1211 782 1372 839 Hunc
1417 789 1599 839 tamen
1645 784 1888 841 codicem

297 870 398 926 vix
425 869 650 927 initium
674 868 864 925 saeculi
891 884 968 924 xv
998 869 1303 941 transgredi
1342 885 1660 942 persuasum
1691 871 1884 929 habeo.

300 958 392 1030 (ι).
423 958 505 1030 2.)

366 1054 422 1111 3.
468 1051 675 1109 Eadem
725 1053 837 1109 fere
881 1052 1020 1110 ratio
1069 1061 1152 1110 est
1195 1050 1402 1111 codicis
1448 1050 1741 1124 chartacei,
1792 1053 1889 1128 qui

296 1156 422 1198 cum
470 1140 743 1213 quondam
796 1141 854 1196 in
904 1141 1238 1200 bibliotheca
1279 1141 1596 1199 monasterii
1636 1142 1693 1199 8.
1741 1141 1889 1199 Petri

296 1228 567 1285 Erfordiae
597 1237 990 1299 asservaretur,
1021 1244 1170 1284 nunc
1201 1244 1353 1284 meus
1380 1236 1482 1286 est.
1524 1230 1673 1287 Inest
1697 1231 1759 1286 in
1782 1230 1889 1287 hoc

296 1318 484 1374 codice
512 1319 673 1374 Glosa
697 1334 858 1388 super
895 1319 1099 1386 Ymnos,
1132 1333 1252 1389 quin
1278 1325 1459 1375 tamen
1497 1319 1567 1376 ad
1604 1321 1886 1393 explican-

297 1404 396 1461 dos
422 1406 660 1477 hymnos
689 1406 804 1461 fere
839 1405 983 1461 nihil
1024 1406 1254 1461 confert.
1304 1406 1445 1462 Huic
1491 1408 1682 1479 glossae
1724 1425 1888 1465 com-

297 1495 598 1549 mentarius
625 1495 693 1550 de
723 1495 998 1549 summula
1026 1494 1341 1564 Raymundi
1372 1493 1593 1551 additus
1620 1502 1719 1551 est.
1763 1498 1883 1569 (Ε.)

366 1589 421 1645 4.
475 1590 939 1662 Antiquissimum
972 1607 1157 1647 eorum
1192 1607 1328 1663 quos
1356 1590 1700 1663 inspeximus
1723 1594 1888 1651 codi-

293 1695 419 1737 cum
449 1680 709 1737 debemus
740 1679 1055 1737 liberalitati
1087 1682 1429 1751 Rambachii,
1471 1684 1581 1740 viri
1621 1685 1887 1743 doctissi-

295 1769 396 1837 mi,
425 1769 667 1842 quicum
698 1769 907 1840 primus
961 1769 1113 1842 (nam
1166 1769 1284 1826 hac
1337 1770 1456 1828 laus
1513 1771 1631 1842 ejus
1676 1785 1963 1846 semper];

296 1857 518 1931 propria
545 1858 649 1913 erit
684 1866 738 1914 et
766 1848 1048 1930 mansura)
1100 1859 1158 1914 in
1198 1858 1556 1933 hymnologia
1592 1862 1739 1918 viam
1768 1879 1886 1919 mu-

300 1946 528 2015 niverit,
550 1955 665 2003 tum
685 1949 753 2006 de
773 1947 932 2004 nobis
958 1947 1164 2020 optime
1190 1949 1420 2004 meritus
1438 1958 1542 2014 est,
1570 1964 1697 2006 cum
1726 1950 1889 2007 nobis

296 2033 538 2090 subsidia
567 2042 622 2090 et
652 2035 929 2092 rarissima
958 2046 1011 2093 et
1026 2036 1440 2107 exoptatissima
1458 2037 1528 2093 ad
1549 2037 1887 2095 Thesaurum

296 2130 544 2178 nostrum
574 2124 1027 2196 suppeditaverit.
1061 2125 1159 2180 Est
1194 2126 1286 2180 ille
1317 2140 1479 2197 quem
1509 2125 1759 2182 diximus
1785 2141 1890 2184 co-

292 2210 401 2267 dex
431 2226 498 2268 ex
527 2212 864 2270 bibliotheca
900 2213 1144 2271 civitatis
1185 2212 1575 2269 illustrissimae
1607 2213 1891 2270 Hamhur—

294 2301 494 2371 gensis,
512 2316 674 2372 quem
692 2300 1066 2371 Stapborstius
1080 2300 1302 2372 (Hamb.
1328 2300 1890 2373 Kircbengeschichte

293 2388 397 2444 Th.
428 2389 472 2455 Ι,
504 2387 559 2445 S.
591 2388 696 2445 310
725 2389 903 2460 seqq.)
934 2389 1149 2445 decimo
1176 2396 1340 2461 atque
1357 2388 1494 2445 adeo
1512 2405 1663 2445 nono
1687 2391 1888 2447 saculo

293 2477 566 2548 ascripsit.
626 2478 830 2533 Contra
874 2477 1241 2535 Rambachius
1268 2479 1441 2535 Anth.
1474 2480 1517 2546 Ι,
1550 2496 1603 2550 p.
1641 2479 1731 2547 23,
1760 2496 1887 2537 cum

293 2566 354 2621 in
382 2565 572 2622 codice
600 2564 656 2622 S.
687 2565 997 2624 Catharinze
1046 2569 1252 2624 mentio
1294 2569 1437 2624 facta
1477 2568 1566 2635 sit,
1620 2584 1720 2623 suo
1762 2567 1889 2640 jure

292 2654 555 2710 saeculum
588 2654 811 2709 tertium
862 2654 1137 2711 decimum
1178 2671 1290 2712 non
1337 2654 1726 2727 egrediendum
1773 2670 1889 2712 esse

292 2743 505 2800 statuit.
538 2743 643 2799 Sed
679 2745 736 2799 in
775 2744 1046 2815 ejusmodi
1075 2744 1368 2801 breviariis
1396 2745 1601 2817 duplex
1629 2760 1752 2816 pars
1779 2744 1888 2803 dis-

295 2832 596 2905 tinguenda
633 2832 854 2889 videtur
887 2850 899 2889 :
940 2850 1052 2890 una
1085 2834 1392 2904 primitiva,
1438 2834 1611 2889 altera
1656 2849 1777 2905 quae
1819 2848 1890 2889 ex

296 2922 594 2995 posteriore
623 2929 867 2996 tempore
896 2923 1274 2979 additamenta
1299 2920 1485 2977 habet.
1523 2920 1727 2976 Eadem
1748 2921 1888 2978 ratio

288 3011 515 3067 videtur
542 3027 659 3068 esse
688 3011 855 3083 hujus
883 3010 1090 3067 codicis
1123 3027 1135 3064 :
1183 3009 1382 3080 hymni
1422 3009 1568 3064 enim
1598 3010 1656 3064 in
1687 3008 1888 3065 festum

287 3099 344 3155 S.
378 3099 709 3167 Catharinze,
741 3098 1129 3169 Conceptionis
1157 3098 1341 3154 Maria
1373 3097 1498 3154 aliis
1529 3098 1726 3153 litteris
1763 3105 1889 3155 aeta-

287 3197 397 3246 tem
457 3190 813 3262 posteriorem
872 3187 1248 3245 indicantibus
1300 3186 1566 3259 exscripti
1619 3194 1775 3252 sunt;
1835 3195 1890 3242 et

282 3294 414 3335 cum
446 3279 552 3335 hoc
579 3292 796 3351 quoque
845 3275 1088 3333 notabile
1134 3274 1228 3342 sit,
1281 3274 1522 3346 hymnos
1572 3275 1633 3331 in
1686 3273 1887 3330 festum

282 3369 543 3441 Corporis
586 3365 793 3426 Christi
851 3362 1100 3420 nondum
1150 3361 1414 3431 inveniri,
1462 3360 1612 3417 haud
1662 3361 1775 3418 scio
1816 3377 1888 3416 an

284 3456 427 3514 illud
456 3454 604 3528 quod
629 3450 1189 3509 commemoravimus
1231 3451 1517 3521 proprium
1546 3449 1614 3505 de
1643 3458 1888 3519 tempore

282 3544 613 3601 duodecimo
645 3551 806 3615 atque
853 3539 989 3596 adeo
1017 3538 1312 3596 undecimo
1356 3537 1560 3597 saeculo
1604 3536 1889 3594 vindican-

284 3636 417 3692 dum
459 3635 549 3691 sit.
586 3633 707 3705 (H.)

354 3732 410 3789 5.
444 3730 786 3787 Breviarium
820 3729 1191 3788 dioecesanum
1220 3728 1566 3787 chartaceum
1599 3743 1669 3784 ex
1686 3726 1888 3784 biblio-

283 3821 448 3901 theca
476 3822 608 3877 Rev.
641 3821 869 3893 capituli
902 3820 1232 3877 cathedralis
1259 3817 1721 3891 Merseburgensis
1754 3816 1887 3872 libe'

285 3918 493 3971 ralitati
525 3917 754 3988 Frejeri,
783 3917 893 3972 viri
923 3917 1284 3985 ornatissimi,
1315 3917 1523 3982 debeo;
1572 3914 1666 3985 qui
1715 3910 1890 3967 codex

287 4019 458 4056 manu
483 4003 739 4071 scriptus,
774 4003 875 4056 etsi
904 4003 1003 4056 vix
1032 4004 1293 4057 smculum
1324 4009 1577 4073 quartum
1609 3998 1888 4053 decimum

286 4088 615 4163 egrediatur,
650 4090 822 4144 multa
867 4097 1049 4143 tamen
1098 4088 1346 4144 continet
1396 4086 1634 4159 propria.
1689 4086 1752 4140 In
1799 4085 1890 4140 his

285 4180 623 4254 hymnorum
679 4179 923 4253 paucitas
977 4185 1031 4232 et
1092 4186 1453 4243 octavarum;
1507 4191 1632 4232 nam
1689 4174 1888 4230 desunt

285 4270 422 4327 adeo
443 4278 647 4327 octavae
678 4268 1001 4342 Epiphaniae
1031 4275 1085 4323 et
1112 4265 1537 4337 Assumptionis.
1575 4265 1701 4336 (Μ.)

354 4371 407 4427 6.
442 4370 505 4425 In
531 4368 687 4424 libris
712 4382 879 4422 manu
908 4364 1147 4435 scriptis,
1182 4379 1319 4436 quos
1347 4363 1436 4418 Fr.
1487 4360 1685 4417 Junius
1736 4358 1891 4414 inde-

2001 536 2083 583 est
2124 528 2270 600 quod
2322 546 2681 601 exponamus,
2714 531 2906 603 quanti
2959 531 3053 589 hic
3084 533 3319 592 Grimmi
3371 538 3513 595 liber
3552 557 3587 598 a

2001 615 2161 671 nobis
2191 618 2492 673 aestimatus
2519 619 2611 674 sit.
2646 619 2764 690 (0.)

2074 703 2117 757 7.
2160 703 2295 759 Cum
2328 705 2660 761 audivissem
2691 707 2748 761 in
2778 706 3114 765 bibliotheca
3143 710 3433 770 academiae
3452 714 3585 771 Her-

1999 787 2319 860 bipolitanae
2365 792 2639 849 breviaria
2685 793 3070 868 antiquissima
3123 800 3409 868 asservari,
3441 819 3585 860 con-

2000 876 2134 933 ﬁsus
2180 880 2512 937 liberalitate
2558 881 2857 954 Ludwigii,
2906 883 3014 937 viri
3060 882 3384 954 doctissimi,
3427 888 3586 958 cujus

1997 977 2143 1020 curre
2171 980 2235 1021 ac
2261 968 2446 1023 tutelas
2492 966 2830 1023 bibliotheca
2890 968 2985 1023 illa
3030 971 3320 1027 commissa
3373 979 3475 1040 est,
3529 982 3587 1031 et

1997 1054 2232 1127 Reussii,
2289 1059 2399 1114 viri
2451 1059 2811 1123 ornatissimi,
2842 1060 3000 1131 cujus
3044 1061 3439 1121 humanitatem
3469 1082 3583 1123 non

1997 1158 2222 1215 possum
2255 1146 2388 1202 satis
2411 1148 2730 1218 praedicare,
2762 1147 2967 1202 almum
3000 1158 3249 1205 senatum
3292 1153 3583 1210 academiaa

1997 1231 2149 1287 omni
2179 1248 2286 1305 qua
2314 1249 2412 1306 par
2456 1241 2538 1290 est
2588 1233 2934 1290 observantia
2983 1251 3149 1292 ausus
3200 1254 3325 1293 sum
3370 1255 3580 1310 rogare,

1995 1331 2060 1379 ut
2110 1322 2362 1380 codicum
2422 1324 2647 1380 illorum
2705 1324 3143 1381 vetustissimum
3228 1326 3369 1382 mihi
3436 1327 3584 1384 mitti

1994 1410 2339 1467 concederet.
2373 1411 2480 1478 Qui
2519 1427 2645 1467 cum
2677 1411 2931 1483 precibus
2985 1412 3122 1468 meis
3167 1412 3433 1471 benevole
3474 1433 3587 1473 an-

1996 1507 2211 1567 nueret,
2243 1498 2449 1555 factum
2503 1507 2586 1555 est
2634 1508 2696 1555 ut
2744 1499 2854 1555 duo
2883 1501 3266 1573 antiquissima
3313 1504 3588 1560 breviaria

1996 1583 2266 1656 inspicere
2291 1602 2528 1657 possem,
2555 1603 2789 1658 quorum
2820 1603 2993 1644 unum
3032 1596 3115 1644 est
3160 1606 3229 1644 ex
3274 1591 3584 1647 celebratis-

1994 1672 2138 1729 simo
2175 1674 2508 1730 monasterio
2550 1675 2866 1743 Ebraceusi,
2915 1686 2988 1744 et,
3034 1677 3142 1733 nisi
3169 1677 3353 1747 fallor,
3383 1680 3583 1738 saeculo

1996 1765 2161 1817 tertio
2193 1762 2408 1818 decimo
2446 1761 2712 1833 scriptum
2743 1771 2842 1817 est.
2887 1762 3005 1833 (w.
3040 1764 3118 1833 1.)
3166 1750 3179 1765 '

2065 1848 2119 1904 8.
2152 1850 2405 1905 Alterum
2434 1857 2516 1905 est
2536 1848 2871 1905 breviarium
2901 1849 3270 1907 dieecesanum
3288 1868 3358 1908 ex
3385 1853 3585 1909 biblio-

1995 1938 2158 1994 theca
2196 1939 2516 1993 monasterii
2546 1938 3054 2005 Benedictinorum,
3087 1939 3232 2011 quod
3261 1940 3314 1996 S.
3347 1940 3587 2012 Stepha-

1996 2041 2129 2081 num
2158 2032 2450 2095 patronum
2479 2024 2709 2079 colebat.
2744 2025 2801 2079 ln
2833 2041 2943 2095 quo
2976 2042 3103 2080 cum
3152 2027 3409 2083 nonnulli
3461 2027 3586 2084 festi

1997 2112 2115 2169 dies
2152 2111 2382 2166 seriores
2411 2110 2480 2166 ad
2518 2111 2731 2166 cultum
2761 2111 2944 2167 Mariae
2993 2113 3329 2182 pertinentes
3380 2113 3583 2183 desint,

1997 2209 2053 2256 et
2078 2200 2280 2255 festum
2310 2199 2569 2271 Corporis
2608 2196 2814 2255 Christi
2869 2213 3043 2253 unum
3095 2198 3256 2255 modo
3310 2199 3584 2271 hymnum

1997 2287 2214 2357 habeat,
2246 2302 2359 2343 non
2387 2286 2583 2342 dubito
2615 2286 2752 2358 quin
2808 2284 2982 2341 codex
3028 2286 3131 2342 sub
3184 2285 3353 2343 ﬁnem
3398 2288 3585 2346 saeculi

1996 2392 2103 2435 xm
2129 2377 2368 2449 scriptus
2397 2376 2489 2432 sit.
2522 2374 2642 2447 (W.
2674 2375 2758 2447 2.)

2570 2554 2641 2609 II.
2677 2568 2999 2609 nasvranrx.

2481 2673 2767 2730 Breviaria
2795 2674 3100 2730 diwcesana.

2045 2822 2122 2878 ’1.
2155 2818 2547 2878 Canoniearum
2575 2818 2832 2873 horarum
2885 2818 3017 2872 liber
3041 2819 3323 2874 secundum
3345 2820 3585 2879 ordinem

1996 2909 2222 2968 Rubrice
2250 2907 2477 2964 Ecclesie
2505 2905 2961 2962 Halberstadensis
2989 2906 3286 2974 ordinatus,
3307 2908 3583 2965 studiosis-

1997 2999 2125 3053 sime
2154 2996 2375 3058 recisus,
2425 3000 2686 3049 correctus
2733 2999 2780 3047 et
2808 2993 3127 3061 emendatus,
3179 3000 3229 3048 et
3285 2996 3359 3050 ad
3410 2997 3586 3054 instar

1997 3088 2503 3146 correctissimorum
2530 3086 2913 3157 exemplarium
2939 3087 3187 3151 collatus,
3213 3103 3274 3141 ac
3294 3104 3395 3159 per
3425 3089 3584 3144 Geor-

1995 3181 2142 3252 gium
2193 3179 2377 3235 Stuchs
2426 3176 2734 3246 Nurnberge
2775 3177 3078 3245 impressus.
3137 3176 3294 3232 Anno
3359 3178 3586 3250 virginei

1990 3274 2185 3341 partus
2210 3266 2487 3322 millesimo
2515 3266 2919 3336 quingentesimo
2967 3267 3367 3336 quintodecimo,
3396 3268 3583 3326 Idibus

1997 3355 2305 3413 Novembris
2329 3352 2553 3424 feliciter
2578 3354 2715 3426 ﬁnit.
2739 3354 2918 3409 Meum
2948 3361 3048 3409 est.
3083 3354 3230 3425 (ΗῙ.)

2068 3452 2122 3511 2.
2165 3452 2558 3510 Canonicarum
2582 3451 2842 3506 horarum
2872 3449 3002 3505 liber
3028 3451 3307 3506 secundum
3343 3453 3582 3510 orninem

1997 3540 2207 3597 rubrice
2247 3548 2420 3596 sancte
2449 3540 2676 3597 Ecclesie
2730 3539 3206 3609 Magdeburgensis,
3250 3557 3450 3596 summa
3477 3549 3582 3597 stu-

1999 3630 2088 3685 dio
2115 3630 2319 3687 recisus
2347 3636 2503 3701 atque
2533 3631 2702 3684 denuo
2731 3634 3013 3695 correctus,
3068 3628 3125 3681 in
3170 3629 3372 3701 o/ﬁcina
3427 3630 3583 3686 Geor-

1998 3719 2073 3791 gii
2101 3719 2285 3776 Stuchs
2331 3719 2461 3774 civis
2491 3716 2961 3786 Nureorbergensis
2998 3715 3301 3786 impressus.
3359 3718 3515 3773 Anno
3549 3737 3586 3776 α

1993 3815 2160 3881 partu
2187 3810 2409 3877 virginis
2463 3808 2839 3876 gloriosissime
2865 3806 3141 3858 millesimo
3182 3807 3585 3875 quingentesimo

2000 3897 2426 3968 quatuordecimo
2455 3892 2644 3946 mensis
2697 3890 2933 3946 Octobris
2986 3891 3069 3944 die
3118 3891 3361 3959 vigesimo
3405 3896 3585 3964 primo

1999 3986 2136 4058 ﬁnit.
2170 3984 2257 4037 Ex
2290 3981 2426 4037 bibl.
2458 3977 2938 4050 Orphanotrophei
2973 3975 3241 4031 Halensis.
3278 3977 3475 4049 (Mgd.)

2072 4078 2124 4133 3.
2156 4074 2499 4131 Breviarium
2548 4072 2821 4128 Misnense
2849 4072 2997 4143 typis
3042 4072 3378 4143 exscriptum
3438 4073 3584 4131 circa

2000 4182 2204 4225 annum
2238 4164 2396 4222 1510.
2446 4160 2896 4218 Exbibliotheca
2947 4158 3258 4214 Academiae
3311 4158 3580 4215 Halensis.

2004 4255 2358 4408 (Μῗὶιέῖὶαὶίοἰ
2383 4363 2515 4418 pars
2544 4345 2775 4401 estivalis
2823 4341 3106 4397 secundum
3132 4341 3404 4396 rubricam
3436 4342 3583 4399 eccle-

280 4461 428 4517 fesso
458 4459 641 4515 labore
669 4457 801 4514 satis
832 4456 926 4511 ille
971 4428 1142 4510 notus.
1174 4428 1436 4525 possedit,
1476 4457 1661 4523 postea
1706 4457 1886 4505 autem
1918 4479 1967 4537 D
2001 4442 2075 4537 sic
2102 4434 2562 4537 Μενεςὸυςθετξδξῆο
2585 4523 2595 4533 .
2622 4435 2685 4537 ξιξ
2739 4432 2884 4537 ωξεθ
2911 4429 3042 4528 ﬁt”?
3082 4446 3094 4483 ³
3128 4428 3313 4537 in“?
3365 4436 3439 4484 εει
3474 4431 3580 4485 hec-

279 4549 622 4607 bibliotheca
665 4545 998 4604 Oxoniensis
1031 4542 1346 4616 acquisivit,
1397 4540 1541 4595 inest
1580 4538 1744 4594 etiam
1789 4553 1884 4592 ve-

281 4646 435 4697 tusta
501 4636 881 4708 interpretatio
941 4632 1264 4689 Germanica
1328 4646 1468 4686 xxvr
1524 4628 1882 4701 hymnorum-

278 4726 552 4785 Nonnulli
592 4725 701 4780 viri
730 4723 877 4779 docti
910 4723 969 4777 in
1000 4722 1202 4778 studiis
1240 4718 1310 4775 ad
1352 4728 1592 4775 veterem
1643 4717 1884 4787 linguam

280 4813 667 4871 Germanicam
723 4808 1128 4884 pertinentibus
1184 4807 1290 4862 hoc
1339 4805 1528 4862 codice
1571 4803 1656 4859 usi
1705 4809 1878 4857 sunt:

278 4906 547 4979 primum,
598 4913 876 4977 quartum,
927 4900 1188 4975 quintum
1223 4906 1276 4954 et
1308 4898 1568 4953 ultimum
1612 4896 1883 4968 hymnum

276 4994 392 5051 iam
445 4992 736 5051 Hickesius
785 4992 1066 5062 vulgarat;
1114 4986 1317 5059 reliqui
1363 5001 1555 5041 omnes
1598 4985 1656 5039 in
1704 4985 1883 5040 lucem

275 5084 608 5157 prodierunt
653 5098 783 5140 cura
824 5088 878 5136 et
922 5077 1110 5135 studio
1148 5077 1260 5131 Jac.
1294 5073 1571 5140 Grimmii,
1604 5072 1710 5128 viri
1746 5073 1884 5127 mira

277 5170 518 5245 quadam
549 5170 814 5225 doctrinae
847 5167 1005 5239 copia
1034 5163 1316 5230 instructi,
1359 5179 1467 5234 quo
1513 5177 1663 5217 nunc
1709 5160 1883 5232 patria

275 5265 471 5317 nostra
495 5257 691 5327 gaudet
714 5259 1069 5329 (Hymnorum
1106 5252 1303 5312 Veteris
1339 5250 1588 5306 Ecclesia:
1625 5265 1764 5303 xxvr
1796 5250 1882 5304 In-

278 5346 587 5419 terpretatio
624 5345 915 5408 Theotisca,
953 5359 1093 5397 nunc
1139 5342 1375 5412 primum
1419 5339 1556 5393 edita
1606 5337 1879 5407 Gottingm,

278 5436 471 5508 1830).
505 5433 642 5491 Cum
672 5439 724 5487 et
754 5430 951 5503 hymni
981 5428 1167 5486 Latini
1219 5436 1271 5483 et
1318 5427 1498 5482 versio
1536 5425 1877 5493 Germanica,

277 5543 405 5602 qua:
435 5527 531 5582 ille
560 5525 734 5582 codex
766 5539 1018 5579 manusc.
1066 5521 1472 5593 complectitur,
1523 5519 1581 5573 in
1625 5525 1879 5573 octavum

281 5616 558 5686 qmculum
586 5613 856 5681 incidant,
878 5611 936 5667 id
961 5611 1106 5686 quod
1124 5608 1528 5682 Prolegomenis
1554 5607 1643 5662 vir
1667 5604 1881 5671 doctis-

1996 4531 2136 4587 Pars
2164 4526 2396 4582 estivalis
2414 4523 2595 4579 viatici
2623 4518 3063 4591 Merseburgensis
3090 4523 3245 4588 atque
3270 4519 3586 4589 imprussem

1988 4618 2239 4692 pervigili
2274 4632 2424 4670 cura.
2458 4613 2589 4669 Arte
2613 4618 2660 4667 et
2687 4610 2893 4681 ingenio
2924 4607 3235 4663 industriosi
3280 4607 3584 4664 Melchioris

1995 4709 2172 4764 Letter
2200 4704 2423 4761 Ducalis
2443 4702 2589 4771 opidi
2620 4697 2916 4770 Liptzgensis
2943 4694 3186 4750 concisis.
3216 4693 3373 4749 Anno
3396 4694 3584 4749 saluti-

1992 4793 2104 4864 fere
2157 4789 2539 4847 incarnationis
2586 4783 2866 4840 millesimo
2917 4779 3321 4851 quingentesimo
3367 4784 3579 4849 quarto.

1994 4884 2094 4940 Die
2114 4884 2279 4949 Iovis,
2317 4881 2503 4951 quinta
2532 4877 2731 4932 decima
2756 4872 2951 4927 mensis
2979 4870 3225 4940 Augusti.
3267 4869 3355 4924 Ex
3384 4868 3579 4924 biblio-

1993 4971 2154 5027 theca
2180 4969 2235 5025 S.
2270 4967 2453 5024 Mariae
2484 4962 2753 5021 Halensis.
2790 4957 2978 5028 (Msb.)

2063 5071 2118 5126 5.
2156 5068 2493 5125 Breviarium
2524 5059 2855 5120 Pataviensis
2882 5056 3128 5114 Ecclesim
3152 5054 3292 5109 mira
3309 5050 3584 5122 formandi

1991 5165 2108 5214 arte
2139 5154 2487 5228 pervigilique
2515 5168 2645 5207 cura
2673 5146 2903 5203 sollertis
2930 5144 3039 5199 viri
3065 5143 3212 5199 Petri
3240 5137 3584 5228 Lichtenstein

1991 5226 2227 5320 impensa
2254 5262 2377 5300 vero
2408 5239 2671 5299 Leonardi
2699 5246 2746 5291 et
2776 5237 2929 5291 Luca:
2954 5227 3464 5320 Allantseufratrum
3493 5226 3583 5280 bi-

1993 5312 2347 5407 bliopatorum
2384 5328 2737 5386 wienensium.
2762 5323 3074 5379 Absolutum
3095 5322 3169 5369 est
3198 5312 3414 5372 Venetiis
3441 5327 3582 5366 anno

1991 5404 2291 5492 Satittigero
2341 5419 2479 5476 1515
2530 5416 2614 5471 die
2660 5414 2729 5469 25
2777 5408 2912 5467 Maii
2963 5404 3083 5459 divo
3128 5419 3190 5458 ac
3234 5416 3443 5492 semper:
3470 5415 3585 5492 au-

1989 5520 2137 5585 gusto
2166 5484 2537 5569 bfaximitiano
2582 5502 2755 5574 primo
2781 5491 3055 5585 imperiale
3108 5484 3586 5585 sceptrumuf'auste

1991 5572 2202 5656 tenente.
2232 5597 2347 5654 Hoc
2367 5572 2703 5651 breviarium
2732 5598 2803 5639 ex
2829 5576 3093 5637 bibliotb.
3126 5572 3402 5671 gymnasii
3428 5572 3585 5637 Zuie-
