4086 6208
286 285 445 345 1205

1371 285 1600 345 HYMNI
1634 289 1693 346 S.
1732 288 2086 348 AMBROSIO
2124 288 2522 373 ATTRIBUTI.

3447 294 3599 394 reos:

291 418 458 481 sunt,
525 428 698 469 unum
754 428 824 471 ex
889 411 1028 471 bibl.
1090 411 1433 485 Gottingensi
1508 412 1886 485 inspeximus:
1918 418 1970 480 Α
2070 414 2125 473 2.
2152 412 2350 486 Hymni
2377 414 2439 469 de
2469 419 2694 485 tempore
2717 420 2765 469 et
2793 416 2855 471 de
2876 419 3072 476 sanctis
3109 418 3169 479 in
3206 435 3319 481 eam
3354 402 3598 492 famam,

288 498 467 558 Brev.
515 503 774 561 camerata
816 503 888 560 ad
931 519 1087 562 usum
1135 503 1489 563 Cisterciensis
1519 503 1724 561 ordinis
1751 521 1890 563 anno

287 597 549 647 currente
595 592 732 650 1510
774 592 841 651 ab
886 592 1061 651 eodem
1099 594 1353 651 monacho
1399 594 1493 665 qui
1540 593 1892 669 pt'tecedentia

286 675 540 746 ejusdem
566 680 771 736 ordinis
798 680 939 737 brev.
970 689 1276 739 correxerat
1304 681 1541 755 diligenti
1567 698 1699 740 cura
1723 682 1891 739 casti-

282 775 487 841 gatum
533 778 582 829 et
613 773 688 829 ad
726 775 860 831 hanc
905 773 1035 831 satis
1077 774 1312 847 amplam
1338 773 1573 844 formam
1600 772 1888 837 redactum,

284 860 728 919 reverendissimi
788 863 967 937 patris
1024 862 1225 920 domini
1301 862 1541 921 Cistercii
1602 861 1890 919 obedientia

280 950 513 1018 punctis
552 951 608 1005 in
646 950 820 1006 eodem
859 950 1181 1023 ordineﬁeri
1215 950 1384 1008 solitis
1415 950 1618 1007 utiliter
1660 950 1887 1007 comuni-

287 1040 413 1091 tum
443 1038 629 1109 incipit
652 1038 894 1108 feliciter.
922 1067 994 1083 --
1029 1039 1216 1098 Venale
1239 1039 1507 1112 reperitur
1528 1038 1757 1099 Parisiis
1793 1034 1887 1095 sub

293 1130 474 1189 Leone
492 1136 747 1205 Argenteo
766 1134 867 1193 vici
897 1135 1066 1192 sancti
1090 1134 1291 1193 Jacobi.
1325 1133 1469 1207 (στι.)

341 1269 470 1345 _III.
501 1272 751 1332 SUBSIDIA
776 1290 1106 1333 er'rnnsnm
1126 1290 1249 1339 eum
1271 1288 1491 1333 HYMNOS
1517 1287 1815 1332 councros

732 1380 803 1419 ET
828 1379 1153 1423 EXPLICATOS
1172 1378 1459 1420 CONTINET.

366 1477 423 1535 1.
458 1478 570 1536 Sub
598 1480 763 1540 ﬁnem
795 1483 980 1541 saeculi
1004 1498 1083 1539 xv
1105 1482 1167 1539 in
1197 1481 1490 1540 Germania
1527 1481 1723 1555 saepius
1737 1481 1885 1557 typis

284 1578 504 1624 excusa
531 1577 612 1627 est
637 1572 917 1642 Expositio
943 1572 1278 1641 hymnorum.
1310 1570 1504 1627 Varias
1523 1569 1688 1645 hujus
1707 1570 1886 1644 operis

283 1652 570 1714 editiones
595 1657 727 1713 novi
758 1658 953 1715 hasce:
985 1657 1270 1731 Expositio
1308 1656 1609 1714 himnorum
1637 1673 1751 1713 cum
1778 1673 1884 1714 no-

2001 517 2107 575 qua
2134 520 2169 558 a
2194 501 2307 557 suis
2333 500 2607 557 autoribus
2637 503 2819 579 scripti
2858 512 2977 560 sunt
3005 508 3171 563 denuo
3199 509 3398 566 redacti
3423 519 3471 567 et
3494 529 3585 568 se-

2001 590 2227 645 cundum
2258 592 2413 664 legem
2440 590 2691 647 carminis
2728 591 2999 665 diligenter
3026 597 3278 653 emendati
3307 604 3466 669 atque
3492 599 3585 656 in-

2004 682 2291 753 terpretati.
2318 683 2475 742 Anno
2501 683 2718 743 Domini
2746 684 2903 742 1519.
2936 685 2998 742 In
3018 687 3163 744 calce
3191 686 3319 746 libri
3349 688 3581 760 legitur:

2000 768 2222 841 Hymnis
2243 788 2343 843 per
2378 771 2508 827 anni
2544 771 2800 829 circulum
2832 773 3220 831 occurrentibus
3247 774 3442 832 Latina
3468 793 3584 833 cum

1999 859 2346 916 enucleatione
2410 859 2673 932 adjunctis
2737 860 3026 937 diﬁicilium
3084 863 3446 921 clausularum
3504 865 3581 922 si-

1996 948 2274 1019 gniﬁcatis.
2312 950 2572 1005 Extrema
2609 950 2849 1024 apposita
2878 956 2952 1005 est
2976 967 3181 1007 manus.
3224 950 3581 1022 Argentoracc

1998 1035 2057 1091 in
2092 1036 2313 1094 Joannis
2355 1037 2662 1095 Knoblouch
2691 1038 3024 1113 ca-lcographi
3048 1038 3227 1094 edibus
3254 1041 3478 1098 humane
3500 1055 3580 1096 re-

1999 1122 2327 1195 demptionis,
2353 1130 2446 1183 etc.
2491 1125 2785 1184 Auctorem
2831 1142 2887 1182 se
2933 1126 3170 1200 appellat
3213 1127 3271 1188 in
3315 1127 3580 1199 procemio

1997 1213 2229 1273 Iacobus
2271 1212 2718 1288 Wimphelingus
2763 1213 3113 1273 Sletstainus
3146 1216 3200 1289 (’r
3237 1215 3439 1286 1528):
3473 1232 3580 1273 ve-

1996 1317 2118 1361 rum
2147 1300 2289 1376 quod
2321 1301 2490 1361 sciam
2529 1300 2637 1359 viri
2674 1302 2822 1360 docti
2852 1304 2947 1377 qui
2978 1303 3380 1378 Wimptelingii
3411 1303 3581 1361 libros

1996 1399 2319 1451 enumerant
2346 1389 2512 1462 hujus
2551 1388 2732 1465 operis
2771 1406 2881 1448 non
2926 1388 3187 1467 injiciunt
3219 1391 3572 1451 mentionem.

1996 1479 2262 1542 Caeterum
2284 1481 2343 1539 in
2371 1479 2476 1541 hoc
2496 1479 2638 1539 libro
2667 1479 2779 1539 fere
2805 1479 3004 1555 passim
3034 1479 3303 1541 Hilarium
3333 1481 3579 1558 sequitur

1994 1566 2253 1642 [Wimpf.
2287 1568 2421 1643 (1)].

2064 1656 2117 1713 3.
2166 1656 2322 1714 Liber
2348 1656 2676 1729 Hymnorum
2702 1656 2761 1717 in
2782 1663 2952 1716 metra
2975 1658 3182 1716 naviter
3223 1660 3571 1719 redactorum.

288 1743 455 1799 tabiti
501 1752 800 1802 commento.
851 1746 1083 1804 Colonia
1120 1745 1266 1819 apud
1315 1744 1601 1804 Henricum
1649 1745 1885 1814 Quentell
1916 1764 1963 1828 Β
1990 1746 2254 1820 Apologia
2279 1751 2329 1801 et
2353 1745 2583 1817 defensio
2615 1747 2828 1823 poeticte
2866 1764 2930 1807 ac
2972 1748 3223 1810 oratoria
3265 1749 3573 1823 maiestatis.

289 1832 461 1890 1492.
485 1861 557 1875 --
579 1834 882 1907 Expositio,
919 1840 1012 1891 etc.
1051 1832 1365 1904 Hagenociaa
1403 1831 1559 1891 1493.
1590 1864 1660 1876 -
1687 1835 1884 1906 Expo-

286 1921 421 1977 sitio
473 1922 789 1979 Himnorum
853 1928 962 1978 tum
1014 1920 1239 1978 notabili
1303 1926 1581 1977 commento
1649 1921 1886 1991 implicat

285 2008 554 2068 historias
598 2026 712 2066 cum
754 2009 963 2082 optimis
995 2006 1393 2081 allegationibus
1440 2022 1587 2064 sacre
1616 2007 1883 2081 Scripture

284 2099 523 2157 illorum
566 2104 866 2155 sanctorum
906 2099 987 2154 vel
1048 2104 1352 2155 sanctarum
1409 2097 1472 2154 de
1518 2096 1707 2169 quibus
1754 2098 1881 2156 tales

285 2188 470 2246 himni
517 2188 879 2247 decantantur.
949 2187 1183 2245 Coloniae
1240 2186 1407 2243 1494.
1477 2217 1548 2228 -
1602 2187 1882 2260 Expositio

282 2279 616 2338 Himnorum
645 2297 759 2336 cum
792 2276 1015 2336 notabili
1059 2283 1357 2333 commento.
1398 2275 1461 2333 In
1490 2275 1671 2335 calce:
1714 2276 1882 2335 Basi-

288 2370 388 2426 lear
445 2370 730 2442 impressus
782 2384 883 2442 per
940 2366 1237 2424 michaelem
1284 2366 1507 2424 Furtcr.
1564 2369 1719 2425 Anno
1772 2366 1877 2425 inc.

285 2459 511 2516 Domin.
545 2458 700 2515 1504.
744 2488 814 2502 —-
844 2456 990 2528 Exp.
1024 2455 1094 2511 H.
1137 2471 1254 2511 cum
1299 2454 1565 2524 familiari
1602 2460 1880 2513 commento

272 2551 405 2622 jam
433 2549 638 2606 dudum
675 2547 735 2602 in
771 2546 933 2600 lucem
959 2543 1113 2601 edito.
1144 2543 1207 2599 In
1241 2542 1421 2601 calce:
1468 2542 1625 2600 Liber
1666 2543 1881 2600 himno-

285 2654 418 2694 rum
476 2651 594 2691 cum
666 2632 887 2689 tertuali
962 2632 1489 2703 interpretatiuncula
1558 2630 1881 2704 jamdudum

286 2726 556 2787 laboriose
606 2729 868 2796 congestus
918 2721 1107 2778 iterato
1165 2723 1421 2793 replessus
1477 2726 1551 2778 est
1623 2722 1680 2777 in
1727 2723 1879 2782 domo

280 2817 561 2892 quondam
613 2813 830 2870 Henrici
879 2811 1115 2882 Quentell
1167 2810 1401 2870 Colonia:
1440 2811 1576 2870 1506
1614 2813 1686 2870 ad
1725 2815 1880 2889 ﬁnem

280 2908 485 2965 mensis
518 2905 674 2964 Maii.
706 2902 893 2960 Editio
923 2918 1085 2977 quam
1111 2918 1211 2975 ego
1236 2899 1487 2973 possideo
1513 2902 1770 2962 omnibus
1797 2912 1879 2964 est

278 2995 591 3069 antiquior.
613 2993 881 3065 Inscripta
901 3001 982 3048 est
999 2990 1281 3063 Expositio
1304 2991 1615 3062 hymnorum
1629 2994 1877 3065 perutilis

279 3087 629 3156 omnibusque
643 3081 893 3178 salubris:
913 3079 1063 3178 deest
1077 3083 1310 3178 annuset
1322 3082 1871 3178 nomentypographi,
1900 3118 1942 3178 C

279 3176 381 3233 sed
411 3190 485 3230 ex
514 3172 769 3230 omnibus
798 3170 974 3227 elucet
1004 3168 1062 3223 in
1077 3165 1296 3224 oﬂicina
1323 3166 1706 3233 Quentelliana
1729 3170 1875 3229 circa

280 3278 495 3322 annum
518 3260 653 3318 1490
678 3259 822 3332 typis
840 3273 954 3313 esse
974 3255 1323 3327 descriptam.
1346 3255 1409 3311 In
1425 3255 1527 3315 hac
1540 3256 1873 3329 hymnorum

279 3351 615 3411 collectione
635 3345 988 3404 memorabile
1009 3344 1149 3402 mihi
1174 3343 1355 3401 visum
1373 3350 1454 3400 est
1475 3344 1700 3402 initium
1722 3346 1870 3404 libri:

296 3466 316 3491 ι
357 3441 524 3497 Liber
563 3438 663 3494 iste
683 3436 889 3492 dicitur
920 3434 1058 3491 liber
1084 3434 1443 3507 hymnorum.
1502 3433 1752 3507 Hymnus
1779 3434 1875 3493 di-

279 3529 433 3586 citur
464 3528 579 3582 laus
612 3523 708 3580 Dei
739 3541 864 3582 cum
892 3523 1123 3582 cantico.
1156 3521 1401 3590 Quatuor
1421 3520 1645 3582 fuerunt
1673 3523 1874 3597 princi-

280 3620 436 3692 pales
464 3624 711 3672 auctores
761 3613 855 3689 qui
886 3612 1124 3685 hymnos
1168 3620 1614 3684 composuerunt,
1663 3609 1874 3688 Grego-

279 3716 422 3784 rius,
454 3713 803 3782 Prudentius,
833 3710 1177 3779 Ambrosius,
1211 3708 1483 3767 Sedulius.
1513 3708 1618 3767 Sed
1647 3708 1871 3784 quidam

278 3806 374 3860 vir
418 3804 656 3875 prudens
703 3800 927 3858 nomine
972 3797 1215 3856 Hilarius
1261 3796 1454 3854 videns
1496 3796 1623 3855 illos
1672 3798 1873 3856 multos

279 3892 523 3963 hymnos
596 3890 984 3963 composuisse,
1063 3888 1293 3960 dignum
1347 3886 1511 3944 duxit
1562 3887 1873 3959 placuitque

281 3980 547 4049 quosdam
579 3979 637 4033 in
670 3994 843 4033 unum
868 3978 1121 4045 colligere
1152 3974 1552 4044 compendiose,
1598 3973 1659 4029 in
1699 3988 1871 4030 unum

280 4079 609 4135 componere
659 4063 880 4119 brevem
927 4070 982 4119 et
1034 4061 1231 4117 utilem
1278 4066 1594 4127 tractatum,
1652 4059 1710 4116 in
1765 4075 1874 4133 quo

279 4169 475 4211 omnes
502 4151 698 4225 hymni
727 4151 967 4207 fuerunt.
1000 4173 1019 4198 ι
1063 4150 1126 4207 In
1150 4149 1255 4207 hoc
1282 4147 1509 4205 exordio
1534 4147 1764 4220 vestigia
1784 4163 1871 4203 ve-

279 4246 504 4304 tustatis
523 4243 815 4317 singularis
834 4250 1046 4298 exstare
1060 4240 1199 4298 mihi
1222 4239 1766 4312 videbantur.ltaque
1784 4239 1872 4298 vel

282 4334 525 4390 maxime
561 4331 778 4405 gavisus
808 4346 930 4387 sum
971 4344 1096 4387 cum
1126 4326 1469 4385 Gersdorﬁus
1507 4326 1594 4383 vir
1626 4326 1771 4384 doct.
1812 4342 1875 4385 ea

1992 1839 2181 1898 Brevis
2208 1838 2463 1911 expositio
2491 1838 2780 1912 diﬂicilium
2810 1838 3152 1898 terminatum
3189 1839 3248 1897 in
3277 1839 3481 1912 hymnis
3508 1840 3574 1902 ab

1991 1927 2119 1983 aliis
2157 1942 2354 1998 parum
2392 1925 2555 1999 probe
2576 1931 2625 1983 et
2650 1924 2851 1985 erudite
2889 1924 3081 1996 forsan
3115 1925 3576 2001 interpretatorum

1986 2032 2086 2092 per
2115 2015 2399 2074 Henricum
2424 2014 2689 2074 Bebelium
2733 2014 3113 2087 Justinqensem
3142 2014 3282 2075 edita
3319 2016 3575 2092 poeticam

1991 2112 2040 2165 et
2062 2103 2398 2162 humaniores
2439 2103 2641 2160 litteras
2672 2101 2881 2175 publice
2914 2103 3244 2179 proﬁtentem
3266 2104 3325 2160 in
3348 2121 3575 2180 gymna-

1991 2194 2069 2255 sio
2106 2190 2439 2267 Tubengensi.
2468 2189 2849 2248 Adnotationes
2874 2188 3105 2261 ejusdem
3130 2192 3188 2247 in
3213 2192 3471 2266 quasdam
3488 2210 3573 2250 vo-

1989 2283 2298 2343 cabulorum
2324 2279 2776 2355 interpretationes
2805 2277 3190 2341 Mammetracti
3208 2280 3317 2355 (2).
3348 2280 3572 2340 πυρῆνι.

1987 2395 2084 2451 gen
2112 2377 2268 2435 1501.
2317 2377 2475 2435 Hunc
2526 2372 2735 2433 librum
2775 2371 3146 2436 Rambechius
3190 2372 3573 2440 liberalissimo

1989 2467 2129 2526 mihi
2164 2464 2335 2525 misit.
2363 2463 2549 2539 (Beb.)

2057 2554 2110 2613 b.
2142 2554 2336 2628 Hymni
2362 2559 2411 2611 et
2433 2552 2723 2627 Sequentia
2743 2568 2862 2613 cum
2881 2552 3122 2629 diligenti
3146 2550 3574 2630 difﬁcillime

1987 2645 2359 2704 vocabulorum
2405 2643 2832 2720 interpretatione
2874 2643 3113 2703 omnibus
3158 2649 3211 2701 et
3253 2644 3572 2705 scholasticis

1986 2740 2037 2791 et
2056 2731 2407 2791 ecclesiasticis
2434 2732 2643 2807 cognitu
2668 2730 2963 2789 necessaria
2997 2731 3293 2792 Hennanni
3335 2735 3573 2793 Torren-

1990 2822 2161 2879 tinide
2184 2821 2421 2877 omnibus
2448 2820 2705 2893 puritatis
2729 2821 2902 2892 linque
2933 2817 3115 2880 Latine
3140 2818 3388 2877 studiosis
3412 2837 3573 2895 quam

1986 2910 2175 2983 optime
2202 2907 2424 2966 meritis.
2461 2908 2526 2967 In
2553 2907 2663 2966 ﬁne
2704 2906 2937 2983 legitur:
2978 2907 3299 2980 Impressum
3342 2907 3574 2971 Colonia:

1979 3016 2079 3073 per
2130 2997 2423 3060 Martinam
2479 2996 2542 3053 de
2590 2995 2835 3057 werdcna
2886 3010 3027 3053 anno
3072 2994 3288 3057 Domini
3335 2995 3471 3057 1518
3512 2998 3574 3063 in

1980 3088 2214 3161 profesto
2269 3083 2596 3144 Visitationis
2654 3084 2792 3139 beate
2856 3081 3031 3144 Maris
3072 3082 3316 3160 uirginis.
3375 3083 3571 3155 Exétat

1982 3175 2148 3249 hujus
2183 3172 2313 3232 libri
2355 3172 2525 3229 editio
2569 3171 2827 3231 secunda.
2876 3170 3074 3246 Hymni
3112 3176 3161 3226 et
3192 3171 3377 3232 Prosus
3421 3175 3570 3234 eccle-

1982 3264 2202 3324 siastica:
2228 3262 2382 3333 vulgo
2414 3258 2689 3333 sequentia:
2714 3259 2865 3319 dieue
2893 3258 3220 3319 breviuscula
3245 3261 3453 3335 quidem
3481 3264 3571 3323 sed

1980 3352 2211 3412 maxime
2239 3348 2510 3409 commoda
2538 3347 2833 3407 Hermanni
2866 3346 3169 3406 Torrentini
3203 3351 3567 3425 explanatione

1981 3444 2273 3504 illustrata.
2309 3440 2413 3508 Qui
2438 3438 2547 3514 piis
2583 3446 2633 3498 et
2676 3438 2996 3499 Christianis
3039 3438 3364 3497 obiectantur
3405 3442 3565 3499 canti-

1981 3533 2054 3591 cis
2080 3532 2161 3589 his
2179 3548 2231 3586 se
2257 3529 2519 3587 oblectent.
2557 3526 2806 3587 Colonia.
2853 3525 3162 3584 Excudebat
3189 3527 3380 3585 Petrus
3406 3530 3564 3591 Horst

1984 3623 2139 3683 1536.
2172 3622 2470 3694 Utramque
2509 3617 2808 3676 editionem
2853 3615 3108 3692 inspexi;
3160 3615 3256 3674 sed
3300 3634 3424 3676 cum
3472 3619 3563 3683 ille

1980 3714 2069 3773 vir
2116 3711 2311 3770 doctus
2338 3709 2397 3767 in
2430 3708 2669 3768 secunda
2702 3706 3103 3767 Clichtovmum
3147 3706 3272 3781 plus
3313 3708 3564 3768 minusve

1979 3809 2197 3864 secutus
2223 3801 2316 3871 sit,
2346 3799 2497 3875 prior
2525 3797 2695 3858 editio
2724 3796 2884 3855 nobis
2922 3797 3083 3871 longe
3128 3796 3303 3869 pluris
3348 3800 3565 3863 videtur

1981 3887 2323 3951 aestimanda.
2390 3884 2541 3941 Hanc
2602 3897 2722 3941 mea
2782 3882 3120 3943 bibliotheca
3175 3886 3561 3960 suppeditavit.

2008 3978 2189 4049 Torr.)

1982 3981 2214 4125 (Τὲἷτϐο
2243 4068 2470 4135 tempore
2496 4066 2547 4120 et
2561 4059 2754 4117 sanctis
2777 4074 2877 4133 per
2918 4063 3083 4116 totum
3108 4074 3306 4117 annum
3333 4060 3563 4132 hymnu-

1980 4154 2096 4213 rius
2122 4153 2180 4209 in
2196 4158 2365 4210 metra
2384 4157 2444 4209 ut
2462 4150 2528 4206 ab
2547 4148 2852 4219 Ambrosio,
2876 4146 3110 4217 Sedulio,
3130 4147 3422 4207 Prudentia
3439 4156 3561 4207 cete-

1981 4243 2159 4315 risque
2199 4238 2495 4299 doctoribus
2538 4234 2718 4309 hymni
2762 4240 2886 4292 sunt
2925 4232 3217 4311 compositi.
3262 4233 3563 4310 Groningen

1975 4330 2176 4406 phrisie
2192 4329 2311 4399 jam
2336 4326 2538 4385 nouiter
2566 4324 2809 4383 redactus
2836 4321 3025 4397 incipit
3050 4319 3290 4393 feliciter.
3318 4322 3381 4381 In
3410 4321 3555 4383 ﬁne:

281 4439 391 4496 qua
418 4431 581 4480 notus
619 4429 701 4477 est
731 4419 1055 4476 liberalitate
1088 4433 1157 4472 ex
1188 4415 1331 4471 Bibl.
1359 4415 1587 4471 Paulina
1604 4415 1872 4487 Lipsiensi
1902 4469 1950 4496 η
1980 4421 2055 4477 Et
2079 4419 2154 4476 sic
2177 4424 2253 4475 est
2278 4414 2420 4488 ﬁnis.
2451 4411 2633 4473 Debeo
2663 4407 3014 4473 Bambachio.
3046 4407 3267 4483 (Gron.)

280 4469 1527 4583 Eddicevmwﬂllinundet-iam-Erpositionem
1902 4469 1950 4531 D
1980 4469 2581 4567 maliis—bibliotheca
2608 4469 2878 4560 SiMarim
2908 4469 3157 4558 Haleusis
3184 4469 3560 4575 suppeditatus

284 4611 459 4665 inesse
480 4604 817 4669 audiveram,
846 4599 983 4656 mihi
1001 4598 1261 4654 mitteret.
1290 4595 1420 4654 Mox
1448 4595 1593 4652 enim
1616 4595 1866 4653 intellexi

280 4697 390 4754 hoc
418 4696 475 4751 in
496 4693 681 4751 codice
702 4688 962 4769 exhiberi.
984 4686 1180 4743 Hilarii
1200 4685 1375 4742 nostri
1390 4685 1865 4754 commentarium,

282 4804 445 4861 quem
501 4791 645 4842 certe
712 4782 875 4839 tertio
937 4777 1150 4834 decimo
1228 4776 1430 4834 saeculo
1502 4775 1865 4848 compositum

282 4893 396 4937 esse
448 4892 517 4933 ex
563 4878 717 4930 aetate
765 4867 971 4926 codicis
1008 4865 1274 4936 suspicari
1325 4863 1472 4923 licet.
1505 4864 1745 4920 Hilarius
1772 4864 1866 4921 ille

281 4963 500 5037 quando
530 4961 733 5016 vixerit
762 4965 816 5013 ct
843 4956 968 5029 quis
999 4953 1166 5009 fuerit
1200 4961 1253 5008 et
1282 4968 1402 5025 quas
1432 4952 1610 5025 operis
1639 4951 1756 5025 ejus
1785 4968 1865 5009 ra-

278 5053 361 5110 tio
389 5051 483 5117 sit,
517 5048 662 5105 infra
691 5043 1118 5116 disputabimus.
1152 5038 1317 5114 (ΗΠ.)

357 5204 375 5274 (
386 5203 436 5273 1)
470 5199 827 5259 Rarissimum
858 5198 1060 5274 librum
1092 5192 1345 5274 ejusdem
1366 5192 1601 5249 auctoris
1628 5190 1706 5274 De
1725 5193 1863 5266 hym-

279 5263 474 5329 noru'm
523 5277 570 5325 et
651 5270 1070 5339 scquentiarumr
1117 5263 1422 5339 auctoribus
1499 5263 1866 5339 generibusque

281 5344 577 5400 carminum
604 5334 727 5410 quae
740 5341 797 5393 in
824 5339 1028 5407 hymnis
1054 5336 1414 5410 inveniuntur,
1443 5334 1862 5410 quem_t_n.nltum

264 5428 381 5472 .nos
419 5404 733 5485 adjuturum
777 5404 890 5485 esse
928 5423 1227 5485 speramus,
1263 5404 1560 5485 vir‘praecl‘.
1606 5404 1865 5485 Ullman-

283 5504 385 5545 nus
452 5473 521 5540 ei
584 5480 921 5537 bibliotheca
957 5473 1214 5534 Palatina
1271 5473 1431 5531 nobis
1486 5473 1863 5529 liberalissime

286 5558 454 5611 misit.

357 5629 437 5697 (2)
460 5625 568 5680 Ein
586 5620 812 5692 ciet/ach
836 5619 966 5674 beim
999 5617 1295 5676 Unterricht
1337 5614 1681 5687 eingefilhrtes
1707 5614 1861 5670 Lebr-

1977 4605 2059 4658 est
2084 4596 2223 4656 mihi
2252 4594 2413 4663 liber,
2447 4591 2611 4651 initio
2638 4588 2886 4661 mutilus,
2919 4586 3013 4661 qui
3044 4584 3282 4661 psalmos
3304 4592 3358 4640 et
3387 4584 3560 4659 hym-

1975 4702 2077 4745 nos
2101 4684 2367 4744 continet.
2420 4682 2483 4739 In
2521 4680 2629 4738 line
2683 4676 2920 4751 legitur:
2971 4676 3294 4736 Psalterium
3337 4676 3559 4733 Daoidis

1975 4774 2237 4847 adjunctis
2264 4771 2470 4847 hymnis
2499 4768 2700 4841 felicem
2740 4766 2891 4825 habet
2921 4766 3077 4840 ﬁnem
3104 4781 3264 4838 opera
3292 4770 3339 4820 et
3368 4764 3557 4837 impen-

1975 4866 2048 4923 sis
2073 4863 2324 4925 Melchior
2350 4862 2553 4919 Letters
2581 4857 2785 4917 ducetis
2822 4856 2968 4931 opidi
2999 4853 3291 4927 Liptzensis
3336 4852 3558 4911 concivis

1973 4954 2130 5015 Anno
2145 4951 2400 5013 Milesimo
2426 4946 2827 5025 quingentesimo
2852 4944 3118 5003 undecimo
3142 4942 3209 4999 18
3227 4942 3310 5001 die
3328 4941 3555 5017 Aprilis.

1976 5028 2093 5103 Hoc
2118 5058 2256 5115 opus
2283 5038 2482 5099 litteris
2515 5036 2697 5113 (Lps.)
2727 5034 3062 5096 notavimus.

1977 5189 2125 5255 buch,
2152 5188 2262 5243 eine
2289 5186 2396 5243 Art
2425 5182 2752 5242 Grammatik
2778 5180 2876 5236 mit
2902 5181 3020 5235 dem
3043 5174 3392 5234 scnderbaren
3422 5172 3556 5255 Tite!

1974 5259 2410 5316 Mammetrachus
2478 5256 2563 5310 od.
2635 5255 3055 5327 Mammotreptes
3097 5263 3221 5327 utar
3268 5260 3340 5303 su
3380 5260 3556 5327 ginem

1973 5315 2214 5386 Ansehen
2268 5329 2377 5384 und
2425 5328 2691 5396 Einﬂusse
2739 5315 3161 5396 gekomnien,_die
3186 5315 3552 5396 _unvertitq_ba,

1972 5401 2225 5457 schieuen.
2298 5399 2381 5455 Sic
2443 5386 2800 5468 aus'zurottevn,
2867 5407 2985 5468 war
3032 5386 3201 5468 'Bebel
3255 5386 3355 5468 mit
3416 5386 3556 5445 alter

1974 5455 2147 5540 Kraft
2176 5469 2402 5525 bedacht.
2437 5466 2629 5524 Ersch.
2662 5455 2874 5521 Gruber
2910 5455 3351 5535 Encyclopaedie.
3400 5471 3448 5514 s.
3491 5471 3552 5515 ν.

1971 5540 2155 5596 Bebel.
