4086 6208
544 298 685 392 1207

1531 307 1629 364 1m
1667 304 1901 363 orum
1936 304 1992 361 s.
2033 301 2366 363 mnosn
2402 285 2784 361 APPENDIX.

3673 296 3844 360 1208

617 454 671 510 7.
702 443 893 507 Jodoci
923 434 1247 501 Clichtovaei
1277 433 1456 508 operis
1483 433 1641 505 c0pia
1667 432 1932 488 doctrinae
1953 430 2129 485 utilis-
2164 432 2216 490 Α
2246 429 2343 485 tati
2383 428 2514 496 sint,
2565 428 2728 485 tertio
2755 433 2970 483 tantum
2999 423 3142 483 libro
3165 423 3249 482 uti
3275 422 3465 493 licuit;
3508 424 3570 481 in
3604 424 3846 499 reliquis

542 540 673 603 simi
699 546 753 595 et
782 535 1012 609 primam
1046 537 1100 584 et
1126 524 1420 583 secundam
1454 522 1751 580 editionem
1784 521 1923 578 Ven.
1956 521 2131 577 Ram-

540 626 760 693 bachio,
791 621 947 692 cujus
975 616 1247 687 insignem
1286 611 1669 668 liberalitatem
1700 626 1810 666 non
1842 623 2130 680 possumus

540 732 655 774 non
684 709 1000 785 praedicare,
1032 704 1314 761 debemus.
1366 700 1800 758 Elucidatorium
1829 695 2129 751 ecclesiasti-

539 819 658 859 cum
694 799 765 855 ad
793 796 1014 869 officium
1042 792 1263 848 ecclesia
1284 788 1602 861 pertinentia
1625 786 1843 857 planius
1872 802 2132 855 exponens

541 898 592 948 et
618 893 848 960 quatuor
882 883 1042 939 libros
1071 879 1424 950 complectens.
1455 906 1526 917 —
1552 875 1769 932 Primus
1802 875 2033 944 Hgmnos
2070 874 2132 928 de

512 984 771 1050 tempore
818 978 865 1028 et
910 970 1105 1025 sanctis
1140 984 1238 1040 per
1282 973 1443 1021 totum
1492 980 1711 1020 annum.
1760 993 1830 1003 —
1869 962 2132 1018 Secundus

540 1064 803 1124 nonnulla
841 1058 1044 1115 cantica
1071 1056 1414 1113 ecclesiastica
1455 1054 1770 1125 antiphonas
1814 1058 1862 1106 et
1904 1066 2131 1120 respon-

542 1155 710 1210 soria.
733 1181 803 1193 -—-
832 1149 1035 1205 Tertius
1065 1164 1125 1200 ea
1153 1161 1270 1216 qua
1300 1143 1373 1199 ad
1399 1142 1577 1199 Missa
1598 1140 1862 1211 pertinent
1889 1139 2131 1210 ofﬁcium,

538 1238 837 1315 prasertim
876 1233 1237 1306 praefationes.
1288 1262 1354 1272 —
1406 1232 1642 1297 Quartus
1683 1244 1875 1299 prosus
1917 1243 2031 1295 qua
2076 1226 2134 1279 in

545 1328 714 1385 sancti
755 1324 949 1382 altaris
996 1321 1254 1391 sacriﬁcio
1304 1319 1555 1373 dicuntur
1598 1316 1839 1371 continet.
1888 1315 2132 1370 Primum

542 1415 752 1490 prodiit
802 1412 940 1469 liber
994 1409 1218 1465 Parisiis
1275 1406 1434 1471 1515,
1482 1404 1681 1461 deinde
1723 1403 1947 1459 Basileac
1980 1401 2133 1490 1517

543 1489 599 1562 et
631 1503 787 1559 1519.
819 1500 969 1572 Opus
998 1496 1321 1555 Clichtovai
1353 1494 1757 1561 abbreviatum,
1778 1491 1870 1547 sed
1894 1491 1950 1544 in
1978 1489 2135 1561 hym-

543 1594 633 1651 nis
663 1599 882 1649 auctum
926 1587 1131 1660 prodiit
1170 1584 1387 1643 Venetiis
1420 1586 1475 1638 in
1502 1582 1615 1636 vico
1660 1582 1715 1637 S.
1769 1578 1959 1637 Maria
2007 1576 2136 1646 for-

542 1698 703 1739 mosa
728 1680 801 1736 ad
827 1679 1029 1749 signum
1059 1676 1167 1746 spei
1197 1674 1352 1729 1555.
1396 1672 1503 1739 Cl.,
1544 1687 1671 1727 cum
1702 1668 1991 1725 breviariis
2019 1668 2137 1722 Ita—

542 1769 633 1837 lis,
667 1765 890 1824 Gallicis
909 1774 962 1820 et
983 1762 1306 1832 Hungaricis
1325 1775 1455 1815 usus
1483 1759 1576 1825 sit,
1607 1773 1744 1827 opus
1772 1755 1890 1826 ejus
1918 1770 2135 1810 summo

544 1857 667 1912 loco
694 1864 777 1910 est
801 1850 1133 1907 habendum.
1166 1847 1371 1902 Multus
1399 1844 1620 1917 quidem
1671 1850 1752 1899 est
1796 1842 1855 1897 in
1897 1843 2136 1897 adnota-

542 1942 812 2008 tionibus,
842 1937 936 1994 sed
966 1952 1077 1991 non
1103 1950 1286 2007 pauca
1315 1949 1501 1989 carum
1524 1933 1689 1988 utiles
1713 1939 1859 1987 sunt.
1878 1929 2132 2001 (Clicht.)

612 2039 667 2094 8.
708 2033 904 2105 Hgmni
944 2031 1275 2087 ecclesiastici
1309 2030 1608 2102 prasertim
1655 2029 1748 2099 qui
1793 2026 2135 2084 Ambrosiani

542 2125 792 2180 dicuntur
832 2121 1012 2176 multis
1038 2120 1096 2173 in
1128 2119 1252 2174 locis
1289 2117 1538 2189 recogniti
1579 2121 1629 2171 et
1662 2117 1949 2171 multorum
1993 2116 2135 2183 hym-

538 2214 736 2270 norum
779 2210 1066 2267 accessione
1096 2209 1413 2280 locupletati.
1450 2207 1580 2263 Cum
1613 2205 1833 2260 Scholiis
1878 2208 2133 2273 opportu-

539 2303 628 2357 nis
682 2301 741 2355 in
796 2300 920 2354 locis
973 2297 1191 2365 adjectis
1244 2303 1292 2350 et
1341 2295 1672 2364 Hymnorum
1707 2292 1876 2346 indice
1926 2288 2135 2358 Georgii

547 2387 860 2444 Cassandri.
902 2385 1047 2440 Beda
1090 2384 1153 2437 de
1194 2382 1486 2440 Metrorum
1531 2380 1801 2451 generibus
1846 2396 1911 2433 ex
1953 2378 2130 2449 primo

546 2477 682 2532 libro
718 2474 780 2528 de
825 2489 884 2528 re
932 2471 1168 2527 metrica.
1229 2469 1461 2527 Colonia
1512 2485 1651 2523 anno
1715 2466 1869 2523 1556.
1929 2468 2130 2521 Iterum

544 2563 742 2638 hymni
772 2560 958 2619 excusi
1004 2562 1062 2616 in
1094 2558 1349 2631 operibus
1399 2556 1687 2614 Cassandri
1735 2573 1856 2629 quae
1903 2555 2132 2628 prodie—

541 2661 675 2711 runt
707 2650 926 2707 Parisiis
950 2647 1104 2704 1616.
1138 2648 1482 2719 Hymnorum
1516 2653 1752 2713 textum,
1807 2653 1869 2700 ut
1914 2643 1991 2698 ita
2033 2643 2130 2698 di-

541 2759 685 2811 cam,
715 2742 921 2813 optime
968 2737 1244 2794 recensuit
1292 2736 1484 2791 multis
1528 2732 1815 2789 breviariis
1858 2733 2133 2805 imprimis

544 2828 888 2887 Germanicis
915 2836 1040 2898 apte
1068 2825 1302 2883 collatis.
1330 2824 1483 2879 Nota
1506 2822 1748 2879 auctoris
1791 2838 1901 2878 non
1950 2821 2130 2891 magni

543 2917 877 2975 aestimandae
907 2923 1073 2983 sunt;
1106 2930 1232 2970 nam
1272 2913 1385 2968 fere
1430 2928 1619 2968 omnes
1666 2919 1795 2968 sunt
1836 2910 2130 2982 dogmatici

540 3010 631 3064 vel
667 3006 924 3079 polemici
954 3006 1186 3078 generis.
1218 3003 1281 3059 In
1322 3004 1567 3059 Romana
1611 3002 1857 3059 Ecclesia
1884 3001 2025 3058 liber
2051 3007 2134 3056 est

544 3096 770 3152 vetitus.
793 3093 993 3166 (Cass.)

611 3193 666 3248 9.
719 3190 1084 3248 Collectiones
1138 3187 1474 3260 hymnorum
1528 3203 1649 3260 quae
1708 3186 1929 3260 quidem
1982 3186 2129 3245 circa

540 3280 772 3337 Lutheri
799 3287 1046 3351 tempora
1086 3294 1118 3333 a
1160 3276 1487 3333 Lutheranis
1534 3276 1799 3332 institutae
1845 3286 1992 3344 sunt,
2033 3276 2127 3331 sed

538 3369 605 3426 ad
639 3368 1029 3427 recensendum
1063 3375 1277 3423 textum
1324 3381 1433 3421 non
1490 3366 1725 3422 multum
1775 3366 1962 3421 valent
2001 3381 2126 3421 cum

539 3458 814 3531 permulta
845 3457 901 3512 in
933 3456 1004 3512 iis
1034 3462 1241 3512 mutata
1266 3452 1745 3526 deprehenderim.
1785 3452 1871 3509 Ad
1903 3467 2126 3508 manum

539 3553 733 3601 erant:
764 3544 1094 3611 Psatmodia,
1125 3551 1256 3610 etc.,
1290 3559 1387 3613 per
1432 3542 1628 3597 Lucam
1675 3542 1913 3597 Lossium
1963 3542 2126 3596 Lune-

538 3631 830 3701 bergensem
865 3647 981 3685 cum
1027 3629 1340 3699 praefatione
1385 3629 1528 3682 Phil.
1578 3629 1927 3683 Melanthonis
1979 3631 2129 3684 Wite-

538 3717 706 3787 berga
731 3716 875 3786 apud
903 3715 1048 3769 Har.
1084 3714 1293 3783 Georgii
1317 3714 1472 3769 Rhau
1503 3715 1632 3769 1561
1660 3716 1887 3785 (Loss.).
1913 3716 2129 3771 Cantica

536 3806 721 3861 selecto
763 3801 956 3858 ceteris
982 3801 1205 3871 novique
1241 3802 1552 3857 Testamcnti
1579 3817 1695 3855 cum
1721 3803 1927 3873 hymnis
1953 3810 2001 3857 et
2028 3806 2129 3860 col-

541 3891 685 3948 lectis
721 3906 810 3944 seu
841 3888 1169 3945 orationibus
1209 3887 1520 3960 purioribus
1566 3904 1683 3958 qua
1731 3888 1789 3943 in
1835 3891 2130 3947 orthodoxa

535 3985 694 4050 atque
716 3977 969 4033 catholica
1007 3976 1244 4032 Ecclesia
1278 3976 1487 4033 cantari
1515 3978 1697 4033 solent.
1729 3978 1927 4034 Addita
1957 3980 2130 4051 dispo-

535 4067 724 4124 sitione
746 4072 794 4121 et
820 4065 1095 4136 familiari
1136 4065 1456 4136 expositione
1498 4064 1863 4138 Christophori
1907 4067 2132 4123 Corneri

535 4157 732 4229 Lipsia
752 4173 871 4211 cum
889 4155 1168 4226 privilegio
1192 4154 1327 4210 1568
1356 4154 1596 4227 (Corn.).
1629 4157 1848 4212 Cantica
1874 4174 1939 4211 ex
1963 4158 2131 4212 sacris

538 4245 729 4302 litteris
780 4245 837 4299 in
888 4244 1124 4300 Ecclesia
1175 4243 1384 4298 cantari
1438 4244 1596 4299 solita
1652 4261 1768 4299 cum
1823 4245 2031 4316 hymnis
2082 4251 2132 4300 et

535 4334 785 4403 collectis,
814 4339 930 4400 etc.,
964 4332 1229 4403 recognita
1260 4339 1307 4386 et
1340 4338 1495 4386 aucta
1520 4349 1617 4403 per
1658 4333 1728 4389 D.
1781 4334 1966 4405 Georg.
2014 4334 2130 4389 Ma-

526 4420 704 4491 jorem
732 4437 872 4476 anno
901 4419 1055 4476 1570.
1086 4450 1158 4462 -
1188 4420 1485 4491 Witeberga
1514 4421 1831 4476 Laurentius
1860 4422 2131 4478 Schwenck

540 4481 886 4578 nis/eumn
932 4508 1235 4564 excudebat.
1278 4538 1349 4551 —
1393 4481 1716 4565 Psalterium
1753 4510 1998 4576 Davidis,
2033 4517 2124 4567 etc.
2156 4481 2207 4540 Ῑ)

536 4614 653 4653 cum
715 4596 1038 4652 lemmatibus
1062 4613 1124 4652 ac
1149 4597 1287 4652 notis
1310 4598 1508 4653 Adami
1549 4599 1742 4656 Siberi.
1791 4600 2131 4655 Accesserant

538 4684 734 4756 Hymni
760 4685 1012 4748 festorum
1039 4684 1245 4739 dierum
1272 4686 1578 4757 insignium.
1626 4689 1821 4760 Lipsia
1866 4690 2127 4744 Iohannes

538 4773 774 4829 Rhamba
799 4772 1081 4828 excudebat
1106 4789 1247 4829 anno
1278 4774 1413 4831 1577
1447 4775 1631 4849 (Sib.).
1676 4777 1861 4833 Palma
1900 4793 1970 4849 ex
2008 4793 2129 4833 mea

537 4862 810 4918 sententia
835 4860 1129 4918 tribuenda
1163 4871 1243 4919 est
1285 4864 1490 4923 Ludeci
1537 4866 1725 4938 operi:
1767 4867 2041 4938 Vesperale
2079 4872 2130 4921 et

533 4948 875 5015 Matutinale,
925 4955 1020 5005 etc.
1071 4950 1209 5008 1589
1264 4951 1478 5025 (Lud.),
1523 4953 1671 5026 quod
1712 4953 1861 5011 idem
1905 4956 1985 5011 eis
2030 4956 2127 5029 qui

534 5038 747 5095 cultum
774 5038 1099 5095 Lutheranis
1128 5041 1385 5098 Ecclesia
1416 5044 1619 5099 veteris
1646 5058 1972 5116 cognoscere
1999 5052 2126 5102 stu-

536 5122 669 5181 dent
692 5127 947 5183 maximae
969 5128 1199 5184 utilitati
1228 5131 1354 5186 erit.

609 5223 696 5279 10.
723 5225 1052 5295 Hymnorum
1077 5228 1564 5287 Ecclesiasticorum
1589 5232 1655 5288 ab
1682 5234 1901 5291 Andrea
1933 5238 2126 5294 Ellin-

531 5326 657 5385 gero
703 5314 760 5371 V.
796 5314 877 5371 Cl.
910 5316 1303 5371 emendatorum
1338 5318 1464 5373 libri
1503 5320 1611 5388 III,
1646 5329 1740 5379 etc.
1772 5324 1909 5381 1578
1937 5326 2125 5382 Ρναημ-

534 5398 733 5470 cofurti
776 5403 849 5457 ad
891 5404 1142 5462 Manum.
1176 5405 1336 5478 (Ell.)
1387 5407 1515 5465 Hac
1563 5411 1817 5468 collectio
1872 5415 2121 5472 omnium

534 5504 669 5561 quas
698 5490 814 5546 vidi
842 5492 1237 5564 copiosissima,
1262 5494 1357 5551 sed
1376 5511 1502 5552 cum
1520 5497 1577 5553 in
1606 5498 1821 5557 duobus
1845 5502 2122 5574 prioribus

534 5575 694 5638 libris
721 5578 917 5654 hymni
944 5588 1165 5655 propter
1191 5584 1446 5644 metricas
1471 5587 1709 5646 rationes
1737 5607 1958 5665 prorsus
1984 5611 2119 5652 mu-

2238 517 2451 574 duohus
2474 518 2738 589 Ellingeri
2791 516 3087 573 auctoritas
3134 514 3211 571 ibi
3257 522 3471 570 tantum
3522 531 3609 570 me
3634 517 3842 585 movit,

2238 605 2334 661 ubi
2374 607 2579 662 lineola
2631 605 2842 677 adjecta
2905 604 3119 661 notavit
3166 612 3402 661 veterem
3438 611 3493 658 et
3539 606 3843 674 genuinam

2240 695 2593 767 scriptionem
2633 694 2904 750 exhiberi.

2313 785 2399 839 11.
2431 785 2717 839 Poetarum
2747 792 2976 839 veterum
2999 783 3460 839 ecclesiasticarum
3485 800 3650 853 opera
3682 783 3844 840 Clui-

2240 872 2416 928 stiana
2437 878 2485 927 et
2510 889 2728 943 operum
2752 873 2991 943 reliquia
3009 878 3165 942 atque
3177 875 3499 942 fragmenta.
3533 871 3841 926 Thesaurus

2240 960 2504 1016 catholica
2530 968 2579 1015 et
2614 961 2918 1015 orthodoxa
2960 960 3205 1016 Ecclesia
3241 966 3288 1013 et
3332 959 3673 1028 antiquitatis
3713 960 3840 1014 reli-

2237 1048 2399 1119 giosa
2423 1049 2494 1103 ad
2542 1049 2821 1103 utilitatem
2839 1047 3131 1116 jurentutis
3159 1047 3525 1110 scholastisca,
3566 1048 3840 1115 collectus,

2240 1137 2561 1201 emendatus,
2588 1137 2812 1206 digestus
2833 1143 2879 1190 et
2903 1137 3271 1190 commentario
3318 1151 3520 1205 quoque
3566 1136 3841 1205 expositus

2243 1225 2513 1295 diligentia
2536 1234 2582 1281 et
2609 1227 2782 1281 studio
2807 1226 3016 1297 Georgii
3037 1226 3272 1282 Fabricii
3297 1225 3687 1280 chemnicensis.
3728 1226 3841 1282 Ba-

2243 1314 2386 1371 silca
2407 1332 2504 1386 per
2532 1316 2785 1370 Joannem
2818 1316 3108 1388 Oporinum
3143 1315 3515 1385 1563.(Fabr.)

2317 1404 2401 1459 12.
2438 1405 2577 1461 Ven.
2610 1405 2828 1460 Thiloni
2860 1405 3062 1461 debeo:
3105 1405 3366 1460 Diuorum
3398 1411 3616 1476 patrum
3647 1412 3699 1459 et
3745 1406 3838 1460 do-

2246 1497 2449 1547 ctorum
2492 1495 2731 1549 Ecclesia
2772 1497 2863 1564 qui
2891 1495 3132 1549 oratione
3175 1495 3338 1564 ligata
3366 1494 3690 1564 scripserunt
3717 1493 3839 1548 Pa-

2244 1582 2529 1651 raphrases
2556 1588 2603 1635 et
2640 1583 3003 1638 Meditationes
3049 1582 3107 1636 in
3144 1582 3433 1653 Evangelia
3485 1580 3840 1635 dominicalia

2250 1670 2331 1735 (in
2387 1670 2557 1725 altera
2622 1681 2773 1742 parte
2818 1672 2893 1725 :in
2944 1673 3065 1727 hist.
3138 1674 3452 1743 euangelicos
3504 1689 3622 1742 qua
3682 1670 3842 1739 festis

2167 1796 2213 1856 Β
2246 1758 2563 1815 Sanctorum
2586 1759 2814 1831 publicis
2842 1760 3174 1815 conventibus
3201 1762 3555 1833 explicantur)
3587 1777 3613 1814 e
3659 1759 3839 1813 dicer-

2243 1847 2316 1901 sis
2368 1848 2607 1920 ipsorum
2651 1851 2862 1921 scriptis
2908 1853 3131 1907 collecta
3175 1869 3210 1906 a
3265 1852 3339 1909 Μ.
3370 1852 3553 1906 Joach.
3594 1852 3833 1905 Zebnero

2243 1937 2491 1992 Ecclesia
2542 1937 2977 2008 Schleusingensis
3003 1946 3217 2010 pastore
3257 1946 3306 1994 et
3357 1940 3831 2011 superintendente.

2244 2025 2438 2094 Lipsia
2470 2025 2605 2080 1602
2625 2027 2916 2097 sumptibus
2952 2029 3159 2084 Thoma
3189 2030 3457 2085 Schureri.
3509 2030 3676 2085 Liber
3710 2028 3835 2083 uti-

2244 2111 2509 2181 lissimus,
2540 2113 2696 2185 cujus
2725 2123 3004 2170 auctorem
3031 2117 3086 2171 in
3119 2117 3345 2189 hymnis
3370 2119 3630 2174 Ecclesia
3661 2117 3834 2175 Chri-

2243 2204 2433 2257 stiana
2479 2205 2678 2260 veteris
2734 2208 2867 2260 satis
2913 2216 3184 2263 versatum
3237 2225 3352 2265 esse
3401 2226 3512 2264 non
3544 2225 3830 2281 possumus

2241 2291 2375 2363 quin
2402 2292 2686 2362 fateamur,
2718 2295 3051 2369 omninoque
3080 2313 3149 2353 ex
3178 2299 3273 2353 illo
3302 2299 3448 2355 libro
3477 2308 3697 2371 apparet
3724 2299 3824 2355 illo

2241 2397 2456 2456 quoque
2506 2389 2750 2454 tempore
2801 2385 2944 2456 apud
2992 2385 3333 2442 Lutheranos
3395 2388 3828 2444 studiosissimos

2240 2468 2410 2525 fuisse
2438 2470 2771 2542 hymnorum
2803 2480 3049 2528 veterum
3073 2481 3361 2531 amatores.
3394 2476 3648 2547 (Zebn.).

2313 2562 2398 2619 13.
2457 2564 2667 2634 Iosephi
2712 2564 2904 2622 Maria
2957 2566 3228 2621 Thomasii
3264 2567 3319 2622 S.
3358 2567 3424 2622 Η.
3451 2568 3521 2623 Ε.
3566 2567 3831 2624 cardina-

2243 2651 2308 2707 lis
2326 2669 2485 2723 opera
2517 2654 2805 2709 omnia.....
2860 2655 3050 2709 Tomus
3079 2654 3333 2708 secundus
3369 2655 3638 2709 continens
3683 2657 3828 2711 Psal-

2243 2742 2450 2810 terium,
2501 2742 2663 2812 juxta
2713 2744 2972 2815 duplicem
3027 2744 3301 2799 editionem
3335 2744 3403 2799 ad
3452 2761 3581 2800 mss.
3630 2746 3830 2806 codices

2239 2832 2495 2886 recensuit
2532 2833 2771 2903 notisque
2798 2834 2953 2888 auxit
2979 2834 3109 2889 Ant.
3147 2834 3340 2890 Franc.
3381 2834 3595 2891 νεηοεί
3625 2834 3829 2890 Cleric.

2240 2918 2522 2990 Regularis
2550 2923 2728 2978 Roma
2759 2922 2913 2977 1747.
2947 2923 3178 2993 (Hymni
3216 2922 3569 2979 continentur
3598 2938 3654 2993 p.
3686 2922 3832 2977 351-

2240 3008 2392 3075 434.)
2421 3009 2522 3066 Hic
2549 3009 2688 3065 liber
2733 3010 2790 3064 in
2822 3009 3113 3066 Germania
3140 3010 3271 3066 satis
3306 3024 3454 3064 rarus
3492 3016 3601 3076 est,
3636 3009 3737 3064 sed
3766 3024 3830 3064 eo

2240 3113 2423 3154 carere
2451 3098 2604 3153 nullo
2632 3109 2791 3171 pacto
2821 3109 2996 3171 potest
3026 3101 3357 3173 hymnorum
3386 3115 3671 3156 sacrorum
3704 3100 3831 3156 edi-

2235 3192 2342 3241 tor.
2373 3186 2724 3259 Comparavit
2762 3188 3086 3245 Thomasius
3112 3191 3327 3246 codices
3365 3188 3648 3244 Vaticana
3690 3188 3826 3243 anti-

2237 3276 2532 3344 quissimos
2590 3276 2924 3350 omninoque
2981 3279 3183 3334 multos
3242 3279 3494 3343 Italicos;
3557 3292 3732 3348 quare
3779 3278 3825 3331 si

2236 3366 2361 3440 quis
2389 3365 2626 3436 hymnos
2654 3366 2912 3421 Ecclesia
2943 3366 3141 3423 veteris
3170 3382 3342 3439 usque
3363 3365 3432 3422 ad
3453 3366 3702 3421 seculum
3733 3383 3825 3421 vni

2236 3453 2564 3525 investigare
2607 3454 2974 3524 constituerit,
3024 3455 3074 3510 ei
3116 3471 3186 3511 ex
3233 3455 3328 3510 illo
3375 3454 3516 3511 libro
3564 3463 3826 3526 tanquam

2235 3541 2388 3599 fonte
2416 3541 2677 3614 primario
2712 3542 3076 3600 hauriendum
3102 3543 3228 3599 erit.
3263 3543 3511 3615 (Thom.)

2312 3643 2396 3699 14.
2453 3644 2763 3715 Anthologie
2825 3645 3150 3699 christlicher
3213 3644 3452 3716 Gesange
3512 3661 3617 3699 aus
3687 3647 3828 3700 allen

2237 3732 2661 3787 Jahrhunderten
2734 3734 2829 3787 der
2903 3734 3115 3788 Kirche.
3187 3734 3335 3789 Nach
3409 3734 3504 3788 der
3572 3733 3828 3802 Zeit/olge

2237 3803 2478 3871 geordnet
2522 3803 2631 3857 und
2675 3804 2773 3857 mit
2814 3805 2977 3873 gesch.
3022 3806 3407 3876 Bemerlrungen
3453 3805 3679 3874 begleitet
3724 3821 3830 3857 con

2236 3892 2375 3961 Aug.
2416 3892 2530 3947 Jac.
2562 3892 2825 3948 Rambach
2849 3895 3116 3963 .Prediger
3144 3893 3222 3948 bei
3249 3896 3326 3950 St.
3360 3895 3514 3949 Iacob
3547 3895 3603 3947 in
3652 3894 3829 3949 Ham-

2239 3979 2388 4050 burg.
2424 3982 2613 4035 Erster
2641 3982 2818 4039 Band.
2865 3982 2966 4039 Die
3015 3984 3430 4054 vorsiiglichsten
3457 3983 3825 4054 griechischcn,

2240 4070 2569 4125 lateinischen
2629 4072 2739 4125 und
2785 4072 3135 4126 altdeutschen
3174 4072 3566 4127 Kircsenlieder
3619 4075 3826 4127 euthal-

2238 4158 2374 4212 tend.
2413 4160 2609 4213 Altona
2650 4176 2705 4213 τι.
2740 4160 2975 4230 Leipzig,
3008 4160 3338 4214 Hammerirh
3376 4159 3531 4215 1817.
3575 4159 3830 4217 Thesau-

2236 4261 2331 4300 rus
2360 4253 2543 4301 noster
2570 4246 2810 4302 ostendit
2837 4247 3049 4319 quoties
3077 4255 3451 4321 quantumque
3464 4248 3649 4304 studia
3682 4266 3830 4321 pm-

2235 4334 2381 4391 clara
2410 4335 2732 4392 Rambachii
2779 4336 2839 4392 in
2876 4352 3036 4392 usum
3074 4345 3325 4394 nostrum
3364 4339 3827 4398 converterimus.

2239 4424 2485 4496 (Bamb)

2309 4523 2395 4578 15.
2435 4522 2652 4579 Corolla
2685 4524 3012 4594 Hymnorum
3032 4542 3307 4581 sacrorum
3319 4528 3545 4597 publica
3560 4527 3833 4583 devotioni

2236 4609 2643 4667 inservientium.
2728 4614 2923 4671 Veteres
2998 4615 3159 4679 electi,
3215 4616 3303 4671 sed
3381 4616 3587 4670 mendis
3635 4618 3832 4686 quibus

2234 4699 2442 4756 iteratis
2487 4702 2542 4755 in
2604 4702 2917 4758 editionibus
2974 4704 3237 4760 scatebunt
3286 4705 3503 4775 detersi,
3583 4707 3832 4778 Strophis

2234 4789 2466 4844 adducti.
2515 4790 2651 4845 Novi
2691 4792 2968 4861 assumpti,
3042 4798 3265 4847 recentes
3306 4794 3543 4863 primum
3613 4795 3827 4851 inserti.

2240 4879 2472 4935 Colonia
2497 4880 2811 4952 Agrippina
2827 4880 2983 4937 1806.
3018 4882 3175 4952 Typis
3194 4883 3465 4938 Hareduti
3503 4883 3828 4957 Schauberg.

2235 4965 2337 5024 Hic
2362 4967 2628 5024 Walratﬁi
2659 4969 2817 5037 liber,
2848 4985 3011 5042 quem
3035 4969 3175 5027 Ven.
3208 4970 3462 5044 Augusti,
3507 4980 3693 5028 morte
3732 4974 3828 5029 illo

2234 5055 2433 5113 litteris
2485 5073 2658 5129 nuper
2707 5066 2945 5131 ereptus,
3004 5059 3164 5115 nobis
3213 5058 3461 5128 donavit,
3514 5061 3825 5132 plurimum

2234 5145 2455 5218 prodest
2509 5146 2598 5211 iis,
2641 5147 2736 5219 qui
2794 5146 2853 5202 in
2917 5146 3161 5220 hymnis,
3229 5164 3363 5221 quos
3406 5156 3529 5221 post
3593 5150 3823 5208 Lutheri

2234 5242 2445 5292 atatem
2483 5236 2714 5308 protulit
2757 5236 3023 5304 Ecclesia,
3070 5238 3461 5310 cognoscendis
3490 5240 3680 5298 studia
3716 5256 3821 5315 po-

2231 5332 2478 5381 suerunt.

2304 5424 2390 5480 16.
2424 5424 2585 5480 Liber
2612 5421 2854 5494 Bjornii:
2887 5427 3083 5497 Hymni
3110 5433 3335 5482 veterum
3360 5434 3643 5500 poetarum
3667 5430 3823 5489 Chri-

2230 5510 2525 5565 stianorum
2594 5511 2841 5567 Ecclesia
2894 5512 3098 5569 Latina
3149 5514 3339 5571 selecti.
3382 5515 3603 5588 Hafnia
3654 5516 3821 5583 1818,

2229 5598 2293 5659 In
2320 5601 2507 5679 paucis
2533 5607 2745 5658 tantum
2778 5617 2878 5658 nos
2897 5601 3128 5684 adjuvit.
