4068 6186
311 326 448 387 1209

1371 326 1597 384 HYMNI
1632 326 1688 386 S.
1729 327 2081 386 AMBROSIO
2121 327 2510 387 ATTRIBUTI.

3437 337 3576 398 1210

379 453 463 507 17.
527 448 855 506 Lateinische
903 449 1214 521 Anthologie
1266 467 1365 506 aus
1418 451 1516 506 den
1562 452 1890 508 chrisllichen
1917 467 1968 527 Α
1995 453 2189 526 primis
2217 455 2397 525 operis
2425 453 2602 510 initiis
2630 471 2726 527 per
2757 463 2932 513 totum
2963 473 3144 516 meum
3172 459 3411 518 laborem
3441 478 3573 519 con-

303 541 555 599 Dichtern
586 541 674 594 des
704 541 1057 594 Mittetalters.
1099 541 1214 594 Fur
1261 540 1576 611 Gymnasien
1620 542 1729 596 und
1775 543 1889 612 Ly-

301 645 419 685 ceen
475 629 882 698 herausgegeben
928 629 1038 682 und
1078 629 1175 682 mit
1214 629 1614 700 Anmerkungen
1666 630 1891 700 begleitet

299 746 401 785 von
452 728 643 799 Ioseph
707 726 953 792 Kehrein,
1021 726 1216 780 Lehrer
1261 743 1350 781 am
1410 727 1750 796 Gymnasium
1817 744 1888 783 zu

302 817 509 878 Μαίης.
570 817 762 871 Erster
818 814 983 869 Theil.
1038 813 1136 867 Die
1179 815 1300 868 acht
1343 820 1512 868 ersten
1558 816 1887 870 christlichen

301 905 710 962 Jaierhunderte.
760 901 1062 970 Frank/nrt
1115 921 1148 958 a
1194 903 1270 959 M.
1321 904 1687 959 Sauerlamder
1725 904 1882 960 1840.

299 995 508 1050 Auctor
539 993 642 1048 hoc
671 991 963 1047 consilium
995 991 1245 1064 sequitur
1269 1000 1331 1047 ut
1367 993 1618 1048 alumnos
1648 1009 1885 1064 gymna-

302 1084 510 1139 siorum
540 1082 940 1138 catholicorum
981 1081 1050 1136 ad
1093 1082 1426 1154 hymnorum
1458 1099 1732 1138 sacrorum
1782 1099 1885 1139 co-

299 1174 601 1246 gnitionem
652 1175 920 1232 adducat:
975 1192 1095 1247 quas
1142 1191 1227 1231 res
1267 1174 1314 1230 si
1361 1182 1505 1232 recte
1549 1175 1879 1244 succederet,

299 1263 661 1321 vehementer
706 1265 1084 1336 gauderemus.
1142 1263 1540 1320 Adnotationes
1599 1263 1883 1319 Kehreinii

297 1351 367 1407 ad
415 1352 715 1424 discipulos
765 1353 1035 1424 pertinere
1079 1351 1176 1408 vix
1220 1359 1302 1407 est
1347 1351 1492 1424 quod
1543 1369 1878 1420 moneamus,

299 1453 611 1512 quanquam
663 1441 860 1512 passim
906 1441 1068 1496 etiam
1109 1439 1267 1495 nobis
1308 1439 1579 1496 nonnulla
1615 1440 1675 1496 in
1721 1456 1880 1496 usum

297 1536 548 1584 nostrum
576 1537 897 1584 convertere
927 1529 1103 1585 licuit.
1137 1528 1359 1599 (Kehr.)

367 1616 482 1671 Jam
528 1618 862 1671 enumeratis
908 1616 994 1671 bis
1037 1617 1304 1671 subsidiis
1356 1617 1578 1686 nostris,
1631 1627 1879 1675 nostrum

295 1712 377 1761 est
405 1705 590 1759 animo
622 1713 772 1776 grato
801 1719 894 1759 eos
919 1703 1069 1758 viros
1103 1719 1530 1761 commemorare
1559 1707 1651 1778 qui
1685 1707 1877 1763 consi-

297 1793 375 1850 lio
405 1801 592 1849 nostro
624 1793 882 1860 fautores,
909 1792 1189 1848 laboribus
1219 1793 1496 1864 adjutores
1524 1796 1872 1852 exstiterunt.
1904 1821 1951 1880 Β

292 1886 356 1943 In
388 1886 494 1942 hoc
518 1902 746 1941 numero
775 1885 1016 1957 primum
1045 1885 1225 1940 locum
1257 1884 1509 1941 obtinent
1530 1885 1667 1942 Ven.
1691 1886 1873 1955 Thilo,

295 1976 456 2048 cujus
487 1976 622 2032 mihi
661 1975 955 2031 auctoritas
984 1989 1108 2029 cum
1141 1973 1264 2028 aliis
1296 1973 1354 2028 in
1383 1974 1565 2040 rebus,
1609 1983 1726 2030 tum
1772 1975 1876 2030 hoc

292 2063 354 2120 in
382 2079 544 2136 opere
573 2063 871 2135 plurimum
904 2063 1080 2117 valuit
1107 2080 1122 2129 ;
1146 2060 1286 2118 Ven.
1329 2061 1686 2131 Tboluckius,
1718 2063 1875 2134 cujus

292 2154 531 2208 multum
566 2152 826 2210 intererat
857 2152 1068 2208 labores
1098 2159 1314 2206 nostros
1350 2167 1604 2224 prospere
1644 2151 1870 2218 cedere;

290 2241 638 2298 Hermannus
685 2241 992 2314 Dryander,
1033 2241 1122 2296 vir
1177 2241 1514 2313 hymnorum
1554 2243 1872 2300 Latinorum

287 2347 402 2389 non
457 2331 645 2386 minus
701 2347 864 2404 quam
918 2331 1364 2387 Germanicorum
1412 2331 1646 2403 peritus;
1696 2333 1758 2388 F.
1802 2334 1872 2389 A.

289 2418 894 2489 Ecksteinius,collega
925 2418 1374 2484 lilteratissimus,
1399 2419 1491 2491 qui
1524 2435 1584 2474 ea
1613 2435 1720 2491 qua
1737 2422 1876 2476 solet

291 2506 637 2562 humanitate
668 2507 813 2561 haud
845 2506 1194 2562 mediocriter
1222 2525 1308 2562 me
1332 2507 1569 2579 adjuvit.
1627 2510 1875 2581 Denique

291 2609 404 2651 non
437 2610 658 2666 possum
709 2595 841 2666 quin
881 2594 1078 2665 gratias
1113 2609 1267 2667 agam
1301 2595 1516 2652 duobus
1543 2595 1680 2652 viris
1722 2598 1877 2670 quia

1997 543 2122 598 silio
2151 551 2203 598 et
2234 559 2397 614 Opera
2425 543 2562 599 mihi
2594 543 2908 602 adfuerunt:
2942 549 3084 619 Aug.
3114 549 3357 622 Voigtio,
3387 567 3576 608 mune-

1997 628 2072 684 ris
2124 631 2436 687 scholastici
2467 630 2722 687 societate
2763 631 2900 686 mihi
2929 630 3300 702 junctissimo,
3345 651 3399 692 et
3439 636 3570 694 Chr.

1995 718 2281 784 Diedrich,
2329 737 2489 793 quem
2519 729 2572 777 et
2601 720 2870 778 curriculi
2901 719 3216 778 scholastici
3255 724 3483 779 societas
3521 731 3576 780 et

1996 808 2196 863 veteris
2223 808 2480 864 amicitiai
2497 808 2781 865 vinculum
2809 826 3023 866 mecum
3047 811 3240 867 intime
3260 812 3570 884 conjunxit.

1996 895 2198 950 Horum
2229 897 2474 953 virorum
2511 913 2673 969 opera
2712 907 2874 971 atque
2900 899 3170 955 industria
3206 900 3264 954 in
3296 900 3449 956 vitiis
3476 919 3570 958 ex-

1993 985 2290 1056 stirpandis
2345 996 2398 1042 et
2449 979 2803 1042 emendandis
2857 987 3102 1043 maxime
3155 987 3372 1060 adjutus
3427 1007 3567 1060 sum,

1993 1089 2303 1146 quanquam
2332 1085 2386 1132 et
2413 1091 2500 1132 me
2527 1084 2582 1132 et
2611 1075 2737 1132 illos
2765 1075 3139 1134 emendatores
3179 1080 3444 1135 nonnulla
3472 1079 3570 1136 fu-

1993 1163 2170 1235 gerint
2199 1164 2412 1221 menda.

2050 1257 2209 1315 Faxit
2237 1267 2415 1315 autem
2446 1259 2716 1316 Dominus
2745 1258 3004 1318 Ecclesiae
3039 1261 3363 1320 Christianae
3383 1263 3448 1319 Ο.
3470 1262 3567 1332 Μ.,

1989 1346 2147 1417 cujus
2175 1347 2438 1404 honorem
2470 1365 2660 1406 omnes
2690 1347 2886 1420 hymni
2918 1349 3216 1415 celebrant,
3243 1367 3402 1423 quem
3432 1367 3571 1406 can-

1988 1435 2097 1491 tica
2125 1437 2423 1507 praedicant
2456 1445 2510 1492 et
2540 1437 2838 1510 sequentia
2870 1454 2996 1494 cum
3023 1438 3343 1510 antiphonis
3383 1439 3570 1496 laudi-

1986 1522 2090 1579 bus
2135 1526 2383 1581 certatim
2427 1527 2724 1594 extollunt,
2781 1533 2844 1582 ut
2896 1526 2987 1582 hic
3050 1527 3214 1584 etiam
3260 1527 3567 1584 studiorum

1989 1625 2299 1672 nostrorum
2336 1618 2546 1674 fructus
2581 1618 2650 1673 ad
2683 1619 2912 1674 salutem
2952 1617 3208 1676 Ecclesiae
3247 1618 3569 1675 Christianae

1986 1705 2184 1759 valeat.
2243 1704 2538 1760 Offerimus
2582 1722 2717 1777 opus
2767 1715 3013 1761 nostrum
3056 1715 3314 1778 tanquam
3361 1706 3567 1762 donum

1987 1791 2243 1848 omnibus
2273 1792 2587 1865 quicunque
2626 1809 2826 1848 nomen
2867 1793 3074 1850 Christi
3121 1804 3306 1851 sancte
3331 1796 3520 1850 colunt
3549 1813 3564 1863 ;

1987 1883 2266 1937 offerimus
2313 1883 2661 1938 sanctissimo
2707 1883 3056 1954 Redemptori
3103 1901 3202 1954 pro
3239 1886 3447 1939 unitate
3490 1891 3567 1940 at-

1985 1987 2090 2042 que
2119 1971 2342 2025 amabili
2372 1972 2630 2026 Ecclesiae
2661 1973 2957 2028 concordia
2987 1973 3349 2039 sacrificium;
3393 1989 3568 2045 neque

1983 2057 2134 2112 aliud
2164 2057 2296 2130 quid
2332 2073 2400 2112 ex
2437 2059 2636 2112 intimo
2665 2059 2852 2114 animo
2880 2076 3184 2130 precamur,
3237 2061 3343 2116 nisi
3374 2066 3434 2117 ut
3463 2062 3564 2132 ipsi

1984 2161 2200 2217 quoque
2225 2144 2526 2200 sentiamus
2548 2144 2687 2199 illud
2710 2145 2855 2216 quod
2879 2146 2945 2200 de
2967 2147 3310 2204 sanctissimo
3325 2151 3566 2220 patriar-

1983 2235 2086 2292 cha
2113 2235 2377 2306 scriptum
2409 2234 2677 2307 legimus:
2732 2235 2981 2305 Respexit
3022 2235 3286 2291 Dominus
3329 2237 3404 2292 ad
3452 2253 3563 2292 mu-

1981 2340 2113 2379 nera
2139 2339 2271 2393 ejus.

2211 2421 2528 2477 Scribebam
2559 2421 2710 2477 Halis
2737 2422 2794 2478 in
2825 2422 3144 2496 Paedagogio
3168 2421 3338 2495 Regio

2520 2510 2609 2566 die
2645 2509 2710 2566 21
2738 2511 2847 2568 Mai
2881 2511 3039 2568 1841.

763 2873 1196 2959 HYMNI
1296 2872 1400 2959 s.
1503 2838 2209 2964 AMBROSIO
2302 2879 3094 2966 ATTBIBUTI.

795 3156 840 3211 Ι.
1401 3159 1683 3236 _C_hristu_m
1713 3176 1972 3236 canamus
2000 3163 2324 3236 principem,

1399 3232 1599 3289 Natum
1625 3233 1808 3290 Mariae
1835 3232 2085 3306 virginis.

1406 3329 1647 3402 Gaudete
1675 3330 1942 3402 quidquid
1975 3332 2241 3401 gentium,

1402 3399 1610 3466 Iudaea,
1638 3399 1809 3457 Roma
1828 3399 1897 3455 et
1927 3399 2153 3470 Graecia,

1404 3471 1661 3544 JEgypte,
1694 3471 1898 3539 Thrax,
1929 3473 2109 3540 Persa,
2141 3473 2367 3546 Scytha,

285 3276 529 3346 Hymnus
612 3274 674 3328 de
755 3272 1043 3328 Nalivitate
1110 3270 1346 3330 Domini.

287 3408 340 3464 Α
372 3405 504 3461 solis
531 3413 685 3460 ortus
711 3403 932 3458 cardine

288 3479 365 3534 Et
393 3492 563 3548 usque
597 3484 752 3530 terra:
785 3473 1016 3528 lin‘iitem

2512 3166 2630 3223 Rex
2655 3181 2802 3223 unus
2829 3180 3020 3224 omnes
3045 3164 3305 3240 posside»

2514 3263 2753 3319 Laudate
2782 3271 3025 3319 vestrum
3052 3263 3357 3335 principem

2423 3335 2460 3389 5
2513 3335 2715 3390 Omnes
2745 3335 2886 3389 beati
2915 3350 2978 3390 ac
3006 3330 3253 3404 perditi;
3498 3330 3570 3388 10

2515 3404 2667 3472 Vivi,
2703 3404 2966 3459 imbecilli
2995 3420 3056 3458 ac
3088 3404 3320 3459 mortuis

2514 3475 2632 3530 Jam
2662 3491 2824 3530 nemo
2851 3481 2973 3547 post
2998 3474 3115 3531 haec
3141 3482 3412 3531 mortuus.

359 3603 402 3657 Ι.
457 3631 534 3680 -_—_
581 3597 853 3680 Descripsi
892 3613 1111 3680 carmen
1128 3613 1210 3679 .ex
1237 3597 1862 3680 hymnario_Thomasii,
1896 3598 1940 3658 C
1969 3605 2278 3680 εφη-σῳ]
2312 3599 2489 3680 lapide
2508 3600 2822 3680 compsrari
2863 3599 2996 3680 satis
3023 3607 3246 3680 notum:
3286 3597 3430 3680 Eph.
3480 3615 3549 3680 11,

287 3689 450 3746 quem
483 3671 539 3725 id
571 3672 763 3746 merito
795 3670 851 3723 in
874 3669 1376 3746 _Ambrosianorum
1410 3669 1653 3746 catalogo
1685 3685 1862 3746 recen-

287 3739 484 3810 suisse,
516 3759 617 3796 suo
650 3743 768 3796 loco
800 3740 1071 3798 evincam.
1117 3741 1256 3797 Sane
1286 3757 1416 3795 vero
1450 3740 1507 3795 in
1537 3739 1876 3796 ecclesiasti-

285 3831 417 3871 cum
447 3830 607 3869 usum
641 3822 915 3882 receptum
945 3820 1026 3867 est
1055 3819 1266 3868 tantum
1298 3812 1661 3882 fragmentum
1703 3810 1876 3882 hym-

288 3885 346 3938 ni
379 3902 434 3940 v.
492 3882 672 3949 13-24,
729 3881 813 3936 Fit
866 3890 1024 3952 porta
1073 3884 1272 3938 Christi
1290 3884 1507 4003 dicrota
1568 3881 1876 4003 gsolemniis

289 3953 692 4003 nuriﬁcationis
717 3952 898 4003 Maria:
934 3955 1022 4003 vel
1053 3955 1176 4003 aliis
1205 3954 1260 4003 S.
1343 3955 1538 4003 iruinis
1589 3952 1876 4003 estivitatl-

329 3953 692 4007 uriﬁcationis
717 3950 898 4005 Maria:
934 3955 1022 4020 vel
1053 3955 1176 4005 aliis
1205 3954 1260 4004 S.
1290 3950 1538 4020 Virginis
1568 3950 1876 4020 festivitati-

334 4038 397 4076 us
444 4022 771 4084 cantatum),
814 4019 959 4087 quod
1008 4028 1068 4072 ut
1113 4034 1330 4088 carmen
1383 4019 1654 4088 integrum
1701 4029 1754 4074 et
1809 4019 1876 4074 ab

290 4088 589 4146 Ambrosio
638 4088 938 4158 profectum
991 4096 1214 4142 tuentur
1251 4087 1485 4142 editores
1510 4087 1778 4143 ’Maurini.
1809 4117 1878 4128 —

293 4162 407 4217 1-4.
443 4157 649 4214 Eadem
678 4157 790 4211 fere
828 4157 992 4210 verba
1040 4165 1361 4228 repetuntur
1402 4159 1459 4213 in
1516 4159 1734 4228 Hymno
1780 4158 1876 4212 Se-

291 4231 434 4287 dulii
467 4227 810 4300 alphabetico
837 4245 848 4282 :
884 4229 928 4281 Α
971 4227 1274 4300 solisortus
1302 4230 1536 4294 cardine,
1569 4227 1660 4300 qui
1689 4229 1875 4300 procul

289 4301 462 4358 dubio
503 4299 714 4372 poetam
764 4306 1013 4352 nostrum
1058 4299 1302 4352 imitatus
1330 4308 1428 4372 est.
1475 4300 1606 4364 Quae
1638 4299 1878 4354 cOnsue-

289 4373 430 4428 tudo
463 4370 723 4442 paulatim
756 4385 969 4442 serpere
997 4385 1060 4424 ac
1088 4370 1371 4442 propagari
1400 4377 1705 4442 cmptaiest,
1751 4387 1876 4426 cum

300 4386 430 4428 tuuo
463 4386 723 4442 paulatim
758 4386 969 4439 serpere
997 4386 1060 4424 ac
1083 4386 1371 4493 propagari
1402 4386 1576 4440 cmpta
1605 4386 1705 4436 est,
1751 4387 1876 4426 cum

300 4441 709 4515 bymnographi
747 4441 886 4515 fetus
914 4457 1042 4495 suos
1103 4440 1188 4515 ide
1217 4439 1338 4494 ibus
1383 4439 1451 4515 de
1495 4441 1880 4515 ni_eliore_nota

291 4510 682 4570 commenda—re
714 4512 1016 4577 studerent,
1039 4511 1392 4581 antiquorum
1419 4510 1628 4566 lumina
1648 4519 1700 4566 et
1719 4511 1879 4567 ﬂores

291 4584 640 4641 carminibus
671 4582 1282 4652 intexentes.Exemplo
1313 4589 1372 4636 ut
1409 4589 1548 4648 utar,
1573 4582 1628 4636 in
1658 4599 1878 4638 sexcen-

292 4655 369 4710 tis
399 4653 737 4725 hymnorum
780 4653 1044 4725 exordiis,
1077 4651 1353 4725 _ex_imium
1390 4653 1527 4706 illud
1570 4654 1876 4725 Fortunati,

291 4723 473 4795 Pauge
504 4726 683 4794 lingua
715 4724 953 4793 gloriosi,
1005 4723 1168 4794 primi
1200 4740 1388 4778 versus
1433 4725 1610 4778 locum
1645 4723 1875 4779 obtinet.

294 4797 348 4851 1.
374 4797 461 4850 Ps.
495 4811 629 4862 cxu,
649 4795 682 4850 3
704 4813 714 4849 :
738 4797 783 4848 Α
809 4796 935 4848 solis
957 4802 1078 4848 ortu
1102 4795 1344 4864 usquead
1363 4810 1597 4848 occasum
1615 4795 1880 4850 laudabile

289 4882 504 4934 nomen,
525 4874 630 4922 etc.
669 4895 723 4904 —
763 4865 940 4920 13-16.
966 4866 1222 4935 Respexit
1247 4873 1402 4936 poeta
1419 4865 1486 4919 ad
1504 4865 1699 4921 Ezech.
1723 4881 1876 4934 xuv,

1983 3669 2086 3735 20;
2137 3670 2312 3727 ICor.
2349 3669 2430 3737 ut,
2465 3672 2563 3736 il;
2621 3669 2815 3727 I'Petr.
2849 3688 2909 3739 ιι,
2940 3670 2993 3726 4.
3044 3672 3180 3726 Item
3231 3669 3289 3725 in
3335 3669 3453 3739 ipso
3493 3671 3563 3727 N.

1984 3741 2045 3795 T.
2080 3743 2180 3796 Isa.
2214 3758 2416 3809 xxvm,
2457 3741 2542 3809 16,
2572 3751 2625 3798 et
2657 3742 2743 3798 Ps.
2782 3758 2954 3809 cxvn,
2977 3741 3068 3809 22,
3099 3739 3379 3813 typicead
3408 3739 3565 3813 Chri-

1985 3819 2128 3867 stum
2158 3813 2574 3881 Redemptorem
2608 3813 2921 3867 referuntur
2951 3811 3139 3881 (Rom;
3164 3811 3248 3876 ix,
3277 3811 3385 3881 33;
3435 3812 3562 3868 Act.

1985 3898 2064 3952 iv,
2099 3883 2200 3952 Ili;
2236 3880 2428 3952 Matth.
2454 3897 2572 3952 xxi,
2601 3881 2716 3952 42).
2749 3881 2935 3952 Neque
2949 3880 3094 3952 _vero
3123 3880 3378 3952 Patribus
3419 3881 3568 3937 inter

1985 3951 2086 4004 hos
2138 3951 2277 4020 ﬁnes
2315 3950 2881 4020 suibsistererplacuit.
2933 3950 3194 4020 Gregorio
3238 3951 3259 4004 Ι
3311 3951 3437 4019 Reg.
3485 3968 3562 4017 tv,

1989 4020 2085 4100 iis;
2134 4037 2191 4084 v,
2225 4019 2312 4084 12,
2361 4019 2514 4100 Iesus
2556 4019 2672 4100 subi
2702 4020 2943 4100 lapidum
2994 4019 3368 4100 ﬁguradatere
3415 4019 3566 4100 visus

1986 4097 2104 4160 est;
2152 4105 2259 4158 prae
2290 4089 2501 4160 caeteris
2529 4099 2712 4160 gratus
2741 4088 2855 4144 erat
2896 4088 3147 4160 mysticis
3175 4088 3566 4159 interpretibus

1987 4159 2139 4214 locus
2177 4161 2314 4214 Dan.
2351 4177 2413 4224 η,
2451 4159 2547 4226 34.
2585 4167 2816 4231 αγροθῑει
2857 4170 3045 4215 nostro
3089 4159 3148 4231 in
3193 4175 3351 4213 usum
3403 4175 3565 4231 suum

1986 4246 2316 4286 conversus:
2362 4231 2574 4286 Videbas
2623 4229 2720 4298 ita,
2779 4231 2936 4285 donec
2994 4230 3275 4300 abscissus,
3304 4237 3379 4283 est
3428 4229 3566 4300 lapis

1987 4302 2049 4378 de
2076 4309 2244 4354 monte
2273 4301 2381 4354 sine
2409 4301 2668 4378 manibus.
2714 4301 3136 4378 No_n_du_bi_tant,
3187 4299 3320 4378 quin
3359 4316 3390 4354 a
3429 4299 3566 4378 pro-

1987 4371 2151 4444 pheta
2192 4380 2376 4444 partus
2423 4371 3040 4444 intemerata_:vi[ginis
3082 4370 3440 4444 signiﬁcatus
3467 4370 3563 4437 sit,

1986 4441 2146 4514 quam
2179 4441 2376 4514 saepius
2405 4449 2647 4514 montem
2675 4442 2731 4514 in
2764 4441 2832 4498 V.
2865 4441 2947 4514 Τζ-
2974 4441 3237 4514 appellari
3267 4441 3561 4514 afﬁrmant.

1987 4511 2170 4589 {ide's
2214 4511 2460 4589 eumdem
2507 4512 2828 4589 G_re_gori_um
2884 4512 2973 4589 ad_
2996 4511 3175 4589 verba
3216 4512 3406 4589 IOReg.
3436 4527 3476 4576 ι,
3510 4511 3562 4589 1,

1987 4583 2093 4653 fuit
2120 4584 2203 4636 vir
2231 4583 2292 4637 de
2319 4589 2489 4637 monte
2521 4580 2783 4653 Epliraim
2806 4599 2822 4636 :
2889 4605 2907 4629 ε
2938 4583 3124 4653 Potest
3161 4580 3326 4653 hujus
3361 4580 3564 4653 montis

1988 4651 2210 4709 nomine
2234 4655 2292 4708 B.
2317 4670 2528 4726 semper
2548 4651 2702 4725 virgo
2724 4654 2892 4710 Maria
2915 4655 2980 4708 D.
3010 4651 3246 4726 genitrix
3266 4651 3561 4722 designari:

1989 4726 2400 4796 monsiquippe
2435 4724 2568 4791 Viuit,
2627 4724 2746 4796 quae.
2802 4739 3039 4796 omnem
3067 4724 3250 4778 electae
3299 4731 3563 4796 creatura

1987 4792 2352 4851 altitudinem’
2389 4792 2673 4850 electionis
2727 4811 2836 4850 suae
2892 4793 3156 4866 dignitate
3203 4792 3560 4866 transcendit.

1988 4869 2073 4922 An
2098 4883 2204 4920 non
2231 4883 2385 4920 mons
2412 4866 2665 4920 sublimis
2695 4866 2766 4921 Μ.
2797 4881 2936 4937 quae,
2963 4864 3026 4919 ut
3053 4864 3120 4919 ad
3149 4865 3559 4937 conceptionem

296 4937 399 5020 1,-3
423 4955 435 4991 :
484 4937 638 5020 Diri!
671 4937 928 5020 Dominus
958 4937 1030 4990 ad
1053 4934 1135 5020 me
1153 4953 1171 4989 :
1395 4936 1499 4989 Ιιωσ
1521 4939 1704 4991 clausa
1736 4937 1872 5017 erit:
1904 4943 1952 5000 D
1981 4937 2168 4993 aeterni
2193 4937 2360 5020 Verbi
2390 4937 2737 5020 pertingeret,
2764 4934 3082 5020 meritorum
3110 4934 3376 5020 verticem
3396 4947 3561 5020 supra

289 5006 402 5088 rion
431 5008 698 5088 aperietur
726 5007 884 5088 πρὶν
912 5023 1017 5088 non
1048 5006 1294 5060 transibit
1318 5023 1416 5076 per
1443 5024 1576 5070 eam,
1623 5008 1876 5087 quoniam

292 5079 558 5156 Dominus
584 5079 740 5156 _De_us_
771 5079 942 5156 Israel
981 5079 1241 5156 ingressus
1280 5082 1358 5156 est
1380 5093 1477 5156 per
1516 5094 1650 5143 eam,
1677 5079 1876 5146 eritque

291 5149 481 5218 clausa
503 5149 755 5218 principi.
807 5148 1059 5218 Princeps
1089 5148 1197 5216 ipse
1224 5147 1414 5200 sedebit
1445 5147 1496 5218 in
1521 5165 1602 5214 ea,
1654 5157 1758 5218 etc.
1804 5178 1874 5188 —

293 5217 399 5300 14..
426 5218 557 5300 Luc.
587 5235 627 5285 ι,
661 5219 730 5273 28
755 5219 930 5300 :‘Ave,
959 5217 1135 5300 gratia
1159 5218 1336 5300 plena.
1369 5217 1545 5300 -15ἔ
1577 5217 1874 5300 Inbymno

288 5288 330 5344 4
386 5288 529 5342 inter
576 5305 712 5360 quos
753 5289 946 5344 damus
993 5289 1100 5342 line
1155 5288 1290 5342 tomi
1339 5288 1876 5360 praecedentis‘dixit

290 5374 511 5439 quoque
541 5374 682 5439 vers.
733 5360 798 5414 10
827 5377 838 5413 ;
899 5361 1150 5439 Claustra
1180 5360 1402 5439 pudoris
1426 5367 1754 5439 permanent.
1804 5391 1874 5439 Τ

330 5427 505 5511 8..Ἰη
552 5427 787 5511 ιιγῐηηρΑ
809 5445 972 5511 supra
1005 5429 1099 5484 cit.
1145 5445 1286 5511 vers.
1489 5432 1776 5511 Procedens
1809 5431 1872 5511 _de

290 5501 547 5556 thalamo.
605 5528 675 5539 —
721 5499 808 5554 20.
843 5499 982 5554 Ibid.
1011 5515 1150 5554 vers.
1186 5500 1282 5555 I5:
1321 5500 1481 5570 Gigas
1502 5503 1715 5570 geminae
1742 5502 1874 5556 sub-

287 5572 642 5652 stantiarzh—
694 5570 785 5652 21.
847 5571 1311 5652 Ρόὺτληὴρρονηςε
1345 5573 1604 5652 parentis.
1632 5603 1748 5652 ﬂ—_
1781 5572 1868 5652 24.

287 5641 365 5706 ΙΙ.
406 5642 475 5702 Ε.
509 5640 596 5702 Ct.
625 5641 815 5697 resolv.
863 5669 934 5682 —
983 5640 1178 5699 25-28.
1225 5640 1508 5701 Christum
1542 5643 1600 5699 in
1631 5642 1684 5700 S.
1716 5644 1873 5702 Scri-

1983 5023 2174 5082 omnes
2208 5003 2522 5082 angelorum
2553 5003 2750 5082 choros
2783 5005 3050 5082 usque
3089 5006 3290 5082 solium
3333 5003 3562 5082 Deitatis

1983 5079 2176 5134 erexit.
2220 5071 2358 5132 Hinc
2387 5077 2532 5132 enim
2564 5077 2767 5133 montis
2795 5071 3561 5196 praecellentissimamdi‘gni-

1984 5156 2147 5196 tatem
2175 5149 2338 5196 Isaias
2365 5148 2672 5196 vaticinans
2700 5147 2810 5196 ait:
2868 5148 2988 5196 Erit
3015 5148 3072 5196 in
3100 5159 3397 5196 novtsstmts
3477 5145 3561 5196 ie-

1984 5156 2147 5224 tatem
2175 5149 2338 5204 Isaias
2365 5148 2672 5203 vaticinans
2700 5147 2777 5203 ait
2796 5142 2828 5224 Ξ⁸
2862 5148 2988 5204 Erit
3015 5148 3086 5224 in_
3100 5142 3397 5224 nouissimis
3439 5142 3561 5196 die-

1983 5220 2076 5295 bus
2137 5225 2476 5295 praeparatus
2557 5236 2730 5295 mons
2793 5217 2977 5295 domus
3040 5217 3256 5295 Domini
3327 5217 3384 5295 in
3447 5229 3562 5295 cer:

1985 5292 2078 5364 tice
2128 5285 2524 5364 inonlimn._—
2574 5289 2764 5364 33-36.
2800 5289 2868 5344 Is.
2919 5303 3050 5353 XLV,
3096 5285 3400 5364 Saliorum
3447 5285 3562 5364 cali

1982 5361 2220 5431 desuper,
2271 5367 2318 5414 et
2345 5360 2501 5414 nubes
2525 5362 2718 5430 pluant
2735 5359 2939 5431 justum
2956 5373 2985 5431 _,°
3033 5359 3315 5431 aperiatur
3344 5360 3486 5408 terra
3514 5359 3563 5408 et

1980 5424 2231 5502 germinet
2275 5424 2622 5486 Salvatorém.
2669 5424 2751 5470 -’
2783 5428 2868 5494 12,
2915 5426 3003 5481 43.
3059 5424 3142 5481 Cf.
3190 5424 3399 5502 ἰηζῐῃιιζ
3436 5440 3558 5502 sup.

1981 5493 2077 5558 cit.
2111 5519 2254 5558 vers.
2289 5503 2314 5556 1
2343 5521 2354 5556 :
2399 5503 2526 5575 Veni
2548 5493 2859 5570 redemptor
2871 5502 3122 5575 gentium.
3148 5493 3334 5549 -’44.

1981 5580 2041 5627 ut
2066 5590 2224 5627 carne
2251 5589 2458 5628 carnem
2489 5565 2814 5628 liberans'ne
2849 5565 3112 5638 perderet,
3133 5582 3263 5638 quos
3305 5565 3558 5638 condidit.

1978 5672 2052 5686 —
2079 5644 2260 5702 4548.
2306 5644 2522 5701 Divinas
2551 5634 2944 5699 incarnationis
2970 5634 3357 5707 admiratione,
3392 5641 3457 5694 ut
3481 5634 3562 5694 ita
