4086 6208
258 351 275 405 1
290 350 398 407 225

249 477 448 551 Preces
476 482 753 551 gementes
782 469 1089 551 fundimus,

250 549 320 604 Di
332 545 499 604 mitte'
516 545 665 621 quod
693 545 1066 618 peccavimus.

246 635 481 705 Prmsta,
512 635 671 690 Pater
700 630 966 705 piissime,
997 637 1101 684 etc.

383 755 642 827 Ejusdem
672 754 852 825 hymni
880 752 995 808 alia
1026 752 1189 807 lectio.

524 845 635 916 (Ex
663 843 825 899 Brev.
856 840 1045 912 Rom.)

244 946 456 1001 Rerum
488 942 714 1000 Creator
734 941 962 1015 optime,

242 1018 555 1088 Rectorque
584 1013 788 1088 noster,
827 1013 1042 1085 aspice;

240 1088 360 1161 Nos
389 1104 421 1142 a
446 1085 627 1161 quiete
656 1085 826 1161 nenia

241 1157 680 1230 Mersos'sopore
709 1157 901 1213 libera.
1368 1157 1529 1230 Nocte

1284 1241 1315 1290 εί
1368 1218 1641 1290 Omnique

241 1248 345 1327 Te,
376 1254 559 1303 sancte
579 1244 825 1327 _Christe,
852 1244 1152 1327 poscimus,
1280 1244 1315 1299 5

240 1320 473 1391 Ignosce
487 1317 685 1391 _culpjs
714 1317 975 1391 omnibus
997 1335 1010 1383 ;

240 1388 335 1446 A'd
366 1388 741 1446 conﬁtendum
772 1388 1048 1460 surgimus

239 1462 534 1535 Morasque
561 1460 739 1517 noctis
768 1459 1096 1531 rumpimus.

238 1549 459 1605 Mentes
496 1564 797 1620 manusque
826 1547 1096 1620 tollimus,

238 1620 520 1692 Propheta
547 1619 691 1692 sicut
710 1618 974 1692 noctibus

236 1689 415 1748 Nobis
436 1690 731 1761 gerendum
754 1689 1021 1761 praecipit,

238 1760 559 1834 Paulusque
587 1760 767 1832 gestis
780 1760 1021 1815 censuit.

237 1850 420 1908 Vides
445 1849 651 1905 malum
681 1846 829 1921 quod
846 1846 1110 1921 fecimus,

237 1922 479 1980 Occulta
506 1917 1037 1990 nostra—pandimus,

235 1995 441 2051 Preces
471 1988 745 2065 gementes
775 1988 1081 2065 fundimus,

236 2060 495 2123 Dimitte
509 2062 660 2137 quod
687 2060 1058 2135 peccavimus.

234 2156 470 2225 Praesta,
504 2154 664 2211 Pater
689 2150 959 2225 piissime,
991 2157 1097 2208 etc.

675 2272 884 2329 XXVI.

425 2365 668 2436 Hymnus
689 2364 762 2419 ad
789 2366 1133 2423 Matutinum.

238 2461 371 2520 Nox
400 2470 533 2534 atra
549 2477 731 2517 rerum
766 2461 1008 2534 contegit

239 2535 428 2589 Terra:
450 2532 666 2589 colores
686 2532 957 2600 omnium,

239 2607 354 2662 Nos
389 2603 717 2676 confitentes
746 2604 1025 2676 poscimus

239 2677 339 2744 Te,
368 2675 524 2748 juste
547 2673 722 2745 judex
747 2673 1030 2741 cordium,

250 2765 324 2820 Ut
355 2762 577 2835 auferas
607 2763 823 2835 piacula

249 2834 795 2906 Sordesquegmentis
824 2834 1032 2902 abluas,

249 2903 549 2977 Donesque
570 2903 774 2962 Christi
798 2905 1027 2979 gratiam

252 2979 323 3035 Ut
346 2983 645 3034 arceantur
671 2978 925 3034 crimina.

246 3066 407 3123 Mens
429 3081 557 3138 ecce
584 3073 765 3138 torpet
790 3066 962 3138 impia

245 3139 425 3206 Quam
460 3137 623 3209 culpa
652 3136 1090 3206 mordet'noxia,

247 3209 505 3266 Obscura
529 3208 690 3281 gestit
718 3209 934 3277 tollere,

246 3282 320 3338 Et
348 3290 423 3350 te,
471 3279 824 3352 Redemptor,
855 3296 1118 3353 quaerere.

246 3369 478 3451 _Repelle
507 3375 570 3423 tu
607 3368 899 3440 caliginem

1346 336 1568 396 HYMNI
1606 337 1661 393 S.
1702 331 2057 393 AMBROSIO
2099 329 2495 391 ATTRIBUTI.

1254 466 1321 523 15
1376 467 1457 522 Da
1483 463 1765 520 dexteram
1794 459 2165 533 surgentibus,

1375 538 1650 607 Exsurgat
1677 542 1732 590 et
1762 532 1915 607 mens
1943 532 2127 607 sobria

1376 602 1742 680 Flagrahsque
1775 605 1832 680 in
1866 604 2081 680 laudem
2108 602 2209 659 Dei

1374 675 1567 736 Grates
1594 675 1856 749 rependat
1887 675 2121 731 debitas.

1372 770 1538 825 Ortus
1564 766 1796 838 refulget
1817 764 2039 821 Lucifer

1371 832 1735 919 §parsamque
1768 839 1945 919 lucem
1977 836 2229 903 nuntiat;
2369 832 2434 889 10

1372 907 1530 969 Cadit
1559 907 1735 977 caligo
1765 907 2014 964 noctium

1371 984 1491 1040 Lux
1521 976 1709 1039 sancta
1737 996 1838 1037 nos
1869 976 2169 1034 illuminet.

1368 1074 1701 1145 Manensque
1730 1070 1935 1145 nostris
1966 1067 2218 1145 sensibus

1368 1146 1594 1201 Noctem
1611 1140 1852 1208 'repellat
1881 1140 2091 1208 saeculi,

1715 1229 1782 1269 ne
1811 1213 1921 1269 diei

1367 1289 1601 1360 Purgata
1628 1292 1807 1344 servet
1833 1292 2073 1358 pectora.

1367 1379 1606 1446 Quaesita
1627 1379 1741 1451 jam
1773 1377 2012 1451 primum
2045 1372 2179 1430 ﬁdes

1369 1451 1593 1507 Radicet
1622 1450 1749 1505 altis
1778 1450 2028 1505 sensibus
2047 1467 2060 1515 ;

1368 1522 1617 1578 Secunda
1642 1537 1762 1592 spes
1792 1520 2131 1593 congaudeat

1244 1612 1310 1669 ιο
1366 1594 1486 1661 Quo
1518 1584 1693 1664 major
1721 1584 2183 1647 exstatvcharitas.
2358 1584 2427 1641 20

1361 1686 1474 1741 Deo
1502 1684 1651 1739 Patri
1678 1682 1752 1737 sit
1782 1680 1975 1754 gloria,
2007 1688 2113 1736 etc.

1494 1798 1749 1868 Ejusdem
1779 1798 1959 1867 hymni
1985 1796 2102 1852 alia
2132 1794 2298 1852 lectio.

1629 1889 1739 1959 (Ex
1768 1889 1929 1944 Brev.
1962 1886 2148 1957 Rom.)

1244 1985 1311 2042 15
1364 1988 1591 2044 ᾸΕῐΘιὫᾶ
1617 1986 1742 2043 cmli
1769 1986 1960 2058 gloria,

1363 2060 1530 2115 Beata
1558 2073 1680 2131 spes
1710 2058 2049 2131 mortalium,

1366 2129 1871 2188 Summi’Tonantis
1897 2129 2059 2185 unice

1368 2202 1648 2274 Castaeque
1669 2201 1849 2273 proles
1870 2200 2137 2272 Virginis,

1366 2293 1448 2349 Da
1475 2292 1757 2349 dexteram
1778 2289 2150 2363 surgentibus,
2396 2289 2431 2345 5

1367 2365 1644 2437 Exsurgat
1672 2371 1735 2419 ut
1750 2362 1921 2437 _mens
1935 2362 2135 2437 sobria

1369 2433 1631 2508 Ij‘lagra'ns
1659 2442 1715 2490 et
1747 2434 1803 2508 in
1826 2433 2044 2508 laudem
2066 2433 2164 2490 Dei

1372 2504 1562 2563 Grates
1590 2505 1853 2578 rependat
1874 2504 2107 2561 debitas.

1372 2595 1539 2653 Ortus
1571 2594 1804 2665 refulget
1834 2594 2055 2650 Lucifer

1370 2667 1644 2740 Praeitque
1672 2664 1845 2740 solem
1881 2665 2133 2740 nuntius,
2368 2664 2434 2721 10

1284 2758 1320 2815 5
1372 2735 1591 2815 Cadunt
1621 2735 2154 2815 tenebraipoctium,

1372 2811 1495 2867 Lux
1516 2818 1703 2867 sancta
1724 2827 1825 2866 nos
1846 2808 2145 2864 illuminet.

1371 2902 1703 2975 Manensque
1735 2901 1938 2975 nostris
1967 2896 2219 2975 sensibus

1369 2974 1596 3031 Noctem
1613 2971 1852 3037 repellat
1881 2971 2087 3037 saeculi,

1372 3045 1645 3119 Omnique
1676 3042 1783 3100 ﬁne
1812 3043 2076 3116 temporis
2365 3042 2433 3098 I5

1251 3136 1317 3193 ιο
1370 3117 1604 3193 Purgata
1632 3124 1812 3193 servet
1829 3125 2069 3193 pectora.

1370 3185 1611 3256 Quaisita
1633 3188 1747 3260 jam
1778 3185 2017 3261 primum
2057 3185 2193 3243 ﬁdes

1370 3280 1434 3335 In
1463 3278 1627 3335 corde
1664 3276 1874 3333 radices
1902 3286 2045 3349 agat,

1371 3350 1623 3407 Secunda
1653 3366 1774 3421 spes
1803 3348 2144 3421 congaudeat

3416 331 3552 390 1226

2402 456 2437 512 5
2492 455 2693 511 Mentis
2721 462 2903 511 reatus
2920 457 3150 512 subruat
3175 474 3189 524 ;

2493 526 2774 599 Quidquid
2793 526 3038 599 tenebris
3064 526 3353 599 horridum

2492 599 2616 655 Nox
2644 597 2832 653 attulit
2861 598 3057 667 culpas,
3090 597 3267 653 cadat.

2494 688 2564 744 Ut
2593 702 2751 741 mane
2781 684 2920 740 illud
2951 685 3233 753 ultimum,

2493 758 2650 826 Quod
2679 757 3060 829 praestolamus
3083 756 3297 823 cernui,
3489 760 3553 814 10

2493 831 2555 886 In
2587 827 2765 885 lucem
2796 827 2955 883 nobis
2978 827 3164 882 eﬂluat

2493 904 2637 958 Dum
2665 901 2771 956 hoc
2798 914 2995 954 canore
3026 906 3336 969 concrepat.

2493 995 2607 1050 Deo
2633 991 2781 1048 Patri
2810 992 2883 1048 sit
2912 990 3105 1064 gloria,
3136 998 3242 1046 etc.

2599 1109 2858 1180 Ejusdem
2904 1108 3084 1178 hymni
3123 1107 3235 1162 alia
3278 1106 3443 1161 lectio.

2365 1207 2433 1264 15
2756 1199 2867 1271 (Ex
2912 1199 3073 1254 Brev.
3119 1197 3306 1267 Rom.)

2491 1301 2709 1356 Aurora
2728 1298 2857 1371 jam
2873 1299 3079 1371 spargit
3106 1300 3298 1371 polum

2492 1371 2674 1427 Terris
2701 1371 2817 1426 dies
2848 1369 3118 1438 illabitur,

2490 1443 2654 1499 Lucis
2677 1443 2905 1498 resultat
2924 1443 3226 1513 spiculum,

2491 1514 2745 1571 Discedat
2773 1530 2935 1569 omne
2968 1513 3264 1570 lubricum.

2488 1603 2819 1659 Phantasma
2845 1602 3024 1658 noctis
3051 1604 3268 1659 exsulet

2485 1674 2684 1730 Mentis
2716 1683 2895 1730 reatus
2922 1683 3141 1729 corruat
3161 1693 3174 1741 ;

2486 1745 2767 1817 Quidquid
2794 1746 3043 1817 tenebris
3071 1745 3363 1817 horridum

2484 1816 2615 1871 Mox
2645 1816 2829 1872 attulit
2858 1817 3053 1886 culpae,
3082 1816 3262 1873 cadat.

2482 1907 2554 1979 Ut
2582 1922 2761 1979 mane,
2792 1905 2940 1979 quod
2972 1922 3071 1961 nos
3102 1908 3367 1979 ultimum

2485 1978 2588 2048 Hic
2614 1977 2975 2048 deprecamur
3000 1978 3214 2048 cernui,
3488 1979 3557 2035 10

2485 2047 2624 2104 Cum
2656 2047 2777 2103 luce
2805 2047 2966 2102 nobis
2996 2047 3181 2102 efﬂuat

2486 2117 2604 2192 Hoc
2630 2117 2775 2192 dum
2794 2133 2993 2192 canore
3023 2128 3338 2192 concrepat.

2486 2190 2603 2246 Deo
2630 2188 2779 2244 Patri
2806 2188 2878 2244 sit
2899 2187 3095 2259 gloria,
3124 2187 3228 2245 etc.

3524 1604 3559 1657 5

2923 2303 3135 2361 XXIX.

2704 2396 2944 2467 Hymnus
2963 2397 3035 2452 ad
3062 2396 3326 2453 Primam.

2491 2485 2609 2542 Iam
2640 2485 2781 2541 lucis
2809 2492 2929 2541 orto
2963 2485 3141 2541 sidere

2491 2557 2665 2612 Deum
2679 2571 2981 2682 (precemur
3016 2556 3314 2627 supplices,

2491 2627 2563 2682 Ut
2590 2627 2650 2682 in
2719 2626 2895 2682 iurnis
2925 2627 3137 2682 actibus

2490 2627 2563 2683 Ut
2590 2627 2650 2682 in
2679 2626 2895 2682 diurnis
2925 2626 3137 2682 actibus

2489 2699 2599 2754 Nos
2622 2706 2803 2754 servet
2828 2715 2859 2754 a
2886 2697 3233 2765 nocentibus.

2490 2786 2757 2859 Linguam
2788 2786 3068 2842 refrenans
3097 2794 3361 2859 temperet
3515 2790 3548 2843 ὕ

2488 2858 2567 2913 Ne
2594 2858 2708 2915 litis
2735 2858 2930 2914 horror
2959 2860 3198 2926 insonet,

2490 2930 2686 2985 Visum
2716 2929 2955 2985 fovendo
2984 2937 3236 3001 contegat

2488 3002 2565 3058 Ne
2586 3001 2856 3057 vanitates
2876 3000 3115 3057 hauriat.

2490 3092 2619 3164 Sint,
2641 3108 2779 3164 pura
2806 3093 2990 3150 cordis
3022 3093 3240 3161 intima,

2489 3163 2736 3220 Absistat
2762 3172 2817 3220 et
2847 3165 3125 3233 vecordia,
3486 3164 3556 3222 10

2492 3235 2685 3293 Carnis
2712 3243 2850 3308 terat
2879 3237 3192 3308 superbiam

2491 3308 2659 3363 Potus
2687 3306 2907 3379 cibique
2938 3306 3192 3379 parcitas.

2494 3397 2563 3452 Ut
2592 3414 2718 3453 cum
2745 3396 2862 3453 dies
2892 3397 3214 3454 abscesserit

246 3420 592 3498 invii-insectis
614 3420 1078 3513 amittam,
1371 3422 1490 3489 Qua
1519 3420 1697 3503 major
1721 3429 1851 3501 esst:

246 3513 321 3597 Ut
351 3510 611 3597 innbeato
635 3511 867 3597 gaudeat
1253 3513 1320 3570 15
1371 3494 1486 3551 Deo
1524 3494 1673 3550 Pam
1711 3501 1784 3550 stt
1823 3509 1851 3565 ε

1961 3420 2192 3480 bal-itas.
2497 3420 2563 3452 υι
2592 3420 2718 3453 011111
2745 3420 2862 3453 (“BS
2892 3420 3214 3454 ειυδοθδδθτιι

1964 3507 2016 3560 δ’
2043 3501 2147 3549 etc.
2491 3469 2827 3550 Noctemque
2857 3486 2975 3549 sors
3000 3468 3305 3551 reduxerit,
3532 3541 3561 3556 ﬂ

2492 3539 2686 3597 Mundi
2714 3556 2812 3597 uer
2829 3540 3219 3597 abstinentiam
3494 3543 3561 3596 to

252 3540 321 3569 υι
351 3540 411 3567 ιιι
444 3540 604 3567 ucaw
668 3540 867 3567 auucas
1253 3540 1320 3570 ιυ
1371 3540 1484 3551 υνν
1524 3540 1673 3550 -..νη
1711 3540 1783 3550 υ.-
1823 3540 1851 3565 ο

249 3583 320 3641 Se
350 3582 615 3640 collocari
635 3540 877 3640 Iumine.
1779 3602 1851 3658 Χ]

1961 3540 2016 3609 έ²
2047 3540 2147 3549 ""
2492 3540 2686 3597 Mundi
2714 3540 2812 3612 per
2829 3540 3219 3597 abstinentiam
3494 3541 3562 3596 15

1961 3604 2036 3658 .ΙΙ.
2493 3611 2603 3684 Ipsi
2628 3628 2888 3667 canamus
2926 3612 3183 3683 gloriam.

665 3695 900 3753 XXVII.
1610 3696 1850 3766 Hymnus
1879 3693 1951 3747 ad
1978 3693 2205 3749 Laudes.
2493 3703 2608 3758 Deo
2637 3700 2781 3757 Patri
2812 3700 2884 3756 sit
2912 3701 3108 3772 gloria,
3137 3710 3247 3760 etc.

492 3786 734 3858 Hymnus
760 3787 832 3843 ad
859 3786 1086 3842 Laudes.
1662 3786 1775 3856 (Ex
1811 3784 1964 3841 Libr.
2004 3784 2144 3855 vet.)
2936 3789 3121 3846 XXX.

556 3877 669 3947 (Ex
698 3876 850 3933 Libr.
881 3877 1020 3948 vet.)
1087 3934 1099 3948 ,

250 3966 483 4038 έΕῐθιδηα
514 3969 639 4023 οωιί
670 3970 865 4038 gloria,

250 4036 419 4106 Beata
435 4052 572 4106 spes
608 4036 950 4106 mortalium,

250 4105 400 4163 Celsi
432 4105 699 4161 Tenantis
726 4107 890 4163 unice

250 4177 540 4249 Castaeque
570 4178 751 4249 proles
780 4178 1051 4251 Virginis.

1373 3877 1590 3933 Aurora
1612 3873 1727 3946 jam
1740 3873 1966 3946 spargit
1994 3872 2208 3945 polum,

1373 3948 1559 4002 Terris
1587 3944 1705 4000 dies
1734 3944 2007 4013 illabitur,

1373 4018 1540 4073 Lucis
1568 4016 1799 4071 resultat
1831 4015 2128 4087 spiculum,

1375 4087 1633 4145 Discedat
1662 4102 1825 4143 omne
1848 4087 2152 4143 lubricum.

1374 4178 1708 4236 Phantasma
1734 4177 1913 4235 noctis
1941 4177 2180 4247 decidat,

2600 3860 2839 3931 Hymnus
2866 3860 2928 3914 de
2947 3860 3050 3914 diei
3072 3862 3265 3932 prima
3284 3878 3459 3934 opere.

2792 3948 2905 4019 (Ex
2936 3948 3088 4004 Libr.
3119 3951 3263 4022 vet.)

2497 4037 2662 4093 Lucis
2697 4046 2909 4094 creator
2936 4037 3163 4109 optime,

2497 4110 2698 4165 Lucem
2731 4108 3276 4180 dierumproferens,

2406 4180 2441 4237 5
2500 4180 2826 4236 Primordiis
2857 4179 2995 4236 lucis
3036 4196 3196 4235 nova

322 4319 532 4395 XXVI.
564 4351 634 4361 -—
663 4319 915 4395 Carmen,
944 4322 1000 4377 in
1023 4339 1132 4395 quo
1158 4322 1279 4379 nhil
1311 4331 1595 4381 mutarunt
1622 4324 1859 4380 Brevia—
1886 4324 1936 4382 A
1980 4347 1999 4368 ι
2038 4321 2351 4395 Amalarius
2376 4322 2540 4381 refert
2570 4324 2809 4380 Primam
2832 4323 3201 4395 incipiendam
3223 4340 3337 4380 esse
3365 4325 3433 4381 ab
3464 4326 3561 4382 illa

250 4393 334 4448 ria
376 4393 636 4468 Romana).
679 4393 1315 4468 Ecclesim_recentiora,
1346 4396 1551 4468 ubique
1589 4395 1857 4468 decanta-

249 4472 344 4521 tur
400 4463 538 4518 feria
596 4465 791 4535 quinta
836 4464 904 4520 ad
960 4463 1324 4522 Nocturnum.
1377 4463 1550 4523 —'2.
1599 4467 1851 4525 Clicht.:

250 4535 521 4607 Nonnulli
556 4536 743 4607 legunt
771 4537 971 4591 calores
1005 4556 1022 4599 ;
1065 4538 1141 4594 ita
1183 4539 1292 4593 llil.
1326 4538 1379 4595 3.
1410 4570 1482 4580 —
1508 4540 1647 4595 Male
1678 4539 1852 4606 Cass.,

251 4606 584 4679 conﬁdentes.
613 4606 685 4648 4-
710 4607 764 4663 5.
806 4608 1064 4681 Wimpf.,
1098 4617 1151 4665 tu
1181 4609 1424 4681 auferas.
1458 4641 1529 4651 —
1558 4611 1612 4666 8.
1655 4609 1762 4678 Id.,
1798 4616 1857 4664 ut

252 4696 408 4734 arcea
417 4695 549 4732 mus.

322 4749 556 4825 XXVII.
590 4782 680 4825 —_
710 4752 965 4825 Hymnus
995 4753 1265 4825 ascriptus
1292 4762 1374 4810 est
1402 4754 1650 4810 omnium
1686 4752 1854 4809 libro-

254 4837 377 4896 rum
401 4821 723 4896 testimonio
756 4821 903 4896 feriae
926 4832 1093 4879 sexta:
1114 4821 1180 4879 ad
1206 4826 1511 4881 Laudes.—
1531 4824 1853 4896 3.Wimpf.,

252 4894 559 4976 caelia—‘7.
594 4895 707 4961 Fr.,
738 4894 1122 4976 fragransque;
1157 4896 1360 4976 Clicht.
1393 4897 1487 4963 al.,
1524 4897 1697 4976 laude.
1719 4894 1854 4976 _Ipse

252 4965 341 5018 vir
383 4963 580 5037 doctus
617 4963 850 5037 propter
872 4963 1124 5022 metricas
1154 4969 1394 5023 rationes
1423 4968 1680 5037 proponit
1710 4963 1853 5023 Fla-

251 5051 414 5106 grans
458 5042 505 5090 et
550 5036 857 5092 inilaudem
902 5040 1018 5106 Dei,
1048 5038 1194 5106 quod
1224 5039 1367 5094 haud
1402 5036 1691 5106 displicuit
1717 5055 1852 5093 cor-

253 5106 578 5178 rectoribus.
610 5138 681 5149 —-
704 5109 758 5164 9.
792 5109 996 5166 Clicht.
1028 5106 1125 5178 aL,
1158 5116 1353 5175 natus;
1394 5110 1472 5165 ita
1495 5106 1629 5165 Beb.
1661 5140 1732 5150 —
1761 5110 1848 5166 15.

254 5176 384 5234 Fab.
405 5194 467 5233 ea
495 5195 602 5237 qua
633 5181 771 5236 solet
798 5181 1026 5236 audacia
1050 5176 1287 5237 mutavit
1316 5181 1421 5235 diei
1450 5182 1507 5236 in
1538 5187 1847 5237 temporum.

254 5196 384 5234 r'ao.
405 5196 467 5233 ea
531 5196 602 5234 ua
633 5196 771 5236 salet
798 5196 1026 5236 audacia
1050 5196 1287 5237 mutarit
1316 5196 1421 5235 arei
1450 5198 1507 5236 in
1538 5196 1633 5235 tem
1674 5198 1847 5235 orum.

252 5279 334 5330 π.
820 5252 1246 5330 nostris_;_l_l_il.,
1302 5252 1442 5308 imis.
1503 5198 1715 5330 —_;0.
1772 5252 1852 5330 Ita

516 5319 651 5390 Hil.,
667 5318 791 5392 Fr.,
811 5324 954 5396 Aug.
978 5324 1137 5379 Multi
1156 5318 1343 5397 legunt
1362 5342 1469 5395 qua
1488 5322 1666 5393 major
1680 5328 1853 5378 exstat

253 5406 504 5445 cnaruas.

324 5461 582 5535 XXVIII.
614 5492 684 5504 —-
712 5464 811 5519 Est
840 5465 1085 5521 Laudum
1137 5466 1195 5522 in
1238 5466 1493 5523 Sabbato.
1526 5497 1597 5508 —
1626 5466 1679 5523 3.
1712 5467 1848 5535 Hil.,

256 5531 512 5620 Wi’rnp't},
544 5536 829 5620 speculum.
861 5567 933 5577 —
966 5537 1051 5592 10.
1074 5537 1210 5619 Ηὶιε,
1238 5540 1632 5620 Ρνωειοζᾳηιυε.

258 5670 271 5683 .
310 5603 535 5686 ΧΧΙΧ.
566 5603 636 5647 ῖ-
673 5608 972 5662 Auctorem
1005 5603 1285 5686 carminis
1335 5609 1600 5686 cogitasse
1645 5608 1713 5686 d_e
1759 5607 1850 5686 die

252 5679 462 5754 jejunio
491 5692 799 5754 nemonon
838 5679 1118 5754 perspicit.
1143 5679 1277 5754 _Sed
1295 5697 1365 5736 ex
1394 5679 1621 5754 antiquo
1648 5680 1851 5754 Eccle-

257 5749 350 5823 siae
393 5763 498 5804 usu
526 5749 775 5823 quotidie
803 5749 1067 5823 recitatur
1095 5751 1163 5808 ad
1191 5752 1455 5822 Primam,
1487 5749 1589 5808 nec
1626 5752 1723 5809 alii
1751 5768 1851 5808 ce-

258 5814 339 5886 pit
364 5832 461 5889 per
485 5814 665 5879 totum
692 5821 853 5879 annis
873 5823 1109 5895 patium.
1141 5814 1459 5882 Gav.Thes'.
1491 5841 1578 5893 ιη,
1619 5841 1674 5897 p.
1706 5823 1804 5881 2H
1836 5842 1847 5881 :

530 5918 773 5977 ΡΑτιιοι..
810 5920 989 5979 XVII.

1966 4410 2170 4466 prece:
2211 4394 2347 4466 Deus
2398 4396 2453 4448 in
2502 4396 2837 4465 adjutorium
2883 4394 3007 4451 cum
3044 4397 3232 4451 Gloria
3260 4397 3437 4465 Patri,
3468 4399 3561 4453 sed

1966 4464 2106 4539 nihil
2142 4464 2308 4539 habet
2335 4465 2402 4520 de
2434 4464 2665 4537 hymno,
2714 4469 2855 4539 lam,
2885 4468 3013 4539 lucis
3066 4474 3203 4533 orto,
3257 4468 3387 4539 quia
3418 4464 3559 4525 nulli

1965 4536 2162 4616 hymni
2197 4535 2321 4616 ejus
2350 4535 2506 4616 aetate
2537 4539 2719 4616 Romae
2752 4538 3121 4616 recitabantur
3154 4535 3347 4616 (ξηςδ.
3377 4538 3563 4596 Bene-

1962 4607 2144 4681 dictus
2190 4614 2372 4681 tamen
2419 4610 2698 4665 Amalario
2750 4609 3049 4681 antiquior,
3103 4607 3233 4681 qui:
3258 4610 3493 4666 Primam
3531 4630 3561 4667 a

1964 4678 2219 4751 laudibus
2247 4678 2539 4751 distinguit
2587 4697 2705 4751 cap.
2738 4682 2801 4736 17
2832 4678 2943 4735 suae
2970 4678 3189 4749 regulae,
3224 4680 3372 4738 hunc
3398 4684 3559 4738 ordi-

1962 4765 2088 4826 nem
2121 4750 2177 4804 in
2208 4767 2269 4805 ea
2298 4750 2503 4826 servari
2536 4750 2885 4826 praescribit:
2922 4752 3120 4826 _Prima
3148 4752 3305 4820 hora,
3351 4754 3555 4826 inquit,

1963 4820 2219 4893 dicantur
2260 4822 2451 4893 psalmi
2512 4820 2622 4878 tres
2674 4823 2995 4893 singulatim
3047 4831 3102 4877 et
3156 4841 3267 4879 non
3315 4820 3557 4879 sub-una

1964 4891 2169 4971 Gloria,
2198 4891 2445 4971 hymnus
2495 4893 2739 4964 ejusdem
2770 4891 2947 4971 “_horae
2974 4902 3146 4971 post
3167 4912 3385 4971 v_ersum
3418 4896 3556 4971 Dens

1962 4964 2018 5016 in
2053 4964 2404 5037 adju‘torium,
2444 4973 2736 5037 antequam
2785 4964 3013 5037 Psalmi’
3039 4965 3406 5037 incipiantur._
3432 4990 3448 5010 ι
3494 4966 3555 5019 Id

1962 5050 2091 5108 sane
2111 5035 2381 5108 afﬁrmare
2404 5035 2645 5107 possum,
2666 5052 2753 5091 me
2777 5036 2994 5091 nullum
3026 5035 3329 5108 inspexisse
3353 5035 3551 5108 l_ib_rum

1962 5105 2193 5178 nisiqui
2229 5105 2501 5178 hymnum
2530 5108 2652 5163 Jam
2683 5108 2815 5162 lucis
2843 5114 2959 5162 orto
2990 5105 3233 5178 posuerit
3253 5106 3317 5159 in.
3346 5105 3549 5159 Prima.

1960 5176 2380 5232 Nihil’mutavit
2413 5179 2575 5234 Brev.
2607 5180 2766 5236 Rom.
2810 5210 2880 5220 —
2908 5179 2960 5234 2.
2992 5176 3113 5243 Bd.,
3141 5191 3445 5246 precamur.
3482 5206 3553 5216 —

1959 5248 2013 5303 5.
2048 5247 2228 5316 Torr.,
2260 5248 2508 5318 refrenet.
2538 5280 2609 5291 —
2639 5249 2723 5305 14.
2748 5250 3140 5318 Torr.,Gron.,
3168 5246 3265 5299 sol.

2032 5318 2214 5374 XXX.
2271 5350 2341 5360 —
2416 5320 2618 5377 Omnes
2672 5322 2937 5384 ecclesiae,
2996 5317 3090 5389 qui
3149 5326 3552 5373 consueverunt

1959 5396 2199 5472 hymnos
2230 5413 2423 5454 canere
2464 5398 2533 5454 ad
2564 5400 2828 5472 Vesperas
2860 5396 3170 5472 (nonnullae
3204 5392 3448 5472 ᾅμςυσοι,
3492 5404 3553 5451 ιιι

1959 5465 2037 5541 ita
2063 5469 2267 5541 dicam,
2307 5486 2529 5541 prorsus
2558 5465 2875 5541 omittunt),
2902 5467 2991 5541 die
3022 5465 3302 5541 dominica
3329 5477 3549 5541 cantan-

1959 5539 2093 5595 dum
2149 5537 2502 5597 deuotarum.
2558 5543 2698 5599 Usus
2761 5537 3056 5595 admodum
3116 5537 3412 5609 singularis
3469 5548 3550 5594 est

1958 5612 2120 5686 Brev.
2153 5613 2320 5685 Ang.,
2378 5629 2487 5686 quo
2535 5614 2592 5669 id
2638 5611 2907 5686 sancitum
2938 5616 3038 5686 est,
3085 5616 3147 5664 ut
3176 5609 3501 5686 recitaretur
3522 5626 3546 5686 ξ

1958 5683 2115 5761 Lucis
2146 5679 2375 5754 creator,
2391 5679 2579 5761 rusque
2600 5683 2681 5761 _ad
2712 5679 2971 5761 kalendas
2999 5680 3255 5761 Augusti,
3288 5689 3475 5753 postea
3506 5682 3550 5738 Ο

1961 5756 2056 5812 tua:
2079 5756 2246 5812 beata.
2285 5753 2640 5812 -⁷10.Ῑιιι(1.
2667 5772 2682 5821 ;
2714 5753 2825 5822 AL,
2856 5753 3109 5809 muneris.

3196 5922 3265 5981 39
