4068 6186
178 366 305 426 1233

175 496 375 555 Currus
395 492 513 566 jam
551 488 730 566 poscit
760 483 1112 566 phosphorus

178 566 359 626 Badiis
386 558 635 636 rotisque
659 558 940 636 ﬂanimeis

176 638 327 708 Quod
355 636 482 695 coeli
511 628 779 692 scandens
804 628 1068 708 verticem

176 701 454 769 Profectus
482 722 692 763 moram
728 701 1000 758 nesciens.

176 803 286 859 Iam
312 799 493 858 noctis
521 799 719 855 umbra
747 792 1042 867 linquitur,

179 874 368 931 Polum
397 872 574 936 caligo
602 867 826 936 deserit,

176 946 473 1026 Typusque
487 939 702 1026 Christi
731 939 956 1026 anifer

174 1012 328 1073 Diem
358 1012 600 1088 sopitum
628 1012 921 1068 suscitans.

176 1106 299 1162 Dies
326 1103 542 1160 dierum
573 1101 770 1173 hagius
800 1116 858 1155 es

180 1177 443 1249 Lucisque
472 1177 662 1230 lumen
697 1173 812 1245 ipse
847 1187 925 1249 es,

178 1242 575 1319 Unum-potens
595 1242 930 1319 per_omnia,

177 1315 457 1375 Potens—in
483 1315 657 1373 unum
687 1315 950 1372 Trinitas.

177 1410 246 1464 Te
274 1424 442 1475 nunc,
476 1407 747 1478 Salvator,
782 1416 1097 1478 quaesumus

176 1480 404 1553 Tibique
431 1494 576 1551 genu
606 1477 900 1553 ﬂectimns,

177 1544 385 1608 Patrem
425 1544 551 1607 cum
579 1544 1011 1620 sanctoSpiritu

177 1623 325 1681 Totis
362 1637 619 1694 rogamus
648 1619 898 1674 vocibus.

178 1715 351 1781 Pater,
387 1711 484 1785 qui
514 1711 683 1767 ccelos
710 1706 983 1774 contines,

178 1787 472 1845 Cantemus
504 1798 655 1838 nunc
684 1794 887 1836 nomen
916 1786 1098 1844 tuum,

177 1855 448 1913 Adveniat
487 1869 718 1926 regnum
750 1860 908 1908 tuum

178 1930 403 2002 Fiatque
433 1927 690 1982 voluntas
718 1931 833 1980 tua.

177 2019 322 2084 Haec,
353 2017 601 2089 inquam,
636 2014 894 2089 voluntas
917 2018 1014 2068 tua

173 2089 344 2147 Nobis
373 2086 580 2160 agenda
608 2086 867 2160 traditur,

175 2161 358 2218 Simus
385 2157 573 2215 fideles
599 2157 818 2231 spiritu,

177 2232 338 2291 Casto
366 2238 651 2288 manentes
679 2241 930 2300 corpore.

176 2323 375 2379 Panem
407 2329 659 2376 nostrum
688 2313 940 2389 quotidie

179 2396 256 2451 De
286 2401 340 2448 te
358 2391 633 2448 edendum
665 2388 884 2453 tribue;

174 2464 413 2523 Remitte
439 2461 601 2517 nobis
629 2458 819 2515 debita

174 2537 245 2594 Ut
274 2550 377 2591 nos
413 2532 618 2590 nostris
647 2528 1009 2587 remittimus.

175 2622 503 2681 Tentatione
529 2619 764 2677 subdola

175 2696 371 2754 Induci
409 2710 511 2750 nos
538 2709 608 2749 ne
633 2690 851 2757 siveris,

175 2768 282 2840 Sed
309 2782 447 2840 puro
476 2761 938 2840 cordesupplices

176 2839 260 2897 Tu
286 2835 386 2896 nos
411 2854 443 2896 a
472 2836 619 2893 malo
639 2835 831 2891 libera.

423 2952 996 3118 Hymnuiiiiatutinus.

177 3147 415 3204 Tempus
453 3144 633 3202 noctis
660 3136 1011 3204 surgentibus

178 3214 388 3275 Laudes
414 3219 528 3274 Deo
553 3214 866 3273 dicentibus

178 3289 400 3349 Christo
419 3289 662 3361 glesuque
690 3282 930 3361 Domino

176 3364 240 3419 In
278 3358 785 3433 Trinitatis—gloria.

165 3452 384 3510 Chorus
414 3458 730 3520 sanctorum
747 3446 1057 3520 psallimus,
1202 3438 1237 3496 5

164 3523 425 3582 Cervices
452 3530 668 3579 nostras
698 3518 993 3586 ﬂectimus,

164 3595 362 3651 Genua
389 3592 791 3667 prosternimus

164 3662 408 3724 Peccata
422 3662 819 3722 conﬁtentibus

165 3756 404 3813 Oremus
431 3756 546 3811 Deo
564 3751 792 3825 jugiter,

166 3827 471 3884 Vincamus
496 3825 555 3880 in
568 3823 724 3880 ibono
752 3823 984 3890 malum,

166 3898 309 3955 Cum
341 3897 527 3953 fructu
557 3893 896 3966 poenitentia:

167 3967 379 4024 Votum
408 3963 648 4037 perenne
685 3963 933 4018 reddere.

167 4053 456 4114 Christum
478 4066 732 4123 rogemus
751 4057 809 4123 et
844 4049 1057 4123 Patrem

166 4128 435 4185 Sanctum
462 4118 750 4194 Patrisque
780 4118 1049 4192 Spiritum

167 4199 244 4256 Ut
271 4197 365 4254 det
388 4194 551 4252 nobis
574 4187 871 4257 auiilium,
1173 4187 1239 4244 15

164 4270 480 4329 Vincamus
518 4265 732 4323 hostem
764 4260 1042 4319 invidum.

636 4381 780 4438 XLI.

409 4476 649 4548 Hymnus
672 4469 987 4529 matutinus.

160 4575 294 4635 Diei
327 4576 450 4633 luce
475 4571 710 4641 reddita,

160 4647 373 4706 Primis
401 4654 524 4719 post
552 4638 810 4719 somnum
840 4638 1073 4699 vocibus

160 4719 271 4779 Dei
302 4716 562 4776 canamus
591 4716 841 4787 gloriam,

161 4790 382 4852 Christi
413 4786 631 4845 favente
666 4786 860 4860 gratia.

159 4883 276 4953 Per
306 4896 468 4953 quem
505 4877 731 4936 Creator
758 4874 1010 4953 omnium
1206 4869 1240 4927 5

160 4945 339 5011 Dieni
362 4958 693 5023 noctemque
723 4945 995 5015 condidit,

1168 552 1236 611 10

1168 2828 1239 2886 40

1094 3810 1237 3876 ⁷10

245 5123 366 5178 XL.
396 5152 467 5162 —
507 5121 683 5177 Habet
711 5120 862 5176 solus
886 5115 1020 5175 Cod.
1055 5115 1126 5171 Ο.

246 5193 391 5250 XLI.
437 5222 508 5233 —
544 5193 827 5263 Repetitur
884 5189 941 5245 in
991 5184 1241 5263 Cod._.0.
1290 5190 1344 5238 et
1382 5181 1775 5263 inHymnario

164 5263 458 5322 Thomasii
502 5254 875 5318 diei-sabbati.
907 5291 979 5301 —
1003 5258 1058 5314 4.
1109 5254 1331 5320 Thom.,

166 5339 327 5395 tiam.
358 5366 429 5377 —
461 5334 545 5390 10.
576 5333 798 5402 Thom.,
830 5338 1048 5387 retenta.
1079 5357 1152 5369 —
1181 5327 1266 5402 ii.
1302 5324 1524 5402 Thom.,
1566 5341 1776 5402 necpr-

168 5418 262 5466 tus
305 5407 560 5464 occidens.
588 5435 659 5446 —-
686 5396 795 5461 24f
830 5405 852 5460 Ι
895 5403 1037 5457 Tim.
1071 5417 1150 5466 v1,
1199 5397 1298 5453 10;
1332 5396 1513 5453 Radix
1543 5396 1778 5451 omnium

167 5483 450 5537 maiorum
477 5484 552 5534 est
579 5476 860 5548 cupiditas.

250 5552 418 5608 XLII.
451 5581 523 5592 -—
564 5538 760 5605 Thom.
794 5547 999 5617 Hymn.
1020 5541 1256 5617 AetiCod.
1290 5543 1460 5617 O._—
1490 5538 1580 5595 Al.
1604 5539 1662 5617 _II
1695 5538 1778 5617 in-

1001 5615 1143 5686 feria
1197 5613 1464 5686 dicendus.
1496 5640 1568 5686 —_-
1599 5610 1661 5686 8.
1686 5610 1775 5686 9.,

171 5694 350 5751 sancti
402 5682 660 5765 Spiritus.
686 5682 838 5749 -’9.
871 5689 963 5744 ΑΙ.
1001 5682 1089 5755 11,
1116 5694 1333 5758 potens;
1368 5685 1459 5750 0.,
1485 5684 1603 5738 alta
1629 5682 1776 5753 ﬁdes.

171 5796 252 5808 —
284 5764 371 5821 14.
403 5765 493 5831 Ο..
528 5771 583 5820 tu
611 5763 848 5835 septimo.
878 5790 950 5835 ῖς
997 5760 1081 5814 17.
1114 5758 1203 5835 Al_.
1238 5758 1305 5835 11
1314 5773 1427 5835 _prp
1456 5754 1780 5835 omnipotgns

169 5622 372 5681 scribit
397 5640 407 5678 :
468 5624 706 5693 Hymnus
758 5618 947 5693 quinta

169 5694 350 5765 sancti
402 5689 660 5765 Spiritus.
686 5689 838 5765 —A’9.
871 5689 963 5744 ΑΙ.
1002 5689 1089 5765 Ii,

1292 484 1523 541 [Eterna
1550 483 1667 554 lege
1695 481 1965 554 sanciens,

1293 557 1365 614 Ut
1392 549 1935 627 semper-succedant
1963 549 2092 608 sibi.

1294 646 1377 700 Tu
1407 661 1540 701 vera
1572 645 1671 701 lux
1700 642 1974 708 ﬁdelium,

1293 717 1465 784 Quem
1498 717 1587 772 lex
1616 722 1843 771 veterna
1872 729 1982 769 non
2012 719 2181 784 tenet,

1292 783 1521 845 Noctem
1552 804 1653 844 nec
1683 795 1809 842 ortu
1837 783 2139 841 succedens

1294 861 1526 917 Eterno
1556 860 1772 931 fulgens
1800 856 2031 913 lumine.

1171 933 1239 991 15
1295 949 1532 1016 Christe,
1564 963 1852 1019 precamur
1878 960 2078 1019 annue,

1295 1018 1595 1077 Orantibus
1625 1018 1799 1074 servis
1820 1018 1934 1073 tuis

1296 1093 1566 1165 Iniquitas
1596 1090 1714 1146 haec
1734 1088 1923 1165 saeculi

1294 1165 1372 1221 Ne
1402 1160 1647 1219 nostram
1667 1161 1910 1234 captivet
1936 1160 2128 1218 ﬁdem.

1294 1255 1417 1333 Non
1437 1253 1747 1333 cogitemus
1774 1251 1964 1333 impie,

1152 1309 1242 1367 Ἥ)
1295 1309 1647 1382 Ῐηνίὰθειυιηιιδ
1674 1309 1905 1391 nemini,

1296 1396 1433 1453 Lassi
1472 1413 1541 1452 ne
1573 1395 1869 1451 reddamus
1898 1395 2102 1464 vicem,

1296 1469 1599 1527 Vincamus
1628 1469 1687 1523 in
1722 1467 1870 1522 bono
1906 1468 2140 1523 malum.

1297 1559 1457 1615 Absit
1483 1557 1688 1613 nostris
1716 1574 1784 1615 ex
1805 1556 2067 1614 cordibus

1296 1631 1401 1711 I_r_a,
1418 1629 1615 1711 dolus,
1641 1627 1919 1711 superbia,

1172 1701 1244 1758 25
1297 1701 1543 1758 Absistat
1571 1701 1824 1768 avaritia,

1295 1773 1567 1830 Malorum
1596 1772 1755 1828 radix
1783 1771 2058 1828 omnium.

1296 1863 1506 1934 Vinum
1537 1869 1776 1917 mentem
1805 1878 1919 1934 non
1947 1870 2178 1934 occupet

1295 1933 1578 1991 Ebrietate
1608 1932 1839 2004 perpeti,

1172 2004 1243 2062 30
1296 2004 1400 2062 Sed
1428 2012 1617 2076 nostro
1636 2004 1822 2061 sensui
1852 2011 2171 2076 competens

1296 2077 1472 2134 Tuum
1510 2075 1765 2132 bibamus
1792 2075 2074 2148 poculum.

1294 2161 1595 2235 Conservet
1622 2162 1773 2235 pacis
1800 2162 2007 2235 findere.

1292 2234 1415 2290 Non
1441 2233 1699 2290 simulata
1725 2233 1985 2301 charitas,

1294 2305 1400 2362 Sed
1428 2306 1643 2362 illibata
1669 2306 1896 2362 castitas

1296 2377 1631 2436 Credulitate
1653 2376 1884 2450 perpeti.

1171 2451 1242 2509 35
1294 2466 1578 2524 Addendis
1607 2482 1719 2522 non
1747 2466 1820 2522 sit
1858 2464 2078 2537 praediis

1294 2537 1605 2595 Malesuada
1633 2553 1848 2609 semper
1875 2537 2069 2605 fames,

1294 2610 1353 2666 Si
1375 2611 1608 2666 afﬂuant
1633 2609 1867 2674 divitiae,

1295 2681 1580 2754 Prophetas
1610 2697 1711 2737 nos
1739 2681 1982 2753 psalmus
2008 2686 2178 2753 regat.

1298 2771 1522 2837 Praesta,
1555 2771 1713 2827 Pater
1750 2769 2013 2841 ingenita,
2060 2820 2066 2827 .

1298 2843 1495 2899 Totum
1512 2842 1778 2899 ducamus
1799 2840 2006 2913 jugiter

1299 2912 1520 2986 Christo
1551 2910 1841 2986 placentes
1857 2910 2009 2986 hunc
2036 2910 2184 2968 diem

1298 2985 1499 3044 Sancto
1527 2984 1723 3061 repleti
1751 2984 1984 3056 Spiritu.

1750 3120 1925 3178 XLII.

1536 3230 1780 3302 Hymnus
1804 3226 2119 3283 matutinus.

1296 3350 1441 3406 Deus
1475 3346 1664 3404 mterni
1693 3344 1923 3400 luminis

1297 3418 1514 3478 Candor
1546 3415 1950 3482 inenarrabilis,

1295 3493 1577 3550 Venturus
1604 3488 1715 3545 diei
1738 3486 1913 3559 judex

1295 3562 1402 3632 Qui
1428 3560 1628 3618 mentis
1657 3554 1875 3616 occulta
1903 3554 2060 3611 vides
2089 3571 2103 3622 ;

1295 3652 1377 3708 Tu
1412 3666 1641 3722 regnum
1656 3649 1936 3722 caelorum
1975 3652 2152 3714 tenes,

1294 3725 1367 3781 Et
1396 3719 1544 3781 totus
1568 3722 1628 3777 in
1654 3719 1837 3778 Verbo
1868 3726 1929 3773 tu
1957 3733 2034 3787 es,

1294 3797 1398 3853 Per
1426 3794 1631 3852 Filium
1661 3798 1862 3849 cuncta
1891 3789 2054 3861 regis,

1296 3868 1496 3926 Sancto
1522 3864 1754 3938 Spiritui
1792 3862 1916 3916 fons
1944 3876 2021 3916 es.

1295 3958 1527 4012 Trinum
1552 3968 1754 4009 nomen
1782 3952 1894 4007 alta
1920 3950 2078 4005 vides

1294 4028 1477 4083 Unum
1507 4040 1603 4095 per
1629 4023 1817 4095 omnia
1843 4028 2057 4093 potens,

1295 4088 1605 4166 Mirumque
1628 4109 1738 4166 per
1767 4088 1986 4166 signum
2013 4088 2193 4166 crucis

1296 4169 1379 4225 Tu
1408 4162 1587 4223 rector
1622 4162 1904 4220 immensa:
1936 4162 2097 4219 lucis.

1297 4258 1379 4315 Tu
1410 4257 1602 4315 mundi
1629 4256 1961 4314 constitutor
1979 4268 2056 4309 es.

1297 4331 1381 4387 Tu
1410 4331 1467 4385 in
1497 4328 1970 4402 septimothrono
1997 4322 2174 4392 sedes,

1297 4401 1476 4458 Iudex
1498 4398 1575 4457 ei
1597 4402 1709 4456 alto
1738 4398 1969 4455 humilis

1298 4473 1515 4532 Venisti
1544 4472 1658 4546 pati
1683 4488 1781 4544 pro
1804 4470 1986 4526 nobis.

1298 4564 1381 4620 Tu
1409 4559 1647 4620 Sabaoth
1687 4560 2060 4630 omnipotens,

1299 4636 1519 4692 Osanna
1546 4631 1748 4689 summi
1772 4629 2055 4696 culminis,

1300 4706 1424 4762 Tibi
1452 4706 1571 4761 laus
1600 4710 1683 4759 est
1712 4699 2003 4771 mirabilis,

1300 4778 1383 4834 Tu
1410 4794 1468 4834 es
1491 4777 1668 4850 prima
1697 4772 1980 4831 anastasis.

1300 4868 1382 4923 Tu
1410 4866 1539 4924 ﬁdei
1563 4866 1784 4939 adjutor
1802 4880 1859 4921 es

1300 4940 1373 4997 Et
1400 4935 1647 4995 humiles
1669 4946 1729 4995 tu
1761 4935 2009 5009 respicis,

1887 5110 1977 5175 0.,
2030 5110 2109 5164 Tu
2149 5124 2248 5163 rex

1381 5252 1602 5323 fatentes
1638 5270 1776 5324 gra-
1886 5252 1951 5307 Ο.
1964 5295 1977 5319 ,

178 5836 321 5909 legit
367 5825 586 5892 homini.
635 5825 705 5879 -ῖ-
752 5834 838 5891 18.
889 5831 1109 5901 Thom.,
1157 5831 1236 5889 Tu
1276 5825 1776 5887 nmmum—20.

1234 352 1462 411 HYMNI
1499 351 1555 408 S.
1595 350 1950 411 AMBROSIO
1990 347 2409 408 ATTRIBUTI.

2296 710 2361 768 10

2295 1088 2363 1145 15

2291 1465 2362 1523 20

2292 1862 2362 1918 25

2291 2233 2361 2290 30

2290 2606 2361 2663 35

2291 2980 2362 3040 40

2292 4017 2360 4073 10

2297 4391 2364 4449 15

2280 5104 2509 5177 primus
2534 5102 2833 5177 anastasii,
2866 5100 2961 5157 sed

1888 5168 1974 5235 ad'
2009 5180 2180 5251 Apoc.
2229 5168 2327 5251 xii,
2376 5176 2430 5251 5,
2483 5175 2535 5231 6.
2570 5204 2640 5215 —
2668 5174 2732 5230 21
2766 5168 3269 5251 Thom.,—auditor.
3300 5199 3370 5209 —

2039 5240 2163 5306 diue
2207 5240 2342 5304 sedis
2380 5240 2621 5303 thronus.
2655 5275 2725 5286 --
2764 5243 2852 5301 24.
2907 5243 2997 5311 0.,
3034 5242 3245 5313 tibique.
3277 5271 3348 5281 —
3392 5240 3479 5296 25.

1887 5323 2106 5391 Thom.,
2136 5323 2263 5378 Deo.

1959 5387 2153 5450 XLIII.
2185 5423 2255 5434 —
2284 5393 2373 5448 Ex
2402 5389 2680 5447 Thomasii
2711 5387 3037 5450 Hymnario.

1960 5465 2155 5521 XLIV.
2200 5495 2271 5506 —
2298 5464 2383 5519 Ex
2415 5462 2691 5519 Thomasii

1888 5538 2127 5665 git/mnus
2154 5536 2226 5592 ad
2258 5535 2509 5593 Tertiam.
2557 5534 2761 5590 Vocem
2778 5527 3033 5585 'conditor
3062 5545 3117 5584 v.
3150 5529 3175 5583 1
3208 5544 3321 5585 om.
3357 5527 3480 5620 Vat.

3350 333 3488 392 12311

2418 472 2542 529 Tibi
2570 473 2684 528 alta
2709 471 2863 528 sedes
2898 469 3154 535 thronus,

2420 545 2544 601 Tibi
2563 544 2790 600 divinus
2819 549 2902 598 est
2930 540 3128 596 honor.

2418 635 2639 693 Christo
2668 629 3250 704 aeternoqueDomino

2419 707 2564 762 Patri
2602 722 2727 761 cum
2757 700 2945 760 sancio
2974 700 3183 772 Spiritu

2418 779 2562 835 Vitae
2582 778 2864 833 solvamus
2895 786 3124 828 munera

2418 850 2468 906 A
2500 849 2718 906 saeculis
2747 848 2807 903 in
2836 845 3054 902 saacula.

2858 959 3053 1015 XLIII.

2652 1052 2892 1119 Hymnus
2920 1047 3233 1103 matutinus.

2418 1153 2537 1208 Jam
2568 1152 2707 1207 lucis
2736 1149 3002 1223 splendor
3021 1146 3212 1223 rutilat

2416 1223 2603 1280 Noctis
2633 1219 2833 1295 fugatis
2861 1219 3123 1295 tenebris,

2418 1290 2730 1353 Reddamus
2766 1292 2953 1349 laudes
2973 1290 3233 1356 Domino,

2417 1366 2522 1434 Qui
2557 1374 2738 1423 manet
2767 1374 2894 1421 ante
2918 1363 3136 1420 saecula.
3448 1361 3482 1414 5

2418 1458 2692 1513 Pellamus
2720 1472 2883 1512 omne
2906 1454 3160 1521 noxium,

2415 1530 2708 1586 Poscamus
2737 1545 2898 1584 omne
2930 1541 3270 1598 prosperum,

2416 1601 2685 1657 Defendat
2715 1618 2843 1655 suos
2880 1598 3113 1654 famulos

2418 1672 2611 1729 Virtus
2634 1680 2836 1728 aeterna
2859 1670 3084 1742 jugitcr.

2419 1759 2490 1814 Ut
2518 1775 2610 1815 ore
2638 1759 2688 1813 ei
2721 1776 2966 1815 consono
3418 1754 3482 1808 10

2418 1830 2490 1886 Et
2519 1830 2681 1886 corde
2711 1829 3070 1885 devotissimo

2418 1902 2628 1957 Possim
2638 1918 2701 1957 us
2730 1901 2882 1957 omni
2912 1908 3158 1970 tempore

2418 1972 2629 2029 Laudes
2658 1972 2859 2028 referre
2889 1970 3101 2026 debitas

2846 2088 3043 2144 XLIV.

2630 2185 2871 2256 Hymnus
2898 2183 2972 2239 ad
2998 2181 3264 2238 Primam.

2418 2281 2660 2349 Christe,
2699 2281 2966 2337 caelorum
2992 2278 3268 2347 conditor,

2418 2355 2561 2410 Deus
2600 2352 2914 2409 dominator
2944 2350 3218 2418 omnium,

2415 2424 2707 2482 Placabilis
2735 2441 2835 2479 nos
2862 2424 3044 2494 aspice

2417 2496 2707 2553 Precantes
2734 2503 2858 2551 tuos
2886 2494 3145 2551 famulos.

2417 2586 2560 2641 Hora
2591 2585 2769 2656 prima
2789 2582 3096 2656 psallimus,

2414 2654 2628 2713 Laudes
2654 2657 2769 2711 Deo
2794 2654 3116 2721 referimus,

2417 2728 2524 2795 Qui
2561 2743 2759 2785 caecam
2790 2734 3008 2781 noctem
3040 2724 3279 2781 vicimus

2416 2799 2701 2859 Christum
2732 2813 2913 2872 regem
2944 2796 3300 2870 requirimus.

2415 2889 2530 2945 Deo
2559 2887 2707 2943 Patri
2731 2886 2804 2943 sit
2832 2887 3027 2958 gloria,

2416 2958 2791 3033 Ejusquesoli
2821 2952 2984 3033 filio,

2418 3028 2798 3103 cum'Spiritu
2825 3028 3096 3086 Paraclito

2417 3104 2489 3160 Et
2516 3102 2666 3159 nunc
2691 3111 2744 3158 et
2783 3102 2843 3157 in
2881 3109 3226 3175 perpetuum.

2447 3189 2636 3246 Gloria
2666 3189 2770 3245 tibi
2797 3189 2977 3257 Pater,

2468 3261 2608 3316 loria
2636 3259 2930 3332 Unigenito

2417 3332 2538 3389 Una
2560 3349 2687 3388 cum
2713 3302 2903 3387 sducto
2925 3302 3138 3401 Spiritu

2416 3403 2478 3459 In
2502 3403 2836 3476 sempiterna
2864 3399 3083 3457 saecula.
3111 3399 3338 3474 Amen]

2867 3517 3038 3574 XLV.

2641 3617 2882 3687 Hymnus
2905 3614 2979 3671 ad
3015 3612 3268 3670 Tertiam.

2414 3718 2533 3774 Jam
2571 3716 2747 3789 surgit
2775 3716 2911 3772 hora
2938 3715 3102 3772 tertia

2414 3791 2487 3845 Et
2515 3806 2615 3844 nos
2643 3789 2843 3843 intenti
2873 3789 3172 3852 currimus,

2414 3858 2687 3915 Psallendi
2713 3874 2851 3929 opus
2867 3857 3181 3927 implemus,

2416 3930 2699 3987 Christum
2732 3926 3020 3983 laudemus
3049 3926 3371 3982 Dominum.

3412 3026 3479 3083 10

3412 3327 3479 3383 15

2417 4018 2562 4089 Hora
2593 4031 2813 4089 quoque
2830 4014 2945 4088 jam
2986 4015 3148 4070 tertia
3449 4014 3484 4069 5

2416 4088 2671 4146 Christus
2695 4088 2856 4143 cruce
2878 4101 3174 4158 suspensus
3203 4092 3303 4158 est,

2416 4160 2775 4215 Voluntatem
2804 4156 2991 4213 Patris
3010 4156 3287 4227 implevit,

2417 4230 2611 4288 Mundi
2640 4238 2922 4303 peccatum
2948 4228 3198 4284 abstulit.

2417 4321 2752 4380 Conscendit
2780 4320 2963 4377 sedem
2994 4318 3293 4392 propriam,

2417 4394 2579 4451 Sedet
2615 4393 2684 4449 ad
2708 4393 2885 4449 Patris
2916 4389 3222 4457 deiteram,
3419 4389 3485 4446 10

2420 4465 2751 4523 Collaudant
2779 4463 2964 4520 throni
2996 4461 3295 4519 Dominum

2418 4538 2593 4607 Quem
2623 4535 2817 4608 perﬁdi
2846 4540 3198 4607 negaverant.

2417 4626 2527 4683 Nos
2556 4624 2839 4681 Christum
2869 4625 3045 4679 Deum
3076 4621 3330 4690 colimus,

2419 4696 2777 4768 Judicemque
2799 4711 3101 4768 speramus,

2420 4770 2592 4837 Quem
2624 4765 2903 4839 propheta:
2924 4766 3264 4833 cecinerunt,
3418 4765 3484 4820 15

2419 4838 2671 4913 Apostoli
2702 4838 2877 4895 secuti
2905 4846 3054 4894 sunt.

2420 4932 2680 5005 Egressus
2710 4930 2845 4986 hora
2872 4927 3053 4996 tertia,

3003 5098 3281 5172 pertinent
3316 5095 3485 5172 verba

2776 5454 2945 5531 ymn.
2963 5458 3053 5513 Al.
3089 5454 3440 5531 II_inscrib_it
3468 5473 3480 5510 :

1960 5652 2129 5736 XLV.
2175 5710 2247 5722 —
2276 5677 2451 5736 Habet
2496 5672 2791 5745 Thomasii
2824 5672 3189 5745 Hymnarium
3220 5687 3291 5729 ex
3319 5671 3479 5726 Brev.

1888 5751 2255 5825 Mozarabum,
2278 5750 2374 5808 sed
2403 5746 2661 5825 plurimis
2690 5743 2825 5801 locis
2856 5743 3142 5800 vitiosum.
