4068 6186
271 316 414 375 1237

267 445 495 500 ίΕῐθι-Πδ
523 442 623 498 lux
649 439 1014 510 credentium,

267 514 507 583 Christe,
539 513 854 585 redemptor
884 512 1158 584 omnium,

267 586 483 644 Exaudi
513 602 701 659 preces
729 585 1065 657 supplicum.

265 675 372 742 Qui
401 674 705 732 condolens
745 673 976 729 interitu

266 747 459 804 Mortis
489 748 667 819 perire
686 747 984 819 saeculum,

266 818 505 876 Salvasti
531 818 806 874 mundum
833 818 1184 890 languidum

268 893 492 948 Donans
522 890 632 946 reis
662 889 995 946 remedium.

272 981 539 1053 Vergente
572 978 783 1053 mundi
803 995 1046 1053 vespere,

268 1053 358 1109 Uti
388 1050 621 1124 sponsus
651 1051 718 1106 de
744 1050 1012 1124 thalamo,
1265 1050 1334 1109 10

270 1122 533 1204 Egressus
564 1122 953 1204 honestissima

270 1195 516 1267 Virginis
545 1195 740 1251 matris
781 1195 1046 1253 clausula.

269 1284 440 1356 Cujus
465 1284 597 1340 forti
616 1286 879 1355 potentiae

269 1357 425 1413 Genu
459 1365 763 1412 curvantur
778 1357 985 1427 omnia,

267 1428 541 1495 leestia,
572 1430 853 1484 terrestria
1267 1427 1334 1484 15

268 1501 532 1557 Fateatur
560 1507 701 1555 nutu
734 1500 975 1556 subdita.

294 1592 558 1649 Occasum
589 1593 669 1647 sol
703 1592 1020 1647 custodiens

310 1680 419 1719 una
449 1665 725 1735 pallorem
745 1663 1005 1730 retinens,

267 1733 483 1793 Candor
512 1734 569 1789 in
598 1733 759 1789 astris
785 1735 1035 1791 relucens

266 1807 455 1864 Certos
484 1805 737 1861 observat
765 1805 991 1863 limites.
1260 1805 1330 1863 20

266 1898 339 1953 Te
368 1897 743 1968 deprecamur,
780 1896 971 1968 Hagie,

265 1966 511 2026 Ventura
533 1966 706 2039 judex
740 1966 950 2036 saaculi,

264 2040 543 2113 Conserva
573 2056 672 2095 nos
702 2039 757 2094 in
786 2049 1030 2113 tempore

266 2111 451 2168 Hostis
478 2128 511 2169 a
538 2113 650 2168 telo
680 2111 897 2185 perﬁdi.

264 2206 427 2276 Laus,
477 2206 675 2274 honor,
731 2205 933 2273 virtus,
977 2202 1170 2278 gloria,
1221 2210 1326 2261 etc.

401 2320 660 2391 Ejusdem
679 2320 861 2391 hymni
880 2318 995 2374 alia
1018 2319 1184 2376 lectio.

510 2410 622 2482 (Ex
684 2409 847 2464 Brev.
886 2407 1074 2480 Rom.)

263 2508 489 2567 Creator
519 2507 661 2562 alme
690 2504 957 2572 siderum,

263 2581 493 2635 IEterna
515 2579 614 2633 lux
640 2577 1003 2643 credentium,

261 2652 409 2719 Jesu,
446 2650 778 2721 Redemptor
807 2648 1080 2721 omnium,

262 2722 489 2779 Intende
518 2720 665 2778 votis
694 2720 1029 2793 supplicum.

1346 317 1573 376 HYMNI
1611 316 1666 375 S.
1710 317 2075 377 AMBROSIO
2116 318 2511 380 ATTRIBUTI.

1392 443 1518 511 Qui,
1545 443 1812 501 daemonis
1840 461 1909 502 ne
1937 444 2223 503 fraudibus

1390 516 1599 589 Periret
1625 516 1794 584 orbis,
1838 516 2047 589 impetu

1389 588 1612 643 Amoris
1640 596 1812 655 actus,
1842 588 2085 658 languidi

1302 674 1337 731 5
1391 659 1583 716 Mundi
1615 660 1828 717 medela
1855 660 2034 716 factus
2054 677 2129 717 es.

1390 749 1696 823 Commune
1726 751 1820 823 qui
1834 750 2048 823 rmundi
2080 750 2233 808 nefas

1390 823 1460 877 Ut
1489 821 1759 892 expiares,
1784 822 1852 877 ad
1882 838 2103 879 crucem
2393 824 2459 882 10

1388 895 1434 948 Ε
1465 893 1702 964 virginis
1731 894 1972 950 sacrario

1284 990 1293 1001 -
1388 965 1603 1022 Intacta
1627 966 1817 1037 prodis
1847 966 2098 1023 victima.

1389 1053 1560 1129 Cujus
1588 1063 1827 1126 potestas
1858 1056 2047 1129 gloriae

1386 1127 1708 1199 Nomenque
1741 1127 1873 1199 cum
1900 1128 2141 1197 primum
2162 1136 2346 1198 sonat,

1387 1200 1459 1253 Et
1490 1198 1699 1254 caelites
1736 1208 1788 1254 et
1820 1198 1985 1255 inferi
2391 1201 2456 1258 15

1388 1269 1678 1327 Tremeute
1704 1280 2014 1328 curvantur
2043 1289 2208 1344 genu.

1388 1358 1462 1414 Te
1491 1358 1849 1431 deprecamur
1876 1363 2090 1420 ultimae

1387 1431 1643 1504 Magnum
1674 1432 1782 1487 diei
1808 1432 2078 1504 judicem,

1388 1502 1591 1575 Armis
1604 1502 1853 1575 supernas
1886 1502 2070 1574 gratim

1387 1573 1630 1630 Defende
1650 1573 1751 1632 nos
1778 1577 1846 1633 ab
1871 1573 2143 1636 hostibus.

1384 1663 1601 1734 Virtus,
1634 1664 1831 1735 honor,
1870 1669 2008 1737 laus,
2043 1669 2236 1741 gloria,
2271 1678 2375 1727 etc.

1488 1853 1730 1924 Hymnus
1759 1854 1820 1908 de
1841 1766 2083 1909 ligata;
2103 1857 2338 1915 Domini.

1679 1947 1790 2018 (Ex
1822 1947 1969 2004 Libr.
2005 1949 2142 2020 vet.)

1386 2037 1515 2094 Vox
1543 2038 1690 2093 clara
1717 2053 1841 2094 ecce
1872 2039 2109 2107 intonat,

1387 2108 1632 2192 Qbscura
1653 2125 1881 2192 quaeque
1912 2110 2158 2192 increpat
2184 2128 2195 2166 :

1386 2181 1913 2237 Pellantur'eminus
1943 2181 2158 2238 somnia

1386 2252 1474 2309 Ab
1505 2252 1706 2309 aethere
1737 2253 1989 2311 Christus
2018 2253 2305 2326 promicat.

1386 2342 1539 2426 biens
1564 2342 1678 2426 jam
1712 2352 1958 2426 resurgat
1986 2343 2204 2426 torpida

1386 2414 1517 2481 Quae
1547 2415 1706 2470 sorde
1731 2422 1910 2470 exstat
1941 2414 2147 2484 saucia,

1384 2485 1548 2558 Sidus
1572 2486 1804 2558 refulget
1825 2485 1940 2557 jam
1966 2504 2172 2558 novum

1384 2557 1456 2614 Ut
1480 2558 1641 2613 tollat
1669 2557 1831 2613 omne
1858 2557 2110 2615 noxium.

1383 2648 1429 2730 Ε
1458 2664 1675 2703 sursum
1706 2649 2163 2730 Agnusmittitur

1381 2718 1589 2776 Laxare
1619 2718 1800 2777 omnis
1832 2720 2079 2778 debitum
2102 2740 2115 2790 ;

3446 324 3584 383 1238

2413 448 2450 505 5
2505 446 2709 521 anes
2731 463 2831 521 pro
2858 447 3200 521 indulgentia

2509 519 2714 575 Vocem
2745 520 2937 575 demus
2965 519 3091 576 cum
3124 520 3408 594 lacrymis.

2512 610 2764 666 Secundo
2794 621 2857 667 ut
2884 628 3012 667 cum
3048 612 3264 667 fulserit

2514 683 2892 754 Mundumque
2921 682 3119 738 horror
3147 684 3388 740 cinxerit

2514 754 2635 826 Non
2664 771 2763 826 pro
2798 762 2952 808 reatu
2980 754 3193 825 puniat,
3514 757 3579 813 15

2517 824 2622 881 Sed
2661 824 2786 897 pius
2824 841 2925 881 nos
2958 824 3087 883 tunc
3116 834 3382 899 protegat.

2646 914 2895 988 Ejusdem
2924 916 3103 985 hymni
3132 917 3244 973 alia
3282 916 3445 973 lectio.

2785 1006 2895 1078 (Ex
2928 1006 3089 1062 Brev.
3120 1007 3310 1079 Rom.)

2512 1095 2598 1167 En
2626 1094 2772 1149 clara
2802 1112 2913 1150 vox
2945 1095 3225 1167 redarguit

2513 1164 2757 1238 Obscura
2785 1183 3012 1238 quisque
3044 1164 3362 1236 personans,

2510 1237 2709 1309 Procul
2732 1236 2992 1309 fugentur
3017 1240 3230 1295 somnia

2510 1307 2596 1364 Ab
2627 1309 2739 1364 alto
2765 1307 2919 1366 Jesus
2948 1310 3237 1382 promicat.

2507 1397 2660 1471 Mens
2683 1397 2795 1470 jam
2834 1408 3080 1471 resurgat
3110 1399 3349 1471 torpida,
3539 1402 3572 1457 5

2506 1470 2628 1542 Non
2667 1472 2905 1541 amplius
2929 1470 3117 1542 jacens
3148 1470 3304 1526 humi
3331 1489 3344 1527 ι

2382 1582 2451 1639 20
2508 1540 3323 1639 .S.i.dP§..‘Z‘3“1'§?‘.jET.£91m

2508 1613 2579 1668 Ut
2608 1615 2767 1669 tollat
2799 1613 3246 1671 omue‘noxium.

2507 1702 2591 1756 En
2622 1702 2811 1772 Agnus
2849 1703 2915 1758 ad
2940 1721 3037 1759 nos
3067 1704 3310 1760 mittitur

2507 1773 2715 1828 Laxare
2745 1774 2910 1843 gratis
2927 1775 3172 1829 debitum
3200 1792 3210 1829 :
3506 1773 3570 1830 10

2508 1844 2711 1916 Omnes
2741 1846 3062 1916 simulcum
3099 1845 3358 1916 lacrymis

2508 1915 2802 1972 Precemur
2836 1915 3258 1988 indulgentiam.

2507 2006 2578 2061 Ut
2606 2022 2732 2061 cum
2764 2006 3006 2061 secundo
3038 2005 3256 2061 fulserit

2506 2076 2760 2147 Metuque
2791 2076 3061 2131 mundum
3092 2076 3339 2132 cinxerit

2504 2148 2625 2203 Non
2656 2163 2753 2217 pro
2793 2155 2947 2200 reatu
2977 2147 3189 2217 puniat,
3507 2149 3573 2204 15

2505 2217 2609 2274 Sed
2640 2234 2739 2273 nos
2759 2217 2884 2289 pius
2907 2225 3040 2273 tunc
3071 2226 3336 2289 protegat.

2418 2344 2452 2401 5
2507 2306 2717 2374 Virtus,
2751 2306 2950 2375 honor,
2981 2307 3122 2377 laus,
3154 2307 3347 2379 gloria,
3389 2314 3495 2362 etc.

2981 2397 3108 2455 LV.

2610 2486 3205 2558 HymnusderArdventu
3225 2487 3460 2543 Domini.

2800 2557 2909 2627 (Ex
2940 2556 3090 2612 Libr.
3140 2559 3281 2627 vet.)

2504 2647 2749 2705 Verbum
2781 2663 3079 2719 supernum
3126 2648 3405 2719 prodiens,

2395 2721 2422 2777 1
2504 2723 2554 2776 A
2581 2721 2738 2776 Patre
2776 2720 2910 2776 olim
2941 2720 3152 2788 exiens,

266 2829 480 2910 tissirua
513 2846 527 2897 ;
560 2843 733 2910 unuﬂm
764 2826 955 2883 audias
995 2825 1353 2910 Ambrosium
1383 2824 1452 2910 de
1489 2827 1644 2907 Bono
1673 2837 1862 2910 mort.”
1893 2832 1944 2890 Α
1969 2827 2147 2884 me‘in
2175 2844 2337 2910 usum
2367 2844 2547 2910 suum.
2566 2826 2926 2910 convertisse.
2951 2826 3233 2910 pericopas
3267 2827 3564 2910 Scriptura:

267 2917 317 2958 c.
381 2900 446 2957 10
498 2918 510 2957 :
582 2924 599 2947 ι
665 2899 965 2956 Senescens
1017 2905 1265 2954 creatura
1325 2897 1495 2953 robur
1551 2897 1865 2969 juventutis

267 2989 378 3029 suae
416 2972 571 3028 velut
594 2970 708 3043 jam
726 2978 1131 3043 marcescente
1155 2969 1361 3024 virium
1400 2986 1625 3043 suarum
1678 2971 1864 3042 vigore

267 3043 511 3117 deponit.
547 3041 839 3117 {Eodem
862 3058 1046 3117 _sensu
1083 3041 1279 3117 Noster
1325 3041 1594 3117 mundum
1644 3041 1864 3117 langui—

265 3112 391 3171 dum
420 3115 678 3188 appellat.
720 3144 791 3188 _—
821 3114 905 3170 10.
945 3114 1032 3169 Ps.
1055 3112 1503 3188 x_vn_,__6._+11_.
1529 3114 1633 3188 _M.,
1663 3112 1863 3169 beatis-

262 3188 427 3244 simaz.
454 3183 527 3229 ῐ-ὶ-
574 3187 660 3242 12.
713 3185 905 3254 Gron.,
936 3185 1124 3240 matris
1160 3184 1409 3251 Virginis.
1446 3183 1615 3241 Kehr.
1654 3203 1665 3242 :
1714 3209 1731 3234 ι
1756 3188 1863 3242 Das

264 3259 386 3315 hier
414 3259 473 3314 in
502 3265 671 3314 etwas
700 3256 1194 3327 ungewohulicher
1239 3255 1563 3327 Bedeutung
1598 3256 1861 3313 stebende

263 3330 426 3387 Wort
453 3330 701 3387 clausula
736 3329 807 3385 ist
848 3328 949 3385 mit
978 3329 1100 3384 dem
1124 3330 1425 3384 claustrum
1459 3328 1686 3400 pudoris
1714 3345 1861 3385 emes

262 3402 472 3458 andern
491 3402 744 3472 Hymnus
768 3401 989 3472 (hymn.
1020 3400 1072 3469 4,
1099 3401 1184 3468 12,
1206 3409 1339 3457 tom.
1364 3399 1624 3471 praised.)
1658 3400 1858 3471 gleich-

259 3472 570 3531 bedeutend
628 3473 740 3528 und
800 3472 946 3528 steht
1017 3473 1107 3528 fur
1150 3480 1325 3527 utero.
1360 3496 1377 3518 -
1438 3472 1605 3527 Recte
1652 3472 1697 3526 si
1747 3488 1859 3526 vox

258 3545 317 3619 in
348 3546 472 3619 puri
501 3544 772 3619 sermonis
805 3545 1010 3619 trutina
1039 3546 1408 3619 examinatur,
1428 3542 1588 3619 _apud
1616 3542 1859 3619 inferio-

260 3614 366 3673 ris'
396 3616 713 3673 Latinitatis
754 3617 1051 3689 scriptores
1096 3618 1344 3673 clausula
1390 3614 1543 3689 idem
1583 3614 1858 3687 significat

259 3695 423 3768 atque
452 3689 612 3757 cella,
654 3704 777 3768 area
799 3685 967 3768 septo
999 3689 1250 3768 _c_lausa_;A
1272 3688 1461 3768 cf._-D_u
1506 3685 1685 3768 Cange
1718 3703 1770 3768 s1
1797 3703 1854 3743 v.

260 3759 545 3818 Clausura.
577 3791 648 3801 —
680 3759 883 3816 13-16.
910 3760 1056 3816 Phil.
1099 3778 1162 3829 ιι,
1192 3761 1292 3818 10:
1335 3760 1398 3817 Ut
1418 3759 1471 3813 in
1498 3759 1710 3813 nomine
1731 3759 1858 3813 Jesu

259 3848 408 3887 omne
432 3848 563 3902 genu
591 3835 832 3901 ﬂectatur
877 3833 1179 3900 caelestium,
1234 3831 1563 3887 terrestrium
1590 3836 1639 3885 et
1674 3829 1856 3899 infer-

257 3918 470 3957 narum.
518 3902 653 3960 Cod.
686 3904 828 3959 W.I
876 3912 931 3959 et
959 3904 1047 3960 Cs.
1097 3903 1166 3960 ad
1213 3904 1363 3960 hunc
1418 3904 1600 3958 locum
1630 3902 1855 3971 propius

259 3972 546 4042 accedunt,
579 3973 840 4042 legentes!
870 3974 1181 4035 cwlestium,
1222 3972 1551 4026 terrestrium
1578 3978 1856 4042 necnonet

258 4039 736 4111 infernaliumf—
791 4040 873 4096 14.
918 4041 1067 4098 Cass.
1106 4060 1117 4096 :
1151 4042 1263 4107 AL,
1311 4045 1638 4101 curvantes;
1684 4040 1851 4106 Lud.,

255 4114 580 4183 ﬂectuntur;
609 4111 668 4168 in
690 4112 999 4179 nonnullis,
1026 4129 1214 4182 genua.
1248 4111 1339 4166 κν.
1366 4111 1422 4183 Ι.
1446 4112 1851 4183 genuﬂuctatur

1960 4047 2258 4104 Breviariis
2305 4044 2703 4102 vetustioribus
2736 4044 2821 4101 vel
2853 4044 2920 4100 ad

1972 2916 2137 2956 sacra:
2169 2898 2466 2956 dominicis
2494 2898 2690 2955 diebus
2713 2906 2767 2955 et
2805 2898 3019 2955 festivis
3069 2898 3403 2955 in’Ecclesia'
3431 2900 3564 2957 reci-

1972 2979 2129 3027 tatas.
2162 2971 2422 3029 Conferas
2453 2988 2508 3027 v.
2549 2970 2655 3027 3-6
2694 2988 2833 3043 cum
2870 2970 3102 3043 epistola
3133 2972 3291 3026 Dom.
3328 2970 3474 3043 Adv.
3511 2973 3563 3041 1,

1972 3044 2131 3100 Rom.
2176 3060 2299 3116 xui,
2336 3044 2396 3099 11
2429 3060 2511 3116 sq.
2550 3059 2668 3116 :1.
2708 3042 2882 3116 713-16
2928 3059 3053 3116 cum
3085 3042 3367 3116 _Evangel.
3401 3045 3562 3099 Dom.

1971 3116 2018 3170 Il
2052 3115 2160 3185 (vel
2193 3115 2251 3169 in
2300 3113 2546 3173 Romana
2591 3114 2858 3181 Ecclesia,
2904 3121 2965 3169 ut
2994 3113 3157 3169 hodie
3204 3113 3285 3170 est
3326 3115 3398 3185 Ι),
3428 3115 3563 3171 Luc.

1970 3203 2093 3254 xxr,
2125 3186 2193 3267 25
2212 3202 2382 3267 ξᾳᾳθ
2442 3186 2668 3266 initium
2708 3185 2946 3267 denique
3003 3202 3129 3267 cum
3162 3185 3257 3267 illa
3288 3186 3564 3267 pericopa,

2009 3275 2090 3313 uae
2122 3257 2179 3311 in
2212 3256 2557 3313 Lectionario
2606 3256 2984 3312 vetustissimo
3031 3256 3301 3311 tribuitur
3336 3256 3559 3313 Domin.

1998 3330 2065 3396 V,
2106 3329 2272 3383 Marc.
2306 3346 2346 3395 ι,
2379 3329 2401 3383 1
2438 3344 2520 3399 sq.
2555 3358 2626 3368 —
2657 3328 2705 3382 1.
2746 3328 2981 3399 Joannes
3010 3328 3174 3383 etiam
3206 3336 3368 3399 atque
3396 3330 3561 3383 etiam

1969 3399 2212 3456 inculcat
2241 3398 2621 3471 pteuitentiam
2656 3407 2710 3454 et
2740 3398 2987 3471 increpat
3017 3398 3205 3471 omnia
3234 3399 3372 3454 vitia
3388 3407 3564 3471 atque

1966 3478 2206 3543 peccata.
2238 3469 2309 3511 ὲ-
2337 3470 2389 3526 3.
2442 3469 2540 3525 Bd.
2571 3471 2780 3543 procul:
2806 3499 2884 3543 __—
2924 3469 2977 3543 ἀιἐ
3011 3469 3199 3543 Cass.,
3250 3469 3564 3538 Ramb.,‘ab

1966 3541 2145 3598 inthre.
2178 3573 2248 3583 —
2277 3543 2330 3597 3.
2366 3544 2454 3608 Ε.,
2476 3543 2637 3603 Msn.,
2673 3541 2923 3603 turbida;
2954 3541 3074 3607 Ptl.,
3120 3548 3376 3611 resurget.
3406 3573 3478 3582 —
3506 3543 3560 3597 9.

1966 3615 2151 3682 Fabr.,
2209 3614 2681 3686 desursuthale
2702 3612 3024 3668 commiscet
3054 3620 3213 3684 poeta
3236 3613 3565 3686 insequen-

1970 3687 2114 3742 tibus
2161 3694 2351 3757 tropos
2405 3684 2472 3740 de
2505 3684 2727 3757 Christo
2778 3683 3365 3757 usurpatam—713.7
3397 3683 3561 3741 'Cass.

1966 3757 2181 3826 liamb.,
2244 3754 2300 3812 ut
2350 3774 2468 3812 cum
2511 3756 2754 3812 secundo.
2815 3786 2887 3796 —
2916 3754 3026 3810 ί14.
3071 3755 3164 3819 ΙΙΙ,
3200 3756 3559 3825 Mundumque

1963 3830 2185 3884 horrore
2210 3846 2358 3899 6.-
2391 3829 2475 3883 16.
2509 3830 2604 3895 ΠΙ,
2630 3827 2752 3899 pios
2779 3843 2875 3881 nos
2935 3832 3056 3879 tunc
3090 3843 3104 3892 ;
3140 3826 3313 3893 Cass.,
3344 3826 3561 3894 Ramb.,

1965 3902 2064 3956 Sed
2090 3916 2184 3952 nos
2208 3898 2355 3969 pius.

2033 3977 2147 4033 LV.
2180 4007 2250 4017 —
2274 3977 2527 4047 Hymnus
2547 3992 2711 4046 supra
2739 3976 2954 4047 positus
2976 3975 3177 4047 passim
3209 3976 3482 4047 reperitur
3504 3977 3562 4032 in

2995 4062 3209 4116 esperas
3236 4046 3322 4101 vel
3352 4046 3420 4101 ad
3449 4048 3559 4102 Ma-

1960 4118 2226 4174 tutinum.
2258 4118 2417 4173 Nunc
2448 4116 2651 4189 ubique
2683 4118 2740 4172 in
2780 4122 3055 4172 nocturno
3071 4117 3269 4189 roflicio
3298 4118 3561 4174 recitatur

257 4178 512 4264 umnium.
556 4214 625 4227 —
654 4184 909 4264 ρλβ’2
942 4178 1339 4264 Aug_.,“Gron._,
1365 4178 1537 4253 Lips.,
1564 4178 1689 4250 Pd.,
1720 4188 1851 4237 nutu
1878 4178 1925 4237 B
1961 4197 2206 4264 tempore
2235 4189 2523 4264 Adventus
2550 4178 2578 4243 ;’
2598 4195 2857 4264 praeterea
2882 4189 3034 4264 (cum
3055 4186 3562 4264 duobusquiante-

255 4254 514 4326 fatentur.
543 4286 616 4298 —
645 4254 840 4311 17-20.
868 4253 1078 4326 Rejecit
1108 4255 1269 4310 Brev.
1301 4253 1460 4310 Rom.
1486 4268 1706 4308 versum
1746 4269 1855 4308 ne-

257 4325 363 4400 que
392 4326 619 4399 injuria.
661 4326 741 4382 Ne
791 4325 932 4400 illud
989 4340 1435 4400 commemorem,
1484 4339 1677 4400 parum
1711 4340 1851 4400 _eum

255 4394 533 4456 coharére
558 4416 686 4455 cum
726 4397 955 4470 reliquis
984 4396 1247 4454 carminis
1274 4394 1522 4470 partibus
1544 4396 1606 4470 _in
1627 4395 1853 4470 quibus-

255 4471 383 4527 dam
442 4470 601 4528 libris
627 4470 794 4526 etiam
845 4465 1015 4525 abest.
1066 4471 1148 4525 Ita
1175 4465 1419 4539 explicat
1447 4465 1614 4522 verba
1643 4465 1804 4523 'Loss.
1834 4485 1846 4523 :

268 4542 621 4615 {Corporum
644 4541 958 4615 caelestium
1008 4548 1190 4615 certus
1235 4548 1314 4615 et_
1330 4545 1627 4615 perpetuus
1670 4546 1854 4615 motus

255 4612 324 4670 de
349 4609 568 4671 duobus
596 4613 858 4669 admonet
903 4612 1231 4669 Ecclesium.
1282 4609 1528 4667 Primum
1559 4609 1626 4665 de
1659 4611 1852 4665 omni-

256 4687 502 4757 potentia
523 4693 578 4741 et
607 4685 875 4757 sapientia
894 4684 1014 4757 Dei,
1037 4683 1279 4740 secundo
1308 4682 1376 4739 de
1404 4691 1625 4757 interno
1650 4681 1852 4737 foedere

255 4752 364 4829 quo
392 4759 538 4814 Deus
576 4752 901 4828 per-Filium
954 4756 1257 4829 humanum
1305 4770 1475 4826 genus
1523 4752 1630 4809 sibi
1673 4769 1853 4829 copu-

254 4826 410 4885 lavit.
460 4826 659 4885 Jere'm.
714 4844 919 4895 xxxm,
952 4826 1052 4883 2οξ
1109 4828 1299 4883 Fcedus
1352 4842 1521 4880 meum
1560 4842 1677 4880 cum
1720 4826 1855 4897 ipsis

253 4900 559 4956 inviolabile
614 4900 716 4954 erit
761 4900 896 4954 sicut
946 4900 1127 4954 cretum
1174 4906 1247 4953 est
1288 4898 1724 4969 sempiternumq
1783 4928 1854 4937 —

257 4972 341 5028 19.
402 4972 557 5040 Beb.,
615 4972 863 5027 renitens.
930 4999 1001 5010 —
1046 4970 1135 5026 20.
1194 4968 1403 5037 Cass,
1440 4968 1854 5040 observavit.—

253 5043 342 5099 21.
377 5038 643 5099 Miramur
670 5042 842 5098 Kehr.
878 5040 995 5097 haec
1042 5050 1393 5097 monentem:
1434 5038 1603 5109 uAgie
1633 5038 1853 5109 konnte

256 5129 406 5180 man,
452 5114 671 5171 freilieh
712 5112 1136 5183 sprachwidrig,
1172 5113 1260 5168 fur
1307 5128 1402 5183 age
1435 5108 1640 5183 (assert,
1668 5108 1854 5183 besser

254 5184 397 5241 wird
427 5202 553 5241 man
582 5202 639 5241 es
662 5180 863 5257 jedoch
896 5184 987 5239 fur
1028 5180 1124 5239 das
1176 5180 1517 5253 griechische
1546 5208 1691 5256 0:710;
1720 5181 1851 5237 hal-

250 5270 363 5318 ten.
400 5287 419 5309 ι
465 5263 554 5335 22.
584 5264 749 5335 Aug,
783 5262 1009 5335 venturi.
1042 5292 1117 5335 -—L
1142 5261 1231 5327 23,
1264 5260 1352 5316 24.
1386 5261 1576 5335 Cass-_z
1612 5261 1674 5315 In
1707 5260 1849 5316 libro

253 5335 307 5391 S.
332 5334 616 5391 Benedicti
660 5331 735 5389 ita
783 5334 1025 5403 legitur:
1079 5332 1343 5387 Conserva
1381 5349 1475 5387 nos
1522 5331 1577 5386 in
1627 5338 1853 5403 tempore

250 5408 419 5463 noctis
459 5425 493 5462 a
538 5408 635 5461 telo
678 5406 894 5477 perﬁdi,
947 5419 1179 5477 quorum
1238 5403 1532 5477 verborum
1582 5404 1852 5477 sententia

253 5479 544 5534 manifesta
569 5474 1267 5547 esthuanquamreliqui
1292 5474 1412 5547 fere
1452 5490 1643 5529 omnes
1678 5474 1852 5547 exhi-

250 5551 383 5606 bent
410 5551 593 5617 hostis,
623 5565 723 5616 ego
754 5545 969 5620 quoque
1001 5545 1150 5620 illam
1193 5545 1525 5620 scripturam
1556 5545 1848 5620 genuinam

291 5616 585 5678 utaverim.
618 5618 709 5677 W.
734 5616 785 5675 ΙῙ
807 5616 921 5685 Εεῖ,
953 5633 1056 5688 quo
1086 5616 1181 5671 diu
1212 5618 1376 5672 simus
1396 5616 1630 5673 advena.
1654 5647 1726 5659 -
1757 5617 1844 5673 24.

308 5739 317 5749 .
361 5694 394 5750 2
415 5694 638 5760 vitiose,
668 5710 702 5747 a
734 5693 830 5745 telo
856 5688 1083 5762 prasidi.

325 5766 462 5821 LIV.
500 5798 553 5804 φ
591 5759 650 5819 In
682 5759 925 5818 adventu
971 5759 1037 5815 ad
1079 5759 1309 5826 Laudes,
1362 5760 1475 5815 fere
1532 5760 1754 5832 ubique.
1792 5760 1850 5815 ιιι

256 5837 421 5892 velim
450 5837 509 5893 in
547 5836 650 5893 hoc
675 5834 917 5892 carmine
939 5848 1006 5889 ne
1036 5833 1438 5905 prmtermittas,
1469 5840 1683 5904 poetam
1711 5833 1851 5907 opti-

1962 4258 2189 4329 cednnt)
2239 4261 2295 4315 in
2331 4258 2632 4315 festivitate
2675 4258 3122 4329 Exspectat1onis
3150 4259 3212 4315 B.
3250 4258 3321 4316 VI
3353 4260 3557 4316 Mariae.

1962 4334 2052 4387 Hil
2086 4332 2190 4388 hoc
2219 4332 2432 4388 hvmno
2479 4331 2922 4388 resnondendum
2962 4345 3079 4386 esse
3106 4340 3290 4386 censet
3327 4331 3559 4387 hmreti-

1962 4404 2061 4472 cis,
2110 4403 2207 4476 qui
2256 4401 3121 4476 dicerent_Christum_venisse,
3176 4403 3281 4476 sed
3314 4420 3441 4476 non
3491 4403 3561 4459 de

1961 4472 2144 4531 Patre:
2174 4506 2243 4516 —-—
2274 4475 2327 4531 2.
2362 4474 2456 4542 Ε.,
2505 4473 2680 4541 Cass.,
2731 4472 3006 4544 prodiens.
3050 4503 3121 4514 —
3166 4473 3219 4529 4.
3255 4474 3338 4532 Cf.
3384 4475 3473 4541 50,
3503 4476 3558 4531 9.

1960 4578 2031 4588 —
2064 4547 2113 4602 7.
2147 4546 2342 4615 Gron.,
2368 4545 2527 4614 Beb.,
2548 4545 2732 4601 audito
2758 4561 2860 4614 qua
2876 4546 3144 4615 praeconio
3168 4564 3182 4614 ;
3215 4545 3341 4615 Bd.,
3372 4546 3560 4602 audita

1961 4626 2019 4673 ut
2046 4621 2333 4689 prreconia.
2352 4648 2422 4658 —
2454 4618 2538 4672 11.
2564 4616 2735 4689 cess,
2762 4616 2947 4689 reddes
2976 4616 3242 4689 vicem.—
3264 4618 3350 4674 13.
3384 4619 3556 4687 Cass.,

1961 4686 2067 4744 non
2096 4690 2184 4745 des
2212 4696 2313 4755 ut;
2360 4688 2498 4744 alios
2529 4686 2938 4760 legisserefert,
2995 4704 3102 4741 non
3141 4688 3392 4757 daninis;
3426 4686 3552 4758 Bd.,

1964 4762 2098 4828 llil.,
2145 4760 2301 4830 Beb.,
2356 4758 2647 4825 arcemur;
2702 4758 2958 4830 Wimpf.,
3007 4776 3304 4817 arceamur.
3352 4791 3424 4803 —
3470 4762 3555 4818 16.

1963 4832 2215 4889 Clicht.:
2263 4856 2281 4879 ε
2330 4833 2432 4888 Per
2470 4831 2787 4887 cmlibatum
2828 4846 3125 4901 perennem
3170 4831 3369 4889 futurae
3423 4835 3550 4889 vita:

1963 4906 2169 4975 petitur
2224 4910 2398 4975 status
2441 4903 2701 4975 regnique
2751 4903 2987 4975 ca-lestis
3014 4911 3276 4975 perpetua
3322 4903 3554 4971 mansio,

1963 4973 2224 5046 quoniam
2256 4974 2313 5029 in
2342 4991 2406 5029 eo
2431 4973 2580 5046 jugis
2607 4973 2687 5029 est
2712 4973 3060 5046 continentia
3090 4973 3252 5046 atque
3281 4976 3500 5046 vacatio
3521 4989 3552 5027 a

1962 5044 2170 5102 carnali
2220 5044 2605 5102 consortio...
2650 5052 2785 5117 sunt
2810 5045 3116 5117 etiamqui
3166 5044 3352 5117 legunt
3381 5044 3546 5098 enli-

1962 5126 2062 5173 tes.
2092 5119 2162 5173 Et
2191 5117 2249 5172 hi
2278 5118 2605 5189 apertiorem
2635 5116 2957 5189 exprimunt
2989 5115 3153 5187 hujus
3182 5115 3285 5169 loci
3334 5122 3549 5189 senten-

1964 5190 2115 5269 tiain.
2164 5185 2367 5269 _Veruin
2409 5188 2504 5269 qui
2559 5185 3003 5269 legeretz‘Sitnus
3028 5185 3280 5269 perenne
3306 5185 3550 5269 caelibes,

1963 5260 2313 5333 velrcmlites,
2347 5255 2521 5333 multo
2556 5255 2991 5333 aptius-diceret.
3025 5255 3157 5312 Nam
3186 5255 3443 5333 et-lenior
3466 5265 3549 5311 est

1959 5332 2195 5408 prolatio
2244 5340 2298 5387 et
2373 5328 2889 5408 melioriorationis
2947 5334 3239 5408 structura.
3272 5351 3326 5408 τ’.
3363 5328 3432 5384 Ut
3492 5336 3553 5383 ut

1959 5398 2061 5470 Est,
2094 5403 2361 5458 librorum
2391 5403 2716 5460 auctoritate
2768 5408 2828 5455 ut
2859 5415 3031 5455 unum
3058 5398 3411 5470 statraelibes,
3443 5415 3553 5455 nc—

1960 5469 2064 5547 que
2097 5475 2205 5530 alio
2235 5474 2399 5530 modo
2431 5474 2842 5547 explicandum,
2875 5486 3039 5547 quam
3069 5469 3547 5547 explicavit_liil_.:

1974 5540 2284 5602 icmlestem
2317 5540 2810 5602 vitam-ducentes.
2845 5566 2863 5587 ι
2892 5540 3040 5595 Nam
3086 5540 3157 5595 ex
3200 5542 3321 5597 loco
3350 5542 3545 5597 Matth.

1959 5635 2102 5684 xxu,
2135 5617 2235 5675 30:
2288 5620 2353 5674 In
2384 5617 2759 5672 resurrectione
2806 5628 2974 5684 neque
3002 5612 3193 5666 nubent
3234 5630 3394 5682 neque
3442 5630 3552 5666 nu-

1960 5689 2163 5755 bentur,
2201 5690 2288 5743 sed
2317 5695 2472 5744 erunt
2500 5688 2633 5741 sicut
2655 5683 2828 5755 angeli
2879 5683 2987 5755 Dei,
3024 5684 3075 5735 in
3098 5686 3243 5749 corio,
3278 5684 3551 5755 proiicisri

1960 5754 2151 5832 potuit
2170 5761 2265 5816 illa
2287 5758 2547 5835 loquendi
2568 5754 2811 5826 ratio,ut
2839 5754 3039 5810 cwlebs
3054 5771 3152 5828 pro
3175 5754 3365 5811 beatus
3396 5773 3549 5812 usur-

1959 5840 2197 5905 paretur.
