4086 6208
515 302 653 361 1243

510 431 627 488 Rex
658 429 752 486 ille
781 429 913 487 dum
945 427 1280 488 fortissimus

510 504 589 576 De
618 502 811 558 mortis
840 502 1252 576 infernospecu

510 575 731 630 Patrum
765 582 1015 630 senatum
1044 575 1279 631 liberum

509 646 712 702 Educit
740 645 808 701 ad
837 646 965 702 vitae
994 646 1180 719 jubar.

512 737 681 809 Cujus
703 740 1014 809 sepulcrum
1047 737 1292 809 plurimo

510 806 750 885 Custode
765 806 1025 885 signabat
1049 806 1211 883 lapis,
1510 806 1576 866 10

511 879 704 936 Victor
734 879 1045 938 triumphat
1074 879 1127 937 et
1154 899 1254 938 suo

509 951 739 1009 Mortem
772 951 1024 1025 sepulcro
1051 956 1290 1011 funerat.

511 1043 605 1119 Sat
631 1045 832 1119 funeri,
864 1055 945 1103 sat
984 1046 1262 1119 lacrymae,

512 1115 605 1171 Sat
629 1125 709 1172 est
741 1117 930 1173 datum
962 1115 1286 1175 doloribus:

513 1187 766 1260 Surrexit
794 1191 1099 1247 exstinctor
1132 1191 1303 1260 necis,
1509 1191 1576 1248 i5

512 1257 723 1316 Clamat
752 1277 1044 1318 coruscans
1073 1257 1320 1335 angelus.

520 1350 715 1425 Tristes
743 1361 898 1425 erant
928 1354 1157 1425 apostoli

511 1422 590 1495 De
614 1423 821 1480 Christi
852 1422 1048 1483 acerbo
1079 1427 1292 1495 funere,

511 1491 681 1559 Quem
715 1505 890 1552 morte
911 1491 1293 1554 crudelissima

511 1564 665 1622 Servi
696 1577 957 1627 necarent
985 1569 1164 1643 impii.
1506 1570 1576 1627 20

510 1655 773 1732 Sermone
803 1676 971 1716 verax
996 1662 1219 1732 angelus

508 1728 835 1803 Mulieribus
865 1728 1193 1803 praedixerat
1213 1749 1225 1787 :

508 1800 637 1875 Mox
658 1819 760 1875 ore
788 1800 1041 1875 Christus
1080 1803 1340 1875 gaudium

510 1870 671 1943 Gregi
703 1873 841 1928 feret
869 1870 1141 1929 ﬁdelium.

506 1959 593 2032 ᾼὰ
621 1960 816 2016 anxios
835 1963 1111 2032 apostolos
1503 1963 1572 2021 25

508 2030 753 2088 Currunt
781 2030 965 2087 statim
1006 2032 1139 2090 dum
1170 2032 1399 2102 nuntias,

506 2103 621 2158 Illm
652 2103 907 2160 micantis
928 2104 1095 2161 obvia

508 2173 717 2232 Christi
748 2183 938 2232 tenent
968 2176 1223 2250 vestigia.

494 2264 745 2323 Galilaeaa
774 2266 844 2321 ad
869 2268 979 2322 alta
1008 2268 1283 2324 montium

1634 1353 1732 1410 Cui
1759 1362 1865 1409 tum
1887 1352 2115 1422 imagini

1523 306 1617 362 AD
1656 305 1890 363 OPERA
1928 304 1981 360 S.
2024 304 2358 363 AMBROSII
2397 303 2777 363 APPENDIX.

1538 430 1572 488 5
1629 429 1712 485 Tu
1739 430 1905 487 corda
1932 438 2120 487 nostra
2148 430 2386 500 posside,

1631 502 1701 575 [it
1726 502 1916 575 lingua
1945 511 2121 575 grates
2143 501 2356 559 debitas

1633 573 1775 631 Vitae
1795 573 2014 631 renat0s
2044 574 2234 630 libera.

1702 739 1942 809 Hymnus
1963 664 2278 808 (ραεὲίιξῖἰξ)
2311 736 2620 792 matutinus.

1920 810 1947 879 (
1952 810 2037 865 Ex
2067 808 2218 865 Libr.
2250 809 2393 882 vet.)

1633 901 1677 958 Ο
1707 918 1806 956 rex
1835 908 2055 968 aeterne,
2088 900 2345 969 Domine,

1631 974 1834 1031 Rerum
1866 982 2075 1028 creator
2102 972 2372 1040 omnium,

1630 1045 1737 1112 Qui
1766 1061 1883 1100 eras
1913 1052 2039 1099 ante
2068 1044 2267 1100 szecula

1632 1116 1857 1189 Semper
1885 1133 2011 1172 cum
2042 1118 2200 1171 Patre
2230 1115 2424 1171 Filius.

1634 1209 1739 1276 Qui
1777 1208 1971 1264 mundi
1996 1208 2053 1263 in
2083 1207 2388 1280 primordio
2660 1209 2695 1266 5

1632 1281 1807 1363 {idam
1840 1279 2119 1363 plasmasti
2138 1279 2445 1349 hominem,

1631 1426 1863 1482 Vultum
1894 1423 2096 1480 dedisti
2125 1423 2386 1480 similem.

1632 1516 1802 1582 Quem
1837 1514 2091 1570 diabolus
2121 1513 2408 1584 deceperat

1633 1587 1817 1643 Hostis
1850 1585 2078 1641 humani
2100 1586 2333 1656 generis,
2628 1584 2695 1641 10

1631 1658 1801 1729 Cujus
1830 1666 1890 1713 tu
1923 1657 2156 1729 formam
2186 1656 2433 1727 corporis

1631 1727 1923 1785 Assumere
1954 1727 2211 1798 dignatus
2238 1743 2316 1783 es.

1630 1823 1699 1878 Ut
1728 1820 2008 1876 hominem
2040 1819 2338 1877 redimeres

1632 1893 1805 1960 Quem
1835 1901 1962 1948 ante
1986 1891 2112 1964 jam,
2134 1893 2529 1964 plasmaveras,

1627 1966 1699 2021 Et
1728 1981 1828 2020 nos
1848 1966 1962 2020 Deo
1993 1963 2352 2035 conjungeres

1627 2037 1729 2093 Per
1748 2035 1930 2094 carnis
1958 2035 2406 2093 contubernium.

1628 2127 1801 2195 Quem
1832 2125 2040 2182 editum
2065 2142 2136 2180 ex
2166 2125 2399 2198 Virgine

1627 2198 1879 2255 Pavescit
1902 2198 2084 2252 omnis
2114 2197 2318 2263 anima,

1627 2271 1730 2326 Per
1757 2285 1917 2342 quem
1941 2278 1995 2324 et
2018 2284 2118 2323 nos
2140 2282 2421 2342 resurgere

3677 304 3702 359 1
3712 302 3820 362 244

2747 427 3126 496 Resuscitasti,
3156 428 3413 486 Domine.

2747 519 2830 575 Tu
2859 518 3037 575 hostis
3058 517 3275 590 antiqui
3309 517 3458 574 vires

2748 592 2849 647 Per
2876 606 3093 647 crucem
3121 589 3316 645 mortis
3337 589 3602 659 conteris,

2748 663 2865 729 Qua
2884 679 2985 718 nos
3014 662 3214 733 signati
3244 661 3526 718 frontibus
3753 661 3823 719 35
3891 682 3899 686 '

2749 734 3032 793 Vexillum
3072 733 3201 789 ﬁdei
3230 733 3483 790 ferimus.

2749 828 2831 883 Tu
2850 827 3009 881 illum
3034 824 3252 897 arnobis
3270 841 3486 897 semper

2749 899 3029 970 Bepellere
3056 896 3394 970 dignaveris,

2748 968 3097 1042 Ne'unquam
3128 969 3297 1040 possit
3322 968 3521 1042 laedere

2748 1036 3076 1114 Redemptos
3104 1036 3202 1096 tuo
3239 1041 3527 1113 sanguine.
3753 1036 3818 1093 40

2748 1141 2853 1209 Qui
2886 1148 3106 1211 propter
3134 1157 3235 1196 nos
3261 1139 3333 1195 ad
3363 1137 3566 1194 inferos

2749 1212 3374 1293 Descendere‘dignatus
3400 1226 3477 1279 es,

2748 1287 2819 1342 Ut
2858 1285 3053 1339 mortis
3078 1282 3424 1340 debitoribus

2748 1357 2891 1415 Vitae
2923 1355 3157 1412 donares
3189 1371 3439 1411 munera.

2748 1448 2873 1504 Tibi
2900 1455 3172 1504 nocturno
3201 1456 3464 1518 tempore,
3742 1446 3813 1503 45

2749 1522 3031 1592 Hymnum
3060 1517 3335 1592 deﬂentes’
3347 1517 3615 1592 canimus,

2748 1590 2973 1663 Ignosce
2998 1590 3182 1663 nobis,
3202 1590 3443 1663 Domine,

2748 1661 2971 1737 Ignosce
3000 1661 3405 1718 conﬁtentibus.

2747 1754 2887 1821 Quia
2911 1762 2973 1809 tu
3001 1753 3118 1825 ipse
3146 1752 3303 1808 testis
3332 1750 3596 1825 etjudex,

2746 1825 2920 1892 Quem
2950 1823 3112 1881 nemo
3135 1832 3313 1895 potest
3333 1823 3539 1891 fallere,
3749 1823 3821 1881 50

2747 1897 2965 1953 Secreta
2991 1896 3344 1953 conscientiae

2628 1965 2694 2022 i5
2728 1969 2955 2025 ‘Nostree
2980 1968 3175 2024 videns
3205 1967 3457 2039 vestigia.

2747 2059 2830 2114 Tu
2848 2067 3164 2115 nostrorum
3188 2065 3479 2129 pectorum

2749 2131 2909 2185 Solus
2938 2130 3300 2202 investigator
3319 2145 3398 2202 es,

2747 2203 2829 2257 Tu
2858 2199 3167 2257 vulnerum
3184 2201 3482 2257 latentium
3743 2199 3820 2256 55

2746 2273 2932 2330 Bonus
2960 2273 3222 2330 assistens
3245 2271 3521 2328 medicus.

506 2337 574 2434 Se
602 2338 894 2434 conferunt
928 2339 1183 2434 apostoli,
1501 2340 1570 2396 30
1626 2337 1838 2398 Devo'ta
1876 2347 2059 2395 mente
2081 2337 2378 2396 credimus.
2621 2340 2692 2396 20
2745 2362 2828 2416 Tu
2856 2378 2913 2418 es
2941 2363 3034 2434 qui
3065 2369 3219 2418 ceno
3247 2368 3500 2432 tempore

506 2407 1189 2503 ἦθὲἒίέυὲἔῗῖἷῗίξῖἶτέίὲἒείδ
1625 2433 1729 2501 Qui
1761 2432 1921 2489 nobis
1953 2449 2050 2503 per
2076 2431 2087 2487 1

2196 2432 2405 2488 tismata
2743 2407 2986 2489 Daturu13
3012 2433 3180 2490 ﬁnem
3202 2407 3418 2500 saeculi,

507 2450 739 2479 -νυι-ιι-ν
781 2450 884 2462 πνυ
910 2450 1189 2490 νυ-ιιιιιςυνυ
1625 2450 1729 2501 um
1761 2450 1921 2489 nonis
1990 2450 2050 2487 er
2076 2450 2405 2503 napusmata
2743 2450 2986 2489 naturus
3012 2450 3180 2490 nnem
3202 2450 3418 2500 saeculi,

507 2477 672 2576 ium?
702 2477 1193 2576 Peanmr_lummf’j
1626 2505 1858 2562 Donasti
1888 2450 2313 2576 indulgentiam,
2745 2505 2826 2561 Tu
2855 2513 3184 2562 cunctorum
3218 2503 3435 2560 meritis

505 2571 762 2643 Paschale
789 2571 984 2627 mundo
1011 2572 1268 2643 gaudium

506 2641 597 2698 Sol
626 2643 846 2698 nuntiat
879 2641 1193 2714 formosior,

508 2714 646 2787 Cum
676 2714 800 2787 luce
826 2715 1127 2787 fulgentem
1162 2733 1308 2774 nova
1504 2718 1573 2776 35

502 2785 688 2841 Jesum
709 2785 903 2843 vident
921 2785 1184 2859 apostoli.

503 2876 566 2930 In
596 2890 757 2931 carne
780 2875 988 2934 Christi
1018 2879 1251 2934 vulnera

501 2946 703 3025 Micare
734 2948 1207 3025 tanquam_sid_e_ra

500 3018 864 3092 Miranturet'
887 3020 1161 3092 quidquid
1186 3021 1399 3091 vident,

504 3087 690 3143 Testes
718 3087 920 3146 ﬁdeles
934 3087 1263 3162 praedicant.

502 3178 620 3236 Rex
649 3176 888 3248 Christe,
920 3181 1373 3253 clementissime,

499 3300 730 3355 concitae.
761 3327 833 3339 —
861 3297 948 3355 28.
1001 3301 1099 3368 0.,

497 3369 658 3427 —37.
692 3369 931 3429 Clicht.:
968 3373 1054 3428 A-l.
1102 3372 1319 3428 ostensis
1356 3374 1684 3430 vulneribus.
1740 3369 1825 3431 Cf.
1859 3372 1916 3427 in
1947 3388 2088 3429 can-

415 3444 427 3453 “
498 3441 610 3499 tico
629 3443 780 3517 Pone
805 3445 1022 3510 luctum,
1044 3446 1384 3517 Magdalena,
1415 3444 1621 3503 verbo:
1677 3445 1918 3515 Quinque
1968 3446 2089 3516 pla-

496 3530 591 3584 gas
620 3514 855 3589 inspice:
890 3518 1112 3589 Fulgent
1140 3514 1219 3589 Ven
1271 3524 1330 3571 ut
1372 3514 1702 3589 margaritae,
1765 3514 2089 3589 ornamenta

497 3600 647 3638 nocte
679 3587 817 3642 vitia.
861 3587 1011 3642 Hil.i
1069 3612 1088 3635 ι
1143 3588 1390 3653 Quatuor
1446 3587 1512 3644 de
1573 3589 1752 3644 causis
1803 3587 2089 3644 cicatrices

499 3654 793 3734 vulnerum
825 3656 1064 3734 ostendit
1119 3658 1386 3734 Dominus
1428 3666 1492 3734 ut
1537 3668 1716 3714 essent
1744 3659 1962 3734 signum
1991 3659 2087 3713 vi-

498 3725 707 3791 ctoriae,
738 3731 800 3779 ut
829 3725 1085 3798 deinceps
1104 3726 1171 3780 de
1200 3728 1599 3798 resurrectione
1616 3744 1727 3783 non
1743 3725 2085 3798 dubitarent,

496 3801 593 3850 aut
612 3801 674 3849 ut
698 3803 837 3851 esset
864 3795 933 3852 ad
958 3797 1173 3852 Patrem
1204 3796 1542 3855 intercessio.
1584 3824 1603 3849 ι

568 3862 1032 3942 LXI.-—-Cass.:_3
1068 3868 1172 3925 Hic
1204 3867 1447 3941 hymnus
1487 3870 1546 3926 in
1585 3870 1908 3942 vulgaribus
1938 3890 2088 3932 nunc

495 3937 1065 4024 hymnorum-libellis
1093 3957 1207 4024 non
1247 3937 1549 4024 reperitur,
1586 3937 1763 4024 neque
1822 3944 1975 4024 illius
2027 3947 2086 4024 i_n

496 4018 739 4089 mentem
767 4012 917 4089 mihi
937 4012 1193 4089 venisset,
1214 4012 1339 4089 nisi
1379 4031 1410 4070 a
1437 4015 1582 4071 Beda
1611 4012 1754 4071 libro
1812 4018 1992 4089 primo
2020 4018 2086 4074 de

494 4098 553 4159 re
581 4083 809 4159 metrica
853 4084 1157 4159 admonito.
1187 4085 1300 4159 Ad,
1329 4103 1454 4153 eum
1502 4094 1683 4159 autem
1728 4083 2084 4159 quaerendum

494 4154 757 4231 incitatus
785 4172 907 4231 sum
937 4157 1122 4231 verbis
1151 4157 1413 4231 ejusdem,
1432 4158 1612 4231 Bedae,
1643 4154 1900 4231 qui’eum
1934 4163 2084 4217 miri-

493 4225 596 4283 ﬁce
614 4229 983 4303 commendat.
1014 4229 1153 4303 Nam
1172 4225 1339 4303 titulo
1387 4230 1455 4303 de
1492 4225 1809 4303 Rbytlimo:
1842 4233 2085 4288 Plerum-

491 4299 845 4382 que,_inquit,
866 4318 991 4357 casu
1016 4301 1246 4382 gyadam
1276 4302 1503 4382 invenies
1547 4299 1704 4358 etiam
1737 4305 1998 4382 rationem
2026 4305 2085 4359 in

491 4371 755 4443 rhythma,
785 4389 894 4427 non
919 4371 1145 4443 artiﬁcis
1172 4373 1327 4429 modo
1359 4374 1567 4430 ratione
1585 4381 1812 4443 servata,
1842 4378 1930 4431 sed
1956 4393 2083 4431 sono

493 4447 541 4496 et
566 4442 683 4512 ipsa
712 4442 1077 4501 modulatione
1103 4444 1336 4501 ducente.
1374 4446 1642 4513 Quomodo
1673 4442 1849 4503 instar
1872 4448 2084 4503 iambici

490 4514 648 4590 metri
670 4517 1024 4590 pulcherrime
1048 4514 1225 4590 factus
1253 4523 1327 4590 est
1365 4514 1587 4588 hymnus
1614 4519 1708 4574 ille
1750 4521 2078 4590 praeclarus:

491 4586 1101 4671 gemmarum-Domine.
1135 4589 1249 4671 Ha‘c
1277 4586 1464 4671 itaque
1494 4586 2082 4671 commendationem-

1627 2577 1732 2645 Qui
1760 2575 2082 2633 tenebamur
2102 2575 2343 2633 vinculis

1629 2649 1690 2705 Li
1697 2649 1806 2721 gati
1835 2648 2205 2706 conscientiae.

1628 2739 1734 2807 Qui
1762 2755 1979 2796 crucem
2009 2745 2233 2810 propter
2262 2736 2546 2793 hominem
2622 2736 2692 2794 25
2748 2738 2822 2795 Ut'
2838 2736 3025 2794 nostra
3054 2755 3211 2794 cures
3242 2736 3497 2804 vulnera,

1626 2810 1913 2883 Suscipere
1941 2810 2197 2883 dignatus
2225 2825 2302 2883 es,

1626 2882 1837 2939 Dedisti
1868 2882 2023 2938 tuum
2057 2882 2381 2953 sanguinem

1623 2955 1834 3011 Nostrae
1860 2953 2054 3009 salutis
2083 2954 2345 3025 pretium.

1623 3042 1757 3096 Nam
1781 3041 1965 3095 velum
1988 3041 2182 3112 templi
2203 3040 2437 3097 scissum
2464 3045 2548 3094 est

1498 3092 1569 3151 40
1623 3092 2437 3168 ai'amaig‘ai'rg'mani2"
2617 3108 2687 3166 30

1623 3185 1777 3241 Tunc
1805 3184 2009 3240 multos
2029 3183 2426 3241 dormientium

1148 3302 1409 3357 osculant.
1445 3331 1516 3343 —
1544 3300 1631 3358 30.
1682 3300 1807 3373 O.,_
1837 3301 2084 3373 Galilwa.
2116 3303 2166 3362 A
2198 3298 2481 3373 paschales
2495 3297 2731 3373 carmini
2762 3312 3034 3373 annexa‘s.
3072 3298 3243 3353 Brev.
3266 3298 3580 3373 Romanum
3614 3305 3679 3354 ut
3708 3300 3816 3357 bo-

2742 2577 2934 2633 Justus
2963 2584 3346 2634 remunerator
3374 2592 3456 2631 es.
3752 2576 3818 2631 60

2747 2667 2820 2722 Te
2848 2683 2996 2738 ergo,
3029 2675 3236 2735 sancte,
3268 2682 3590 2739 quaesumus

2745 2811 2850 2876 Qui
2874 2826 2931 2865 es
2960 2826 3085 2866 cum
3117 2811 3277 2867 Patre
3308 2810 3486 2866 Filius

2745 2882 2970 2954 Semper
2997 2898 3125 2938 cum
3153 2890 3341 2939 sancto
3367 2881 3605 2954 Spiritu.

2885 2991 3146 3061 Ejusdem
3166 2993 3346 3063 hymni
3363 2992 3478 3047 alia
3500 2992 3676 3049 lectio.

3006 3083 3118 3155 (Ex
3147 3081 3310 3139 Brev.
3336 3082 3527 3153 Rom.)

2744 3181 2864 3237 Rex
2892 3181 3226 3254 sempiterne
3254 3180 3527 3250 caelitum,

2197 3368 2286 3429 die
2315 3379 2415 3440 est,
2429 3370 2641 3438 electis,
2663 3368 2888 3440 stropbe
2908 3370 3115 3440 prima,
3145 3369 3405 3436 secunda,
3431 3370 3622 3434 tertia,
3639 3381 3814 3440 sexta,

2197 3445 2447 3516 septima,
2481 3449 2696 3516 octava,
2727 3440 3045 3516 composuit
3089 3458 3318 3516 carmen
3367 3441 3654 3516 paschale,
3686 3446 3814 3501 reci-

2197 3512 2425 3573 tandum
2462 3513 2753 3569 Dominica
2809 3512 2869 3567 in
2898 3513 3063 3569 Albis
3094 3512 3162 3568 ad
3227 3513 3565 3569 Matutinum
3593 3522 3655 3569 et
3703 3524 3815 3572 toto

2200 3597 2440 3659 tempore
2471 3585 2712 3659 paschali
2744 3600 2914 3659 usque
2945 3584 3014 3659 ad
3045 3585 3607 3659 Ascensionemr—i.
3628 3587 3811 3657 Fabr.,

2196 3676 2225 3713 ο
2253 3655 2372 3731 ναῖε,
2400 3655 2605 3731 reliqui
2636 3672 2750 3712 om.
2798 3655 3265 3731 interjectionem.
3298 3656 3356 3711 Si
3415 3657 3664 3715 insolitae
3690 3655 3811 3731 erga

2196 3728 2916 3801 Fabricium:observantize
2962 3728 3200 3801 requiris
3255 3744 3496 3801 causam,
3556 3728 3801 3787 metrum

2195 3802 2468 3873 carminis
2484 3799 2589 3856 tibi
2620 3799 2679 3873 in
2709 3806 2964 3873 mentem
2988 3799 3194 3856 veniat.
3226 3800 3414 3873 Neque
3444 3799 3502 3873 id
3529 3814 3804 3873 opponas,

2195 3888 2283 3927 me
2313 3872 2570 3928 metricas
2618 3872 2767 3942 leges
2823 3870 2969 3941 apud
3032 3879 3220 3942 poetas
3265 3870 3626 3928 Christianos
3666 3875 3803 3929 alias

2194 3943 2494 4026 saepissime
2548 3942 2833 4026 neglectas.
2896 3950 3259 4026 conquestum
3335 3958 3483 4023 esse:
3532 3944 3805 4026 Probatur

2193 4012 2526 4077 enimBedae
2552 4012 2892 4086 testimonio,
2926 4012 3075 4070 hunc
3102 4014 3374 4086 hymnum
3421 4039 3440 4062 ι
3469 4013 3655 4072 instar
3676 4017 3804 4071 iam-

2193 4086 2305 4144 bici
2358 4086 2514 4142 metri
2566 4084 2940 4158 pulcherrime
2998 4084 3225 4158 factum
3283 4101 3439 4158 esse.
3486 4110 3507 4135 ι
3559 4087 3806 4158 Accedit

2193 4160 2363 4213 altera
2391 4155 2585 4223 causa,
2606 4155 2754 4229 quod
2802 4155 3034 4211 librarii
3072 4156 3143 4212 ad
3189 4157 3469 4229 scribendi
3529 4157 3810 4215 licentiam

2192 4230 2328 4286 adeo
2355 4229 2513 4284 liberi
2537 4228 2781 4294 fuerunt,
2822 4236 2883 4283 ut
2918 4237 3270 4285 commatum
3318 4228 3499 4285 initiis
3530 4229 3807 4287 interdum

2192 4302 2280 4357 vel
2314 4302 2523 4357 litteras
2552 4300 2727 4356 otiose
2754 4299 3136 4370 appingerent
3164 4301 3252 4355 vel
3290 4300 3458 4355 etiam
3501 4300 3807 4358 demerent.

2192 4374 2311 4431 Stat
2340 4389 2369 4428 a
2397 4380 2586 4428 nostra
2614 4371 2886 4444 sententia
2913 4372 3133 4427 Santen
3177 4371 3247 4427 ad
3296 4372 3546 4444 Terent.,
3571 4389 3626 4444 p.
3667 4373 3805 4429 £86:

2208 4469 2226 4494 ι
2253 4444 2440 4503 Malim
2470 4461 2596 4500 cum
2628 4443 2966 4513 Hieronymo
3021 4459 3129 4499 van
3184 4442 3405 4515 Alphen
3459 4442 3809 4515 interiectio-

2191 4534 2318 4574 nem
2348 4516 2551 4572 addere
2579 4533 2610 4570 ο
2638 4531 2757 4581 rex,
2789 4522 3020 4570 accentu
3060 4515 3265 4571 rectius
3293 4522 3511 4570 servato
3574 4517 3809 4571 acatale-

2190 4598 2308 4647 ctos
2337 4588 2697 4657 constituens.
2727 4610 2745 4633 ι
2789 4584 2947 4658 Οιμρά
2965 4585 3020 4642 in
3057 4585 3436 4658 superioribus
3466 4587 3697 4642 notavit
3725 4587 3807 4643 di-

492 4655 691 4713 ductus
807 4660 1053 4741 obsoleto
1082 4659 1318 4741 quodam
1350 4655 1493 4741 libro
1521 4678 1694 4741 annos
1722 4670 1848 4741 ante
1876 4663 1952 4741 ὄρ
1972 4663 2087 4741 im-
2119 4668 2166 4727 B
2191 4672 2400 4741 metros
2412 4655 2755 4741 catalecticos
2774 4728 2787 4741 ‘
2809 4656 2973 4738 edici,
3028 4655 3258 4741 legendo
3287 4657 3544 4739 omnium,
3575 4660 3804 4740 amcitia,

493 4743 690 4806 presso
706 4731 791 4801 (ut
822 4747 952 4787 vero
983 4731 1333 4806 simillimum
1368 4739 1449 4806 est
1478 4733 1534 4788 in
1580 4735 1884 4806 Hymnario
1914 4734 2088 4792 Colo-

492 4799 1009 4873 niensilrepertum
1041 4803 1398 4860 inserendum
1421 4804 1526 4861 hoc
1561 4799 1682 4862 loco
1728 4806 1885 4863 duxi.
1920 4832 1937 4855 ι
1983 4806 2089 4863 Sed

491 4888 563 4951 ex
591 4871 1164 4951 hi_s_'_rec_te_colligi_tur
1192 4877 1371 4951 solum
1409 4876 1714 4951 Germaniae
1766 4887 1927 4951 atque
1963 4880 2089 4933 An-

492 4944 614 5015 glia:
645 4944 815 5002 libros
842 4944 1147 5004 Cassandro
1177 4948 1244 5003 ad
1276 4965 1471 5004 manus
1496 4949 1685 5015 fuisse,
1719 4944 1855 5006 cum'
1885 4950 1943 5004 in
1977 4951 2092 5005 lta-

492 5017 878 5093 loru_m__libris
904 5019 1152 5093 hymnus
1183 5019 1329 5093 haud
1364 5037 1487 5093 raro
1510 5022 1830 5093 reperiatur.
1865 5022 2088 5093 Vezzosi

491 5089 636 5160 apud
656 5089 1019 5165 Thomasiu'm
1054 5091 1307 5165 eumdem
1361 5089 1633 5165 hymnum
1689 5108 1805 5148 esse
1833 5092 2091 5165 suspica-

492 5162 703 5236 ειμι-,φῇ
732 5162 799 5218 ab
831 5163 1134 5236 Aureliano
1163 5162 1421 5236 episcopo
1441 5163 1498 5219 in
1528 5166 1716 5236 regula
1744 5180 1840 5219 sua
1862 5162 2086 5220 citatur.

491 5230 548 5286 Si
575 5230 850 5308 rationem
866 5234 1126 5308 habueris
1153 5230 1412 5308 versuum
1437 5230 1616 5308 quos]
1651 5236 1954 5308 Grimmius
1976 5236 2089 5308 pri-

491 5319 620 5378 mus
636 5320 705 5359 ex
754 5305 876 5378 cod.
913 5306 977 5363 Ο.
1029 5307 1283 5378 protulit,
1315 5305 1531 5378 poetam
1562 5307 1764 5364 festum
1804 5305 2088 5364 Paschatis

490 5374 919 5460 celebrass‘exix
947 5394 1010 5460 ac
1030 5374 1108 5433 'ne
1135 5378 1233 5432 vix
1261 5374 1495 5460 quidem
1524 5380 1770 5460 putabis.
1829 5379 2089 5460 Spectant

490 5447 678 5529 omnia
705 5447 773 5529 ad
801 5449 1160 5529 Matutinum,
1184 5447 1370 5529 peque
1386 5449 1452 5506 ab
1484 5447 1588 5505 hoc
1604 5452 1789 5507 oﬂicio
1814 5447 1992 5506 aliena
2008 5466 2087 5529 re-

489 5517 792 5593 demptoris
811 5535 917 5593 per
944 5520 1129 5593 Iesum
1178 5517 1462 5593 Christum
1508 5530 1741 5593 peractae
1779 5522 2090 5579 accuratior

490 5591 783 5665 enarratio.
809 5591 1014 5665 Tamen
1037 5592 1143 5665 hoc
1173 5593 1389 5661 damus,
1407 5591 1524 5664 jani
1553 5594 1698 5665 apud
1728 5603 1939 5650 veteres
1965 5601 2089 5651 octo

490 5660 744 5736 strophas
774 5662 1036 5717 carminis
1062 5664 1267 5736 primas
1302 5660 1614 5736 paschalem
1643 5664 1887 5721 effecisse
1914 5666 2089 5736 hym-

492 5743 627 5806 num
654 5731 771 5806 :_de
802 5747 909 5803 qua
942 5749 1019 5799 re,
1051 5731 1133 5806 ne
1148 5731 1325 5806 dicam
1351 5735 1419 5791 de
1449 5735 1925 5806 inscriptionibus,
1944 5731 2087 5791 nihil

491 5796 790 5856 admodum
817 5796 1077 5872 superest
1102 5802 1466 5863 dubitationis
1519 5796 1742 5880 propter
1770 5796 2090 5879 doxologias

2196 4734 2341 4807 ﬁlius
2371 4731 2606 4807 duabus_
2631 4727 2880 4807 syllabis,
2928 4729 2988 4784 in
3042 4727 3232 4807 nostro
3279 4731 3526 4807 carmine
3572 4731 3807 4807 minime

2200 4799 2364 4873 valet,
2419 4803 2611 4874 procul
2661 4799 2837 4874 dubio
2889 4801 3418 4874 acatalecticoA.—3.
3472 4800 3567 4868 0.,
3628 4804 3730 4874 qui
3754 4819 3808 4857 es

2197 4884 2316 4933 ante
2337 4872 2479 4940 eaad;
2510 4873 2659 4931 Cass.
2692 4872 2827 4939 Hil.,
2851 4888 2902 4926 es
2931 4878 2996 4926 et.
3028 4873 3190 4929 —15.
3223 4872 3289 4929 Ο.
3328 4889 3465 4942 om.,
3494 4879 3564 4928 et.
3598 4872 3670 4915 —1
3710 4873 3805 4929 21.

2199 4949 2381 5015 Fabr.,
2410 4945 2603 5017 quique
2630 4944 3169 5018 nobis»;_'l“hom.,per
3197 4945 3537 5018 baptismum;
3571 4945 3798 5018 re‘liqui,

2200 4962 2381 5015 r'anr.,
2410 4963 2603 5017 quique
2630 4962 2780 5001 nonis
2800 4962 2821 5007 ;
2849 4962 3169 5015 ‘1'nom.,per
3197 4962 3537 5071 oalpmmam;
3571 4962 3798 5018 renqm,

2192 5038 2292 5090 per
2320 5019 2654 5090 baptismum.
2686 5048 2756 5057 —
2778 5015 3153 5090 39;_6’r_.MSolus
3181 5032 3246 5072 co
3293 5059 3303 5071 .
3336 5016 3401 5072 Ο.
3432 5017 3711 5090 continet.
3736 5046 3807 5057 —

2198 5087 2598 5148 29-32fMatth.
2631 5105 2814 5155 xxvu,
2843 5087 3027 5156 51-53,
3052 5089 3126 5143 Et
3173 5090 3346 5143 velum
3383 5088 3562 5158 templi
3581 5089 3801 5143 scissum

2198 5170 2337 5219 est...
2365 5169 2412 5217 et
2443 5169 2586 5216 terra
2605 5166 2746 5215 mota
2774 5165 2913 5214 est...
2947 5164 2993 5213 et
3020 5160 3191 5215 multa
3215 5176 3467 5230 corpora
3492 5167 3801 5215 sanctorum

2197 5233 2645 5317 quidormierant
2668 5237 3191 5317 νοεῖ(ννςξίεειηιῃξι-Δ
3205 5229 3276 5288 45
3292 5229 3412 5303 sqq.
3437 5231 3801 5317 Foyft‘aslsehic

2199 5300 2397 5378 incipit
2430 5305 2673 5378 hymnus
2688 5301 2944 5378 proprius
2971 5300 3040 5378 ad
3059 5300 3597 5378 Nocturnum—49.
3619 5302 3802 5359 Grim-

2198 5373 2342 5434 mins
2370 5373 2493 5432 vult
2513 5375 2654 5447 legi:
2691 5373 2859 5447 'quia
2899 5380 2953 5429 tu
2993 5375 3108 5447 ipse
3144 5373 3321 5443 judea:
3373 5391 3453 5447 es,
3478 5390 3800 5447 quanquam

2197 5449 2467 5505 interpres
2496 5444 2801 5504 théotisCus
2846 5444 2963 5502 haec
2992 5445 3155 5502 habet
3186 5446 3373 5502 thanta
3420 5444 3511 5500 du“
3532 5444 3678 5501 scibo
3710 5463 3801 5501 ur.

2196 5516 2401 5576 chundo
2422 5519 2524 5575 inti
2551 5518 2777 5573 suanari
2800 5518 2937 5589 pisi:
2968 5517 3150 5575 voluit
3175 5517 3244 5573 V.
3294 5519 3360 5574 D.
3412 5525 3591 5589 metro
3617 5516 3801 5589 mede.

2197 5593 2306 5649 lam
2335 5592 2546 5647 afferre.
2567 5589 2699 5658 Quae
2715 5588 2898 5646 tamen
2915 5588 3099 5661 verbis
3114 5596 3288 5660 poetae
3310 5588 3541 5661 integris
3560 5588 3801 5661 minime

2198 5681 2337 5735 opus
2364 5671 2462 5719 est.
2496 5664 2631 5719 Nam
2660 5662 2789 5735 quia
2817 5660 3318 5735 sapissime__apud
3347 5660 3535 5735 poetas
3571 5660 3804 5735 serior-is

2197 5731 2374 5791 aetatis
2402 5742 2483 5790 est
2513 5731 2978 5804 monosyllabum.
3005 5732 3089 5789 Cf.
3133 5732 3329 5788 Barth.
3350 5731 3454 5804 ’ad,
3472 5731 3701 5804 Coripp.
3731 5731 3803 5787 de

2198 5805 2370 5863 Laud.
2403 5807 2542 5862 Just.
2574 5821 2638 5872 ιι,
2671 5804 2791 5861 109.
2822 5833 2890 5844 -
2919 5803 3010 5861 53.
3060 5804 3364 5875 Interpres:
3419 5803 3513 5856 thu
3556 5803 3804 5860 inserere
