4086 6208
436 284 572 342 1247

433 411 539 486 llic
556 408 778 486 primus
804 406 969 486 almo.
980 402 1246 486 sanguine

436 477 645 541 Christi
674 488 892 537 secutus
921 477 1174 548 gloriam,

435 556 598 612 Viam
630 551 822 609 salutis
849 548 1061 606 caeteris

435 631 635 683 Amore
667 622 858 680 mortis
887 619 1141 693 praebuit.

438 714 708 794 I_{ic_enim
735 728 834 794 per
864 710 1144 794 apostolos

436 785 703 842 Probatus
731 781 788 838 in
820 782 979 838 laude
1008 781 1129 848 Dei,

434 857 658 915 Vexilla
688 854 880 910 mortis
910 853 1093 925 rapuit

434 930 506 986 Ut
531 927 879 1000 praeferretur
909 923 1187 980 omnibus.

434 1024 479 1103 ρ
509 1020 852 1103 pmferenda
879 1019 1071 1103 gloria,

435 1095 480 1151 Ο
509 1093 667 1149 beata
697 1093 951 1159 victoria,

436 1167 552 1222 Hoc
579 1165 843 1223 meruisse
871 1162 1210 1234 Stephanum

437 1239 506 1295 Ut
533 1243 855 1311 sequeretur
883 1236 1186 1291 Dominum
1220 1236 1232 1292 l

435 1331 553 1396 Ille,
588 1328 783 1384 levatis
812 1327 1018 1395 oculis,

435 1400 595 1458 Vidit
620 1401 835 1456 Patrem
866 1416 991 1454 cum
1023 1397 1193 1465 Filio,

435 1473 744 1529 Monstrans
776 1471 836 1526 in
863 1471 1016 1528 caelis
1047 1469 1236 1524 vivere

436 1543 610 1612 Quem
643 1542 795 1615 plebs
845 1541 1122 1617 quaerebat
1152 1539 1396 1613 perdere.
1438 1539 1508 1598 20

435 1634 611 1691 Judaei
643 1634 816 1706 magis
842 1634 1083 1691 saeviunt

435 1706 685 1778 Saxaque
715 1705 975 1778 prensant
1015 1705 1292 1778 inanibus,

436 1776 745 1836 Currebant
783 1786 845 1833 ut
874 1776 1194 1833 occiderent

438 1849 757 1908 Verenduin
792 1847 1000 1905 Christi
1034 1848 1292 1903 militem.

434 1937 509 1993 At
534 1937 630 1993 ille
659 1936 885 1994 Christo
928 1936 1181 1994 protinus
1434 1917 1510 1991 25

436 2007 625 2081 Tradit
651 2007 873 2065 beatum
903 2006 1194 2081 Spiritum,

436 2080 541 2154 Pro
575 2077 1027 2154 persequentium
1057 2077 1291 2154 crimine

434 2151 659 2209 Precem
689 2151 986 2211 secundam
1016 2152 1209 2225 dirigit
1242 2166 1253 2206 :

436 2242 606 2309 Deus,
638 2251 851 2299 creator
879 2243 1155 2311 omnium,

435 2312 669 2368 Dimitte
695 2313 854 2368 cacis
885 2312 991 2365 hoc
1018 2314 1248 2378 malum,
1438 2311 1507 2368 30

436 2379 639 2452 ζει-1190
666 2381 840 2452 nefas,
876 2379 1023 2452 quod
1054 2382 1275 2452 aspicis,

436 2447 665 2522 Indulge
698 2447 835 2505 meis
855 2447 1132 2523 precibus:

436 2536 659 2613 Praesta,
692 2538 873 2613 Pater,
901 2556 1000 2613 per
1029 2540 1259 2610 Filium,

435 2606 763 2686 Praestaper
791 2606 1024 2669 alinium
1054 2606 1348 2686 Spiritum,

437 2680 577 2758 Cum
606 2680 694 2758 his
722 2699 819 2755 per
849 2680 1276 2758 aevumiti-iplici
1330 2680 1341 2685 ⁷
1439 2686 1510 2744 35

436 2753 590 2813 Unus
617 2753 766 2812 Deus
796 2753 1149 2829 cognomine;

656 2862 835 2928 (Liber
866 2864 924 2920 S.
963 2866 1073 2915 Ben
1083 2864 1289 2933 edicti.)

436 2972 702 3059 Stephani
731 2990 936 3056 corona
964 2977 1250 3059 martyris,

435 3044 596 3119 Quod
629 3062 833 3119 nomen
862 3046 982 3119 ejus
1010 3044 1241 3117 indicat,

435 3113 643 3174 Christi
679 3113 931 3175 decoram
990 3119 1221 3191 gloriam

1562 1850 1782 1907 Invadit
1804 1866 1935 1921 ergo

1454 277 1549 332 AD
1589 273 1823 331 OPEBA
1861 271 1916 327 S.
1961 266 2296 327 AMBROSII
2334 263 2715 323 APPENDIX.

1464 399 1500 458 5
1551 398 1733 457 Gratis
1758 412 2023 455 canamus
2051 392 2336 451 laudibus.

1552 517 1827 590 Stephano
1858 516 2039 590 primo
2062 512 2297 584 martyri
2592 512 2627 569 5

1554 585 2166 648 (Ξειὴῐθῐηιιεόαηῐίαιιηλ
2192 600 2426 652 novum,

1554 660 1714 728 Quod
1743 660 1907 715 dulce
1929 658 2002 714 sit
2029 655 2418 728 psallentibus,

1437 773 1503 831 10
1555 726 1726 806 Opem
1758 731 1897 787 ferat
1934 726 2304 788 credentibus.

1556 850 1658 921 Hic
1680 848 1899 921 primus
1928 846 2089 921 almo_
2105 844 2377 921 sanguine

1557 916 1765 979 Christi
1794 926 2013 974 secutus
2042 916 2275 988 gloriam
2560 916 2627 973 10

1556 992 1719 1048 Viam
1750 990 1944 1047 salutis
1973 996 2234 1043 aeternam

1559 1063 1890 1134 Contemptu
1923 1061 2117 1119 mortis
2138 1058 2394 1131 praebuit.

1440 1160 1506 1218 15
1559 1183 1661 1238 Hic
1689 1198 1817 1238 cum
1851 1179 2121 1251 supremis
2146 1177 2380 1236 vocibus

1560 1254 1804 1311 Verbum
1845 1250 2038 1308 salutis
2065 1250 2271 1321 ederet,

1559 1325 1747 1381 Iudaea
1774 1326 1975 1381 claram
2006 1323 2223 1379 caecitas
2258 1319 2262 1321 ⁷
2562 1319 2628 1378 15

1561 1398 1723 1454 Viam
1755 1394 2003 1452 veritatis
2042 1392 2264 1468 repulit.

1561 1514 1666 1571 Sed
1704 1514 1798 1569 ille
1828 1511 2029 1569 caelum
2060 1510 2300 1577 intuens,

1564 1586 1719 1643 Vidit
1751 1593 1991 1655 paratam
2023 1581 2274 1652 gloriam,

1561 1651 1882 1727 Nostrisque
1917 1660 2179 1725 praestans
2205 1651 2445 1727 saeculis,

1562 1721 1864 1785 Sublimem
1898 1721 2058 1780 usum
2089 1721 2354 1796 prodidit.
2558 1721 2628 1779 20

1965 1846 2173 1919 perﬁda

1562 1923 1752 2001 Plebes
1781 1920 2070 2001 docentem
2100 1925 2430 2001 martyrem,

1563 1996 1635 2051 Et
1663 2010 1840 2067 nuper
1867 1993 1992 2066 agni
2024 1993 2293 2067 sanguine

1563 2060 1763 2125 Manus
1794 2060 2050 2123 cruentas
2079 2060 2285 2119 eriserit
2323 2060 2478 2135 [fort.
2511 2060 2630 2135 eri-

1562 2257 1635 2310 At
1662 2253 1756 2308 ille
1777 2251 1998 2310 Christo
2022 2249 2275 2322 protinus
2560 2250 2631 2308 25

1561 2323 1803 2379 Tradens
1832 2319 2051 2377 beatum
2085 2319 2345 2392 spiritum

1561 2395 1667 2451 Pro
1701 2391 2417 2466 persequentinmcrimine

1560 2463 1784 2523 Precem
1816 2463 2114 2522 secundam
2146 2463 2340 2536 dirigit
2368 2481 2380 2520 :

1560 2584 1727 2651 Deus,
1757 2589 1971 2639 creator
1997 2582 2273 2647 omnium,

1564 2655 1794 2711 Dimitte
1822 2654 1981 2711 caecis
2009 2652 2116 2709 hoc
2141 2652 2349 2708 malum
2558 2653 2627 2710 30

1563 2727 1636 2783 Et
1664 2726 1769 2783 hoc
1795 2725 1968 2793 nefas,
2002 2723 2159 2797 quod,
2178 2724 2382 2797 aspicis

1562 2797 1792 2872 Indulge
1821 2798 1958 2855 meis
1996 2796 2271 2870 precibus.

1561 2906 1785 2974 Praesta,
1816 2905 1998 2973 Pater,
2028 2920 2125 2977 per
2152 2903 2380 2977 Eilinm,

1561 2977 1889 3049 Praestaper
1916 2975 2129 3032 almum
2163 2975 2455 3049 Spiritum,

1561 3048 1700 3106 Cum
1731 3046 1820 3104 bis
1849 3064 1944 3120 per
1972 3046 2393 3120 aevumgt’riplici

1560 3120 1713 3177 Unus
1742 3118 1889 3176 Deus
1927 3118 2270 3191 cognomine.

3610 258 3744 318 1253

3108 419 3307 477 LXIV.

2868 517 2945 573 De
2975 515 3030 572 S.
3062 515 3266 570 Joanne
3292 512 3557 583 apostolo.

2679 613 2881 668 Amore
2910 608 3119 667 Christi
3150 607 3359 664 nobilis

2679 685 2751 740 Et
2779 682 2953 738 Filius
2985 679 3240 747 tonitrui,

2681 756 2896 811 Arcana
2924 754 3162 809 Joannes
3193 749 3294 807 Dei

2681 828 2817 883 Fatu
2851 825 3117 881 revelavit
3141 839 3320 879 sacro.

2681 918 2868 989 Captis
2894 916 3104 973 solebat
3134 915 3383 988 piscibus
3720 918 3753 974 5

2680 990 2858 1045 Patris
2887 996 3163 1044 senectam
3195 1003 3441 1060 pascere,

2681 1062 2957 1116 Turbante
2986 1060 3119 1115 dum
3151 1068 3304 1115 natat
3332 1060 3452 1114 salo

2682 1131 2960 1189 Immobili
2991 1130 3099 1187 lide
3126 1131 3307 1187 stetit.

2681 1221 2918 1293 Hamum
2949 1219 3225 1293 profundo
3256 1227 3538 1293 merserat,

2680 1292 2926 1348 Piscatns
2949 1290 3044 1347 'est
3084 1291 3315 1347 verbum
3346 1291 3467 1359 Dei,
3690 1290 3755 1347 10

2680 1364 2918 1421 Jactavit
2946 1362 3112 1419 undis
3136 1363 3295 1430 retia,

2684 1436 2872 1493 Vitam
2905 1434 3111 1491 levavit
3141 1435 3409 1490 omnium.

2682 1524 2855 1580 Piscis
2883 1524 3063 1580 bonus
3094 1522 3185 1594 pia
3206 1531 3285 1578 est
3311 1523 3465 1590 ﬁdes,

2681 1595 2873 1652 Mundi
2903 1602 3259 1652 supernatans
3292 1595 3487 1648 salum.

2682 1666 2932 1746 Subnixa
2958 1666 3169 1746 Christi
3198 1672 3413 1746 pectore
3684 1666 3757 1722 15

2682 1738 2883 1795 Sancto
2914 1739 3099 1795 locuta
3126 1737 3357 1809 Spiritu.

2697 1854 2716 1877 ι
2746 1830 2808 1885 In
2840 1827 3118 1900 principio
3146 1836 3264 1884 erat
3291 1826 3523 1900 verbum

2746 1842 2808 1885 1n
2878 1844 3118 1900 l'lnClplo
3146 1842 3264 1884 erat
3291 1842 3523 1883 vernum

2746 1901 2817 1956 Et
2840 1842 3089 1957 Verbum
3118 1908 3238 1955 erat
3276 1898 3422 1971 apud
3448 1899 3647 1968 Deum,

2698 1996 2717 2019 ι
2745 1972 2818 2028 Et
2855 1973 2999 2029 Deus
3029 1980 3146 2028 erat
3176 1970 3446 2037 Verbum,

2696 2044 2863 2107 «,Hoc
2943 2050 3059 2099 erat
3136 2042 3197 2098 in
3262 2042 3539 2115 principio
3610 2041 3752 2115 apud

3462 2113 3741 2170 Deum’20

2698 2235 2716 2259 ι
2747 2211 2947 2283 Omnia
2994 2227 3095 2283 per,
3118 2210 3299 2283 ipsum
3350 2210 3497 2266 facta
3519 2216 3643 2265 sunt
3669 2228 3682 2276 ;
3714 2234 3733 2255 -

2684 2282 2789 2339 Sed
2821 2282 2936 2355 ipse
2974 2282 3135 2339 laude
3144 2282 3386 2355 resonet

2683 2355 2755 2427 Et
2782 2354 3057 2427 laureatus
3085 2354 3289 2427 spiritu

2684 2425 2916 2498 Scriptis
2944 2425 3241 2482 coronetur
3268 2425 3406 2483 suis.

2685 2513 2992 2588 Commune
3016 2515 3217 2588 multis
3247 2514 3450 2588 passio,
3685 2512 3754 2567 25

2685 2584 2969 2659 Cruorque
2999 2584 3266 2643 delictum
3298 2587 3493 2641 lavans
3521 2603 3534 2641 :

2686 2658 2802 2731 Hoc
2824 2658 3006 2731 morte
3035 2666 3259 2730 praestat
3289 2666 3598 2731 martyrum

2686 2728 2846 2796 Quod
2874 2729 3008 2785 fecit
3036 2728 3151 2786 esse
3181 2728 3473 2802 martyres.

2687 2818 2923 2893 Vinctus
2950 2828 3147 2893 tamen
3164 2820 3234 2893 ab
3264 2819 3455 2893 impiis

2689 2889 2912 2948 Calente
2939 2891 3089 2947 olivo
3118 2891 3325 2948 dicitur
3347 2889 3364 2893 ⁷
3686 2892 3757 2949 30

2689 2961 2930 3036 Tersisse
2961 2963 3155 3036 mundi
3183 2964 3484 3036 pulverem,

2566 3046 2637 3104 35
2692 3033 2922 3091 Stesisse
2950 3034 3131 3091 victor
3159 3033 3365 3093 aimnli.

2692 3121 2881 3179 Gloria
2914 3122 3034 3192 tibi,
3067 3124 3320 3194 Domine,
3349 3133 3458 3182 etc.

2430 2129 2567 2205 git.]

430 3258 587 3334 pinio
640 3258 777 3316 duas
826 3257 895 3314 de
936 3257 991 3316 S.
1048 3257 1325 3334 Stephano
1376 3258 1757 3334 cantilenasua
1784 3259 2027 3316 librariis
2050 3262 2102 3321 A
2135 3259 2359 3315 intuens.
2390 3257 2578 3315 —~!2.
2613 3258 2786 3328 Cass.,
2818 3259 3106 3334 traditi:—
3134 3259 3224 3334 2_3.
3257 3258 3489 3329 Clicht.,
3522 3268 3752 3333 propter

428 3329 854 3405 confusasesse
904 3339 1068 3405 atque
1119 3329 1443 3404 permistas:
1492 3348 1623 3405 nam
1651 3331 1786 3388 alias
1810 3347 2028 3405 quoque

430 3402 550 3485 haec
577 3411 660 3460 est
705 3402 1665 3485 hy‘mnographo‘rurn“copsuetudo,
1699 3412 1762 3485 ut
1798 3402 2031 3485 senten-

430 3474 635 3557 tiarum
677 3474 1083 3556 verborumque
1118 3474 1513 3557 sim_ilitudi_ne_
1529 3474 1770 3557 pellectiz
1812 3475 2029 3531 diversa

429 3554 692 3629 pataram
717 3519 1441 3629 .carmina‘fcommisnceant.
1473 3519 1723 3627 Priimnm
1756 3519 2028 3629 hymnum

429 3618 508 3673 ita
553 3618 888 3673 constituere
916 3618 1123 3673 velim:
1156 3619 1209 3685 1,
1243 3618 1507 3689 Stephano
1533 3618 1712 3688 primo
1744 3618 1975 3687 martyri
2004 3634 2025 3682 ;

429 3688 483 3756 2,
527 3688 838 3744 Psallamus
875 3688 969 3743 hoc
1016 3688 1265 3758 discipuli
1294 3705 1314 3752 ;
1355 3688 1411 3753 3,
1454 3688 1552 3743 Hic
1592 3688 1729 3742 enim
1750 3705 1849 3758 per
1889 3704 2030 3758 apo-

429 3704 483 3756 z,
527 3704 838 3744 maluimus
875 3704 969 3743 noc
1016 3704 1265 3758 discipuli
1294 3705 1314 3752 ;
1355 3704 1411 3753 δ,
1454 3704 1552 3743 me
1592 3704 1729 3742 enim
1750 3705 1849 3758 per
1889 3704 2030 3758 apo-

428 3760 589 3841 stolos
606 3758 707 3841 ,Lb,
810 3758 1151 3841 praeferenda
1174 3759 1388 3841 gloria,‘
1415 3759 1848 3841 5,_Ip.se.martyr
1875 3773 2031 3841 egre-

427 3831 544 3911 gius
566 3830 673 3911 ;Α6,
701 3829 847 3911 _I_llie
887 3829 1070 3911 levatis
1119 3830 1286 3911 oculis
1312 3832 1404 3911 ;1,
1454 3829 1629 3885 Judwi
1668 3830 1837 3911 magis
1865 3830 2028 3911 saevi—

429 3901 526 3984 unt
550 3919 573 3984 ί
594 3901 651 3970 8,
672 3902 795 3983 .Iste
835 3908 1065 3973 paratus
1103 3901 1310 3984 vertice.
1345 3901 1600 3984 gymnas
1626 3901 1942 3984 secundus;
1974 3902 2024 3971 1,

431 3972 683 4044 Stephani
749 3972 947 4029 corona
1007 3973 1307 4044 martyris;
1347 3972 1411 4040 2,‘
1460 3973 1559 4029 Hic
1613 3972 1825 4045 primus
1885 3974 2027 4029 almo

428 4044 682 4127 sanguine
701 4044 801 4127 ;_3,
854 4045 1108 4127 Hicncu'm
1136 4045 1399 4127 supremis
1427 4044 1639 4127 vociiius
1668 4044 1773 4127 Mi,
1809 4045 1909 4127 sed

426 4117 610 4172 caelum
658 4116 866 4171 intuens
894 4135 912 4177 ς
940 4117 993 4185 ὕ,
1027 4115 1242 4171 Invadit
1286 4133 1407 4187 ergo
1434 4116 1643 4187 perfida
1673 4134 1696 4182 ;
1727 4116 1781 4185 6,
1828 4115 1901 4171 At
1938 4117 2029 4172 ille

431 4188 642 4245 Christo
669 4188 914 4245 protinus
947 4207 965 4245 :
994 4189 1046 4245 7.
1077 4188 1219 4243 Deus
1242 4194 1450 4243 creator
1478 4188 1711 4243 omnium
1742 4206 1756 4245 :
1790 4188 1846 4245 8.
1878 4188 2023 4242 Prae-

666 4204 914 4259 promtus
943 4204 1046 4271 τ
1077 4204 1228 4271 usus
1242 4204 1450 4243 creator
1478 4205 1711 4271 omnium
1742 4206 1756 4255 ;
1790 4204 1846 4253 δ,
1875 4204 2003 4269 μινω

428 4265 531 4328 sta,
576 4258 762 4329 Pater,
805 4278 906 4332 per
934 4260 1154 4316 Filium.
1181 4259 1290 4315 Nos
1338 4268 1482 4316 recte
1512 4258 1717 4315 vidisse
1762 4258 1919 4315 testis
1946 4267 2028 4315 est

428 4329 518 4412 _Cs,
552 4331 794 4412 primum
827 4348 1049 4412 carmen
1075 4330 1345 4387 exhibens
1376 4338 1429 4412 et
1458 4330 1794 4412 Ellingerus,
1824 4331 1919 4403 qui
1940 4331 2029 4412 ili-

428 4401 535 4484 bro
553 4401 802 4484 secundo
828 4403 1126 4484 hymnum,
1155 4418 1317 4484 quem
1346 4401 1589 4484 primum
1605 4401 1800 4484 posui,
1835 4401 2025 4484 muta-

428 4474 501 4557 tis
519 4481 726 4557 tamen,
748 4482 812 4530 ut
834 4474 994 4545 solet,
1014 4474 1197 4557 verbis
1212 4474 1512 4557 eirprimit;
1531 4475 1581 4541 1,
1604 4474 1697 4557 ’I‘e.
1712 4481 2027 4557 protomar-

431 4550 535 4616 tyr,
577 4546 727 4600 unice
754 4563 943 4602 canam
972 4566 993 4613 ;
1048 4547 1102 4615 2,
1134 4548 1443 4603 Psallamus
1472 4547 1565 4601 hoc
1606 4546 1780 4616 frater
1808 4546 1893 4601 die
1922 4565 1943 4612 ;
1972 4548 2004 4603 3

2140 3339 2398 3405 r_n_etr_um,
2441 3338 2863 3405 persequentum.
2895 3359 2967 3374 —
2995 3331 3085 3389 24.
3138 3332 3316 3401 Cass.,
3341 3331 3536 3405 preces
3552 3331 3655 3389 sec.
3683 3362 3755 3375 —

2139 3403 2226 3460 30.
2260 3402 2435 3470 Cass.,
2466 3402 2703 3473 indulge.

2209 3474 2403 3548 L_XIV.
2436 3475 2731 3548 -:_Exstat
2761 3491 2983 3548 carmen
3011 3476 3157 3548 apud
3188 3475 3583 3548 Thomasium,
3606 3475 3751 3533 Cas-

2138 3544 2422 3626 sandrum,
2457 3545 2805 3630 Ellingernm
2848 3547 2946 3604 lib.
2978 3544 3063 3603 m'
3089 3548 3176 3677 gn
3208 3564 3319 3621 quo
3346 3548 3460 3604 fere
3510 3546 3659 3604 nihil
3693 3548 3753 3603 in

2138 3615 2365 3677 hymnis
2410 3620 2670 3677 mutavrt)
2702 3626 2757 3675 et
2789 3635 2849 3674 in
2893 3618 3057 3676 Brev.
3133 3636 3177 3676 s.
3224 3620 3493 3677 —-Marc.
3536 3636 3621 3677 in.
3665 3619 3751 3677 17.

2138 3615 2365 3687 hymnis
2410 3615 2670 3688 mutavit)
2702 3626 2757 3675 et
2789 3618 2849 3674 in
2893 3618 3057 3676 Brev.
3089 3615 3177 3677 Cs.
3223 3615 3493 3680 L-Marc.
3536 3636 3621 3684 In,
3665 3619 3751 3686 17,

2137 3688 2453 3769 βοαῃενρεε,
2504 3690 2646 3769 quod
2690 3690 2921 3769 estnﬁlii
2967 3691 3212 3769 tonitrui.
3262 3721 3336 3769 τ
3392 3692 3481 3769 13.
3521 3690 3748 3769 That},

2137 3759 2429 3831 hominum,
2472 3760 2568 3831 sed
2596 3760 2723 3817 Vat.
2753 3759 2843 3830 82,
2884 3762 3140 3818 omnium.
3172 3793 3244 3804 —
3277 3762 3364 3819 14.
3397 3762 3575 3831 Cass.,
3608 3762 3748 3829 Ell.,

2137 3830 2272 3884 salo.
2324 3858 2388 3869 -
2438 3830 2523 3886 16.
2556 3830 2624 3888 V.
2673 3832 2763 3890 82.
2801 3834 2990 3889 locata.
3023 3865 3094 3876 —
3126 3834 3307 3890 17-22.
3342 3835 3423 3890 Ne
3452 3833 3750 3889 offensioni

2136 3900 2249 3983 tibi.
2290 3900 2604 3983 sitnversus
2654 3876 2797 3959 male
2850 3911 3122 3983 torn_atus,
3184 3921 3417 3983 agnosce
3437 3904 3754 3983 _ipsissima

2136 3972 2303 4048 verba
2371 3972 2667 4048 Scriptura
2727 3990 2916 4048 sacra:
2964 3972 3121 4032 Joan.
3173 3972 3243 4045 r,‘
3267 3976 3379 4033 1-3.
3434 3972 3754 4048 Saepissime

2136 4044 2518 4125 Ambrosianis
2551 4045 2741 4125 sancti
2771 4045 3014 4118 Spiritus
3057 4044 3297 4125 eloquia,
3329 4044 3634 4125 immutata
3661 4055 3755 4103 at-

2136 4131 2242 4188 que
2288 4116 2511 4190 integra
2547 4116 2886 4190 inseruntur.
2928 4148 3027 4190 ν-ν
3056 4116 3513 4190 28.'Evangelio
3565 4135 3671 4175 suo
3702 4126 3759 4174 et

2136 4187 2436 4258 apostolica
2481 4187 2754 4244 doctrina.
2804 4219 2875 4231 —
2914 4189 3100 4247 29-32.
3141 4190 3306 4247 Brev.
3341 4187 3662 4248 Romanum
3696 4190 3753 4245 in

2137 4258 2415 4333 O_tIicio_S.
2461 4258 2687 4333 Joannis
2731 4268 2859 4316 ante
2894 4270 3120 4333 portam
3155 4262 3407 4319 Latinam
3440 4262 3585 4333 mira
3612 4262 3755 4317 bre-

2139 4329 2310 4385 vitate
2337 4329 2458 4410 haec
2487 4331 2655 4410 refert
2681 4349 2694 4388 :
2751 4356 2771 4381 ι
2798 4329 3415 4410 Beiert'l‘ertullianus,
3449 4332 3601 4406 quod
3633 4334 3756 4390 Ro—

2137 4419 2240 4477 mae
2275 4402 2483 4477 missus
2507 4402 2565 4457 in
2600 4403 2866 4477 ferventis
2894 4404 3005 4477 olei
3034 4404 3251 4461 dolium
3284 4402 3482 4477 purior
3507 4412 3564 4460 et
3591 4419 3755 4477 vege-

2141 4473 2247 4530 tior
2270 4473 2512 4548 exiverit
2539 4490 2704 4547 quam
2720 4474 3049 4548 intraverit.
3077 4501 3095 4524 ι
3132 4477 3210 4532 Ne
3241 4473 3425 4532 tamen
3456 4477 3627 4548 paulo
3651 4473 3755 4531 6b-

2138 4544 2351 4601 scurior
2400 4544 2677 4602 remaneat
2717 4547 2871 4603 locus
2911 4563 2981 4603 ex
3009 4548 3250 4603 aliorum
3297 4544 3648 4612 testimonio,
3690 4547 3749 4603 S.

478 4591 1112 4691 ῥόειᾘὶέἷιιῐιῖέσᾛῐοῑιίαῖἧ
1134 4591 1162 4683 Ξ
1182 4591 1697 4689 ’ζ’ὄξῆοἷεῗέιῖειέἀᾶ
1706 4591 1891 4689 ἐὶὶοῖἱᾶ
1922 4591 2025 4686 Ξὲξ
2055 4622 2100 4682 Β
2135 4591 2363 4691 Ean—hiis
2391 4591 3287 4691 ἔᾴἰῖιῖιῖιῗίῇἶέῆῖεἴόιῖεὶῖόἧὲἱη
3301 4591 3746 4691 ἶιῖιῖἶῖἑὸῖἱιῖἷιηῖξ

435 4690 513 4746 Tu
540 4696 752 4763 martyr
776 4689 1002 4763 inclytus
1041 4692 1133 4763 pio
1160 4707 1178 4763 7;
1212 4690 1266 4758 6,
1314 4690 1517 4763 Levans
1547 4691 1736 4763 ocellos
1764 4706 1882 4744 cum
1910 4707 2027 4763 pa-

428 4766 540 4826 tre;
569 4761 623 4828 7,
687 4762 821 4818 Tum
866 4761 1015 4818 scivit
1042 4761 1261 4818 'ardens
1316 4762 1490 4817 concio
1519 4778 1540 4826 ;
1583 4762 1639 4830 8,
1670 4763 1905 4818 Paratus
1934 4762 2027 4818 ille

426 4833 686 4889 verticem.
718 4862 791 4875 —-
825 4834 1060 4890 Hymnus
1105 4850 1325 4890 PRIMUS.
1374 4832 1428 4890 3.
1476 4831 1649 4903 Cass.,
1678 4833 1835 4902 Beb.,
1865 4850 2024 4904 quam

426 4904 596 4962 dulcis
621 4911 715 4962 est.
759 4936 831 4947 —
857 4907 910 4974 9,
956 4906 1045 4971 10,
1076 4908 1201 4963 Act.
1236 4924 1314 4973 vr,
1348 4904 1403 4974 6,
1434 4907 1544 4961 Hos
1582 4911 1881 4961 statuerunt
1907 4911 2027 4962 ante

425 4984 752 5049 conspectum
797 4979 1161 5049 apostolorum
1206 4985 1254 5033 et
1281 4985 1492 5033 orantes
1542 4977 1909 5049 imposuerunt
1952 4978 2027 5049 eis

425 5048 635 5106 manus.
666 5080 737 5092 —
779 5048 864 5106 11.
898 5050 953 5107 S.
992 5050 1304 5122 Stephanus
1352 5057 1434 5104 est
1464 5048 1785 5122 martyrum,
1810 5048 2027 5122 antesi—

427 5137 680 5204 gnamus,
702 5121 832 5204 "qui.
846 5120 1142 5204 candidaio
1174 5129 1486 5204 martylrum‘
1523 5120 1792 5204 ejercitui
1820 5120 2028 5204 vexii_la

427 5192 667 5265 praefert.
700 5192 969 5249 Similiter
997 5194 1053 5249 in
1089 5193 1299 5265 hymno
1321 5192 1515 5265 sancte
1529 5193 1628 5247 Dei
1654 5193 1880 5264 pretiose
1904 5210 1929 5265 :7
1948 5194 2026 5249 Tu

426 5263 646 5321 caelestis
689 5266 999 5336 primitivus
1049 5263 1273 5336 signifer
1322 5264 1544 5319 militiae.
1595 5263 1680 5322 16.
1741 5264 2028 5336 Sequeba-

426 5344 519 5409 tur
538 5335 799 5409 tanquam
829 5338 1041 5409 primus
1071 5344 1303 5409 martyr.
1335 5366 1406 5377 —
1434 5336 1523 5409 20.
1551 5335 1674 5409 Act,
1709 5354 1789 5405 vr,
1824 5335 1891 5393 l5
1915 5355 1927 5391 :
1954 5337 2030 5391 Et

426 5406 681 5463 intuentes
713 5406 847 5464 θωπί
865 5425 1040 5463 omnes
1078 5406 1327 5464 viderunt
1382 5407 1576 5474 faciem
1624 5406 1737 5477 ejus
1775 5416 2029 5477 tanquam

425 5479 614 5553 faciem
661 5481 857 5553 angeli.
886 5479 1169 5553 egi-24.
1216 5481 1340 5537 Act.
1373 5496 1473 5547 vn,
1500 5478 1817 5553 5572—}4.
1853 5478 2026 5548 Cass.,

426 5548 702 5633 gaudebat.
736 5548 926 5633 '—_-26.
971 5551 1128 5619 Beb.,
1157 5558 1421 5633 pressant:
1458 5577 1519 5633 :-
1550 5551 1640 5608 27.
1687 5548 1864 5619 Cass.,
1896 5568 2031 5606 con-

417 5621 632 5691 jurant.
662 5651 736 5666 -—
781 5624 1015 5679 limus
1051 5621 1345 5680 SECDNDUS.
1388 5623 1442 5679 8.
1478 5621 1652 5690 Cass.,
1681 5639 1862 5677 amore
1891 5639 2029 5679 mor-

430 5693 538 5762 gis;
577 5691 701 5748 Lib.
740 5694 795 5749 S.
849 5693 1135 5750 Benedicti
1183 5694 1241 5750 in
1302 5711 1411 5762 quo
1460 5693 1760 5751 Cassander
1809 5709 2029 5750 carmen

430 5762 736 5835 indagavit,
784 5770 1150 5836 contemptum.
1187 5793 1249 5805 κ-
1280 5762 1367 5823 13.
1400 5765 1573 5836 Cass.,
1630 5772 1688 5823 at
1725 5765 1817 5822 ille
1846 5766 2030 5822 calum

2133 4689 2214 4743 Ita
2243 4687 2390 4743 enim
2426 4689 2520 4745 Fr.
2551 4707 2563 4745 :
2610 4711 2629 4735 ‹
2656 4689 2746 4770 _C.
2773 4687 3119 4772 philosophus
3146 4690 3205 4745 in
3231 4687 3354 4818 {arb
3384 4687 3751 4816 progosuerat

2134 4760 2195 4814 de
2239 4765 2529 4818 contemptu
2574 4760 2734 4818 hujus
2760 4761 2946 4817 mundi
2989 4768 3226 4818 snectacu
3251 4779 3359 4818 um.
3391 4768 3451 4817 ut
3516 4778 3616 4817 uos
3644 4777 3751 4818 Ju-

2134 4760 2195 4814 de
2239 4765 2529 4841 contemptu
2760 4759 2947 4817 mundi
2981 4759 3451 4841 spectaculum,ut
3478 4759 3616 4841 duos

2133 4848 2280 4905 venes
2308 4830 2509 4901 fratres
2551 4830 2864 4901 ditissimos,
2886 4830 3030 4905 quos
3053 4832 3249 4904 fecerat
3275 4834 3530 4889 distracto
3556 4832 3757 4905 patri-

2133 4903 2308 4976 monio
2353 4919 2580 4976 gemmas
2627 4920 2792 4959 emere
2844 4904 3104 4974 singulas,
3166 4922 3300 4976 quas
3352 4906 3410 4976 in
3468 4903 3756 4976 conspectu

2134 4973 2368 5048 omnium
2385 5045 2393 5048 Α
2411 4974 2721 5048 frangerent
2746 4973 2962 5048 populo.
3000 4977 3151 5043 Quod
3174 4973 3316 5032 'cum
3342 4975 3581 5048 facerent
3595 4973 3756 5047 ’ρυε-

2134 5047 2206 5110 ri,
2255 5045 2470 5117 contigit
2515 5053 2574 5101 ut
2623 5045 2761 5119 inde
2792 5045 3077 5103 transitum
3105 5049 3313 5104 haberet
3344 5045 3417 5105 'S.
3450 5045 3753 5119 apostolus.

2135 5120 2209 5174 Et
2249 5134 2537 5174 convocans
2586 5118 2658 5173 ad
2703 5135 2755 5173 se
2786 5119 2846 5175 ϐ.
2897 5119 3023 5175 ait:
3056 5121 3262 5177 Stultus
3316 5125 3393 5175 est
3438 5118 3534 5175 iste
3563 5119 3758 5173 mundi

2136 5196 2475 5261 contemptus,
2521 5190 2613 5261 qui
2642 5191 2910 5246 hominum
2954 5207 3046 5246 ore
3077 5192 3335 5247 laudatur
3362 5198 3413 5247 et
3437 5191 3620 5247 divino
3642 5190 3755 5261 ju-

2136 5261 2273 5335 dicio
2326 5263 2726 5335 condemnatur.
2789 5263 2924 5320 Cum
2969 5264 3368 5334 aliquantulum
3427 5263 3750 5335 litigassent,

2140 5334 2303 5406 Grato
2337 5350 2348 5388 :
2395 5334 2766 5406 Fac,_inquit,
2820 5333 3071 5405 gemmas
3092 5335 3480 5406 redintegrari,
3510 5333 3571 5389 ut
3601 5333 3754 5406 quod

2136 5422 2224 5478 ego
2269 5403 2371 5475 feci
2409 5406 2482 5478 ad
2522 5403 2728 5475 famam
2763 5403 3054 5475 hominum,
3108 5413 3163 5462 tu
3192 5403 3367 5477 facias
3418 5407 3494 5463 ad
3518 5403 3751 5478 gloriam

2136 5477 2251 5546 ejus
2298 5477 2436 5549 fieri,
2480 5494 2633 5546 quem
2664 5483 2811 5532 tuum
2856 5478 3173 5549 magistrum
3201 5495 3307 5534 esse
3344 5477 3745 5534 commemoras.

2146 5551 2289 5607 Tunc
2348 5550 2415 5605 B.
2465 5549 2715 5623 Joannes,
2770 5550 3017 5622 colligens
3052 5549 3376 5623 fragmenta
3422 5564 3752 5623 gemmarum

2137 5628 2187 5677 et
2241 5636 2442 5693 ponens
2498 5621 2557 5676 in
2610 5637 2774 5693 manu
2840 5638 2960 5691 sua,
3018 5622 3239 5677 elevavit
3288 5621 3468 5678 oculos
3510 5621 3585 5677 ad
3623 5636 3748 5693 ραι

2142 5691 2265 5765 lum"
2304 5698 2351 5746 et
2401 5693 2608 5765 dixit...
2661 5692 2924 5765 Sequitur
2976 5693 3173 5761 oratio,
3226 5710 3258 5749 a
3294 5694 3409 5750 Deo
3459 5691 3742 5760 exaudita,

2140 5763 2478 5824 Coaluerunt
2506 5764 2654 5821 enim
2685 5763 3026 5837 gemmarum
3056 5765 3383 5838 fragmenta.
