4068 6186
316 278 451 337 1249

743 443 915 541 ω·
981 538 991 541 _
1425 388 2085 541 ἓὲὲέἓῗεῖῗέ

625 537 705 593 De
736 538 793 594 S.
824 536 1037 606 Agnete.
1424 533 1677 589 Audiens
1696 533 1913 606 famam
1941 532 2176 606 virginis

300 638 473 713 Agnis
498 636 671 693 beatae
698 631 942 713 virginis

300 705 513 769 Natalis
539 714 642 774 est,
674 722 799 778 quo
812 705 1068 778 spiritum

303 783 453 841 C(elo
482 776 707 836 refudit
718 776 969 832 debitum

304 855 400 911 Pio
429 858 641 909 sacrata
672 847 955 919 sanguine.

303 943 513 999 Matura
548 938 816 1016 martyrio
849 936 998 1016 fuit,
1336 931 1371 989 5

302 1016 513 1071 Matura
538 1009 790 1067 nondum
821 1009 1051 1080 nuptiis,

302 1086 540 1143 Nutabat
567 1083 625 1138 in
656 1081 794 1136 viris
822 1079 978 1148 fides,

304 1157 541 1215 Cedebat
568 1162 623 1210 et
651 1153 828 1209 fessus
856 1166 1045 1208 senex.

302 1248 450 1304 Metu
475 1253 728 1318 parentes
744 1241 956 1318 territi,

304 1308 618 1377 Claustrum
650 1314 893 1388 pudoris
908 1308 1197 1382 auxerant,
1306 1308 1373 1366 10

304 1388 484 1446 Solvit
511 1385 946 1444 fores—custodiae

303 1461 465 1518 Fides
490 1459 667 1516 teneri
697 1457 899 1514 nescia.

302 1550 538 1607 Prodere
566 1548 692 1621 quis
724 1552 959 1621 nuptum
990 1551 1146 1616 putet

304 1623 393 1679 Sic
421 1622 545 1677 laeta
573 1616 667 1673 vul
679 1625 739 1672 tu
767 1616 1011 1682 ducitur,

304 1694 486 1750 Novas
510 1706 643 1746 vero
672 1688 854 1744 ferens
885 1701 1015 1767 opes
1306 1683 1373 1741 l5

307 1766 507 1822 Dotata
532 1777 700 1820 censu
731 1766 1035 1831 sanguinis.

307 1855 444 1911 Aras
471 1850 695 1909 nefandi
725 1849 981 1906 numinis

308 1926 542 1983 Adolere
566 1922 726 1980 taedis
753 1922 969 1983 cogitur
995 1936 1007 1974 :

308 1995 619 2070 Respondet
636 1988 847 2070 3_Haud
876 1991 1012 2070 tales
1036 1988 1181 2045 faces

308 2056 598 2141 Sunipsere
625 2064 831 2124 Christi
869 2062 1134 2135 virgines.
1305 2056 1375 2115 20

309 2157 411 2233 llic
439 2156 585 2233 ignis
614 2152 916 2233 exstinguit
944 2149 1133 2233 ﬁdem,

308 2229 434 2285 Haec
460 2227 679 2283 flamma
710 2227 896 2281 lumen
922 2227 1110 2289 eripit,

308 2300 431 2368 Hic,
461 2298 553 2354 hic
582 2298 763 2361 ferite,
793 2303 855 2350 ut
883 2298 1097 2368 proﬂuo

309 2365 516 2429 Cruore
544 2365 889 2437 restinguam'
912 2365 1076 2420 faces.

310 2462 631 2518 Percussam
658 2473 822 2530 quam
844 2472 1099 2530 pompam
1119 2453 1271 2523 tulit,
1310 2453 1379 2511 25

313 2533 451 2609 Nam
479 2528 917 2609 veste_s'e.totam
953 2528 1105 2609 tegit,

313 2605 514 2662 Curam
546 2599 773 2674 pudoris
800 2599 1060 2673 praestitit

310 2676 390 2733 Ne
415 2674 540 2749 quis
568 2680 827 2729 retectam
859 2678 1124 2729 cerneret.

313 2765 378 2821 In
407 2769 583 2819 morte
612 2761 839 2818 vivebat
866 2760 1044 2833 pudor
1075 2778 1086 2817 :

313 2836 656 2906 Vultumque
685 2840 898 2906 texerat
925 2848 1115 2906 manu,

316 2907 538 2964 Terram
567 2903 713 2977 genu
738 2903 884 2977 flexo
915 2904 1049 2977 petit

315 2978 495 3051 Lapsu
523 2974 836 3034 verecundo
861 2974 1079 3031 cadens.

315 3066 503 3125 Gloria
528 3065 654 3135 tibi,
687 3064 943 3133 Domine,
975 3073 1079 3122 etc.

739 3181 937 3239 LXVI.

641 3271 720 3329 De
750 3272 805 3327 s.
835 3270 1066 3341 Agatha.

316 3376 544 3459 égathm
574 3391 740 3459 sacrae
771 3374 1009 3459 virginis

315 3448 477 3506 Diem
506 3448 708 3504 festum
748 3448 1003 3513 colimus,

316 3521 380 3592 In
410 3535 540 3592 quo,
568 3518 789 3592 devicto
818 3526 1080 3592 tyranno,

317 3589 562 3647 Palmam
593 3589 745 3646 subit
774 3589 1050 3662 martyrii.

1400 262 1625 323 HYMNI
1664 264 1720 320 8.
1762 261 2117 321 AMBROSIO
2159 258 2555 319 ATTRIBUTI.

1424 606 1682 661 Fremere
1706 604 1873 677 coepit
1901 604 2150 660 invidus.

1424 696 1704 752 Vitiorum
1734 694 2021 751 affectibus

1423 768 1663 823 Mentem
1693 766 1929 823 vexabat
1959 763 2233 834 invidam,
2431 760 2497 818 10

1424 840 1495 896 Ut
1525 840 1641 895 Deo
1672 838 1910 895 dicatam
1938 836 2210 910 virginem

1426 910 1637 968 [tabido
1666 926 1759 966 ore
1794 910 2108 982 perimeret.

1424 1000 1623 1056 Statim
1655 999 1857 1055 adsunt
1880 998 2070 1055 miseri

1424 1071 1561 1151 Ejus
1589 1072 1683 1151 qui
1722 1067 2196 1151 vellentpandere

1426 1136 1769 1215 Religionem
1799 1136 2228 1215 sanctissimam,
2432 1136 2499 1193 15

1426 1212 1599 1282 Quam
1630 1222 1779 1270 tenet
1806 1214 1874 1269 ab
1901 1212 2155 1269 infantia.

1426 1303 1557 1375 Sisti
1583 1302 1740 1375 jubet
1766 1311 2066 1375 martyrem

1425 1374 1550 1430 Suis
1589 1374 1965 1431 tribunalibus

1429 1447 1500 1519 Et
1530 1461 1646 1519 eam
1678 1446 1759 1503 sic
1778 1446 2109 1519 alloquitur,

1427 1518 1497 1574 Ut
1526 1517 1612 1574 dis
1641 1516 1931 1575 cervicem—
1943 1518 2209 1576 ﬂecteret.
2427 1516 2498 1575 20

1426 1607 1533 1663 Sed
1561 1607 1693 1663 dum
1720 1608 1803 1662 nil
1833 1608 1981 1663 valet
2006 1606 2224 1664 insania

1428 1680 1488 1752 In
1519 1694 1759 1734 mamma
1787 1687 2007 1752 torquet
2036 1679 2333 1752 virginem,

1427 1751 1498 1806 Et
1526 1757 1693 1805 testas
1721 1749 2069 1806 acutissimas

1428 1821 1546 1893 lgni
1576 1836 1865 1877 succensas
1891 1819 2139 1877 adhibet.

1428 1907 1599 1981 Cujus
1627 1906 1911 1981 medendis
1941 1907 2168 1965 artubus

1428 1979 1662 2036 Sanctus
1689 1979 1843 2035 adest
1880 1981 2182 2051 apostolus,

1428 2052 1533 2119 Qui
1564 2051 1733 2107 verbo
1761 2058 1918 2107 curat
1947 2051 2179 2107 vulnera

1429 2124 1561 2191 Qua:
1591 2130 1862 2195 tyrannus
1890 2120 2190 2179 inflixerat.

1430 2210 1643 2283 Dehinc
1671 2210 2080 2283 adsepulcrum
2110 2213 2339 2271 veniens

1430 2282 1657 2339 Iuvenis
1684 2282 2187 2354 splendidissimus,
2431 2282 2499 2341 30

1431 2355 1670 2427 Mentem
1697 2362 1940 2427 sanctam
1958 2355 2233 2427 Apraadicat

1431 2426 1628 2482 Patriae
1658 2426 1891 2483 salutem
1918 2425 2237 2497 plurimam.

1852 2551 2074 2608 LXVII.

1574 2639 1811 2713 Hymnus
1851 2642 2357 2714 Quadragesimalis.

1733 2730 1844 2803 (Ex
1871 2731 2023 2788 Libr.
2058 2732 2198 2805 vet.)

1435 2836 1524 2910 Ex
1556 2852 1708 2893 more
1736 2835 2152 2910 doctimystico

1436 2908 1729 2981 Servemus
1755 2909 1861 2965 hoc
1884 2908 2184 2981 jejunium,

1436 2981 1591 3036 Deno
1615 2979 1833 3036 dierum
1864 2979 2075 3037 circulo

1437 3052 1617 3108 Ducto
1645 3061 1838 3126 quater
1867 3052 2183 3110 notissimo.

1440 3141 1555 3214 Lex
1583 3148 1638 3197 et
1671 3141 1949 3214 prophetae
1978 3141 2239 3214 primitus

1441 3213 1569 3285 Hoc,
1588 3213 1957 3285 protulerunt,
1980 3213 2342 3285 postmodum

1441 3283 1695 3342 Christus
1724 3284 1979 3352 sacravit,
1998 3283 2257 3340 Vomnium

1442 3356 1559 3413 Rex
1588 3362 1750 3428 atque
1776 3356 1953 3412 factor
1980 3363 2311 3428 temporum.

1442 3446 1677 3519 Utamur
1704 3462 1832 3519 ergo
1862 3446 2082 3519 parcius

1443 3518 1666 3590 Verbis,
1694 3518 1835 3590 cibis
1862 3526 1916 3573 et
1944 3518 2185 3590 potibus,

1444 3589 1671 3657 Somno,
1695 3589 1859 3663 jocis,
1890 3589 1961 3646 eti
1976 3590 2181 3647 arctius

3480 259 3619 317 1250

2462 384 2498 442 Β
2551 382 2866 440 Perstemus
2896 382 2952 438 in
2978 381 3248 440 custodia.

2552 474 2808 532 Vitemus
2835 482 3016 529 autem
3045 473 3299 545 pessima,

2552 546 2684 619 Quae
2717 546 2993 619 subruunt
3021 552 3237 619 mentes
3251 561 3422 619 vagas
3443 564 3457 615 ;

2551 618 2889 690 Nullumque
2917 616 3111 672 demus
3136 616 3355 690 callido
3553 622 3619 677 15

2553 688 2709 745 Hosti
2739 686 2918 744 locum
2950 686 3286 760 tyrannidis.

2552 780 2811 836 Dicamus
2840 792 3031 832 omnes
3060 777 3275 846 cernui,

2552 852 2866 907 Clamemus
2894 856 3056 920 atque
3084 848 3311 920 singuli,

2553 923 2837 977 Ploremus
2865 918 2990 976 ante
3018 918 3283 990 judicem,

2553 994 2865 1049 Flectamus
2894 992 3033 1047 iram
3065 991 3367 1048 vindicem.
3557 994 3625 1049 20

2551 1080 2769 1136 Nostris
2798 1080 2958 1136 malis
2987 1079 3323 1137 offendimus

2553 1153 2747 1223 Tuam,
2779 1152 2943 1223 Deus,
2977 1152 3354 1223 clementiam,

2552 1222 2790 1305 Effunde
2824 1222 2985 1305 nobis
3006 1223 3253 1305 desuper

2555 1295 2836 1353 Remissor
2864 1294 3292 1366 indulgentiam.

2551 1385 2836 1459 Memento
2856 1386 2999 1459 quod
3016 1401 3224 1459 sumus
3256 1384 3338 1441 tui
3561 1385 3630 1443 25

2551 1456 2705 1531 Licet
2741 1456 2933 1531 caduci
2973 1457 3274 1531 plasmatis,

2552 1529 2629 1584 Ne
2657 1528 2754 1585 des
2783 1528 3049 1585 honorem
3083 1528 3330 1585 nominis

2552 1598 2678 1668 Tui,
2708 1617 3019 1672 precamur,
3052 1600 3236 1657 alteri.

2554 1690 2703 1765 Laxa
2733 1692 2939 1765 malum
2972 1691 3120 1765 quod
3150 1691 3442 1764 gessimus,

2552 1760 2707 1836 {auge
2733 1760 2941 1817 bonum
2972 1760 3121 1836 quod
3150 1760 3451 1836 poscimus,
3558 1765 3627 1823 30

2552 1832 2776 1906 Placere
2806 1849 2923 1906 quo
2946 1832 3169 1889 tandem
3196 1833 3301 1891 tibi

2427 1908 2498 1965 25
2551 1902 2838 1960 Possimus
2869 1902 2963 1960 hic
2992 1914 3047 1962 et
3072 1906 3363 1978 perpetim.

2675 2028 2934 2098 Ejusdem
2963 2029 3145 2099 hymni
3172 2028 3288 2085 alia
3318 2027 3489 2086 lectio.

2833 2133 2945 2206 (Ex
2976 2133 3140 2190 Brev.
3173 2136 3363 2207 Rom.)

2551 2233 2640 2289 Ex
2670 2247 2821 2287 more
2851 2230 3001 2304 docti
3023 2232 3273 2304 mystico

2552 2304 2845 2386 Servemus
2885 2302 2991 2359 hoc
3014 2300 3316 2386 jejunium,

2551 2378 2708 2434 Deno
2734 2373 2951 2431 dierum
2983 2373 3194 2431 circulo

2553 2449 2732 2505 Ducto
2761 2453 2955 2519 quater
2981 2445 3295 2502 notissimo.

2558 2537 2674 2592 Lex
2703 2542 2758 2592 et
2786 2533 3067 2660 prophetae
3099 2534 3363 2607 primitus
3607 2535 3641 2592 5

2558 2608 2673 2660 Hoc
2701 2612 2873 2660 nraetu
2902 2612 3085 2660 erunt.
3118 2606 3472 2660 postmodum

2557 2608 2673 2663 Hoc
2701 2606 3085 2678 praetulerunt,
3102 2606 3472 2678 postmodum

2557 2676 2811 2737 Christus
2839 2676 3097 2742 sacravit,
3120 2676 3384 2733 omnium

2557 2751 2676 2808 Rex
2702 2755 2865 2821 atque
2893 2748 3069 2805 factor
3092 2755 3430 2821 temporum.

2558 2838 2791 2910 Utamur
2818 2853 2947 2910 ergo
2980 2836 3201 2910 parcius

2559 2909 2781 2977 Verbis,
2809 2906 3057 2980 ciliis,’et
3086 2906 3333 2980 potibus,
3565 2906 3633 2963 10

2560 2980 2788 3049 Somno,
2814 2978 2977 3052 jocis,
3005 2987 3056 3036 et
3086 2978 3294 3052 arctius

2560 3051 2872 3109 Perstemus
2901 3052 2959 3107 in
2982 3051 3255 3108 custodia.

2473 3141 2510 3199 5
2563 3143 2816 3201 Vitemus
2845 3149 3030 3199 autem
3058 3142 3248 3211 noxia,

2563 3213 2696 3283 Quae
2725 3215 3001 3286 subruunt
3030 3222 3241 3269 mentes
3266 3229 3433 3286 vagas
3459 3231 3473 3281 ;

2563 3287 2899 3359 Nullumque
2927 3285 3121 3340 demus
3148 3283 3363 3359 callidi'
3569 3284 3636 3340 l5

2565 3357 2751 3414 Hostis
2779 3355 2963 3413 locum
2993 3355 3301 3427 tyrannidi.

2565 3447 2877 3504 Flectamus
2906 3445 3046 3500 iram
3072 3444 3353 3502 vindicem

2446 3517 2513 3575 10
2567 3518 2858 3574 Ploremus
2887 3525 3014 3573 ante
3042 3515 3290 3589 judicem

2570 3589 2884 3647 Clamemus
2917 3605 3011 3646 ore
3038 3588 3300 3661 supplici,

389 3704 557 3763 LXV.
591 3736 663 3779 -_-
695 3704 941 3778 Antiquo
985 3704 1440 3779 cultu_splendet
1483 3706 1540 3762 in
1582 3705 1830 3764 Ecclesia
1868 3706 1923 3764 S.
1952 3711 2003 3770 Α
2036 3705 2107 3779 ad
2140 3704 2403 3779 carminis
2431 3705 2576 3779 leges
2617 3705 2862 3779 exegisse
2896 3705 3121 3779 scimus.
3172 3703 3443 3762 Caeterum
3467 3703 3645 3779 _vides

316 3776 520 3903 Atgnes,
570 3776 726 3849 virgo
766 3784 820 3832 et
850 3776 1090 3848 martyr.
1142 3776 1311 3833 Tenet
1356 3778 1537 3835 locum
1583 3778 1641 3834 in
1690 3796 1921 3847 canone,

317 3865 351 3903 ο
413 3849 562 3903 cium
609 3848 669 3903 in
698 3848 847 3903 Sacr.
897 3848 1148 3903 Gregorii
1198 3849 1483 3903 uronrium
1513 3866 1639 3903 cum
1671 3850 1921 3903 Drmfati-

317 3848 562 3904 ofﬁcium
609 3848 677 3919 in
698 3848 847 3903 Sacr.
897 3848 1148 3919 Gregorii
1198 3849 1483 3919 proprium
1513 3850 1925 3919 cumiprzefati-

319 3866 562 3904 omcium
609 3866 669 3903 in
698 3866 847 3903 Sacr.
897 3866 1148 3918 uregoru
1198 3866 1296 3919 pro
1338 3866 1483 3905 rium
1513 3866 1639 3907 cum
1671 3866 1920 3919 praeran-

319 3934 431 3989 one
470 3918 714 3989 propria,
768 3934 838 3970 ex
892 3917 1095 3989 decreti
1144 3919 1229 3970 Pii
1262 3866 1571 3973 Vpcultum
1620 3918 1920 3989 duplicem,

320 3984 561 4059 psalsz
576 3984 647 4059 de
668 3985 952 4059 communi
972 3984 1221 4039 virorum
1246 3994 1562 4059 sanctorum
1583 3984 1920 4059 martyrum.

324 4055 555 4127 Accedit
584 4055 880 4127 singularis
927 4055 1126 4127 honos,
1160 4055 1306 4127 quod
1341 4065 1536 4112 octavo
1567 4056 1658 4112 die
1685 4055 1923 4113 celebra-

321 4134 413 4183 tur
442 4126 555 4200 ritu
597 4124 838 4200 simplici
881 4126 1095 4200 Agnetis
1127 4124 1372 4200 secuudo,
1421 4128 1492 4184 ob
1524 4129 1925 4200 apparitionem

323 4198 553 4271 Agnetis
582 4196 904 4271 parentibus
931 4199 1130 4271 factam
1162 4205 1216 4271 et
1246 4196 1744 4271 Constantia—imam
1769 4201 1926 4257 Octa-

323 4268 449 4325 vam
494 4268 635 4325 illud
682 4269 886 4324 festum
936 4268 1425 4340 appellarivetant
1476 4270 1829 4340 Rubricistaa,
1874 4280 1929 4327 et

324 4350 491 4410 recte,
521 4358 649 4398 cum
678 4340 874 4396 diebus
903 4338 1077 4412 usque
1106 4338 1175 4395 ad
1204 4339 1273 4396 28
1305 4338 1449 4412 diem
1483 4342 1751 4410 Januarii,
1788 4338 1925 4398 mul-

323 4413 377 4468 la
404 4412 501 4492 fiat
524 4414 582 4492 S_.
615 4412 843 4492 Agnetis
884 4410 1113 4492 mentio.
1161 4412 1373 4492 Tamen
1397 4410 1457 4467 in
1500 4414 1793 4492 permultis
1825 4431 1931 4492 ve-

327 4484 494 4540 tustis
544 4482 837 4540 breviariis
867 4482 1094 4554 ponitur
1127 4489 1312 4555 octava
1342 4482 1589 4555 Agnetis.
1635 4484 1835 4541 Noster
1861 4485 1931 4542 de

326 4555 382 4611 S.
414 4555 653 4637 Martyre
700 4555 943 4681 lliEymnus
972 4561 1155 4609 exstat
1180 4554 1238 4609 in
1269 4554 1428 4611 Brev’.
1462 4554 1550 4613 Cs.
1584 4556 1743 4637 .apud
1773 4556 1932 4637 Tho-

328 4643 563 4681 masium
612 4635 666 4681 et
760 4626 1076 4681 llingerum.
1108 4655 1178 4666 —
1210 4626 1259 4681 1.
1312 4626 1497 4681 Patres
1546 4627 1806 4681 gignendi
1845 4646 1929 4681 ca-

328 4626 572 4682 masium‘
612 4635 666 4699 et
708 4626 1077 4699 Eliingeijum.
1108 4655 1178 4699 A—
1210 4626 1497 4699 LAPatres
1545 4626 1806 4699 gignendi
1845 4646 1929 4684 ca-

330 4713 452 4754 sum
500 4697 656 4771 vocis
707 4696 883 4771 Agnes
924 4696 1400 4771 duplici_ra_tione
1446 4696 1684 4770 ﬁngunt,
1734 4701 1929 4771 Agnes,

328 4767 786 4842 Agnetis,_Agnis,
821 4770 1004 4842 Agnw,
1035 4776 1097 4823 ut
1127 4767 1459 4842 abgigatha,
1489 4767 1690 4842 Agathe
1713 4778 1766 4826 et
1788 4767 1929 4842 'Agaf

333 4839 449 4913 ιζιὶε.
482 4839 774 4913 Vide_quae
803 4839 1142 4913 adnotarunt
1188 4839 1583 4913 PPLSaMauri
1631 4839 1931 4913 passim'ad

331 4910 590 4985 Gregorii
628 4910 1076 4985 Sacrament._:-
1100 4910 1155 4978 5,
1187 4910 1580 4985 6.A'l‘redecim_
1602 4910 1719 4969 erat
1761 4930 1929 4969 anno-

333 4981 475 5039 rum'.
521 4982 607 5040 Cf.
643 4981 851 5053 ,Ambr.
884 4981 951 5037 de
982 4981 1137 5053 Virg.
1173 4999 1215 5053 1,
1244 4981 1278 5037 2
1310 4999 1322 5037 :
1378 5005 1396 5028 ι
1426 4982 1684 5039 Nondum
1733 4984 1931 5040 idonea

2032 3778 2145 3833 fere
2196 3778 2455 3833 omnibus
2489 3775 2763 3833 'versibu's
2794 3778 2971 3832 lucem
3019 3776 3240 3830 allatam
3276 3791 3391 3830 esse
3419 3775 3645 3832 adnota-

2034 3848 2283 3903 tionibus
2314 3848 2523 3917 hymno
2559 3848 2620 3901 11
2667 3847 2922 3917 aspersis.
2969 3876 3039 3886 —
3062 3845 3313 3917 22._Vat.
3346 3844 3437 3912 82,
3478 3862 3644 3917 mam-

2034 3864 2283 3903 tioninus
2315 3864 2346 3902 n
2393 3864 2523 3902 mno
2559 3864 2620 3901 ιι
2667 3864 2922 3917 aspersis.
2969 3876 3039 3886 —
3069 3864 3154 3900 zz.
3198 3864 3313 3901 vat.
3346 3864 3437 3912 az,
3478 3864 3644 3900 mam-

2032 3864 2400 3997 mam.
2429 3917 2557 3997 _Id.,
2598 3917 2932 3996 praedicans.
2958 3945 3030 3957 —
3054 3914 3238 3997 28-32.
3282 3916 3372 3970 Fr.
3407 3933 3419 3971 :
3463 3939 3499 3997 ne
3530 3916 3646 3970 Po-

2034 3995 2266 4043 suerunt
2311 3985 2624 4044 Christiani
2643 3986 2933 4059 corpusin
2968 3986 3231 4059 sepulcro
3258 4001 3424 4059 novo.
3459 3985 3640 4059 Cum-

2036 4074 2142 4131 que
2169 4059 2553 4131 collocaretur,
2587 4054 2994 4131 venit—quidam
3030 4054 3266 4127 “juvenis
3314 4055 3506 4131 sericis
3549 4072 3640 4111 ve-

2038 4125 2215 4185 stibus
2272 4125 2732 4202 indut_us,i_qu_em
2780 4125 3435 4202 sequebantpnamplius
3479 4142 3643 4202 quam

2037 4209 2260 4281 centum
2286 4199 2447 4281 pueri
2477 4197 2661 4281 albati
2697 4210 2750 4256 et
2780 4197 3422 4281 puichri.LE_t_i.ntroiv'it
3450 4197 3521 4281 ad
3550 4197 3643 4254 lo-

2037 4288 2163 4328 cum
2203 4268 2309 4326 ubi
2349 4270 2737 4339 condiebatur,
2781 4268 2839 4327 ct
2870 4270 3067 4343 posuit
3110 4268 3188 4324 ibi
3230 4269 3475 4343 tabulam
3505 4269 3643 4325 bre-

2038 4360 2162 4398 vem
2216 4359 2600 4410 marmoream,
2652 4343 2746 4399 ubi
2776 4341 3042 4414 scriptum
3072 4347 3154 4395 est
3187 4358 3199 4395 :
3230 4341 3473 4414 ,Mengtem
3509 4358 3645 4396 san-

2039 4421 2175 4469 ctam
2203 4421 2567 4486 spontaneum,
2599 4415 2849 4486 honorem
2880 4411 2981 4486 Deo
3012 4419 3060 4468 et
3084 4411 3645 4486 patrimiibationqm.

2040 4486 2109 4541 Et
2139 4482 2248 4541 tam
2279 4484 2376 4541 diu
2406 4485 2484 4541 ibi
2515 4485 2669 4542 stetit
2699 4484 2924 4556 juvenis
2952 4482 3130 4556 donec
3156 4483 3478 4556 sepulcrum
3525 4482 3646 4556 ejus

2040 4574 2167 4614 cum
2206 4556 2494 4628 diligentia
2539 4554 2929 4628 clauderetur._
2956 4556 3029 4628 Et
3070 4554 3370 4628 abscedens
3415 4555 3650 4628 ulterius

2040 4644 2151 4683 non
2199 4624 2351 4683 visus
2391 4636 2474 4685 est
2519 4629 2578 4684 in
2622 4635 2734 4684 tota
2778 4626 3064 4699 provincia
3109 4625 3447 4699 Siculorum,
3500 4624 3647 4682 unde

2040 4707 2263 4773 nonest
2276 4699 2521 4773 dubium
2554 4699 2690 4773 quin
2708 4696 2941 4773 angelus
2966 4697 3066 4754 Dei
3098 4696 3341 4773 fueritn-

2112 4767 2673 4827 LXVII.—Plurimas
2705 4767 2965 4826 Ecclesiae
2991 4768 3271 4841 canebant
3297 4767 3446 4841 hunc
3476 4767 3654 4841 hym—

2042 4857 2187 4915 num
2209 4850 2453 4915 tempore
2482 4841 2953 4915 ,Quadragesimali
2984 4841 3182 4915 (usque
3209 4840 3278 4915 ad
3308 4840 3649 4915 dominicam

2042 4908 2341 4984 Passionis)
2375 4913 2443 4969 ad
2470 4908 2838 4980 Nocturnum,
2888 4908 3055 4984 idque
3092 4908 3165 4984 Iit
3189 4911 3354 4984 etiam
3390 4909 3555 4984 hodie
3588 4908 3646 4984 in

2044 4986 2288 5041 Romana
2322 4978 2597 5057 Ecclesia.
2627 4986 2697 5057 Ιιι⁸
2734 4978 3065 5057 quibusdam
3088 4981 3443 5057 dioecesibus
3475 4980 3560 5050 (ut
3592 4978 3650 5034 in

336 5070 507 5137 pcuuae
556 5052 994 5137 etjam‘matura
1024 5051 1335 5137 victoriae.)
1379 5083 1450 5094 —
1480 5054 1568 5122 13,
1613 5054 1883 5137 ΜηΜωι
1917 5074 1932 5137 ξ
1973 5065 2018 5123 Β
2051 5056 2516 5137 Halberstadensi,
2545 5051 3153 5137 yagdeburgensital.)
3186 5051 3411 5137 duabus,
3426 5056 3650 5137 tantum

348 5149 365 5171 ι
403 5125 526 5180 Non
579 5124 662 5196 sic
701 5124 771 5180 ad
817 5124 1125 5179 thalamum
1179 5131 1349 5194 nupta
1406 5133 1721 5196 properaret
1766 5135 1828 5183 ut
1868 5126 1938 5183 ad

334 5195 593 5267 supplicii
637 5195 819 5252 locum
856 5196 980 5251 laeto
1021 5210 1275 5251 successu
1310 5196 1463 5267 virgo
1504 5195 1778 5268 pervenit.
1809 5222 1826 5245 ι
1870 5228 1936 5239 -

340 5266 425 5323 13.
460 5267 582 5322 Vat.
617 5266 708 5325 82.
737 5265 868 5325 Ed..
925 5266 1146 5325 Thom..
1206 5272 1443 5325 nuptam.
1476 5298 1548 5308 —
1578 5268 1666 5325 25.
1697 5268 1821 5325 Vat.
1845 5269 1936 5325 82.

340 5284 425 5323 ω.
469 5284 582 5322 vat.
617 5284 708 5335 az,
737 5284 868 5335 δα,
926 5284 1146 5334 ·ιήοιη.,
1206 5284 1443 5337 nuptam.
1476 5298 1548 5308 —
1578 5284 1666 5325 zz).
1707 5284 1821 5325 vat.
1845 5284 1936 5337 82,

340 5284 425 5323 ω.
469 5284 582 5322 vat.
617 5284 708 5335 az,
737 5284 868 5335 ιω,
926 5284 1146 5334 1nom.,
1206 5284 1443 5338 nuptam.
1476 5298 1548 5308 —
1578 5284 1666 5325 zz).
1707 5284 1821 5325 vat.
1845 5284 1936 5337 az,

334 5353 552 5418 pompa.
593 5337 674 5393 Ita
702 5339 905 5410 legitur
933 5336 1281 5418 in__Legenda
1326 5337 1384 5418 8ζ
1415 5338 1674 5418 Agnetis:
1721 5340 1941 5418 ¢_J_ussit

338 5407 627 5483 praefegtus
665 5407 785 5465 eam
828 5407 1125 5483 exspoliari
1171 5416 1226 5463 et
1273 5407 1657 5483 nudamfuduci
1687 5409 1757 5466 ad
1789 5411 1939 5483 lupa-

338 5478 457 5536 nar.
491 5479 722 5554 Tantam
750 5478 1290 5554 autemidensitatem
1348 5480 1565 5552 capillis
1593 5480 1713 5554 ejus
1743 5478 1939 5538 Domi-

339 5568 447 5608 nus
475 5551 735 5628 contulit,
766 5559 830 5606 ut
859 5550 1056 5605 melius
1080 5550 1299 5628 capillis
1327 5550 1491 5625 quam
1521 5550 1768 5610 vestibus
1798 5562 1941 5628 tege-

343 5631 585 5697 retum:
603 5622 717 5691 Cs.,
743 5638 1017 5697 percugsa.
1039 5652 1111 5697 -_—;
1138 5622 1226 5679 26.
1260 5622 1376 5697 Csf,
1410 5630 1594 5697 tegens.

411 5693 610 5767 LXVI.
640 5725 712 5735 —
742 5693 845 5767 Br._
887 5693 1001 5760 Cs.,
1051 5693 1400 5767 Thomasius,
1442 5693 1475 5767 ,é
1517 5695 1639 5754 cod.
1689 5696 1816 5754 Vat.
1849 5697 1940 5767 82,

342 5772 398 5822 et
424 5765 742 5839 Ellingerus
788 5765 932 5823 libro
958 5765 1220 5836 secundo,
1252 5766 1312 5823 in
1344 5766 1453 5841 quo
1482 5784 1673 5826 omnes
1703 5765 1942 5843 hymnos

2049 5128 2371 5199 septimanis
2428 5120 2511 5183 in'
2542 5120 2970 5199 Quadragesima
3004 5120 3083 5199 ’in
3133 5120 3497 5199 psallentium
3556 5137 3650 5199 ore

2050 5144 2371 5199 septimanis
2428 5144 2484 5183 in
2542 5144 2760 5195 uuaura
2797 5144 2970 5183 esima
3026 5144 3083 5181 In
3141 5144 3497 5193 psauenuum
3556 5144 3650 5177 ore

2050 5199 2390 5276 versabatur.
2415 5230 2509 5276 _—.
2549 5198 2602 5267 3,
2652 5197 2705 5255 4.
2749 5144 3105 5276 _I’eriphrasis
3162 5189 3652 5276 quadragesimalis

2041 5269 2244 5342 jejunii
2299 5264 2596 5327 Ecclesiae.
2629 5301 2700 5313 —
2742 5268 2796 5325 4.
2844 5264 2911 5325 ΗΣ
2965 5265 3103 5330 Hil.,
3158 5264 3465 5342 novissimo.
3496 5294 3569 5342 -—_-_
3595 5264 3650 5342 (ξ,

2050 5334 2237 5413 Faba,
2266 5343 2645 5413 pertulerunt,
2672 5342 2807 5413 Hil.,
2826 5343 3009 5413 _Au_g.,
3037 5335 3409 5413 prmtulerunt.
3442 5365 3513 5377 —
3536 5334 3651 5393 5-8.

2050 5406 2231 5471 Corn.
2253 5406 2282 5469 ε’
2333 5438 2351 5461 ε
2381 5413 2591 5469 Laudat
2613 5406 2741 5468 'hoc
2762 5406 3049 5481 jejunium
3068 5406 3135 5481 ab
3165 5414 3454 5481 auctorum
3487 5422 3657 5481 prae-

2051 5484 2254 5540 stantia
2278 5503 2291 5540 :
2318 5484 2453 5541 facit
2478 5484 2705 5551 Mosem,
2731 5476 2914 5552 Eliam
2937 5479 3262 5552 prophetam
3291 5485 3346 5552 et
3367 5476 3654 5534 Christum

2051 5554 2169 5623 ejus
2213 5563 2503 5623 auctores;
2564 5562 2650 5611 tot
2690 5548 2853 5608 enim
2902 5548 3006 5623 ipsi
3040 5548 3653 5623 'diesujejunaverunt.

2103 5626 2233 5683 xod.
2265 5644 2427 5697 xxiv,
2462 5620 2565 5695 1'8;
2617 5626 2691 5681 III
2732 5624 2862 5697 Reg.
2903 5620 3026 5691 xix,
3056 5621 3128 5689 8;
3173 5620 3373 5697 ‘Matth.
3406 5635 3495 5697 1v,
3527 5620 3643 5697 2.__-

2051 5699 2241 5756 -11.
2315 5691 2457 5757 Lud.
2517 5691 2575 5753 in
2629 5691 2993 5767 margine,“
3045 5692 3267 5767 arctius.
3323 5722 3394 5732 —
3434 5691 3521 5749 I2.
3577 5692 3657 5767 II,

2047 5778 2380 5844 prmsfemus.
2418 5801 2490 5813 —
2529 5767 2613 5824 14.
2671 5763 2808 5832 ΗίΙῖ,
2866 5766 3127 5841 Wimpf.,
3196 5781 3430 5838 quaque.
3461 5794 3532 5808 -—
3569 5763 3656 5821 16.
