4082 6306
2029 329 2218 341 ι--

969 396 1137 552 ΑΙ)
1243 397 1648 554 θΡΕΙῖΑ
1755 403 1837 558 ἃ

1942 403 2219 560 iﬂ'l‘l
2325 406 2985 567 AMBRIJSII

1350 665 2550 908 ΑΡΨΙΧ.

1436 985 1820 1166 ἦβᾰτβ
1928 979 2391 1163 prima.

846 1223 1291 1276 CUMPUECTENS
1325 1223 1534 1274 OPERA
1569 1223 1608 1272 Α
1642 1223 1837 1274 BENEI

1942 1221 2077 1273 ΓΙθῖἰὲ
2107 1223 2171 1273 ΙΝ
2205 1225 2331 1275 SUA
2367 1225 2673 1279 EDITIONE
2697 1229 2993 1284 ADMISSA.

786 1385 892 1457 IN
949 1383 1366 1455 LIBRUM
1441 1379 2295 1467 SUBSEQUENTEM
2353 1382 3004 1459 ADMONITIO.

331 1522 552 1578 lluncce
586 1529 866 1596 tractatum
892 1518 1118 1596 Romani
1145 1516 1364 1571 editores
1392 1516 1546 1596 primi
1578 1514 1870 1587 vulgarunt.
1915 1517 2030 1596 Qua
2057 1531 2174 1596 vero
2216 1513 2268 1567 id
2301 1515 2513 1584 fecerint
2541 1517 2867 1596 auctoritate,
2908 1537 2975 1573 an
3019 1539 3120 1576 uno
3160 1524 3451 1596 pluribusve
3487 1545 3579 1582 co-

256 1595 456 1649 dicibus
485 1595 618 1658 nixi,
653 1602 701 1647 et
736 1607 916 1646 rursus
943 1607 1008 1643 an
1038 1590 1206 1661 prisca
1234 1586 1482 1643 recentive
1533 1586 1687 1640 manu
1735 1589 1977 1661 exaratis,
2012 1586 2286 1661 admonere
2325 1587 2746 1661 supersederunt.
2795 1588 2908 1645 Nos
2933 1608 2994 1644 ne
3045 1596 3123 1649 vel
3160 1586 3370 1651 unicum
3399 1615 3580 1653 manu-

254 1668 511 1741 scriptum
566 1656 785 1741 usquam
835 1656 1182 1741 deteximus‘:
1222 1661 1582 1741 nihilominus
1617 1668 1787 1712 tamen
1817 1659 2026 1741 “eadem
2080 1656 2192 1741 lucc
2218 1656 2407 1741 .opella
2458 1670 2761 1741 argumenta
2811 1664 3088 1741 suggerit,_
3114 1667 3298 1738 quibus
3343 1670 3578 1741 ejusdem

254 1729 547 1813 suppositio
605 1729 1045 1813 deprehendatur:
1094 1732 1296 1813 Etenim
1347 1741 1402 1786 ut
1431 1731 1756 1813 Ioniitta'mus
1793 1731 2070 1812 discrimen
2125 1729 2250 1800 styli
2292 1746 2354 1783 ac
2393 1732 2650 1813 tractandi
2697 1729 2986 1806 argumenti
3035 1729 3473 1813 discrepantium,
3524 1743 3580 1798 in

249 1783 640 1881 ea'dosepltum,
665 1783 908 1881 inscriptis
935 1806 1096 1881 ipsius
1141 1806 1324 1881 verbis,
1346 1802 1576 1881 subinde
1605 1803 1816 1881 citatum
1850 1803 2080 1881 reperire
2118 1783 2239 1881 esi,
2276 1803 2413 1870 quod
2460 1783 2740 1858 alr/torrere

253 1873 469 1956 negabit
488 1896 661 1956 nemo.
697 1873 814 1935 Sed
851 1873 1228 1956 illudomnein
1265 1875 1553 1956 dubitandi
1587 1873 1721 1956 tollit
1764 1874 2050 1956 rationem,
2102 1873 2239 1956 quod
2281 1875 2434 1945 hujus
2477 1883 2724 1956 tractatus
2758 1877 2954 1956 Auctor
2981 1895 3080 1933 non
3123 1883 3288 1937 solum
3333 1883 3575 1956 Origenis

247 1965 294 2006 et
318 1944 639 2024 "Hieronymi
683 1949 1151 2024 commentationes
1168 1959 1444 2024 utcumque
1481 1954 1574 2024 est_
1602 1945 1856 2024 imitatus,
1904 1959 2080 2024 verum
2125 1945 2280 2024 etiam
2326 1944 2430 2024 non
2471 1961 2591 1998 raro
2627 1949 2844 2024 ipsumet
2881 1948 3187 2023 Hieronymi
3221 1957 3372 2010 verba
3420 1944 3577 2010 usur-

247 2029 406 2095 pavit,
461 2036 508 2081 et
533 2015 985 2095 vlocosﬂOrigenis
1030 2037 1070 2095 ε,
1109 2018 1291 2089 Rufini
1335 2015 1674 2095 translatione
1698 2015 1778 2095 id
1802 2017 2046 2095 temporis
2101 2015 2482 2095 viazdumedita
2535 2019 2718 2095 petitos
2747 2015 3232 2095 exscripsitquurc
3272 2027 3446 2081 omnia
3483 2044 3578 2082 nos

247 2087 316 2150 ad
338 2087 601 2169 margines
628 2087 1009 2169 indicabimus
1034 2087 1288 2169 (Jwterurn
1322 2090 1402 2169 de.
1426 2090 1648 2143 Auctore
1687 2088 2032 2169 liuiusroperis
2062 2087 2285 2169 certiora
2307 2087 2525 2156 forsitan
2550 2092 2884 2169 traderemus,
2907 2093 3004 2146 nisi
3034 2087 3264 2151 Itoc'loco
3282 2113 3580 2169 cogeremur

247 2170 334 2222 nni
366 2159 625 2223 Romana:
648 2165 866 2220 editioni
887 2164 1118 2229 credere,
1153 2165 1304 2235 cujus
1328 2162 1457 2229 fides
1488 2178 1643 2230 quam
1669 2159 2008 2235 subles_ta_sil,
2038 2159 2116 2213 vel
2147 2159 2288 2212 solus
2329 2168 2601 2235 tractatus
2621 2162 2688 2217 tle
2732 2161 2927 2218 Trinit.
2971 2171 3026 2218 et
3056 2159 3369 2225 Ilesnrrect'.
3413 2169 3576 2226 Mort.

245 2239 437 2312 docere
483 2240 690 2312 poterit.
726 2237 1092 2312 Verumtamen
1136 2230 1232 2312 hoc
1253 2236 1421 2312 ipsum
1455 2249 1606 2300 Opus,
1638 2232 1806 2312 quale‘
1825 2230 2067 2312 habetur,
2098 2246 2157 2312 ea
2184 2230 2476 2312 suppeditat
2499 2233 2767 2312 rationum
2795 2245 3052 2312 momenta
3077 2239 3218 2292 unde
3243 2257 3345 2296 non
3384 2239 3586 2312 injuria

243 2310 381 2364 illud
441 2303 760 2365 sermonibus
797 2312 864 2363 ad
904 2308 1157 2376 populum
1192 2303 1380 2360 habitis
1411 2313 1668 2376 constare,
1701 2314 1749 2357 et
1779 2306 1910 2372 forte
1939 2303 2091 2376 etiam
2122 2304 2399 2376 Auctorem
2425 2305 2536 2374 ejus
2558 2305 2866 2376 monachum
2896 2303 3154 2363 exstitisse
3179 2303 3558 2366 subodoreinnr

244 2381 429 2453 Neque
457 2399 574 2436 vero
595 2382 734 2436 inviti
758 2354 1135 2453 addugeiiemur
1156 2379 1210 2430 in
1236 2377 1370 2453 hanc
1398 2354 1956 2453 sententiamhujtueum
1982 2374 2064 2426 sin
2090 2373 2261 2453 minus
2289 2354 2528 2426 Bédw’aé

241 2425 459 2507 ilicium
505 2456 755 2508 rationem
796 2458 848 2506 in
878 2467 935 2504 eo
961 2451 1182 2525 tenuisse
1195 2449 1577 2525 existimemus,
1608 2425 1748 2525 qule
1774 2445 1854 2525 illi
1880 2445 1935 2498 in
1963 2443 2194 2525 eamdem
2225 2425 3580 2525 "ateriae.séiiiéréaérﬁéiéi,'Iii2§6h§§£i.5£"&§£2

240 2543 353 2580 eum
392 2526 566 2596 potius
603 2527 768 2597 cujus,
805 2539 1065 2578 sermones
1092 2521 1237 2575 initio
1267 2497 1688 2597 Appendicis'jad
1723 2517 1959 2597 quintum
1995 2497 3581 2597 Operum.Augustinianorum“Ignium'leg‘uittu'ri’,"gvuenique

241 2614 340 2652 non
374 2585 548 2669 pauca
577 2613 640 2652 ea:
661 2585 900 2668 'Origene
927 2603 1215 2648 mutuatum
1241 2585 1443 2646 constat
1471 2588 1666 2658 scepius
1695 2585 1764 2641 ad
1800 2588 2004 2642 verbum
2029 2585 2417 2658 transcripsere.

281 291 3533 351 ψ

255 1315 3546 1343 —-—-————-——————-——————-————————h———.

2741 2703 2824 2713 αὴ-
2841 2706 3106 2716 -—_.——_‘_._.

340 2779 506 2862 DE
535 2775 790 2861 XLII
818 2769 1617 2859 MANSIONIBUS
1647 2764 2221 2850 FILIORUM
2263 2764 2682 2850 ISRAEL
2728 2737 3461 2859 TRACTATUS.

239 2699 2732 2725 Μ

313 2925 358 2994 ι
399 2901 747 2976 Νυυειιοὶιυιι
774 2917 932 2982 liber,
959 2915 1028 2970 de
1056 2928 1164 2985 quo
1188 2927 1334 2968 nunc
1355 2910 1508 2966 nobis
1533 2918 1618 2966 est
1647 2922 1849 2972 sermo,

1956 2913 2076 2958 sunt
2094 2911 2264 2958 autem
2283 2904 2394 2959 lucc
2409 2905 2478 2958 ad
2495 2906 2867 2960 correctionem
2908 2919 3137 2963 nostram
3157 2909 3200 2982 (I
3218 2909 3341 2969 Cor.
3365 2912 3434 2979 Χ,
3461 2915 3573 2985 II),

237 2971 376 3070 unus
420 3023 508 3070 est
539 3029 606 3068 ex
648 3011 889 3082 quinque
914 3006 1084 3080 Moysi
1117 3006 1289 3062 libris.
1341 3005 1417 3058 Eo
1461 3017 1590 3057 vero
1629 2999 1851 3056 nomine
1879 2971 1931 3032 Α
1956 3002 2017 3050 ut
2046 2995 2292 3067 legentes
2318 3006 2374 3052 et
2402 2997 2699 3067 probantes
2730 3007 2932 3069 quanta
2964 3001 3121 3055 nobis
3150 2971 3202 3056 in
3235 3002 3337 3059 bac
3367 2971 3434 3060 ad
3463 2971 3580 3062 ter:-

236 3109 469 3180 legimus
526 3105 824 3177 appellari,
874 3102 1131 3174 quoniam
1182 3098 1496 3156 Israelitica:
1553 3095 1728 3167 plebis
1782 3109 1848 3150 ex

237 3199 476 3273 Egypto
516 3212 753 3272 egressa:
783 3198 1024 3253 virorum
1065 3193 1431 3268 perfectorum
1469 3204 1756 3246 numerum
1796 3195 1850 3243 et

233 3293 698 3365 computationem
759 3291 855 3348 Dei
910 3296 1184 3362 praecepto
1235 3285 1499 3342 continet.
1557 3283 1649 3340 Sic
1702 3282 1846 3338 enim

235 3387 400 3461 Moysi
449 3388 668 3443 locutus
708 3393 792 3442 est
837 3384 1021 3439 Deus:
1053 3381 1245 3450 Accipe
1290 3394 1544 3433 summam
1595 3377 1850 3432 universa:

235 3481 658 3554 congregationis
687 3481 921 3552 ﬁliorum
951 3475 1122 3532 Israel
1141 3493 1174 3530 a
1195 3474 1377 3547 viginti
1407 3473 1560 3528 annis
1589 3480 1636 3526 et
1662 3487 1842 3542 supra,

232 3595 323 3648 per
366 3578 554 3633 domos
596 3576 917 3649 familiarum
962 3575 1218 3644 ipsorum,
1261 3569 1431 3624 omnis
1467 3567 1737 3639 egrediens
1778 3565 1848 3620 ad

233 3670 590 3740 proeliandum
617 3670 673 3724 in
705 3667 892 3724 Israel.
923 3666 1108 3738 Itaque
1140 3663 1400 3719 Dominus
1431 3677 1552 3718 cum
1596 3659 1846 3716 homines

230 3778 260 3819 a
288 3764 482 3836 viginti
523 3764 680 3820 annis
722 3769 780 3819 et
812 3777 996 3832 supra,
1030 3768 1086 3815 et
1124 3757 1190 3813 ad
1229 3756 1584 3829 prteliandum
1618 3754 1846 3810 idoneos

230 3857 510 3914 numerari
556 3855 899 3928 praeceperit,
952 3851 1297 3909 manifestum
1342 3850 1484 3921 quod
1528 3848 1677 3904 viros
1725 3862 1846 3918 per-

231 3952 409 4009 fectos
450 3950 807 4008 intellexerit.
839 3949 887 4006 Α
919 3963 1023 4020 qua
1052 3961 1263 4004 summa
1292 3945 1553 4001 mulieres
1594 3941 1843 3998 feminea:

229 4045 566 4104 inﬁrmitatis
581 4044 888 4113 obstaculo,
919 4044 1088 4109 servi,
1119 4050 1330 4111 utpote,
1362 4038 1469 4094 vita
1491 4036 1843 4108 moribusque

229 4137 854 4212 degeneres,-Egyptii,
887 4145 944 4192 ut
973 4134 1295 4207 alienigena:
1327 4141 1380 4189 et
1413 4130 1628 4187 barbari
1659 4127 1843 4185 exclu-

227 4234 436 4291 duntur
465 4232 741 4308 (Origenes
763 4233 905 4288 hom.
937 4233 962 4288 I
995 4233 1048 4287 in
1073 4229 1241 4287 Num.
1271 4245 1334 4284 ex
1363 4243 1493 4283 vers.
1523 4225 1700 4296 Ruf.).
1728 4223 1841 4281 Soli

228 4336 589 4384 numerantur
641 4325 936 4393 lsraelitaa,
989 4339 1088 4381 nec
1130 4323 1166 4379 ii
1224 4335 1450 4386 omnes;
1502 4318 1597 4374 sed
1643 4316 1839 4373 robore

230 4432 441 4479 tantum
467 4431 524 4479 et
547 4421 750 4477 virtute
775 4427 1118 4489 praestantes.
1146 4417 1237 4474 Sic
1259 4414 1404 4472 enim
1432 4412 1693 4484 scriptum
1717 4418 1832 4466 est:

230 4514 549 4571 Numeratio
600 4515 831 4584 filiorum
882 4510 1054 4566 Israel
1117 4526 1235 4564 cum
1288 4507 1519 4563 exercitu
1569 4520 1747 4560 eorum
1805 4519 1837 4556 a

228 4609 414 4680 viginti
440 4607 592 4662 annis
619 4616 668 4661 et
698 4624 877 4677 supra,
910 4605 1077 4660 omnis
1107 4601 1376 4675 egrediens
1396 4601 1464 4654 ad
1488 4598 1832 4672 pratliandum

227 4705 280 4759 in
310 4703 504 4768 Israel,
539 4711 645 4759 etc.
679 4701 867 4772 (Num.
900 4716 940 4769 ι,
968 4697 1084 4772 45).
1115 4697 1226 4755 Nec
1259 4697 1312 4752 id
1345 4694 1609 4768 mysterio
1634 4702 1790 4750 vacat
1819 4710 1832 4746 :

228 4811 354 4851 nam
391 4794 518 4850 dum
546 4793 772 4864 puerilis
798 4799 854 4849 et
879 4791 1115 4848 lubricus
1143 4803 1359 4855 sensus,
1391 4787 1475 4843 vel
1514 4786 1749 4842 feminea
1780 4793 1836 4840 et

227 4891 473 4946 resoluta
519 4886 778 4960 segnities
825 4886 981 4942 nobis
1027 4885 1191 4951 inest,
1226 4883 1314 4939 vel
1351 4882 1478 4938 dum
1523 4879 1827 4952 Egyptios,

227 4982 599 5051 barbarosque
628 4981 869 5051 gerimus
899 4991 1102 5044 mores,
1134 4983 1325 5032 sancto
1366 4973 1460 5030 Dei
1491 4973 1699 5028 calculo
1731 4988 1827 5028 nu-

227 5077 432 5135 merari
456 5093 562 5132 non
584 5091 879 5132 meremur.
913 5073 970 5129 ln
996 5071 1188 5129 eodem
1210 5069 1410 5126 deinde
1434 5069 1574 5125 libro
1596 5066 1826 5126 ﬁliorum

225 5169 398 5228 Israel
440 5170 660 5238 itinera,
692 5166 1078 5239 profectiones,
1121 5163 1543 5232 mansionesque
1572 5176 1603 5216 a
1633 5158 1827 5214 ﬁnibus

226 5263 450 5337 Egypti
475 5277 648 5334 usque
677 5260 745 5316 ad
780 5269 989 5330 tempus
1013 5267 1069 5314 et
1098 5258 1302 5322 locum,
1337 5270 1449 5326 quo
1487 5253 1698 5324 Moyses
1725 5251 1822 5307 de-

228 5355 445 5412 functus
473 5362 579 5420 est,
609 5351 866 5408 mandato
891 5351 986 5406 Dei
1015 5356 1394 5406 recensentur.
1425 5344 1601 5417 Inquit
1637 5341 1780 5399 enim
1812 5359 1824 5395 :

227 5449 296 5506 Et
333 5449 544 5520 scripsit
593 5446 799 5516 Moyses
842 5443 1183 5516 profectiones
1226 5457 1399 5497 eorum
1441 5450 1490 5494 et
1534 5439 1829 5492 mansiones

227 5559 427 5605 eorum,
461 5557 550 5610 per
576 5538 783 5594 verbum
812 5535 1022 5591 Domini
1055 5535 1218 5608 (Ibid.
1251 5534 1362 5606 M).
1394 5532 1504 5588 Nec
1543 5547 1674 5587 vero
1711 5531 1830 5588 sine

224 5651 391 5692 causa
415 5634 588 5704 Moysi
615 5631 720 5686 hoc
749 5629 989 5686 scribere
1025 5646 1053 5683 a
1096 5628 1322 5684 Domino
1348 5633 1679 5698 praeceptum
1710 5633 1828 5688 est;

224 5729 353 5799 quia
396 5734 620 5796 propter
666 5723 1078 5778 instructionem
1127 5729 1366 5778 nostram
1406 5737 1419 5773 :
1463 5717 1639 5790 inquit
1687 5717 1828 5772 enim

223 5815 523 5892 Apostolus
547 5832 561 5870 :
591 5813 783 5868 Omnia
809 5812 862 5868 in
886 5815 1054 5886 figura
1080 5812 1440 5887 contingebant
1459 5811 1566 5866 illis
1592 5826 1612 5867 :
1639 5810 1830 5882 scripta

666 5909 943 5970 PATROL.
989 5904 1192 5970 XVII.

1867 4369 1916 4430 B

1955 3103 2070 3143 ram
2113 3089 2416 3144 viventium
2467 3090 2813 3161 profectione
2865 3092 3576 3164 immineanudiscrimina,

1952 3194 2170 3256 quanta:
2227 3185 2467 3241 hostium
2522 3185 2776 3254 insidiae,
2826 3187 3091 3244 bellorum
3141 3191 3576 3253 conﬂiCIationes

1950 3277 2302 3347 spiritalium,
2334 3277 2565 3333 marium
2597 3288 2651 3336 et
2676 3279 2985 3349 fluminum,
3020 3284 3206 3339 mundi
3238 3293 3295 3340 et
3323 3288 3572 3359 volupta-

1954 3381 2064 3428 tum
2090 3373 2333 3444 pericula
2357 3373 2635 3447 (Origenes
2655 3374 2796 3429 Itom.
2809 3374 2880 3429 27
2894 3375 2946 3430 in
2962 3374 3128 3432 Num.
3150 3394 3214 3433 ea:
3229 3394 3363 3436 vers.
3380 3379 3508 3452 Ruf.
3522 3385 3568 3454 );

1951 3465 2056 3522 iter
2081 3475 2330 3522 nostrum
2365 3482 2473 3522 non
2497 3468 2759 3538 segniter,
2787 3483 2967 3539 neque
2999 3470 3226 3527 remisse
3255 3487 3564 3544 carpamus,

1950 3575 2058 3632 quo
2093 3560 2313 3617 labente
2337 3560 2448 3628 die,
2483 3561 2537 3616 in
2571 3560 2752 3616 medio
2781 3560 3100 3618 deﬁciamus
3132 3563 3354 3633 itinere,
3389 3568 3567 3624 noctis

1951 3655 2192 3711 tenebris
2237 3655 2438 3710 obruti.
2489 3653 2658 3711 Nocte
2711 3654 2855 3710 enim
2917 3655 3142 3727 Egypti
3203 3659 3565 3730 primogenita

1947 3749 2015 3804 ab
2063 3749 2497 3805 exterminatore
2554 3749 2931 3819 percutiuntur
2986 3748 3204 3821 (Exod.
3265 3767 3361 3820 xn,
3401 3752 3556 3821 29):

1949 3850 2109 3901 nocte
2165 3843 2312 3898 avari
2377 3843 2559 3898 anima
2605 3841 2790 3898 divitis
2840 3859 2869 3898 a
2918 3843 3258 3900 daemonibus
3313 3847 3557 3917 reposci-

1949 3944 2034 3991 tur
2064 3934 2215 4008 (Luc.
2247 3952 2343 4004 xu,
2373 3935 2490 4009 20).
2521 3935 2628 3991 Sed
2665 3935 2964 4007 prudenter
3007 3937 3187 3994 itineri
3234 3954 3334 3996 nos
3377 3943 3559 3998 acciu-

1945 4037 2154 4101 gentes,
2181 4028 2504 4100 fortiterque
2539 4029 2606 4085 ad
2631 4029 2773 4086 bella
2799 4032 3113 4114 praip/arati,
3139 4031 3208 4088 de
3249 4032 3448 4090 virtute
3490 4034 3558 4090 ad

1945 4123 2201 4179 virtutem
2232 4132 2599 4192 transeamus,
2637 4133 2693 4180 et
2725 4123 2986 4180 Dominus
3015 4125 3157 4181 Deus
3188 4134 3376 4184 noster
3419 4144 3558 4198 pra:—

1945 4221 2099 4279 cedat
2125 4238 2224 4279 nos
2262 4230 2390 4280 ante
2430 4222 2625 4280 faciem
2667 4230 2940 4289 nostram,
2983 4221 3265 4280 debellans
3301 4225 3555 4282 inimicos

1945 4327 2183 4386 nostros,
2226 4327 2555 4390 portansque
2595 4333 2716 4385 nos,
2751 4327 2808 4373 ut
2839 4328 3014 4376 mater
3039 4319 3218 4389 (ﬁlium
3268 4336 3451 4391 suum,
3485 4338 3548 4378 ac

1941 4411 2145 4469 ducens
2175 4427 2275 4468 nos
2305 4414 2356 4467 in
2388 4412 2478 4469 die
2520 4428 2616 4484 per
2650 4413 2874 4480 nubem,
2915 4422 2971 4468 et
3011 4421 3171 4468 nocte
3197 4429 3292 4485 per
3328 4415 3541 4486 ignem;

1939 4513 1999 4561 ut
2041 4503 2258 4560 tandem
2289 4507 2560 4576 superatis
2591 4505 2896 4577 quibusque
2928 4508 2980 4578 2
3009 4506 3219 4562 itineris
3251 4507 3549 4564 difﬁculta-

1941 4597 2104 4662 tibus,
2129 4597 2671 4668 adversariarumque
2699 4599 3007 4655 incursibus
3038 4606 3390 4668 potestatum,
3417 4615 3544 4671 pro-

1935 4690 2226 4748 fectionem
2264 4700 2504 4747 nostram
2542 4691 2782 4763 gloriose
2828 4690 3194 4762 perﬁciamus.
3235 4691 3547 4750 Mansiones

1939 4799 2072 4841 vero
2124 4784 2359 4840 ﬁliorum
2406 4783 2573 4840 Israel
2625 4783 2981 4856 quadraginta
3036 4795 3090 4841 et
3140 4786 3261 4841 dure
3311 4802 3544 4844 numero

1937 4884 2344 4948 computantur,
2387 4892 2509 4947 quae
2549 4876 2782 4945 denarii,
2831 4879 3188 4949 quaternarii,
3238 4889 3294 4936 et
3345 4881 3545 4940 binarii

1936 4972 2148 5028 ratione
2182 4970 2396 5026 numeri
2428 4985 2590 5042 quem
2621 4970 2924 5037 continent,
2954 4971 3120 5028 multa
3150 4987 3248 5028 nos
3283 4977 3542 5048 mysteria

1935 5064 2152 5120 docent.
2197 5062 2454 5120 Volentes
2485 5071 2665 5118 autem
2705 5061 2756 5117 id
2790 5061 2969 5129 vobis,
2992 5063 3210 5133 fratres,
3241 5067 3540 5137 explicare,

1933 5156 2256 5223 intuemini,
2302 5155 2554 5222 obsecro,
2596 5165 2650 5211 et
2709 5154 2851 5226 ﬁgite
2897 5157 3221 5224 memoriae;
3280 5173 3348 5213 ne
3388 5159 3540 5215 verbi

1933 5257 2337 5317 contemptores
2363 5245 2736 5315 inveniamini,
2761 5261 2861 5304 nec
2888 5247 2982 5303 ﬁat
3006 5247 3182 5304 anima
3217 5257 3394 5304 vestra
3423 5251 3531 5316 via,

1933 5341 2022 5397 ubi
2045 5356 2207 5413 grana
2231 5341 2432 5411 iactata
2458 5356 2565 5396 non
2595 5341 2905 5413 germinent
2931 5359 2944 5396 :
2977 5351 3032 5398 et
3061 5342 3305 5409 veniant,
3339 5343 3538 5415 inquit,

1932 5435 2171 5490 volatilia
2214 5435 2360 5503 caeli,
2396 5443 2453 5490 et
2493 5435 2708 5506 rapiant
2735 5450 2819 5490 ea.
2853 5434 3122 5505 Percipite
3151 5448 3286 5504 ergo
3316 5434 3455 5503 haec,
3485 5449 3540 5494 et

1928 5531 2209 5589 recondite
2266 5531 2318 5585 in
2376 5529 2632 5586 cordibus
2686 5527 2907 5586 vestris.
2964 5526 3228 5584 Denarius
3278 5545 3538 5587 numerus

1934 5625 2196 5698 mysticus
2211 5633 2313 5692 est,
2359 5633 2416 5680 et
2445 5638 2550 5679 non
2595 5621 2944 5678 mediocriter
2971 5635 3001 5675 a
3031 5620 3218 5694 Moyse
3257 5637 3538 5682 commen-

1933 5719 2132 5775 datus:
2164 5717 2230 5773 ad
2277 5732 2401 5773 eum
2447 5731 2680 5787 namque
2719 5713 3010 5786 primitias,
3040 5713 3451 5789 oblationesque
3481 5729 3539 5776 et

1933 5821 2056 5868 vota
2097 5812 2284 5868 refert.
2325 5810 2501 5883 Inquit
2542 5809 2686 5866 enim
2715 5827 2728 5863 :
2756 5807 2940 5864 Omnis
2972 5810 3172 5866 decima
3215 5820 3384 5879 terrm,
3423 5823 3470 5869 et
3506 5832 3538 5872 α

2975 5904 3004 5964 1
