4082 6306
431 308 496 367 u
1390 297 1483 358 an
1519 277 2038 360 orenasancri
2073 293 2404 356 annue-sn
2445 299 2812 360 APPENDIX.
3669 303 3737 358 te

429 427 606 497 fructu
648 423 839 497 ligneo,
877 422 1096 479 Damino
1129 431 1204 479 est
1225 439 1244 478 :
1269 430 1316 478 et
1354 425 1520 478 omnis
1559 423 1760 478 decima
1799 403 1950 476 boum
1989 429 2033 476 et
2063 421 2108 482 Α
2141 415 2242 478 rat.
2263 403 2452 494 inquit
2474 425 2656 480 enim:
2685 424 2752 480 ab
2781 423 3045 478 Abraham
3086 437 3243 495 usque
3275 421 3344 476 ad
3365 419 3557 488 David,
3591 438 3750 494 gene-

431 521 626 588 ovium,
673 531 719 573 et
761 535 910 573 omne
949 517 1090 589 quod
1127 517 1319 573 venerit
1359 519 1414 572 in
1456 531 1688 584 numero,
1738 515 1832 572 sub
1873 515 2037 587 virga,

429 611 636 667 decima
671 613 768 666 erit
802 621 982 667 sancta
1011 611 1240 668 Domino
1270 611 1457 682 (Leuit.
1491 627 1664 680 xxvii,
1695 610 1766 666 '50
1802 619 1846 664 et
1883 607 2035 678 δρψ).

427 708 676 780 Denique
705 707 896 776 Jacob,
929 707 1040 764 Deo
1070 708 1172 762 sibi
1213 707 1339 763 dum
1377 705 1444 762 ad
1483 707 1666 764 Laba‘n
1715 703 2037 759 avunculum

424 814 584 856 suum
631 801 684 854 in
733 799 1178 871 Mesopotamiam
1220 799 1697 870 proﬁcisceretur,
1747 796 1798 852 in
1845 795 2041 851 itinere

425 891 712 962 appareuti
761 891 1034 962 pollicitus
1063 901 1169 960 est,
1200 893 1390 948 dicens
1422 909 1436 947 :
1475 890 1720 946 Omnium
1763 905 1876 959 quin
1915 887 2040 942 mihi

423 985 660 1054 dederis,
705 985 961 1040 decimam
1009 985 1274 1042 decimabo
1325 985 1417 1040 tibi
1463 983 1618 1059 (Gen.
1673 999 1870 1050 xxvut,
1919 979 2038 1052 22).

423 1077 580 1133 Hanc
634 1078 704 1132 ob
757 1092 977 1135 causam
1033 1077 1150 1134 Noe
1209 1078 1301 1134 ille
1358 1079 1448 1150 qui
1503 1077 1710 1148 primus
1761 1077 1814 1132 in
1869 1071 2041 1132 veteri

427 1170 710 1242 Scriptura
737 1170 916 1242 justus
949 1172 1331 1242 pronuntiatus
1363 1182 1466 1238 est,
1501 1172 1745 1228 decimus
1785 1186 1814 1224 a
1857 1179 2042 1240 proto-

423 1265 605 1336 plasto
631 1264 928 1333 inducitur,
949 1279 1062 1321 non
1081 1265 1150 1320 ad
1173 1264 1566 1322 ostendendam
1592 1265 1888 1321 viventium
1915 1271 2044 1318 tunc

424 1367 670 1425 atatem,
697 1359 782 1414 vel
809 1357 876 1414 ad
909 1359 1372 1430 prmscribendum
1399 1373 1693 1418 numerum
1722 1357 2036 1414 hominum:

422 1451 524 1510 sed
565 1462 625 1508 ut
652 1463 842 1524 aperte
882 1452 1175 1510 doceretur
1202 1454 1345 1526 quod
1378 1454 1512 1510 sicut
1546 1453 1822 1520 denarius,
1855 1465 2044 1506 nume-

423 1563 612 1607 rorum
653 1550 746 1622 qui
780 1548 1044 1606 unitatem
1075 1555 1408 1618 sequuntur,
1458 1545 1886 1617 perfecrissimus
1935 1555 2038 1612 est,

425 1645 502 1701 ita
527 1643 900 1716 tranquillitas
929 1643 984 1700 in
1011 1640 1218 1706 anitna,
1253 1639 1376 1696 ﬁnis
1403 1649 1490 1695 est
1519 1654 1579 1695 re
1606 1653 1734 1694 vera
1769 1639 2042 1694 actionum

423 1737 570 1792 vitae.
595 1736 799 1792 Ternio
844 1735 990 1792 enim
1025 1749 1122 1806 per
1165 1735 1406 1804 seipsum
1449 1733 1846 1804 multiplicatus
1875 1747 2043 1787 nove-

2139 515 2366 571 rntianes
2395 519 2781 586 quatuordecim
2807 533 2824 571 :
2851 534 2882 571 a
2915 514 3087 570 David
3115 531 3272 586 usque
3299 513 3369 568 ad
3405 513 3749 586 transmigra-

2141 609 2332 665 tionem
2393 609 2676 682 Babylonis
2726 611 3078 684 generationes
3140 607 3567 678 quatuordecim;
3615 617 3663 662 et
3716 623 3752 660 a

2140 704 2596 776 transmigratione
2618 701 2902 776 Babylonis
2939 721 3099 776 usque
3123 703 3192 757 ad
3217 701 3501 770 Christum,
3527 717 3746 774 genera-

2139 797 2302 853 tiones
2323 799 2711 868 quatuordecim
2739 796 2957 870 (Matth.
2983 813 3024 865 ι,
3049 799 3137 868 17)
3157 815 3170 851 :
3193 805 3250 851 ut
3272 795 3582 852 ostenderet
3603 793 3750 864 quod

2141 895 2305 945 verus
2359 881 2602 946 Israelita
2655 887 2750 961 qui
2803 888 2874 944 de
2930 887 3114 944 saeculi
3171 886 3333 958 hujus
3387 887 3622 958 A‘ngpto
3680 885 3748 941 ad

2141 983 2370 1049 costum,
2422 995 2609 1040 veram
2655 981 2955 1038 viventium
3007 991 3245 1049 terram,
3295 997 3392 1053 per
3437 989 3516 1036 tut
3561 995 3746 1036 rerum

2144 1076 2460 1133 discrimina
2523 1083 2578 1134 et
2633 1075 2978 1132 inimicorum
3040 1083 3412 1140 tentamenta,
3467 1074 3750 1143 pervenire

2142 1171 2388 1240 festinat,
2427 1187 2560 1242 pace
2597 1187 2692 1242 per
2723 1171 3028 1238 denarium,
3067 1169 3278 1240 justitia
3317 1183 3416 1240 per
3452 1177 3751 1240 quaterna-

2144 1265 2313 1335 rium,
2337 1265 2608 1322 charitate
2627 1281 2727 1336 per
2749 1264 3046 1328 binarium,
3075 1261 3284 1320 armari
3311 1269 3546 1332 Oportet.
3577 1259 3752 1324 Pace;

2143 1363 2272 1436 quia
2289 1363 2552 1434 scriptum
2573 1373 2656 1418 est
2679 1359 2778 1418 :ln
2803 1377 2930 1432 pace
2947 1359 3142 1416 vocavit
3163 1374 3256 1414 nos
3281 1355 3418 1411 Deus
3441 1355 3482 1427 (Ι
3507 1355 3682 1410 Coi-.vt
3707 1353 3748 1426 ).

2145 1455 2400 1522 Justitia;
2433 1456 2556 1528 quia
2583 1455 2714 1510 dicit
2743 1455 2882 1512 idem
2908 1453 3198 1524 Apostolus
3228 1469 3240 1504 :
3278 1451 3422 1506 State
3441 1451 3609 1504 induti
3630 1449 3752 1503 lori-

2147 1565 2260 1604 cam
2277 1549 2501 1624 justitia:
2531 1545 2756 1620 (Ephes.
2790 1564 2860 1610 vi,
2899 1543 3010 1618 l4).
3041 1545 3354 1614 Charitate;
3387 1545 3508 1616 quia
3528 1543 3755 1598 charitas

2148 1645 2311 1714 aperit
2351 1643 2738 1698 multitudinem
2779 1653 3108 1713 peccatorum
3147 1640 3196 1710 (ι
3233 1637 3351 1696 Pet.
3383 1655 3458 1706 tv,
3487 1637 3566 1707 8).
3597 1637 3758 1694 Chri-

2149 1750 2266 1794 sms
2295 1755 2422 1812 ergo
2447 1738 2510 1794 ad
2541 1737 2846 1810 Virginem,
2877 1736 3038 1792 Israel
3063 1736 3128 1790 ad
3151 1735 3468 1802 Iordanem,
3495 1733 3758 1790 Christia-

422 1823 637 1888 narium
668 1827 931 1900 complet,
979 1837 1030 1884 et
1081 1825 1228 1896 lites,
1276 1825 1524 1894 dissidia,
1565 1825 1817 1896 bellaque
1846 1823 2044 1880 divinis
2071 1819 2126 1888 Β
2157 1849 2254 1888 nos
2287 1831 2355 1886 ad
2391 1831 2591 1887 coelum
2623 1831 2738 1902 pari
2768 1832 3115 1886 mansionum
3151 1843 3379 1886 numero
3418 1825 3710 1882 deveniunt
3739 1843 3754 1880 :

420 1925 631 1982 indicat
655 1925 918 1992 oraculis,
943 1934 1002 1980 ut
1029 1933 1178 1995 patet
1209 1923 1263 1980 in
1287 1934 1522 1993 quatuor
1547 1931 1604 1978 et
1633 1922 1876 1993 quinque
1901 1921 2045 1992 regi-

419 2019 526 2078 bus
572 2019 993 2086 dissidentibus,
1049 2033 1282 2089 seseque
1337 2027 1526 2074 mutuo
1573 2017 2040 2089 impugnantibus.

423 2111 620 2170 Unitas
649 2128 783 2170 vero
813 2112 1115 2170 novenario
1147 2113 1566 2183 superveniens,
1597 2111 1882 2168 denarium
1921 2126 2044 2184 per-

426 2203 566 2272 ﬁcit,
591 2214 648 2260 et
677 2219 896 2275 pacem,
927 2203 1336 2275 amicitiamque
1362 2203 1634 2274 designat.
1667 2202 1868 2258 Novem
1897 2203 2044 2260 enim

422 2296 766 2354 certantibus
797 2295 1022 2368 regibus
1049 2297 1271 2368 sapiens
1307 2296 1584 2352 Abraham
1615 2297 1770 2368 quasi
1799 2296 2044 2353 dcciinus

419 2391 821 2464 superveniens
871 2403 970 2464 pro
1028 2397 1352 2461 tempestate
1393 2389 1892 2462 tranquillitatem,
1944 2405 2044 2460 pro

427 2488 576 2546 bello
627 2503 848 2558 pacem,
895 2503 997 2560 pro
1041 2497 1220 2544 morte
1265 2489 1590 2554 victoriam,
1641 2489 1752 2546 Deo
1797 2489 2042 2556 favente,

429 2582 633 2638 attulit.
677 2581 832 2637 Unde
873 2591 928 2638 et
968 2581 1374 2638 Melchisedech
1413 2583 1614 2637 summi
1644 2582 1740 2637 Dei
1769 2583 2044 2639 sacerdoti

428 2676 669 2732 decimas
700 2675 959 2731 exsolvit.
995 2675 1264 2731 Denarius
1307 2691 1440 2746 ergo
1477 2691 1742 2731 numerus
1773 2675 2045 2746 perfectus

426 2777 531 2832 est,
563 2778 618 2824 et
663 2767 925 2824 unitatem
973 2765 1245 2838 designat.
1293 2768 1688 2836 Quatemarius
1729 2783 1948 2842 quoque
1993 2779 2049 2827 et

425 2863 546 2934 ipse
577 2862 844 2936 mysticus
884 2871 1002 2926 est,
1044 2871 1098 2918 et
1149 2863 1204 2918 in
1253 2861 1538 2932 Scriptura
1586 2865 2044 2922 commendatur;

425 2971 550 3012 nam
575 2955 880 3026 speciosam
909 2953 1058 3010 illam
1090 2955 1294 3024 lucem,
1339 2973 1461 3028 quae
1493 2958 1731 3029 seipsam
1764 2969 1818 3014 et
1846 2967 2046 3014 caetera

429 3047 764 3114 manifestat,
795 3048 1132 3120 luminisque
1159 3049 1438 3120 genitores
1459 3051 1632 3107 solem
1667 3063 1719 3107 et
1753 3053 1957 3118 lunam,
1984 3067 2050 3110 ac

430 3141 818 3214 prmfulgidum
857 3143 1140 3198 stellarum
1173 3143 1424 3210 chorum,
1458 3160 1578 3216 qua:
1607 3154 1848 3212 noctem,
1875 3147 2051 3202 diem-

2149 1930 2258 1987 Sed
2285 1929 2396 2000 jam
2433 1929 2580 2000 ipsas
2619 1927 2836 1984 lsraelis
2881 1926 3248 1998 profectiones
3273 1923 3548 1996 sigillatim
3577 1919 3760 1978 consi-

2148 2025 2428 2081 deremus.

2219 2119 2270 2178 Ia
2303 2122 2524 2187 mansio,
2559 2117 2863 2176 RMIESSES.
2887 2148 2960 2159 —
2985 2115 3392 2174 Profectionum
3416 2114 3574 2182 ordo,
3603 2129 3756 2169 man-

2147 2217 2474 2285 sionumque
2524 2212 2804 2270 distinctio
2869 2211 3108 2268 ﬁliorum
3165 2209 3332 2268 Israel
3399 2227 3466 2266 ex
3521 2207 3760 2280 {Egypto

2149 2310 2467 2366 exeuntium
2499 2307 2564 2362 ad
2601 2317 2800 2362 terram
2833 2321 3008 2376 usque
3046 2305 3290 2376 patribus
3339 2303 3756 2373 repromissam,

2143 2399 2216 2458 iis
2246 2401 2338 2472 qui
2383 2411 2507 2472 post
2555 2399 2721 2456 Deum
2765 2397 3048 2454 ambulare
3091 2397 3452 2464 contendunt,
3485 2396 3552 2450 ad
3593 2394 3763 2450 virtu-

2149 2503 2378 2564 tumque
2433 2493 2706 2565 profectus
2751 2493 3018 2564 aspirant,
3056 2499 3278 2562 promer
3330 2493 3592 2564 mysteria
3640 2505 3761 2560 qua:

2141 2587 2500 2642 includuntur
2523 2587 2574 2641 in
2599 2587 2729 2653 illis,
2753 2585 2892 2641 scitu
2915 2584 3075 2641 valde
3098 2583 3408 2640 necessaria
3427 2593 3558 2638 sunt
3581 2581 3758 2656 (Orig.

2152 2681 2292 2735 hom.
2351 2681 2420 2736 9.7
2466 2697 2529 2735 ea:
2583 2697 2714 2736 vers.
2746 2677 2926 2752 Ruﬁ).
2981 2679 3056 2734 Ea
3095 2679 3241 2734 enim
3279 2693 3398 2748 qua:
3453 2677 3506 2732 in
3559 2676 3762 2748 populo

2149 2777 2366 2848 patrum
2407 2773 2770 2847 cerporalitcr
2801 2786 2954 2847 gesta
3001 2783 3128 2830 sunt
3153 2817 3166 2838 ,
3224 2773 3422 2828 nedum
3455 2771 3762 2836 historiam,

2154 2885 2450 2940 rerumque
2469 2881 2747 2942 gestarum
2780 2867 2981 2924 seriem
3013 2866 3174 2924 nobis
3192 2865 3520 2932 ostendunt;
3557 2865 3650 2922 sed
3683 2865 3762 2920 in—

2153 2965 2444 3020 structioni
2487 2943 3037 3035 nostrzelspiritaliter
3069 2962 3346 3018 intellecta
3380 2959 3613 3016 maxime
3635 2975 3763 3031 pro-

2153 3058 2366 3114 ﬁciunt.
2395 3058 2510 3116 Huc
2539 3059 2821 3130 Spectabat
2854 3058 3167 3128 Apostolus,
3201 3055 3330 3112 dum
3361 3055 3417 3110 in
3440 3054 3670 3127 epistola
3698 3053 3764 3109 ad

2155 3151 2434 3210 Romanos
2487 3151 2702 3208 dicebat
2749 3170 2760 3208 :
2825 3151 3177 3220 Quwcamque
3232 3151 3428 3220 scripta
3486 3158 3606 3202 sunt
3625 3164 3644 3215 ;
3701 3147 3768 3202 ad

431 3251 560 3308 que,
589 3251 834 3304 menses,
859 3251 1144 3308 annosque
1181 3237 1413 3294 oriende
1450 3247 1508 3294 et
1531 3238 1833 3296 occidendo
1863 3240 2052 3297 termi-
2077 3220 2125 3286 (ἶ
2158 3255 2389 3300 nostram
2419 3247 2712 3302 doctrinam
2758 3245 2952 3318 scripta
2981 3255 3099 3300 sunt
3136 3233 3318 3314 (Rom.
3351 3243 3440 3308 xv,
3473 3239 3555 3310 4).
3587 3239 3652 3296 Ει
3700 3239 3766 3294 ad

433 3340 590 3398 nant,
619 3331 708 3388 die
741 3339 938 3406 quarto
977 3341 1158 3390 creata
1197 3349 1320 3388 esse
1363 3349 1548 3390 sermo
1579 3335 1930 3406 propheticus
1957 3337 2054 3394 dc-

432 3425 628 3484 clarat.
671 3425 856 3482 Mundi
905 3427 1124 3484 radices
1166 3439 1400 3500 quatuor
1445 3440 1830 3499 numerantur,
1883 3442 2050 3498 terra,

434 3533 596 3589 aqua,
629 3517 774 3590 ignis
802 3527 858 3576 et
887 3534 1002 3576 aer.
1035 3521 1090 3594 3
1112 3520 1176 3578 Et
1203 3536 1402 3578 annuat:
1425 3529 1732 3594 temporum
1759 3524 1904 3580 vices
1925 3535 2056 3582 sunt

437 3613 709 3682 totidem,
736 3613 948 3682 hiems,
994 3624 1188 3684 :estas,
1233 3631 1329 3672 ver
1359 3625 1414 3672 et
1443 3625 1760 3674 autumnus.
1808 3619 2052 3692 Denique

437 3707 506 3764 de
537 3719 696 3764 terra:
725 3706 996 3764 fructibus
1025 3707 1139 3764 Deo
1167 3708 1476 3768 oblationes
1505 3727 1706 3768 annum
1735 3721 1864 3768 ante
1889 3729 2054 3782 quar-

440 3813 553 3860 tum
580 3803 696 3860 ﬁeri
717 3802 1038 3876 prohibetur
1064 3825 1076 3861 :
1103 3805 1196 3862 Sic
1216 3805 1362 3860 enim
1392 3808 1652 3878 scriptum
1676 3816 1762 3862 est
1786 3825 1798 3862 :
1827 3805 2056 3864 Fructus

439 3911 591 3958 ter-rte
631 3913 734 3957 tres
767 3919 934 3958 annos
971 3903 1068 3957 erit
1103 3903 1244 3960 vobis
1284 3902 1610 3970 immundus,
1637 3919 1743 3958 non
1781 3904 2057 3960 comedetis

441 4010 506 4050 ea:
533 4011 629 4050 eo:
659 4003 712 4047 at
747 4011 883 4050 anno
911 4005 1100 4065 quarto
1129 3997 1226 4050 erit
1253 3994 1420 4050 omnis
1456 3999 1658 4064 [ructus
1697 3997 1809 4068 ejus
1845 4007 2056 4050 sanctus

443 4097 492 4144 et
521 4087 800 4142 laudabilis
831 4086 1057 4142 Domino
1094 4087 1280 4158 (Leuit.
1315 4103 1422 4152 us,
1451 4087 1546 4154 ‘25,
1578 4087 1695 4158 :24).
1724 4087 1836 4144 Nec
1867 4087 2059 4144 imme-

443 4179 584 4236 rito:
609 4179 959 4250 quaternioni
983 4180 1128 4235 enim
1149 4180 1336 4236 insunt
1355 4181 1560 4246 omnia,
1587 4191 1868 4252 punctmn,
1894 4183 2058 4248 linea,

445 4271 784 4342 superﬁcies,
819 4281 872 4330 et
915 4271 1189 4336 soliditas,
1221 4287 1490 4328 tnensurte
1535 4274 1936 4330 universorum.
1970 4274 2058 4332 ln-

447 4373 592 4422 sunt
620 4364 784 4424 etiam
835 4363 1134 4434 potissimm
1184 4365 1523 4438 symphonia:
1564 4367 1808 4424 musicae.
1859 4367 2064 4426 Deinde

450 4455 804 4529 quadranguli
846 4457 1019 4514 latera
1057 4465 1274 4526 oportet
1311 4473 1431 4514 esse
1476 4461 1729 4530 aequalia.
1759 4458 2066 4530 AEquaIitas

448 4567 582 4610 vero
642 4560 817 4608 mater
861 4561 942 4610 est
984 4551 1236 4622 justitiae,
1281 4567 1402 4624 qua:
1433 4565 1752 4610 caeterarum
1800 4557 2062 4614 virtutum

2157 3339 2510 3396 Timothemn
2557 3357 2568 3392 :
2625 3338 2808 3394 Omnis
2862 3337 3140 3403 Scriptura
3193 3335 3442 3392 divinitus
3487 3333 3768 3406 inspirata,

2157 3435 2303 3490 utilis
2343 3447 2416 3490 est
2447 3435 2515 3489 ad
2553 3434 2865 3498 docendum,
2893 3433 2961 3488 ad
3002 3430 3349 3504 arguentium,
3382 3429 3450 3482 ad
3481 3429 3770 3499 corripien-

2161 3527 2283 3582 dum
2333 3536 2380 3584 et
2427 3525 2492 3581 ad
2533 3525 2919 3582 erudiendum:
2953 3525 3004 3580 in
3039 3523 3274 3597 justitia,
3308 3521 3362 3577 sit
3401 3525 3660 3594 perfectus
3707 3519 3774 3574 sit

2161 3625 2316 3680 homo
2351 3621 2470 3688 Dei,
2509 3623 2580 3676 ad
2620 3637 2772 3676 omne
2810 3638 2944 3692 opus
2985 3621 3175 3674 bonum
3215 3619 3499 3675 instructus
3533 3613 3598 3688 (II
3629 3611 3770 3670 Tim.

2161 3734 2246 3783 lu,
2296 3716 2412 3790 16).
2459 3715 2716 3788 Legimus
2757 3729 2888 3784 ergo
2923 3714 3066 3785 quod
3109 3713 3202 3767 ﬁlii
3247 3711 3436 3780 lsracl,
3489 3722 3772 3780 postquam

2165 3810 2432 3883 [Egyptus
2455 3811 2706 3866 universa
2729 3809 2892 3864 tantis
2917 3808 3089 3880 plagis
3115 3821 3370 3877 percussa
3398 3815 3506 3868 est,
3525 3813 3776 3874 tempore

2163 3905 2376 3960 cmlesti
2409 3905 2630 3960 oraculo
2669 3903 2980 3974 designato,
3012 3911 3067 3956 ut
3111 3900 3178 3956 ad
3229 3899 3623 3956 immolandum
3671 3897 3777 3952 Do-

2165 3997 2318 4052 mino
2366 3997 2476 4054 Deo
2527 3995 2580 4052 in
2629 3995 2976 4051 solitudinem
3027 3991 3531 4066 proﬁciscerentur,
3575 4003 3776 4045 terram

2166 4089 2400 4156 Gessen,
2421 4103 2580 4160 quam
2607 4087 2675 4143 ad
2698 4086 3041 4144 incolendum
3066 4095 3414 4158 acceperant,
3439 4084 3776 4151 deserentes,

2169 4183 2224 4238 in
2255 4182 2560 4238 Ramessen
2595 4182 2779 4238 urbem
2821 4185 2995 4252 primo
3021 4189 3426 4246 convenerunt;
3476 4177 3782 4236 ἰ1)ἰειιι)›ιὶ-

2171 4287 2390 4343 terunt,
2449 4277 2630 4349 ibique
2683 4277 2911 4350 primam
2969 4276 3212 4331 ﬁxerunt
3257 4273 3620 4329 mansionem.
3669 4269 3778 4325 Ra-

2173 4385 2382 4428 messes
2437 4370 2654 4444 Aigypti
2707 4371 2905 4428 civitas
2953 4377 3068 4435 est,
3124 4367 3190 4423 ab
3242 4367 3485 4422 Hebraeis
3535 4363 3780 4436 munita,

2171 4468 2392 4540 quando
2435 4470 2695 4524 saeviente
2727 4467 2780 4522 in
2815 4482 2909 4522 eos
2959 4465 3270 4532 Pharaone,
3319 4461 3466 4528 luto,
3513 4461 3683 4516 latere
3730 4469 3786 4514 ct

2174 4563 2348 4632 paleis
2385 4547 2834 4632 opprimebantur
2867 4577 2880 4616 :
2915 4559 3004 4615 Sic
3043 4559 3188 4612 enim
3239 4553 3504 4626 scriptum
3552 4563 3636 4608 est
3671 4569 3682 4604 :
3717 4547 3786 4604 Et

443 4644 564 4702 .dux
591 4653 675 4700 est
707 4653 758 4700 et
789 4645 1069 4716 magistra.
1099 4644 1376 4700 Justitiam
1407 4661 1536 4718 ergo
1565 4649 1953 4719 quaternarius
1985 4650 2060 4706 in-
2092 4625 2150 4690 D
2176 4625 2563 4728 ludiﬁcaverunt
2595 4655 2823 4709 civitates
2846 4651 3070 4708 munitas
3099 4649 3418 4714 Pharaonis,
3449 4645 3640 4700 I’hilon
3671 4642 3784 4697 Btt-

455 4737 656 4796 sinuat.
683 4737 938 4794 Binarius
959 4737 1177 4794 demum
1203 4753 1302 4794 nec
1325 4739 1443 4810 ipse
1471 4755 1666 4811 expers
1695 4749 1778 4798 cst
1798 4743 2066 4816 mystcrii.

459 4832 714 4902 Legimus
743 4832 890 4887 enim
924 4831 1141 4888 viduam
1177 4831 1323 4888 illam
1358 4835 1554 4904 insigni
1585 4835 1744 4892 laude
1773 4853 1800 4889 a
1837 4837 2070 4894 Domino

461 4925 856 4992 commendari,
887 4941 1006 4997 qua:
1033 4941 1140 4982 acra
1181 4925 1291 4984 duo
1333 4926 1385 4982 in
1431 4929 1877 5001 gazOpliylacium
1923 4933 2072 4986 misit

465 5017 618 5091 (Luc.
658 5035 769 5084 ut,
813 5016 894 5091 9.).
946 5019 1326 5076 Samaritanus
1369 5037 1468 5092 pro
1509 5025 1792 5082 curatione
1843 5029 2071 5084 sauciati

463 5111 624 5168 binos
654 5113 898 5183 erogavit
929 5127 1181 5168 nummos
1211 5113 1366 5188 (Luc.
1401 5131 1456 5180 χ,
1490 5116 1605 5188 55).
1639 5117 1796 5189 Apud
1827 5121 2072 5178 Samari-

461 5215 620 5262 tanus
673 5205 896 5262 biduum
955 5207 1221 5278 transegit
1273 5207 1528 5266 Salvator
1581 5211 1832 5270 Christus
1887 5213 2070 5283 (Joan.

465 5317 553 5370 tv,
607 5301 701 5374 45)
729 5321 742 5356 :
773 5301 1082 5374 bipartitam
1126 5319 1362 5376 namque
1404 5305 1674 5378 signiﬁcat
1725 5309 2072 5380 charitatem,

471 5397 563 5452 υθὶ
605 5391 823 5466 nempe,
855 5406 914 5454 et
941 5397 1170 5468 proximi
1200 5415 1214 5453 :
1245 5397 1314 5454 In
1344 5398 1426 5456 his
1463 5401 1684 5472 duobus,
1727 5402 1862 5460 dicit
1892 5405 2078 5462 Domi-

469 5502 594 5556 nus,
611 5489 849 5548 uniuersa
870 5489 980 5548 Lee:
1001 5491 1186 5564 pendet
1206 5501 1254 5546 et
1277 5491 1556 5565 Prophetce
1573 5493 1790 5567 (Matth.
1810 5513 1940 5566 χιιι,
1953 5498 2072 5570 40).

469 5579 779 5640 Mansiones
807 5584 970 5656 igitur
1009 5585 1244 5644 ﬁliorum
1283 5587 1446 5644 lsrael
1491 5587 1561 5644 ab
1600 5586 1820 5662 (Egypti
1852 5591 2070 5661 ﬁnibus,

471 5691 642 5748 usque
675 5678 742 5736 ad
769 5679 1212 5750 repmmissionis
1259 5691 1462 5738 terram
1508 5683 1860 5758 quadraginta
1889 5687 2014 5746 dum
2041 5707 2074 5746 a

474 5770 656 5844 Moyse
685 5783 1062 5830 recensentur.
1099 5773 1192 5832 Sic
1223 5785 1278 5834 et
1307 5782 1526 5834 sanctus
1558 5777 1843 5836 Matthmus
1867 5780 2076 5836 Christi

471 5867 876 5935 generationem
907 5865 1247 5941 describens,
1289 5867 1644 5944 quadraginta
1687 5871 1820 5928 duas
1851 5887 2072 5930 enume-

2177 4765 2378 4804 mcsseu
2409 4757 2456 4802 et
2485 4746 2567 4802 0n
2600 4745 2798 4817 (Exod.
2831 4761 2869 4813 ι,
2904 4741 3018 4816 H).
3052 4742 3151 4798 Est
3178 4741 3414 4812 denique
3440 4739 3491 4794 in
3525 4737 3788 4794 extremis

2179 4843 2330 4900 illius
2361 4841 2514 4912 regni
2563 4840 2764 4896 ﬁnibus
2809 4839 2934 4904 sita,
2987 4847 3044 4891 ut
3087 4835 3318 4892 habetur
3359 4833 3411 4891 in
3443 4835 3582 4889 libro
3613 4831 3788 4888 Exodi

2181 4935 2382 5011 (Exod.
2416 4951 2516 5002 xu,
2549 4935 2664 5004 57).
2705 4934 2764 4990 ln
2807 4933 2906 4988 hac
2953 4930 3238 4986 mansione
3284 4927 3514 5000 populus
3552 4935 3786 4997 patrum,

2184 5041 2420 5090 inamato
2445 5043 2606 5100 agno,
2634 5028 2861 5099 ejusque
2889 5023 3154 5096 sanguine
3178 5023 3461 5079 domorum
3492 5018 3789 5088 liminibus,

2186 5142 2252 5182 ac
2277 5127 2528 5196 utrisque
2555 5123 2804 5194 postibus
2829 5121 3000 5186 illitis,
3033 5117 3473 5176 exterminatur-is
3502 5124 3796 5172 evaserunt

2187 5221 2402 5291 plagam
2449 5236 2463 5272 :
2517 5218 2570 5271 in
2627 5217 2728 5270 hac
2779 5214 3053 5286 Egyptns
3104 5209 3461 5284 primogenita
3510 5225 3605 5265 sua
3657 5207 3795 5265 vidit

2184 5316 2426 5370 extincta
2456 5331 2467 5364 ;
2501 5313 2552 5365 in
2587 5309 2687 5366 hac
2719 5308 2944 5364 farinam
2978 5323 3084 5362 non
3117 5303 3526 5368 fermentatam,
3559 5317 3796 5374 vasaque

2185 5417 2444 5478 argentea
2477 5414 2532 5462 et
2557 5419 2726 5460 aurea
2750 5403 2818 5458 ab
2847 5401 3115 5476 [Egyptiis
3144 5409 3330 5455 mutuo
3359 5409 3602 5469 accepta,
3627 5398 3798 5456 verbo

2191 5501 2308 5566 Dei,
2339 5500 2444 5558 sibi
2489 5497 2724 5570 p0pulus
2761 5500 3184 5566 congregarunt.
3229 5491 3437 5548 [lorum
3481 5506 3603 5562 quae
3652 5491 3797 5548 dicta

2183 5603 2335 5662 sunt,
2363 5593 2579 5658 fratres,
2597 5590 2806 5662 singula
2827 5586 3104 5660 mysteriis
3131 5584 3330 5642 referta
3353 5592 3496 5652 sunt,
3521 5589 3576 5640 et
3597 5593 3799 5640 nostrae

2191 5687 2486 5759 proﬁciunt
2509 5685 2838 5756 disciplinae.
2887 5681 2944 5738 lu
2987 5678 3174 5752 primis
3215 5677 3339 5750 quia
3379 5675 3672 5734 Ramesses
3713 5693 3800 5734 sc-

2187 5781 2428 5840 euudum
2456 5780 2668 5850 aliquos
2703 5778 3093 5846 interpretatur
3121 5771 3426 5830 commotio
3467 5769 3796 5839 turbulenta,

2189 5891 2312 5947 qum
2353 5872 2620 5944 signiﬁcat
2652 5867 3026 5942 pmnitentiam
3061 5883 3070 5920 :
3106 5879 3201 5936 per
3234 5866 3407 5940 ipsam
3437 5863 3582 5924 enim
3613 5863 3794 5921 turbu-
