4082 6306
293 5899 326 5960 δή

419 258 482 325 ιδ
1334 277 1422 336 DE
1465 277 1603 338 ιιιιι
1643 277 2111 342 MANSIONIBUS
2151 280 2477 346 FILIORUM
2518 289 2790 349 lS'RAEl..

3645 302 3712 360 ιι

405 387 547 442 lenta
573 387 708 446 litin
736 404 1027 463 peccatore
1049 397 1360 464 commotio,
1386 408 1442 453 ut
1464 398 1749 456 aboleatur
1769 413 2012 460 vetustas
2037 402 2092 462 Α
2116 399 2349 470 deletur.
2382 405 2506 476 quia
2535 409 2799 480 scriptum
2829 420 2914 468 est
2939 431 2952 469 :
2990 413 3058 471 Ut
3094 415 3260 471 lutum
3303 420 3592 490 platearum
3632 424 3721 478 de-

405 481 609 552 peccati
667 494 728 540 et
758 486 1049 544 inducatur
1085 490 1292 546 novitas
1314 496 1502 563 gratire
1530 511 1542 548 :
1577 501 1636 548 ut
1659 494 1823 552 homo
1855 507 2011 554 vetus

399 575 650 647 alligatur
693 581 874 647 cruci,
904 593 960 639 et
1003 599 1172 640 novus
1205 585 1367 642 homo
1410 599 1661 658 resurgat
1689 607 1701 642 :
1735 600 1792 645 ut
1821 600 2009 650 vetere

402 669 618 725 tandem
650 671 904 746 deposita
934 679 1349 735 conversatione
1378 681 1580 750 carnis,
1610 683 1823 739 novitas
1852 684 2009 740 indu-

398 773 553 819 catur
604 767 854 837 spiritus.
907 769 1230 849 Pmnitentia
1283 789 1414 846 ergo
1461 792 1710 849 magnam
1762 795 2004 838 commo-

401 855 601 912 tionem
669 847 1151 935 turbationemque
1215 866 1406 937 gignit.
1475 847 1603 926 ideo
1667 872 1936 944 propheta
1989 892 2004 929 :

400 949 686 1024 Postquam
741 958 986 1029 cognovi,
1021 975 1114 1033 ego
1155 961 1380 1032 ingemui
1427 962 1640 1036 (Jerem.
1689 967 1871 1040 χχχι).
1903 967 2007 1040 Qui

396 1059 526 1118 ergo
566 1047 634 1102 ad
685 1051 1075 1120 repromissum
1123 1063 1344 1112 aeterna:
1392 1057 1726 1117 ha-reditatis
1777 1064 2004 1133 patriam

399 1139 668 1209 proﬁcisci
709 1142 1031 1211 desiderat,
1075 1161 1138 1202 ac
1207 1149 1437 1205 Domino
1503 1152 1613 1209 Deo
1662 1155 1902 1226 seipsum
1952 1167 2007 1212 ut

397 1231 630 1288 hostium
672 1236 972 1305 viventem,
1003 1253 1270 1308 sanetam,
1298 1242 1354 1318 4
1379 1244 1525 1302 Patri
1560 1248 1865 1318 placentem
1899 1252 2002 1306 im-

395 1327 699 1386 molaturus
722 1333 957 1400 accedit,
985 1335 1144 1393 debet
1171 1339 1347 1408 primo
1371 1341 1526 1405 adire
1554 1342 1877 1414 Ramessen,
1900 1347 2005 1404 hoc

395 1426 477 1473 est
506 1421 957 1492 commotionem,
1000 1443 1120 1497 quae
1163 1428 1223 1484 ιιι
1258 1445 1356 1501 per
1388 1435 1783 1502 pmnitentiam,
1818 1437 2004 1510 ibique

395 1527 548 1570 suam
579 1515 750 1588 ﬁgere
781 1522 1145 1580 mansionem.
1192 1525 1266 1581 ibi
1303 1542 1456 1586 suam
1499 1531 1840 1590 mansionem
1886 1533 2004 1594 ﬁxit

401 1607 604 1674 Achab,
636 1612 859 1682 quando
889 1615 1059 1678 scissa
1087 1627 1237 1681 veste
1262 1633 1381 1686 sua,
1414 1621 1604 1678 induto
1631 1624 1837 1694 cilicio,
1861 1625 2002 1700 jeju-

400 1704 565 1770 na‘vi’t,
593 1702 856 1770 dormivit
889 1707 939 1762 in
976 1725 1158 1777 sacco,
1196 1721 1251 1769 ει
1291 1713 1534 1772 demisso
1575 1718 1871 1776 ambulavit
1910 1737 2003 1776 ca-

2112 493 2224 550 lebo
2267 513 2353 553 eos
2396 498 2571 572 (Psal.
2609 518 2745 571 xvu,
2771 503 2865 577 45)
2894 525 2907 561 :
2940 516 2997 564 et
3042 523 3369 582 receperunt
3406 524 3715 587 argentum,

2111 592 2254 662 quod
2282 603 2368 648 est
2394 609 2576 652 sermo
2595 597 2751 670 justi.
2779 598 3056 672 Scriptum
3099 614 3185 662 est
3213 607 3359 662 enim
3385 625 3398 661 :
3430 609 3716 682 Argentum

2109 686 2226 756 igne
2249 689 2603 745 examinatum
2634 691 2812 766 lingua
2831 696 2962 766 justi
2995 697 3173 770 (Prov.
3200 717 3255 767 ι,
3287 701 3402 776 20).
3428 704 3716 764 Dcderunt

2109 778 2331 850 lateres,
2362 783 2452 856 qui
2476 784 2705 853 cadunt;
2737 790 2862 860 quia
2889 791 3150 862 scriptum
3179 807 3262 853 est
3287 814 3301 852 :
3324 797 3535 858 Lateres
3577 807 3716 860 ceci-

2109 873 2314 943 derunt,
2358 887 2408 932 et
2454 891 2756 952 receperunt
2782 899 2966 939 aurum
3005 884 3176 960 (Esai.
3201 906 3274 958 ix,
3310 891 3421 966 10),
3455 895 3598 968 quod
3629 909 3717 956 est

2107 981 2266 1024 mens
2309 969 2450 1026 bona
2483 987 2589 1044 qua
2620 974 2889 1031 servimus
2917 975 3023 1048 legi
3055 978 3174 1036 Dei.
3209 980 3353 1039 Bona
3395 999 3526 1062 ergo
3563 1003 3716 1044 com-

2111 1063 2381 1118 mutatio:
2415 1064 2556 1122 unde
2601 1065 2735 1124 dicit
2767 1067 3102 1139 Apostolus:
3139 1073 3264 1128 Iam
3305 1080 3525 1138 saturati
3569 1083 3710 1152 estis,

2107 1156 2214 1221 iam
2244 1158 2429 1215 divites
2464 1162 2592 1231 {acti
2620 1165 2742 1218 estis
2774 1163 2818 1232 (Ι
2845 1164 2966 1221 Cor.
3005 1183 3082 1233 tv,
3119 1169 3198 1237 8).
3232 1169 3343 1227 Has
3370 1188 3470 1229 nos
3497 1173 3715 1232 divitias

2106 1266 2486 1324 comparemus
2502 1257 2678 1326 nobis,
2695 1260 2892 1332 quibus
2914 1262 3280 1335 intelligibiles
3296 1268 3492 1324 animm
3515 1281 3716 1328 nostra:

2109 1345 2396 1406 thesauros
2438 1351 2780 1422 repleamus:
2810 1355 2908 1410 sed
2951 1356 3070 1432 ipse
3119 1358 3383 1420 Dominus
3420 1360 3514 1418 dat
3559 1363 3719 1420 nobis

2107 1441 2377 1508 gratiam,
2429 1452 2486 1498 ut
2528 1444 2598 1500 ab
2643 1443 2920 1518 Egyptiis
2970 1449 3091 1514 illas
3129 1454 3343 1524 eripere
3393 1455 3716 1524 possimus:

2105 1530 2234 1588 ideo
2278 1533 2422 1590 bene
2469 1535 2602 1594 dicit
2648 1539 2944 1607 Apostolus
2983 1542 3051 1597 ad
3097 1543 3403 1609 Hebraeos:
3451 1546 3722 1624 Optimum

2103 1634 2179 1680 est
2220 1628 2390 1697 gratia
2437 1629 2673 1687 stabilire
2710 1648 2800 1687 cor
2847 1632 3036 1705 (Hebr.
3082 1652 3200 1708 xm,
3235 1637 3311 1712 9).
3353 1639 3500 1698 Bona
3550 1642 3718 1718 igitur

2105 1717 2317 1774 mansio
2345 1718 2629 1779 Ramesse.

395 1800 506 1872 pile
532 1800 622 1874 (Ill
669 1803 802 1879 Reg,
846 1821 958 1871 xxx,
987 1805 1103 1880 27),
1139 1808 1217 1864 lbi
1254 1809 1446 1867 Νίηίνο
1484 1811 1596 1868 ne;
1622 1812 1736 1870 ﬁxit
1762 1816 2002 1871 mansio-
2030 1801 2079 1865 B
2178 1808 2254 1866 ll‘
2303 1815 2536 1880 mansio,
2591 1815 3201 1880 Socoru.-—-Secunda
3254 1826 3492 1885 liliorum
3544 1829 3715 1888 israel

395 1908 540 1959 nem,
563 1901 781 1966 quando
809 1914 1040 1970 surgens
1068 1900 1134 1956 de
1166 1901 1360 1958 throno
1396 1919 1519 1971 suo,
1551 1905 1777 1962 abstulit
1801 1911 1997 1966 stolam

395 1990 691 2060 pr0priam,
709 2000 763 2047 et
779 2007 939 2048 sacco
958 1994 1178 2052 indutus
1197 1996 1336 2054 sedit
1359 1999 1412 2053 in
1437 2000 1622 2057 cinere
1649 2000 1794 2075 (Jan.
1817 2018 1896 2070 ut,
1917 2002 1997 2078 6).

393 2079 467 2136 ibi
500 2081 770 2144 Corinthii
795 2087 1130 2144 mansionem
1162 2090 1422 2160 ﬁxerunt,
1449 2093 1669 2164 quando
1693 2096 2000 2153 contristati

391 2187 519 2234 sunt
547 2181 846 2237 secundum
875 2181 1045 2239 Deum
1072 2201 1085 2238 :
1115 2200 1236 2256 qua:
1269 2187 1512 2258 tristitia,
1542 2197 1603 2243 ut
1629 2190 1822 2248 scribit
1851 2193 1998 2262 Apo-

389 2273 600 2338 stolus,
657 2272 1027 2330 Plenitentiam
1082 2276 1137 2332 in
1191 2278 1411 2336 salutem
1466 2280 1701 2337 stabilem
1755 2295 2002 2352 operatur

392 2365 460 2438 (ll
486 2365 606 2424 Cor.
635 2383 728 2432 vn,
762 2367 870 2441 ιο).
898 2367 1110 2426 Deinde
1136 2370 1260 2448 agni
1291 2371 1546 2427 mactatio
1575 2372 1704 2445 quid
1739 2375 1884 2432 aliud
1916 2384 2001 2434 est

387 2474 547 2529 quam
572 2460 751 2534 passio
773 2461 1010 2528 Christi;
1036 2462 1150 2534 qui,
1179 2474 1235 2518 ut
1255 2462 1532 2535 Propheta
1557 2464 1710 2531 dicit,
1739 2476 1999 2538 tamquam

386 2565 550 2623 agnus
597 2553 840 2608 innocens
886 2555 1143 2610 adductus
1192 2566 1264 2612 est
1311 2567 1366 2611 ut
1411 2559 1734 2627 sacriﬁcetur
1778 2560 1994 2631 (Ierem.

387 2661 475 2710 χι,
526 2645 650 2724 l9)?
702 2648 870 2720 Cujus
923 2649 1190 2722 sanguine
1246 2666 1413 2724 super
1468 2652 1754 2708 domorum
1814 2663 1998 2724 postes

385 2737 584 2809 effuso,
635 2741 934 2798 liberamur
978 2744 1047 2798 ab
1094 2743 1570 2812 Extermiuatore;
1619 2745 1743 2816 quia
1793 2745 1999 2802 Christi

383 2835 638 2912 passione
664 2851 758 2908 per
778 2846 1118 2894 sacramenta
1142 2837 1300 2894 nubis
1331 2837 1669 2909 participata,
1700 2838 1997 2898 liberamur

382 2929 448 2984 ab
478 2943 544 2986 eo
576 2928 668 3001 qui
703 2928 938 2994 habebat
968 2930 1160 2989 mortis
1204 2930 1519 3002 imperium,
1548 2931 1600 2987 id
1623 2941 1727 2998 est,
1754 2931 1994 3001 diabolo,

383 3031 440 3075 ut
471 3019 536 3076 ad
562 3020 824 3078 Hebraeos
852 3022 1048 3082 scribit
1087 3021 1380 3094 Apostolus
1408 3022 1596 3097 (Hebr.
1627 3040 1687 3091 ιι,
1725 3024 1837 3096 ib).
1870 3024 1997 3082 ideo

382 3116 434 3171 in
477 3114 582 3170 alio
625 3115 747 3172 loco
788 3116 924 3173 dicit
963 3135 975 3170 :
1011 3117 1244 3173 Christus
1283 3127 1338 3172 ut
1367 3135 1459 3191 per
1499 3135 1649 3178 suum
1690 3121 1996 3192 sanguinem

380 3209 722 3280 sanctiﬁcaret
751 3214 1020 3286 pupulum,
1050 3225 1196 3268 extra
1231 3223 1436 3285 portam
1474 3231 1658 3285 passus
1700 3225 1773 3270 est
1800 3213 1987 3289 (IIebr.
2022 3195 2066 3262 Ο

381 3319 497 3372 χιιι,
535 3303 641 3378 12).
665 3306 724 3362 In
757 3307 859 3363 hac
879 3308 1044 3366 etiam
1074 3308 1357 3366 mansione
1380 3308 1604 3382 IEgypti
1627 3311 1992 3384 primogenita

381 3402 835 3473 exstinguuntur;
872 3402 974 3457 hoc
1003 3411 1109 3470 est,
1143 3403 1294 3476 pravi
1323 3405 1504 3460 carnis
1533 3403 1781 3472 allectus,
1816 3404 1988 3461 etde-

380 3493 576 3550 sideria
603 3496 743 3550 mala
774 3511 894 3566 qua:
921 3494 1162 3552 militant
1192 3495 1462 3552 adversus
1485 3497 1743 3554 animam.
1771 3497 1980 3554 Exstin-

378 3598 615 3657 guuntur
644 3604 777 3644 vero
804 3587 1067 3661 Egyptii,
1100 3591 1229 3645 dum
1260 3607 1365 3645 non
1395 3591 1510 3663 agis
1535 3606 1701 3666 opera
1734 3593 1987 3648 tenebra-

383 3697 500 3744 rum
534 3702 546 3738 :
577 3684 999 3756 exstinguuntur
1049 3682 1286 3760 Egyptii
1342 3685 1470 3742 dum
1517 3701 1625 3742 non
1655 3687 1986 3755 carnaliter;

381 3774 473 3830 sed
517 3775 842 3850 spiritaliter
881 3776 1055 3838 vivis:
1087 3778 1510 3852 exstinguuntur
1547 3777 1810 3854 Egyptii,
1860 3781 1985 3838 dum

379 3867 622 3939 impuras
678 3869 1039 3943 sordidasque
1103 3871 1464 3944 cogitationes
1522 3873 1610 3928 vel
1673 3872 1903 3948 depellis
1955 3889 1985 3935 e

375 3961 575 4032 corde,
629 3962 716 4019 vel
773 3963 998 4019 omnino
1047 3980 1157 4020 non
1215 3965 1434 4035 recipis.
1492 3963 1621 4022 ideo
1673 3965 1981 4038 qumrenti:

380 4054 508 4124 Quis
542 4071 624 4110 me
656 4054 892 4112 liberabit
922 4055 986 4111 de
1014 4071 1228 4128 corpore
1257 4057 1438 4112 mortis
1478 4057 1673 4130 hujus?
1698 4057 1987 4130 respondit

375 4150 670 4223 Apostolus
699 4169 713 4206 :
744 4148 929 4206 Gratia
961 4147 1056 4204 Dei
1089 4167 1180 4222 per
1205 4147 1386 4206 Jesunt
1413 4149 1671 4206 Christum
1701 4149 1984 4206 Dominum

377 4253 606 4308 nostrum
635 4243 812 4318 (Rom.
839 4259 932 4311 vn,
959 4242 1053 4311 24,
1084 4242 1202 4316 25).
1232 4242 1290 4299 In
1321 4243 1424 4300 hac
1460 4245 1742 4302 mansione
1785 4244 1978 4312 farina,

378 4346 664 4410 argentum
713 4347 771 4396 et
819 4352 1010 4394 aurum
1051 4337 1422 4394 cumulantur.
1473 4337 1714 4405 Farina,
1764 4354 1831 4392 cx
1875 4353 1980 4408 qua

377 4433 532 4510 panis
575 4430 887 4499 coniicitur,
938 4431 1182 4488 doctrina
1222 4429 1427 4486 Christi
1479 4439 1596 4498 est;
1646 4431 1773 4503 quia
1825 4432 1978 4502 panis

374 4524 620 4585 Christus
650 4533 750 4593 est,
790 4524 1008 4580 dicente
1051 4523 1258 4579 Joanne
1291 4541 1304 4576 :
1338 4521 1452 4597 Ego
1488 4539 1602 4578 sunt
1644 4524 1794 4594 panis
1839 4526 1978 4579 vivus

2106 1905 2369 1972 profectio
2408 1905 2508 1963 fuit
2559 1909 2612 1965 in
2656 1909 2909 1968 Socotb:
2943 1914 3128 1986 ibique
3177 1921 3438 1990 tentoria,
3479 1920 3717 1996 Aigypto

2099 1997 2312 2067 relicta,
2346 2000 2593 2070 ligentes,
2644 2007 2945 2064 secundam
2995 2012 3334 2075 mansionem
3383 2015 3713 2077 habuerunt.

2100 2087 2229 2148 ideo
2259 2092 2436 2150 dicit:
2472 2093 2707 2170 Profecti
2751 2112 2924 2157 autem
2967 2104 3069 2174 ﬁlii
3107 2104 3280 2163 Israel
3325 2125 3392 2165 ex
3442 2110 3712 2180 Ramesse,

2101 2190 2450 2244 castrametati
2478 2202 2596 2246 sunt
2623 2193 2676 2248 in
2706 2193 2900 2251 Socotb
2928 2195 3119 2272 (Num.
3154 2216 3341 2268 χχχιιι,
3370 2202 3448 2278 3).
3481 2205 3717 2266 intentio

2099 2280 2273 2334 sancti
2308 2282 2593 2351 Prophette
2621 2286 2815 2359 Moysi,
2842 2291 2936 2364 qui
2965 2289 3060 2346 Dei
3086 2295 3344 2356 mandato
3367 2301 3549 2370 populi
3584 2318 3712 2379 pro-

2100 2383 2316 2425 cessum
2361 2388 2428 2428 cx
2469 2372 2708 2448 Egypto
2738 2395 2911 2451 usque
2940 2383 3006 2438 ad
3053 2384 3352 2446 Jordanctn
3396 2372 3712 2463 descripsit,

2101 2475 2208 2517 nun
2239 2462 2340 2519 luit
2369 2466 2581 2538 singula
2623 2480 2814 2528 notare
2848 2474 2962 2530 loca
3004 2477 3070 2532 ad
3115 2495 3236 2549 qua:
3275 2482 3326 2536 ei
3360 2483 3412 2539 in
3461 2462 3715 2548 universo

2101 2553 2298 2610 itinere
2328 2555 2605 2616 divertere
2632 2563 2953 2636 contigerit;
2977 2568 3074 2624 sed
3095 2571 3182 2625 illa
3209 2581 3413 2630 tantum
3439 2576 3489 2632 in
3513 2579 3714 2650 quibus

2098 2645 2283 2719 aliqua
2310 2652 2568 2722 mysteria
2599 2652 2739 2712 facta
2771 2667 2917 2714 sunt.
2952 2661 3152 2719 Socotb
3185 2666 3314 2723 urbs
3346 2681 3430 2725 est
3457 2645 3714 2730 in‘mon-

2098 2742 2270 2810 tanis,
2319 2753 2474 2799 extra
2519 2754 2721 2803 terram
2770 2747 3029 2824 Egypti;
3063 2757 3114 2812 ei
3148 2767 3327 2816 tatnen
3370 2763 3622 2834 llnitima,
3657 2781 3714 2826 ut

2099 2834 2297 2906 legitur
2327 2838 2381 2893 in
2423 2839 2564 2897 libro
2592 2840 2719 2899 Iesu
2759 2843 2908 2903 Nave
2955 2847 3139 2924 (Iosue
3179 2869 3296 2923 xm,
3344 2857 3420 2921 7).
3466 2857 3710 2933 Denique

2099 2927 2301 2985 Socotb
2322 2931 2715 3004 interpretatur
2734 2937 3106 2998 tabernacula.
3120 2942 3279 3003 Unde
3297 2946 3468 3006 lacob
3491 2927 3710 3023 quando

2097 3021 2167 3078 ab
2191 3021 2342 3081 'Esau
2373 3027 2462 3097 qui
2489 3027 2537 3083 ei
2567 3044 2596 3082 a
2627 3028 3021 3102 Mesopotamia
3045 3041 3342 3097 revertenti
3370 3021 3626 3112 occurrit,
3651 3063 3711 3106 se

2098 3115 2301 3173 divisit.
2337 3119 2590 3176 Reversus
2619 3133 2715 3191 est,
2747 3125 2922 3199 inquit
2953 3129 3254 3203 Scriptura,
3287 3137 3339 3190 in
3373 3138 3708 3198 tabernacula

2103 3211 2256 3284 (Gen.
2290 3231 2477 3282 χχχιιι,
2511 3217 2617 3291 l7).
2645 3217 2746 3278 Ubi
2771 3221 2875 3277 alia
2910 3226 3197 3292 translatio
3224 3228 3423 3289 habet:
3453 3233 3711 3292 Reversus

2093 3316 2169 3361 est
2200 3306 2414 3364 Socotb.
2449 3309 2518 3366 Et
2555 3312 2841 3388 subiungit
2871 3316 2980 3372 ibi:
3011 3311 3081 3373 Et
3123 3322 3243 3392 fecit
3271 3322 3435 3382 Iacob
3480 3329 3578 3384 sibi
3612 3333 3708 3386 do-

2093 3414 2226 3468 mos,
2258 3411 2304 3456 et
2347 3404 2617 3473 pecoribus
2655 3407 2762 3462 suis
2803 3410 2923 3482 fecit
2970 3411 3303 3471 tabernacula
3327 3434 3347 3474 .'
3372 3431 3580 3495 propter
3606 3427 3703 3481 hoc

2093 3495 2289 3549 uocauit
2336 3511 2521 3552 nomen
2561 3498 2662 3554 loci
2705 3500 2867 3570 illius,
2918 3501 3300 3565 Tabernacula.
3351 3511 3421 3570 Et
3474 3515 3550 3571 ibi
3597 3517 3701 3574 alia

2095 3587 2383 3645 translatio
2411 3591 2584 3648 dicit:
2619 3594 2912 3666 Appellauit
2953 3616 3139 3660 nomen
3173 3603 3272 3659 loci
3303 3606 3446 3664 illius
3481 3611 3697 3683 Socotb,

2091 3682 2146 3738 id
2173 3693 2279 3752 est,
2324 3686 2696 3750 tabernacula.
2724 3691 2782 3746 in
2817 3693 2915 3751 hac
2959 3710 3175 3772 quoque
3211 3701 3495 3760 mansione
3534 3682 3703 3765 εοχεέ-

2090 3785 2219 3832 runt
2265 3776 2492 3833 farinam
2523 3797 2535 3834 :
2561 3780 2766 3838 Dicitur
2793 3787 2938 3842 enim
2972 3789 3025 3843 iu
3055 3790 3195 3847 libro
3222 3793 3436 3850 Exodi:
3469 3799 3534 3853 Et
3565 3805 3701 3874 fece-

2089 3882 2210 3927 runt
2239 3889 2303 3927 ea:
2338 3873 2513 3944 farina
2554 3875 2922 3935 subcinericios
2962 3899 3169 3954 asymos
3215 3885 3410 3960 (Exod.
3441 3907 3532 3962 xu,
3566 3894 3695 3969 59);

2084 3961 2203 4019 Non
2248 3966 2390 4021 enim
2439 3966 2770 4026 fermentata
2819 3972 3268 4050 fuitzejecerunt
3321 3998 3554 4060 namque
3601 3961 3698 4050 eos

2087 4056 2349 4131 Egyptii.
2375 4059 2435 4116 ln
2459 4061 2560 4118 hac
2585 4063 2642 4118 [it
2673 4066 2896 4140 insuper
2925 4083 3189 4128 annorum
3215 4056 3549 4150 computatio
3575 4087 3700 4155 qui-

2085 4153 2188 4211 bus
2218 4154 2380 4218 Israel
2412 4156 2513 4217 fuit
2542 4159 2596 4215 in
2628 4159 2886 4234 Egypto.
2921 4163 3098 4238 inquit
3131 4169 3276 4227 enim
3304 4191 3317 4228 :
3350 4173 3415 4228 At
3442 4153 3694 4236 habitatio

2084 4246 2314 4315 ﬁliorum
2342 4247 2530 4318 Israel,
2554 4269 2707 4326 quam
2728 4254 3081 4314 habitaverunt
3111 4260 3213 4331 ipsi
3239 4272 3288 4318 et
3316 4276 3485 4335 patres
3514 4285 3696 4330 eorum

2082 4339 2136 4393 in
2165 4349 2301 4395 terra
2331 4340 2576 4414 Egypti,
2599 4354 2703 4402 etc.
2733 4345 2921 4419 (Ibid.,
2945 4349 3066 4423 40).
3095 4352 3154 4409 In
3177 4353 3278 4410 hac
3307 4360 3526 4426 tandem
3552 4379 3693 4435 prm-

2082 4432 2280 4503 cipitur
2307 4443 2364 4490 ut
2401 4434 2565 4527 hujus
2603 4454 2670 4494 ex
2711 4439 2948 4516 Egypto
2986 4443 3328 4506 liberationis
3366 4432 3690 4527 perpetuum

2081 4533 2261 4582 exstet
2278 4526 2419 4598 apud
2441 4543 2537 4584 eos
2555 4533 2895 4590 memoriale.
2920 4536 3096 4610 lnquit
3117 4541 3261 4600 enim
3279 4559 3292 4597 :
3314 4543 3689 4625 DixitMoyses

377 4615 553 4688 (Jaan.
601 4633 675 4684 vt,
718 4617 836 4690 51).
885 4616 1217 4688 Argentum,
1269 4593 1516 4674 divinum
1565 4593 1817 4686 designat
1864 4593 2150 4672 elo-Ded
2172 4593 2857 4691 populum:Recordamini
2877 4629 2978 4685 diei
2997 4593 3261 4705 λιθυεζῶ
3280 4593 3390 4709 ⁷ιιζια
3417 4593 3685 4722 εσῗὲξέξ

374 4715 599 4786 quium:
636 4710 860 4784 Eloquia
903 4711 1037 4766 enim
1082 4708 1314 4776 Domini,
1348 4709 1548 4780 eloquia
1594 4717 1756 4775 casta,
1795 4725 1978 4781 argen-

2079 4713 2199 4768 estis
2214 4730 2279 4770 ea:
2297 4713 2555 4788 zEgypto,
2568 4735 2635 4774 ea:
2657 4719 2809 4776 domo
2839 4723 3094 4780 servitutis
3107 4741 3126 4780 :
3147 4728 3200 4781 in
3226 4745 3381 4788 manu
3407 4713 3543 4792 enim
3562 4713 3692 4812 [0ὗὶ

375 4814 479 4864 tum
529 4807 649 4880 igne
697 4804 1084 4872 examinatwn,
1135 4803 1406 4878 probatum
1456 4813 1648 4869 terraz,
1701 4811 1977 4876 purgatum
2076 4807 2364 4868 eduxitvos
2389 4811 2508 4868 hinc
2538 4812 3005 4888 Dominus(Ea:od.
3028 4821 3313 4895 xtu,3).in
3337 4829 3436 4887 hac
3463 4803 3684 4894 demum

373 4899 668 4972 septuplum
712 4895 889 4970 (Psal.
943 4913 1022 4965 χι,
1074 4897 1150 4968 7).
1198 4897 1424 4964 Aurum,
1477 4913 1631 4954 mens
1667 4898 1810 4954 bona
1849 4907 1976 4955 est:

373 5009 492 5064 qua:
524 5009 632 5049 non
663 4993 938 5049 immerito
969 5004 1320 5065 comparatur
1345 5009 1514 5049 auro:
1547 4991 1679 5048 Nam
1713 4993 1852 5049 sicut
1881 5010 1978 5050 au-

373 5101 491 5145 rum
522 5087 739 5145 caeteris
769 5094 988 5163 praestat
1018 5086 1272 5156 metallis,
1306 5087 1375 5142 ἰιςι
1414 5103 1567 5143 ιιιειιε
1600 5087 1740 5144 bona
1779 5085 1834 5143 in
1879 5087 1977 5144 ho-

374 5180 518 5236 mine
560 5180 776 5244 caeteris
813 5180 994 5254 potior
1030 5189 1115 5236 est
1143 5179 1395 5240 humanm
1427 5182 1742 5240 substantia:
1774 5181 1982 5255 portio-

369 5274 556 5332 nibus.
609 5273 735 5330 Tria
777 5289 908 5346 ergo
939 5274 994 5330 in
1039 5272 1301 5331 Ramesse
1331 5283 1748 5340 coacervantur,
1781 5274 1976 5345 farina,

371 5376 660 5444 argentum
708 5380 765 5425 et
791 5385 1022 5426 aurum:
1057 5369 1336 5438 doctrina,
1380 5371 1680 5441 eloquium,
1723 5380 1776 5426 et
1824 5384 1982 5426 meus

373 5461 553 5522 bena:
582 5465 638 5523 in
667 5461 868 5542 quibus
893 5479 1088 5521 census
1111 5466 1374 5540 sapientis
1400 5465 1649 5522 consistit
1675 5483 1686 5520 :
1711 5465 1817 5522 Sed
1845 5466 1983 5522 inte-

374 5553 478 5618 rim
518 5559 819 5640 pretiosam
862 5562 1346 5622 commutationem
1386 5560 1821 5620 consideremus.
1860 5560 1982 5617 Filii

377 5652 540 5718 israel
569 5651 846 5720 dederunt
873 5653 1056 5726 paleas
1078 5672 1200 5728 qua:
1229 5651 1626 5732 inextinguibili
1654 5655 1983 5711 comburun-

297 5795 303 5806 .
378 5755 463 5803 tur
501 5748 650 5822 igne,
682 5757 739 5803 et
769 5761 1092 5820 receperunt
1122 5750 1375 5816 farinam,
1413 5751 1466 5808 in
1497 5768 1597 5824 qua
1628 5751 1848 5824 sapiens
1892 5751 1982 5808 illa

377 5838 569 5898 mulier
602 5841 932 5898 fermentum
963 5842 1268 5902 abscondit.
1305 5843 1578 5902 Dederunt
1610 5843 1804 5913 lutum,
1841 5843 1984 5916 quod

2080 4904 3002 4986 solemnitasazymorum,ritusque
3016 4932 3204 4990 azyma
3217 4925 3683 5002 comedendiprte-

2080 4999 2355 5056 scribitur.
2389 4999 2526 5064 Nam
2551 5004 2725 5075 inquit
2757 5023 2769 5060 :
2797 5005 2907 5064 Sex
2931 5008 3041 5064 dies
3093 5015 3366 5072 comedetis
3396 4999 3615 5094 azyma;
3635 5036 3691 5082 at

2082 5090 2166 5145 die
2194 5093 2408 5165 septima
2437 5099 2627 5167 festum
2651 5095 2875 5155 Domina
2898 5118 2916 5156 :
2946 5119 3049 5158 non
3072 5108 3342 5178 apparebit
3367 5112 3437 5166 ibi
3459 5090 3693 5185 termen-

2083 5193 2243 5239 la‘tunt
2283 5185 2448 5256 (Ibid.
2474 5231 2486 5255 ,
2518 5189 2595 5260 6).
2629 5190 2755 5248 ila:c
2778 5195 2954 5264 quoad
2983 5197 3238 5254 litteram.
3272 5201 3459 5268 Quoad
3480 5220 3690 5280 myste-

2085 5277 2163 5331 ria
2195 5293 2358 5343 vero,
2393 5279 2628 5338 dicimus
2657 5285 2804 5356 quod
2854 5288 3134 5358 profectus
3163 5293 3400 5356 ﬁliorum
3435 5277 3599 5359 lsra—ei
3631 5305 3691 5364 in

2086 5368 2499 5442 Socoth,qu0d
2551 5374 2944 5448 interpretatur
2988 5383 3394 5460 Tabernacula,
3445 5394 3698 5472 designat

2085 5462 2228 5536 quod
2275 5465 2365 5536 qui
2396 5467 2733 5526 mansionem
2765 5469 2959 5531 habuit
2989 5477 3041 5531 in
3072 5477 3356 5556 Ramesse,
3389 5486 3495 5548 hoc
3523 5462 3608 5550 est
3637 5496 3693 5554 in

2085 5561 2454 5618 commotione
2481 5562 2847 5636 paenitentiae,
2875 5568 3039 5628 debet
3067 5573 3340 5642 proﬁcisci
3363 5582 3414 5638 in
3457 5586 3698 5656 Socotb,

2088 5653 2192 5708 hoc
2229 5664 2348 5721 est,
2393 5653 2447 5710 in
2491 5655 2842 5714 tabernacula
2881 5665 3033 5734 quasi
3059 5680 3159 5738 per
3195 5653 3695 5740 considerationem

2088 5749 2388 5804 ambulare.
2419 5749 2574 5818 Quod
2605 5751 2746 5805 sicut
2770 5752 2863 5807 ille
2880 5755 2972 5826 qui
2993 5760 3101 5815 alio
3135 5763 3324 5830 tendit,
3357 5784 3457 5825 nec
3485 5771 3694 5830 firmam

2093 5841 2259 5898 habet
2292 5844 2536 5912 domum,
2591 5854 2836 5901 moratur
2880 5851 2928 5902 in
2956 5851 3334 5916 tabernaculis.
3375 5860 3527 5922 Unde
3569 5868 3699 5937 quid
