4082 6306
358 228 426 285 15
1286 222 1382 283 AD
1418 218 1648 282 OPERA
1681 219 1928 282 SANCTI
1972 220 2296 283 AMBROSII
2339 220 2710 282 APPENDIX.
3605 231 3675 291 16

349 339 495 396 aliud
512 336 668 396 estin
700 339 1066 397 tabernaculis
1095 339 1370 412 habitare,
1399 357 1560 414 quam
1591 341 1963 414 peregrinari?
1988 342 2040 404 Α
2069 340 2171 398 iter
2225 341 2444 412 populo,
2477 342 2544 397 ad
2581 351 2783 399 terram
2817 355 2988 414 usque
3034 342 3402 402 successionis
3431 359 3623 402 eorum
3655 364 3669 402 :

351 433 494 490 sicut
525 435 820 505 Apostolus
855 435 921 491 ad
952 436 1214 494 Hebraeos
1242 436 1310 494 de
1335 439 1588 509 patribus
1623 439 1851 509 loquens
1882 448 1960 494 te-

350 535 547 583 statur.
585 528 760 600 lnquit
783 530 927 586 enim
963 549 976 584 :
1001 528 1318 601 Confitentes
1343 534 1482 601 quod
1505 533 1762 604 peregrini
1788 542 1839 586 et
1867 532 1960 586 ho—

353 621 516 688 spites
538 632 704 676 essent
725 639 882 686 super
903 622 1302 695 terram(Hebr.
1333 639 1410 689 χι,
1439 623 1572 694 15);
1601 635 1658 680 et
1686 624 1876 681 videns
1897 639 1958 680 se

349 714 701 785 peregrinum
731 715 784 770 in
818 724 996 780 terra,
1021 716 1170 772 dicat
1211 731 1334 773 cum
1379 717 1651 787 Propheta
1687 736 1698 770 :
1749 718 1958 774 Advena

339 823 436 880 ego
457 823 570 862 sum
601 808 653 860 in
679 817 820 862 terra
847 807 1028 880 (Psal.
1065 825 1293 876 xxxvm,
1331 810 1440 879 15).
1469 808 1800 866 Consideret
1823 811 1954 867 item

339 899 590 969 Apostoli
621 899 828 956 dictum
863 919 874 954 :
911 901 1036 956 Non
1071 902 1316 958 habemus
1347 903 1432 958 hic
1459 916 1749 959 manentem
1775 907 1957 960 civita-

341 996 457 1049 tem‘
479 995 774 1067 (Hebr.xnt
793 1039 807 1064 ,
842 997 958 1069 M).
997 999 1310 1069 Cognoscat
1338 999 1578 1070 denique
1599 1000 1742 1070 quod
1769 1015 1960 1072 quam-

337 1086 431 1141 diu
458 1097 542 1143 est
573 1087 627 1143 in
658 1103 890 1159 corpore
911 1131 924 1156 ,
968 1091 1346 1160 peregrinatur
1376 1106 1404 1145 a
1452 1091 1687 1148 Domino
1740 1109 1752 1145 :
1813 1091 1957 1148 unde

337 1181 558 1250 rejiciat
586 1197 648 1237 ea
681 1200 801 1252 qua:
832 1185 884 1237 in
919 1183 1124 1239 mundo
1155 1192 1312 1250 sunt;
1354 1185 1477 1256 quia
1507 1185 1954 1256 concupiscentia

336 1277 522 1332 carnis
550 1288 672 1342 est;
730 1279 854 1348 quia
901 1279 1342 1349 concupiscentia
1374 1278 1697 1346 oculorum;
1746 1287 1802 1336 et
1828 1280 1951 1350 quia

332 1371 598 1441 superbia
640 1374 783 1427 vitzn.
835 1373 1114 1442 Sequatur
1164 1373 1418 1444 ApOStoli
1469 1372 1812 1430 consilium:
1870 1373 1954 1429 Ne

337 1466 638 1537 tetigeritis,
666 1483 730 1520 ne
755 1469 1108 1540 gustaveritis,
1151 1483 1313 1537 neque
1340 1468 1804 1533 adtaminaveritis,
1837 1484 1956 1538 qua:

335 1570 458 1614 sunt
487 1561 660 1615 omnia
689 1561 744 1615 in
770 1561 1059 1628 interitum,
1089 1561 1203 1634 ipso
1229 1577 1328 1615 usu
1357 1577 1375 1616 :
1405 1561 1496 1617 sed
1526 1563 1825 1631 ingemiscat
1857 1562 1953 1616 ha-

333 1651 771 1725 bitationemun
794 1655 857 1709 de
877 1655 1006 1710 ctelo
1032 1666 1131 1722 est,
1160 1671 1364 1723 semper
1401 1654 1715 1710 contendens
1745 1655 1950 1725 placere

2063 435 2132 490 Et
2145 452 2247 491 non
2267 437 2475 508 defecit,
2505 437 2701 507 inquit,
2718 437 2959 492 columna
2985 439 3132 494 trabis
3151 440 3202 493 in
3219 440 3323 507 die,
3348 450 3396 496 et
3423 442 3673 497 columna

2059 530 2194 603 ignis
2238 531 2294 584 in
2335 539 2503 597 nocte,
2538 546 2715 584 coram
2745 531 2886 584 omni
2916 532 3109 602 populo
3147 531 3345 603 (Exod.
3372 549 3501 600 xm,
3532 535 3669 603 9.2).

2059 621 2262 677 Verum
2290 622 2417 693 quia
2449 621 2624 677 Ethan
2666 622 2826 679 nobis
2852 634 3012 678 sonat
3045 623 3343 691 fortitudo;
3377 627 3523 683 unde
3564 627 3670 683 ad-

2057 730 2248 770 versus
2293 714 2587 770 Jeroboam
2635 730 2834 786 parans
2884 731 2945 772 se
3004 717 3247 773 Roboam
3300 718 3600 777 defendere
3653 740 3667 776 :

2057 807 2392 879 AZdi/icavit,
2419 810 2615 880 inquit,
2645 810 2880 865 civitates
2914 813 3166 877 munitas,
3193 811 3369 867 Ethan
3394 822 3442 868 et
3462 813 3674 870 Thecue

2058 899 2143 972 (11
2169 899 2336 955 Paral
2381 918 2456 968 ιι,
2490 901 2568 974 6),
2597 902 2700 958 hoc
2730 912 2814 959 est
2840 903 3088 959 civitates
3118 904 3476 972 fortitudinis,
3499 907 3671 963 doce-

2063 1009 2188 1049 mur
2217 994 2363 1057 quod
2396 995 2490 1050 ubi
2529 997 2582 1050 in
2611 995 2819 1052 Socoth
2870 998 3029 1066 hujus
3069 999 3565 1070 peregrinationis,
3613 1001 3670 1057 in

2055 1089 2414 1146 meditatione
2442 1100 2495 1145 et
2537 1091 2803 1146 exercitio
2857 1091 3122 1147 honorum
3153 1108 3382 1162 operum
3413 1109 3587 1165 usque
3612 1095 3669 1150 in

2054 1184 2217 1240 linem
2251 1199 2604 1256 perseverare
2635 1184 2758 1256 quis
2781 1187 3056 1254 statuerit,
3089 1187 3336 1244 ascendit
3364 1187 3432 1242 ad
3463 1187 3669 1253 Ethan,

2054 1275 2158 1332 hoc
2185 1285 2290 1339 est,
2320 1278 2386 1330 ad
2419 1275 2790 1332 fortitudinem
2819 1294 2832 1330 :
2860 1277 2984 1348 quia
3009 1278 3124 1348 ipse
3149 1279 3414 1335 Dominus
3435 1279 3527 1334 dat
3553 1278 3670 1335 vir-

2054 1377 2302 1426 tutemet
2331 1368 2713 1426 fortitudinem
2738 1370 2884 1441 plebi
2912 1386 3049 1426 suae.
3082 1371 3220 1428 Hinc
3251 1371 3476 1428 dicebat
3520 1374 3673 1444 Apo-

2052 1463 2225 1517 stolus
2253 1480 2266 1516 :
2303 1461 2492 1517 Omnia
2507 1478 2716 1534 possum
2747 1463 2801 1516 in
2823 1479 2884 1517 eo
2928 1463 3016 1534 qui
3045 1479 3123 1517 me
3151 1468 3408 1536 confortat
3433 1465 3671 1522 Christus

2052 1552 2208 1610 Jesus
2251 1553 2492 1625 (Philip.
2526 1571 2598 1622 tv,
2646 1555 2780 1626 15),
2812 1557 2981 1611 immo
3010 1571 3107 1626 per
3137 1557 3339 1614 nubem
3379 1568 3434 1614 et
3481 1560 3666 1632 ignem

2051 1646 2228 1716 aperit
2257 1647 2306 1701 ei
2341 1647 2509 1713 viam,
2539 1658 2593 1702 et
2634 1645 2694 1701 lit
2722 1647 2835 1702 dux
2869 1646 3084 1704 itineris
3102 1648 3248 1718 ejus,
3275 1649 3450 1707 donec
3475 1651 3671 1708 videat

333 1743 453 1801 Deo
482 1745 718 1818 (Colon.
746 1763 814 1809 1|,
845 1747 911 1802 9.1
942 1757 989 1802 et
1033 1765 1139 1818 seq.
1252 1747 1748 1804 Subcinericiorum
1773 1750 1948 1804 coctio
1979 1735 2028 1796 B
2054 1738 2195 1794 bona
2240 1739 2454 1793 Domini
2488 1741 2540 1794 in
2567 1750 2711 1795 terra
2741 1738 3059 1796 viventium.
3095 1741 3470 1799 Ascendamus
3498 1744 3668 1814 igitur

333 1853 654 1910 azymorum
686 1839 870 1907 docet,
900 1840 1045 1912 quod
1087 1851 1394 1912 expurgato
1421 1841 1466 1896 is
1495 1843 1670 1896 veteri
1697 1841 1947 1912 philoso-

341 1933 573 2003 phorum
631 1935 891 2006 nequitia:
918 1943 976 1990 et
1025 1933 1341 1990 Judmorum
1382 1934 1606 1989 malitiae
1640 1933 1908 1990 fermento
1931 1977 1949 2001 ,

333 2027 589 2096 epuletur
609 2027 662 2082 in
700 2028 908 2099 azymis
935 2027 1263 2084 sinceritatis
1296 2035 1355 2083 et
1382 2027 1651 2083 veritatis.
1683 2026 1946 2083 Memoria

329 2118 540 2190 iugiter
590 2120 964 2191 unusquisque
1023 2130 1269 2176 nostrum
1320 2128 1503 2175 teneat
1546 2118 1679 2173 illud
1733 2118 1950 2174 Domini

333 2225 670 2287 praeceptum
703 2214 938 2272 dicentis
969 2233 982 2269 :
1018 2213 1303 2270 Intuemini
1345 2225 1390 2268 et
1433 2225 1600 2269 cavete
1636 2231 1669 2268 a
1695 2216 1947 2286 fermento

331 2307 730 2364 Pharisazorum
754 2307 971 2382 (Matth.
990 2323 1099 2374 ενι,
1125 2307 1204 2379 6),
1231 2318 1286 2363 et
1306 2307 1538 2378 apostoli
1569 2322 1636 2362 ne
1656 2305 1948 2362 oblivisca-

333 2410 425 2456 tur
472 2402 820 2457 cautionem:
899 2400 1080 2456 Videte
1109 2417 1172 2456 ne
1216 2401 1330 2470 quis
1361 2415 1449 2454 vos
1495 2399 1820 2471 deprtedetur
1856 2415 1947 2470 per

329 2494 731 2569 PhilosOphiam
785 2507 832 2550 et
887 2496 1092 2549 inanem
1150 2494 1417 2565 fallaciam
1463 2491 1688 2565 (Coloss.
1734 2509 1794 2560 ιι,
1824 2493 1857 2548 8
1901 2493 1941 2562 ).

329 2591 540 2648 Deinde
594 2591 648 2645 in
710 2590 913 2647 Socoth
969 2588 1229 2644 indicitur
1282 2590 1622 2657 computatio
1672 2601 1971 2642 annorum'

329 2687 532 2759 quibus
577 2685 813 2756 populus
847 2685 947 2740 fuit
975 2683 1029 2738 in
1063 2681 1303 2755 Egypto
1339 2700 1352 2736 :
1384 2681 1510 2752 quia
1539 2681 1826 2751 ptenitenti
1859 2680 1943 2734 di-

329 2781 476 2835 citur
503 2778 646 2850 quod
705 2777 907 2833 debeat
952 2777 1095 2830 sicut
1128 2774 1366 2829 hirundo
1413 2774 1674 2837 clamare,
1719 2781 1776 2827 et
1805 2771 1946 2826 sicut

329 2871 585 2928 columba
618 2869 871 2925 meditari
904 2883 1079 2924 annos
1113 2868 1232 2936 ejus
1258 2868 1312 2921 in
1343 2865 1705 2920 amaritudine
1744 2864 1943 2920 animae

326 2982 442 3022 sua:
471 2964 644 3034 (Esai.
674 2977 900 3027 xxxviii,
922 2961 1011 3033 M)
1046 2978 1060 3017 :
1091 2976 1193 3017 nec
1215 2960 1283 3016 de
1315 2959 1704 3031 propitiatione
1735 2956 1944 3030 peccati

327 3074 454 3115 esse
483 3057 602 3113 sine
631 3057 825 3112 timore
863 3053 1056 3128 (Eccli.
1089 3069 1143 3120 v,
1177 3051 1269 3124 5);
1318 3052 1415 3108 sed
1445 3051 1662 3116 dolere,
1712 3061 1766 3106 et
1816 3066 1938 3107 cum

2052 1841 2110 1888 et
2139 1847 2237 1888 nos
2269 1833 2323 1887 in
2355 1831 2555 1896 Ethan,
2579 1840 2639 1887 ut
2659 1833 2878 1889 diabolo
2909 1833 3228 1889 resistamus
3249 1835 3423 1891 fortes
3452 1837 3504 1891 in
3530 1836 3662 1893 lide.

2122 1924 2223 1982 IV"
2254 1926 2478 1989 mansio,
2511 1924 2587 1980 Os
2616 1925 2826 1981 Enorn.
2869 1956 2934 1966 -—
2977 1926 3182 1994 Quarta
3214 1927 3427 1982 mansio
3457 1928 3664 1984 dicitur

2050 2017 2123 2075 Os
2170 2017 2363 2073 Eroth.
2397 2018 2551 2074 Unde
2579 2019 2828 2090 sequitur
2856 2038 2869 2072 :
2900 2017 2966 2072 Et
2998 2021 3220 2092 profecti
3248 2038 3312 2076 ea:
3329 2021 3527 2085 Etlian.
3571 2039 3666 2078 ca-

2049 2113 2341 2167 strametati
2357 2122 2478 2167 sunt
2496 2113 2567 2167 ad
2590 2112 2663 2167 Os
2681 2111 2869 2179 Eroth,
2895 2124 3091 2183 quwest
3105 2127 3288 2170 contra
3309 2115 3661 2188 Beelsephon,

2049 2216 2097 2261 et
2149 2216 2332 2260 contra
2363 2205 2651 2278 Magdalon
2682 2208 2702 2276 (
2730 2205 2893 2261 Num.
2930 2225 3123 2276 xxxnt,
3151 2208 3225 2281 7).
3258 2209 3329 2266 Os
3359 2211 3525 2266 Eroth
3551 2213 3662 2270 alia

2051 2299 2403 2355 translatione
2425 2299 2624 2355 dicitur
2647 2299 2961 2367 Phiairoth;
2987 2301 3139 2357 vicus
3157 2311 3311 2358 estet
3327 2303 3658 2360 suburbium

2049 2393 2300 2464 Magdali,
2328 2393 2594 2464 aversus
2624 2409 2775 2449 mare
2799 2393 3071 2462 Rubrum,
3097 2405 3154 2450 ut
3181 2396 3410 2453 habetur
3432 2398 3484 2452 in
3512 2397 3657 2454 libro

2023 2483 2244 2542 ‘Exodi.
2307 2487 2364 2542 lu
2420 2488 2522 2542 hac
2576 2488 2866 2544 mansione
2910 2487 3229 2559 indignatus
3266 2489 3481 2546 Pharao
3509 2491 3660 2562 quod

2044 2579 2215 2636 Israel
2271 2580 2569 2652 Aigyptum
2622 2581 2941 2650 desereret,
2983 2595 3358 2653 commparato
3406 2585 3657 2640 exercitu

2043 2673 2256 2745 grandi,
2307 2690 2403 2729 eos
2454 2676 2781 2745 insequitur,
2831 2675 3068 2732 dicens:
3125 2676 3264 2744 Quid
3307 2679 3564 2749 fecimus,
3596 2688 3658 2734 ut

2043 2765 2417 2820 dimitteremus
2461 2767 2599 2837 ﬁlios
2663 2765 2872 2833 Israel,
2935 2777 2996 2822 ut
3053 2784 3156 2822 non
3206 2770 3454 2824 servirent
3508 2769 3658 2825 nobis

2046 2857 2262 2931 (Exod.
2294 2876 2402 2926 xrv,
2451 2862 2486 2913 ‘2
2526 2869 2572 2914 et
2622 2876 2729 2930 seq.
2760 2859 2802 2932 ).
2838 2861 2903 2914 Et
2941 2860 3222 2932 subiungit
3255 2879 3268 2914 :
3297 2859 3488 2918 Iunxit
3530 2879 3658 2935 ergo

2043 2952 2258 3008 Pharao
2287 2970 2473 3009 currus
2504 2971 2646 3016 suos.
2676 2964 2785 3010 etc.
2817 2953 3110 3027 (lbid.,5).
3135 2955 3257 3024 Quo
3286 2971 3418 3011 vero
3443 2955 3510 3012 ad
3534 2972 3657 3012 mo-

2044 3046 2163 3101 rale
2193 3063 2207 3099 :
2241 3062 2339 3116 per
2369 3046 2442 3102 Os
2476 3045 2836 3117 Eroth,quod
2875 3061 2938 3103 os
2965 3047 3230 3103 nobilium
3260 3047 3662 3120 interpretatur

333 3153 607 3224 Propheta
657 3150 842 3206 dicere
872 3121 900 3202 ἐ
955 3148 1022 3203 Et
1049 3158 1317 3220 peccatum
1339 3163 1510 3200 meum
1549 3156 1730 3201 contra
1760 3163 1840 3202 me
1866 3156 1941 3200 est

2052 3136 2329 3210 (Hierony.
2358 3154 2440 3210 ep.
2474 3138 2626 3208 127),
2657 3138 2966 3195 ostenditur
3000 3139 3147 3211 quod
3177 3152 3456 3213 assumpta
3498 3141 3660 3199 forti-

331 3259 534 3315 semper
562 3242 734 3314 (Psal.
762 3258 815 3305 ι..
841 3237 936 3310 5).
982 3238 1137 3308 Quod
1170 3253 1276 3294 non
1305 3247 1454 3294 retro
1483 3237 1730 3308 aspiciat,
1759 3237 1943 3309 pristi-

339 3353 437 3392 nas
469 3333 777 3406 appetendo
809 3332 1104 3394 vanitates,
1155 3338 1215 3385 ut
1244 3345 1383 3385 uxor
1413 3328 1536 3397 Lat,
1590 3337 1647 3386 et
1699 3339 1756 3386 ut
1789 3331 1944 3386 canis

333 3439 620 3486 revertens
648 3426 712 3482 ad
740 3426 1028 3481 vomitum.
1053 3424 1194 3493 Quin
1223 3426 1404 3496 potius
1427 3426 1568 3480 sicut
1589 3425 1942 3496 semetipsum

337 3521 700 3577 immunditiis
751 3529 806 3574 et
863 3518 1132 3590 iniquitati
1187 3517 1501 3589 prostituit,
1572 3519 1645 3574 ita
1687 3519 1944 3575 exhibeat

335 3615 584 3674 membra
614 3629 710 3670 sua
738 3613 948 3670 servire
971 3612 1199 3684 iustitiae
1228 3613 1280 3666 in
1323 3611 1832 3679 sanetilicationem,
1887 3622 1947 3668 ut

333 3719 599 3778 quantum
628 3721 689 3762 se
709 3704 1100 3777 glorificaverit
1121 3712 1176 3760 et
1201 3704 1253 3759 in
1280 3703 1492 3760 deliciis
1516 3704 1707 3773 luerit;
1736 3712 1942 3760 tantum

337 3809 522 3859 errata
565 3814 662 3855 sua
694 3799 975 3870 corrigens
1005 3798 1129 3854 etin
1161 3812 1222 3854 se
1246 3797 1556 3863 vindicans,
1600 3799 1801 3856 sentiat
1828 3809 1943 3854 tor-

342 3900 588 3950 mentum
619 3901 676 3947 et
707 3891 933 3946 luctum.
969 3891 1193 3945 Domum
1219 3890 1416 3946 festum
1441 3901 1494 3947 et
1522 3901 1785 3962 perpetua
1815 3907 1943 3964 azy-

347 4002 563 4044 morum
601 3984 927 4040 solemuitas
974 3983 1378 4053 praescribitur,
1435 3983 1538 4039 hoc
1565 3994 1649 4039 est
1673 4027 1689 4052 ,
1721 3983 1947 4040 medita-

345 4081 508 4136 tionis
549 4087 606 4135 et
639 4091 863 4147 operum
915 4076 1323 4145 perseverantia
1358 4075 1615 4132 indicitur
1649 4095 1662 4129 :
1698 4077 1820 4148 quia
1857 4078 1948 4150 qui

345 4172 742 4247 perseveraverit
792 4185 949 4240 usque
1000 4171 1052 4222 in
1099 4169 1283 4238 finem,
1333 4170 1416 4223 hic
1447 4174 1622 4225 salvus
1645 4173 1766 4226 erit.
1796 4170 1948 4228 Unde

346 4266 641 4336 Apostolus
673 4283 686 4320 :
721 4264 785 4319 In
813 4263 1094 4335 disciplina
1141 4273 1490 4333 perseverate,
1525 4263 1626 4332 ﬁlii
1677 4264 1949 4322 Profectio

346 4362 512 4432 igitur
535 4376 599 4414 ex
623 4358 882 4412 lia-nesse
907 4355 974 4410 ad
1007 4353 1211 4412 Socoth
1242 4365 1324 4409 est
1353 4355 1418 4410 ad
1442 4355 1688 4412 meliora.

418 4453 518 4509 111³ι
548 4451 767 4514 mansio,
805 4449 1011 4505 Erum.
1046 4477 1115 4487 —
1142 4446 1324 4504 Tertia
1371 4450 1582 4504 mansio
1611 4459 1696 4505 est
1744 4449 1942 4506 Ethan.

345 4551 478 4608 Nam
524 4565 552 4602 a
603 4545 808 4603 Socoth
853 4544 1172 4601 recedentes
1201 4544 1296 4599 lilii
1327 4544 1532 4613 Israel,
1582 4515 2026 4615 perveneruntD

346 4645 400 4699 in
429 4641 604 4698 Ethan
632 4658 643 4693 ε
669 4638 857 4708 ibique
885 4637 1118 4692 tentoria
1151 4636 1399 4706 ligentes,
1425 4636 1640 4692 tertiam
1659 4637 1946 4694 stationem

348 4741 703 4810 peregerunt.
748 4729 928 4800 lnquil
974 4731 1160 4785 enim:
1199 4727 1264 4783 Et
1306 4730 1572 4800 profectie
1602 4731 1832 4800 Socoth,
1859 4743 1953 4785 ταν

349 4832 639 4888 strantetati
665 4839 784 4886 sunt
814 4829 864 4882 in
886 4825 1062 4880 Ethan
1085 4823 1272 4895 (Num.
1298 4826 1572 4898 xxxut,5).
1594 4825 1771 4881 Ethau
1803 4827 1950 4898 regio

349 4937 436 4986 est
472 4928 614 4982 inter
661 4922 951 4994 Egyptum
1003 4928 1061 4974 et
1090 4916 1435 4972 solitudinem
1463 4918 1515 4972 in
1544 4934 1646 4988 qua
1678 4927 1762 4974 est
1793 4919 1952 4975 Petra

347 5023 641 5100 oppidum,
690 5020 742 5074 in
773 5017 927 5087 cujus
953 5013 1214 5085 spelunca
1259 5012 1524 5067 habitavit
1570 5014 1798 5069 Samson
1827 5030 1948 5070 cum

352 5123 421 5178 ab
454 5113 761 5187 Allophylis
790 5111 1137 5166 iufestaretur
1168 5124 1179 5159 :
1211 5104 1278 5159 Et
1303 5105 1464 5172 sedit,
1500 5106 1705 5177 inquit,
1755 5108 1808 5161 in
1835 5124 1953 5178 spe-

351 5219 506 5272 lunca
533 5211 706 5266 Petra:
731 5205 908 5260 Elhan
927 5244 941 5269 ,
976 5201 1067 5272 qui
1097 5200 1251 5255 locus
1282 5210 1400 5255 erat
1425 5199 1579 5256 valde
1603 5201 1864 5268 munitus,
1893 5211 1951 5258 ut

351 5317 586 5365 testatur
609 5298 884 5370 Iosephus
931 5293 1088 5370 (Lib.
1115 5293 1288 5366 Antiq.
1319 5309 1414 5366 cap
1444 5293 1566 5363 lO).
1618 5294 1748 5350 Erat
1769 5304 1949 5351 autem

351 5402 470 5457 hcce
497 5397 650 5468 regio
677 5395 730 5450 in
757 5389 1022 5461 principio
1053 5386 1385 5442 solitudinis.
1420 5385 1546 5442 Ideo
1579 5387 1748 5444 dicit;
1782 5387 1854 5445 Ει
1880 5401 1956 5446 εει

349 5511 474 5568 pars
495 5487 702 5545 deserti.
729 5482 990 5554 Regionis
1028 5479 1190 5550 hujus
1219 5479 1467 5534 meminit
1496 5480 1659 5535 David
1689 5483 1950 5553 propheta

350 5587 582 5644 dicens:
615 5580 695 5636 Tu
723 5576 928 5633 siccasti
956 5576 1143 5646 ﬂuvios
1179 5572 1351 5627 Ethan
1379 5572 1564 5646 (Psal.
1597 5591 1768 5631 Lxxm
1790 5620 1803 5643 ,
1837 5577 1946 5649 15).

350 5682 409 5739 In
453 5681 555 5735 hac
604 5672 889 5730 mansione
919 5671 1153 5742 primum
1199 5667 1454 5738 apparuit
1487 5668 1748 5725 Dominus
1789 5681 1950 5730 nocte

348 5778 403 5837 in
429 5775 680 5832 columna
706 5767 869 5838 ignis,
889 5772 942 5820 et
970 5761 1060 5818 die
1087 5763 1139 5817 in
1164 5761 1418 5818 columna
1448 5760 1627 5829 nubis,
1653 5764 1947 5822 ostendens

2047 3229 2232 3284 tudine
2258 3232 2310 3285 in
2329 3230 2526 3298 Ethan,
2556 3231 2907 3287 ascendimus
2939 3232 2993 3287 in
3019 3231 3093 3288 Os
3121 3232 3320 3302 Eroth,
3349 3235 3474 3305 quia
3499 3235 3661 3292 nobi-

2047 3321 2271 3378 litamur
2317 3323 2374 3379 in
2400 3324 2651 3380 Domino.
2702 3324 2859 3393 Quod
2882 3338 3014 3380 vero
3040 3323 3114 3382 Os
3154 3325 3328 3380 Eroth
3356 3327 3428 3382 sit
3456 3327 3613 3384 vicus
3638 3369 3657 3396 ,

2049 3430 2156 3472 non
2205 3425 2357 3472 caret
2401 3418 2709 3489 mysterio:
2759 3427 2820 3474 ut
2848 3418 3029 3490 primo
3070 3435 3238 3490 parva
3279 3436 3512 3494 qumque
3565 3438 3661 3478 ca-

2048 3512 2268 3583 piantur
2300 3531 2312 3566 :
2343 3523 2428 3569 est
2451 3514 2598 3569 enim
2626 3513 2764 3570 ordo
2798 3523 2901 3569 uta
2934 3515 3118 3586 parvis
3147 3515 3214 3571 ad
3247 3532 3441 3589 magna
3471 3518 3662 3573 venia~

2048 3616 2138 3665 tur
2170 3629 2183 3665 :
2217 3610 2534 3668 Periculosa
2571 3628 2804 3685 namque
2847 3629 3067 3685 semper
3116 3614 3219 3670 fuit
3264 3615 3316 3669 in
3359 3613 3524 3670 initiis
3553 3613 3660 3669 im-

2052 3701 2332 3758 moderata
2399 3704 2734 3777 prosperitas
2772 3722 2929 3779 teque
2975 3722 3039 3764 ac
3093 3707 3400 3765 adversitas
3468 3705 3657 3779 (Orig.

2048 3796 2191 3852 hom.
2224 3799 2314 3852 27.
2346 3798 2399 3852 in
2432 3797 2597 3853 Num.
2640 3815 2705 3855 ex
2732 3797 2860 3871 Ruf.
2893 3799 3076 3872 vers.).
3108 3800 3261 3858 Sicut
3284 3815 3416 3871 ergo
3440 3815 3538 3873 per
3567 3813 3664 3853 su-

2049 3889 2300 3946 burbium
2345 3890 2411 3946 ad
2478 3893 2686 3947 urbem.
2717 3890 3133 3963 progredimur,
3186 3892 3260 3947 ita
3305 3907 3402 3963 per
3433 3893 3538 3946 ima
3586 3889 3661 3946 ad

2048 3996 2263 4036 summa
2293 3981 2660 4038 ascendimus.
2704 3983 2948 4054 Denique
2977 3983 3346 4056 Beelsephon,
3391 3982 3540 4056 quod
3573 3992 3664 4040 est

2051 4074 2490 4144 interpretatum,
2532 4075 2798 4133 Dominus
2826 4077 3140 4148 Aquilonis,
3185 4078 3459 4134 diabolum
3506 4076 3661 4134 desi-

2051 4176 2211 4238 gnat:
2236 4169 2361 4238 quia
2389 4168 2553 4237 dixit,
2581 4181 2641 4225 ut
2662 4179 2892 4227 testatur
2919 4171 3109 4226 Esaias
3127 4171 3427 4242 propheta:
3453 4171 3662 4228 Sedebo

2051 4261 2104 4316 in
2128 4274 2301 4317 monte
2327 4262 2557 4332 sublimi,
2582 4281 2738 4336 super
2766 4274 2963 4321 montes
3007 4266 3233 4321 excelsos
3261 4267 3332 4320 ad
3355 4267 3664 4336 Aquilonem
3691 4256 3698 4261 ’

2053 4353 2204 4426 (Esa.
2230 4356 2477 4427 x1v,15).
2505 4356 2601 4412 Est
2624 4359 2786 4428 igitur
2803 4373 2866 4414 os
2889 4358 3057 4415 Eroth
3079 4367 3268 4415 contra
3293 4358 3660 4430 Beelsephon,

2052 4447 2105 4503 id
2139 4457 2245 4516 est,
2278 4460 2463 4505 contra
2493 4449 2792 4517 diabolum,
2824 4451 2916 4523 qui
2945 4460 3052 4508 stat
3083 4467 3304 4523 semper
3332 4452 3662 4509 utadverse-

2052 4549 2144 4597 tur
2167 4544 2421 4598 euntibus
2466 4545 2519 4599 iu
2554 4544 2914 4610 Hierusalem,
2962 4561 3084 4616 quae
3127 4546 3181 4601 in
3212 4546 3353 4602 ctelo
3384 4556 3488 4603 est.
3528 4543 3662 4602 Ideo

2050 4633 2273 4691 dicebat
2313 4637 2610 4708 Apostolus
2662 4656 2675 4692 :
2733 4637 2948 4693 Induite
2991 4656 3079 4694 vos
3109 4650 3436 4695 armaturam
3466 4639 3566 4695 Dei
3600 4651 3662 4695 ut

2051 4731 2260 4800 possitis
2283 4741 2421 4787 stare
2444 4732 2693 4788 adversus
2723 4733 2943 4788 insidias
2971 4733 3167 4789 diaboli
3189 4733 3406 4806 (Ephes.
3431 4749 3504 4800 vt,
3537 4735 3661 4805 15).

2053 4823 2201 4881 Idem
2246 4841 2461 4898 quoque
2508 4826 2828 4899 designatur
2877 4842 2974 4899 per
3025 4826 3364 4885 Pharaonem
3397 4828 3657 4900 populum

2054 4918 2453 4992 insequentem.

2130 5012 2201 5066 Vn
2234 5014 2454 5080 mansio,
2486 5013 2701 5070 Manut.
2743 5015 3015 5072 —Marah
3057 5017 3243 5089 quinta
3273 5028 3360 5074 est
3389 5019 3602 5074 mansio
3635 5038 3649 5074 :

2053 5106 2142 5163 Sic
2180 5108 2323 5163 enim
2357 5109 2488 5164 dicit
2522 5126 2536 5166 :
2578 5110 2643 5164 Et
2666 5114 2884 5185 profecti
2908 5123 3087 5167 contra
3119 5113 3192 5169 Os
3211 5111 3402 5182 Eroth,
3427 5115 3656 5172 transie-

2053 5212 2173 5256 runt
2200 5218 2288 5274 per
2311 5203 2536 5258 medium
2562 5205 2725 5260 maris
2754 5206 2810 5260 in
2836 5206 3095 5262 desertum
3115 5249 3130 5274 ,
3179 5216 3228 5262 et
3259 5208 3661 5266 ambulaverunt

2053 5298 2187 5351 viam
2222 5298 2374 5351 trium
2426 5297 2630 5352 dierum
2657 5316 2748 5371 per
2777 5300 3038 5355 desertum
3071 5301 3197 5372 ipsi,
3226 5311 3272 5356 et
3302 5306 3659 5359 castrametati

2054 5400 2173 5446 sunt
2217 5392 2272 5445 in
2303 5390 2515 5447 Marah.
2560 5391 2742 5448 Marah
2786 5395 2939 5450 locus
2962 5406 3046 5452 est
3073 5397 3126 5451 in
3155 5395 3375 5452 deserto
3399 5398 3526 5468 Sur,
3562 5397 3659 5455 tali

2057 5493 2276 5539 vocatus
2298 5484 2518 5540 nomine
2539 5486 2610 5540 ob
2631 5499 2892 5556 aquarum
2918 5489 3369 5547 amaritudinem:
3393 5491 3473 5546 sic
3505 5490 3656 5550 enim

2054 5577 2311 5633 scribitur
2340 5577 2394 5632 in
2427 5576 2568 5632 libro
2593 5578 2794 5634 Exodi:
2836 5579 3100 5636 Venerunt
3129 5592 3303 5638 autem
3337 5584 3394 5639 in
3423 5581 3612 5639 March
3639 5627 3658 5653 ,

2051 5682 2219 5727 etnon
2238 5681 2513 5744 potuerunt
2536 5672 2702 5727 bibere
2722 5690 2912 5744 aquam
2932 5675 2996 5729 de
3022 5675 3418 5749 Marah(E:cod.
3437 5677 3653 5751 xv,23).

2052 5765 2248 5822 Amara
2305 5766 2447 5822 enim
2477 5774 2616 5834 erat,
2665 5775 2889 5838 propter
2915 5768 3019 5825 hoc
3056 5781 3307 5827 vocatum
3339 5780 3424 5829 est
3451 5787 3659 5834 nomen
