4082 6306
365 341 429 398 17
1209 343 1298 399 DE
1337 343 1474 400 XLII
1512 343 1979 402 MANSIONIBUS
2017 341 2350 403 FILIORUM
2390 346 2660 405 ISRAEL.
3593 351 3665 409 18

363 459 462 516 loci
503 458 689 524 illius,
733 460 1065 516 Amaritudo.
1104 459 1258 516 Circa
1292 460 1434 516 hanc
1483 460 1823 517 mansionem
1859 461 1958 516 tria
1987 462 2042 521 A
2064 462 2298 518 venitur.
2319 462 2482 520 Venit
2511 465 2739 536 populus
2764 466 2828 522 ad
2861 467 3069 538 palmas
3103 484 3116 520 :
3155 467 3251 522 sed
3285 468 3434 538 prius
3456 467 3667 542 Egyp-

361 563 481 609 sunt
513 553 915 611 consideranda
943 597 958 623 ,
1009 554 1308 624 profectio,
1344 556 1559 610 mansio
1601 566 1658 613 et
1688 557 1958 628 operatio.

363 643 672 712 Profectio,
721 647 846 718 quia
881 647 932 702 in
965 646 1126 712 hujus
1165 647 1367 704 itinere
1397 647 1494 703 ﬁlii
1525 649 1691 705 Israel
1716 649 1961 706 Rubrum

361 752 509 792 mare
532 737 683 793 sicco
712 738 941 809 vestigio
963 739 1292 795 transierunt
1314 757 1326 793 :
1345 755 1467 795 nam
1492 740 1623 796 dicit
1645 740 1924 812 Scriptura
1949 759 1962 798 :

359 829 426 882 At
449 827 580 883 Filii
599 827 776 884 Israel
800 843 1134 901 perrexerunt
1152 848 1242 903 per
1271 834 1464 887 siccum
1492 833 1544 886 in
1576 834 1748 887 medio
1767 834 1964 888 maris:

361 929 409 974 et
433 937 567 990 aqua
598 931 711 977 erat
739 923 813 978 eis
839 939 1016 979 murus
1041 941 1073 979 ιι
1111 925 1328 992 dextris,
1371 936 1418 980 et
1443 942 1626 981 murus
1655 943 1685 980 a
1713 927 1961 996 sinistris,

363 1013 576 1070 Pharao
601 1032 721 1071 vero
748 1033 864 1071 cum
903 1034 994 1072 suo
1022 1019 1252 1074 exercitu
1293 1020 1586 1075 submersus
1627 1033 1700 1077 est
1728 1023 1782 1076 in
1818 1023 1964 1092 aquis

361 1110 744 1166 vehementibus
772 1109 973 1185 (Exod.
1002 1127 1084 1178 tv,
1111 1112 1207 1183 22)
1236 1131 1249 1168 :
1297 1115 1375 1170 sic
1402 1117 1547 1171 enim
1578 1115 1646 1172 de
1673 1131 1741 1173 eo
1767 1119 1960 1174 scribi-

361 1213 446 1259 tur
476 1219 490 1258 :
548 1203 616 1259 Et
647 1221 850 1261 reversa
878 1223 1010 1276 aqua
1039 1209 1306 1278 cooperuit
1335 1226 1523 1264 currus
1552 1220 1600 1266 et
1631 1227 1960 1278 ascensores,

362 1309 409 1354 et
435 1315 639 1354 omnem
681 1301 962 1356 exercitum
1000 1300 1323 1370 Pharaonis,
1367 1308 1455 1372 qui
1482 1306 1707 1377 ingressi
1755 1311 1965 1379 fuerunt

364 1403 475 1465 post
498 1410 586 1450 eos
609 1395 665 1450 in
694 1411 860 1464 mare,
877 1407 923 1452 et
947 1414 1050 1453 non
1071 1399 1277 1454 relictus
1301 1410 1458 1456 estea:
1475 1402 1546 1457 eis
1571 1400 1716 1456 ullus
1732 1399 1958 1474 (1638).

363 1487 597 1554 Mansio;
650 1490 779 1560 quia
832 1492 1157 1548 invenerunt
1199 1508 1368 1564 aquas
1415 1509 1670 1561 amaras,
1730 1510 1960 1565 quarum

367 1584 783 1642 amaritudinem
818 1587 1152 1652 sentientes,
1198 1588 1388 1644 bibere
1422 1590 1807 1658 nequiverunt,
1841 1589 1965 1644 licet

369 1691 554 1749 magna
584 1689 917 1734 vexarentur
939 1680 1051 1735 siti.
1081 1679 1370 1751 Operatio;
1409 1681 1533 1753 quia
1568 1681 1825 1737 mandato
1853 1681 1962 1737 Do-

367 1771 492 1826 mini
524 1770 736 1842 Moyses
763 1772 914 1843 ligno
941 1774 1118 1843 tetigit
1147 1788 1314 1845 aquas
1348 1792 1361 1829 :
1391 1783 1448 1830 et
1469 1789 1592 1844 quae
1625 1775 1776 1846 prius
1803 1784 1961 1829 erant

2068 553 2266 609 tiorum
2293 554 2556 626 plurimas
2577 557 2836 612 sustinuit
2867 559 3160 628 angustias.
3187 558 3346 614 Venit
3366 560 3433 616 ad
3463 559 3666 628 fontes;

2063 646 2160 703 sed
2193 647 2339 715 prius
2368 648 2532 703 trium
2563 649 2774 704 dierum
2803 649 2950 705 sitim
2977 692 2992 716 ,
3020 660 3075 706 et
3104 667 3364 720 aquarum
3404 654 3667 710 amaritu-

2064 737 2219 795 dines
2250 755 2440 810 passus
2485 752 2591 798 est.
2620 741 2730 797 Nec
2763 751 2942 798 tamen
2988 743 3042 798 in
3075 743 3160 798 bis
3191 745 3367 802 adhuc
3411 745 3534 802 ﬁnis
3581 757 3669 803 est

2067 835 2300 901 itineris,
2327 851 2424 892 nec
2451 837 2640 891 ultima
2673 837 2916 892 laborum
2970 837 3222 906 requies;
3274 840 3398 910 quia
3445 851 3497 895 et
3543 856 3671 912 gra-

2065 929 2217 982 viora
2257 938 2477 984 manent
2518 946 2531 983 :
2585 929 2680 984 sed
2733 938 3055 985 cunctorum
3104 930 3454 1001 dispensator
3491 933 3673 1000 Deus,

2064 1022 2158 1094 qui
2189 1023 2370 1078 omnia
2402 1022 2641 1078 suaviter
2668 1024 2928 1094 disponit,
2953 1025 3234 1080 interserit
3260 1027 3312 1082 in
3355 1028 3475 1098 ipso
3502 1029 3669 1084 etiam

2066 1115 2259 1172 itinere
2286 1114 2569 1187 refrigeria
2611 1117 2884 1188 quzedam,
2919 1127 2976 1173 ut
3007 1119 3073 1174 iis
3102 1119 3301 1185 refota,
3327 1121 3488 1194 vique
3511 1140 3673 1196 repa-

2064 1221 2178 1266 rata
2234 1212 2414 1266 anima
2458 1211 2763 1282 promptior
2815 1212 2883 1268 ad
2926 1213 3166 1284 reliquos
3219 1216 3406 1271 redeat
3455 1217 3672 1276 labores

2066 1303 2239 1378 (Orig.
2275 1305 2413 1358 Itont.
2443 1304 2512 1358 27
2542 1305 2595 1360 in
2627 1303 2791 1359 Nunt.
2825 1321 2887 1360 ea:
2918 1321 3049 1361 vers.
3083 1306 3264 1379 Rati).
3306 1308 3551 1379 Denique
3577 1311 3676 1366 ob-

2065 1397 2389 1454 servandum
2403 1399 2643 1470 estquod
2661 1399 2797 1454 Elim
2811 1399 3202 1468 interpretatur
3215 1403 3674 1460 Arietes.Arieles

2064 1507 2196 1549 vero
2245 1493 2412 1548 duces
2463 1502 2590 1548 sunt
2634 1493 2834 1548 ovium.
2899 1493 3028 1550 Ideo
3053 1494 3342 1550 duodecim
3386 1498 3589 1566 fontes,
3616 1511 3672 1553 et
3709 1485 3714 1488 ”

2065 1588 2406 1660 septuaginta
2438 1590 2632 1656 palmae
2659 1589 2952 1659 designant
3002 1588 3303 1645 Christiani
3346 1593 3532 1662 gregis
3571 1593 3674 1647 du-

2066 1689 2247 1736 ctores
2290 1699 2300 1733 2
2359 1695 2552 1750 nempe
2583 1679 2870 1736 duodecim
2905 1682 3231 1750 Apostolus,
3262 1683 3332 1738 de
3363 1683 3565 1754 quibus
3600 1686 3674 1738 ita

2067 1773 2256 1829 scribit
2282 1773 2454 1828 Lucas
2481 1793 2491 1826 :
2527 1773 2697 1846 Elegit
2725 1775 2996 1829 duodecim
3019 1791 3081 1830 ex
3107 1777 3261 1845 ipsis,
3293 1794 3424 1848 quos
3451 1779 3678 1850 Aposto.

366 1879 587 1931 amarte,
619 1864 670 1919 in
704 1864 1046 1920 dulcedinem
1082 1881 1253 1921 versae
1286 1867 1557 1935 potabiles
1579 1866 1786 1924 eﬂ'ectte
1814 1877 1960 1935 sunt,
1995 1862 2042 1922 Β
2067 1866 2144 1921 los
2176 1868 2456 1921 nominavit
2480 1865 2631 1940 (Luc.
2668 1885 2741 1931 VI.
2771 1869 2882 1939 15),
2911 1879 2966 1924 et
2992 1872 3335 1942 septuaginta
3368 1871 3678 1944 Discipulos
3721 1859 3724 1862 ’

367 1956 506 2011 unde
533 1956 678 2011 sitim
708 1957 1062 2028 exstinguere
1115 1967 1434 2029 potuerunt.
1486 1959 1737 2028 l’erqute
1790 1960 1964 2029 primo

365 2049 705 2122 significatur
749 2049 908 2105 nobis
950 2050 1096 2122 qttod
1158 2050 1223 2105 ad
1269 2052 1504 2123 gratiam
1549 2051 1966 2122 [imperantibus

364 2143 598 2200 occurrit
625 2143 840 2199 Pharao
869 2159 992 2200 cum
1025 2146 1270 2202 exercitu
1304 2162 1423 2209 suo,
1453 2147 1555 2201 hoc
1578 2154 1682 2209 est,
1715 2147 1964 2202 diabolus

364 2250 482 2292 cum
537 2245 806 2307 potestate
849 2249 957 2291 tam
1001 2237 1165 2306 forti,
1220 2249 1310 2305 ut,
1370 2238 1512 2294 sicut
1569 2240 1834 2311 scriptum
1883 2248 1968 2294 est

369 2330 553 2400 (Apoc.
582 2346 676 2395 xx,
705 2330 796 2400 9),
830 2345 937 2385 non
965 2331 1035 2384 sit
1065 2331 1357 2402 quidquam
1403 2333 1454 2387 in
1495 2342 1637 2388 terra
1679 2333 1860 2388 simile
1887 2331 1963 2388 fa-

364 2431 507 2477 ctum
541 2422 616 2477 illi
645 2441 659 2476 :
691 2423 787 2479 sed
843 2424 1062 2479 tandem
1087 2435 1147 2480 ttt
1171 2425 1386 2479 Pharao
1412 2442 1533 2481 eum
1565 2427 1808 2482 exercitu
1837 2427 1963 2482 sub-

369 2517 627 2588 mergitur
657 2518 710 2572 in
741 2519 895 2590 aquis
923 2518 1363 2587 vehementibus,
1393 2521 1465 2574 ita
1489 2533 1541 2575 et
1571 2521 1818 2576 diabolus
1845 2523 1964 2576 mit-

364 2609 490 2664 titur
521 2611 572 2664 in
602 2619 852 2681 stagnum
897 2611 1040 2682 ignis
1081 2622 1136 2667 et
1167 2613 1469 2684 sulphuris.
1500 2611 1654 2669 Unde
1688 2628 1786 2668 nec
1843 2614 1964 2670 ideo

363 2710 679 2766 terreamur,
715 2713 772 2758 ut
797 2704 1166 2761 desertionem
1200 2705 1482 2761 faciamus.
1507 2706 1710 2762 Deinde
1735 2707 1786 2761 in
1812 2722 1963 2762 man-

365 2797 521 2852 sione
565 2810 720 2867 aqua:
767 2807 1054 2867 gustantur
1082 2814 1304 2866 amarae,
1335 2799 1590 2868 quoniam
1622 2799 1798 2854 adlmc
1824 2801 1967 2855 exis-

361 2896 534 2944 tentes
586 2889 640 2944 in
684 2893 860 2958 gratia
908 2889 1239 2960 multiplices
1289 2899 1512 2945 manent
1555 2891 1964 2947 tribulationum

360 2980 774 3037 amaritudines.
802 2978 955 3037 Unde
980 2980 1220 3036 Joannes
1244 2983 1526 3050 apostolus
1562 2982 1779 3037 dicebat
1814 3000 1826 3036 :
1852 2981 1966 3053 Ego

360 3074 588 3129 Joannes
638 3076 800 3145 frater
856 3085 1022 3129 vester
1085 3083 1132 3128 et
1201 3075 1458 3147 particeps
1514 3075 1566 3128 in
1629 3075 1968 3130 tribulatione

362 3170 546 3238 (Apoc.
570 3180 610 3220 ι.
634 3164 713 3236 9).
738 3164 910 3220 Immo
937 3167 1216 3234 apostolus
1241 3166 1445 3221 Paulus
1467 3167 1708 3223 dicebat:
1737 3169 1799 3223 Si
1819 3180 1966 3223 extra

2064 1975 2202 2028 quos
2230 1969 2448 2015 sanctus
2470 1959 2646 2015 Lucas
2669 1961 2799 2015 alibi
2826 1961 3098 2029 meminit,
3122 1964 3346 2019 dicens:
3371 1963 3678 2036 Designavit

2066 2049 2328 2106 Dominus
2356 2064 2404 2106 et
2433 2053 2566 2106 alios
2596 2054 2941 2124 septuaginta,
2975 2064 3027 2108 et
3063 2055 3204 2108 misit
3238 2056 3358 2111 illos
3380 2057 3529 2112 binos
3557 2071 3679 2113 ante

2067 2144 2252 2215 facient
2278 2161 2423 2197 suam
2453 2143 2610 2217 (Luc.
2651 2161 2682 2199 χ
2704 2187 2719 2211 ,
2753 2146 2830 2216 1).
2869 2143 3113 2213 Quorum
3146 2146 3550 2205 distinctionem
3583 2166 3676 2220 po-

2067 2237 2147 2290 nit
2178 2236 2506 2306 Apostolus,
2539 2251 2705 2308 agens
2746 2236 2817 2293 de
2866 2238 3076 2292 Domini
3112 2249 3235 2310 post
3282 2242 3400 2311 ejus
3429 2257 3675 2297 resurre-

2065 2329 2302 2383 ctionem
2333 2329 2786 2399 apparitionibus.
2835 2331 3012 2400 Inquit
3035 2333 3180 2387 enim
3211 2334 3277 2388 ad
3312 2334 3629 2390 Corinthios
3657 2354 3669 2390 :

2075 2419 2228 2475 Visus
2252 2432 2324 2475 est
2351 2420 2560 2491 Cephea,
2592 2433 2639 2476 et
2665 2433 2782 2491 post
2811 2424 2908 2478 ltoc
2941 2425 3210 2489 undecim,
3240 2438 3286 2482 et
3318 2427 3507 2483 deinde
3534 2431 3674 2482 visus

2065 2523 2140 2567 est
2164 2514 2423 2580 Apostolis
2447 2516 2686 2569 omnibus
2709 2514 2754 2586 (ί
2770 2512 2894 2569 Cor.
2925 2531 3021 2582 xv,
3049 2515 3126 2588 1).
3144 2515 3245 2584 Qui
3280 2527 3459 2573 tamen
3483 2537 3678 2576 omnes

2068 2606 2235 2662 duces
2262 2617 2314 2662 et
2349 2608 2593 2678 magistri
2621 2619 2745 2663 sunt
2774 2609 2957 2681 gregis
2981 2609 3267 2666 Dominici.
3295 2612 3477 2678 Quare
3507 2614 3576 2669 de
3613 2615 3677 2668 iis

2067 2700 2329 2769 scriptum
2346 2709 2429 2754 est
2445 2699 2575 2768 τρυε
2589 2716 2678 2755 vos
2704 2702 2968 2766 audit,me
2991 2702 3135 2756 audit
3151 2723 3170 2759 .·
3188 2706 3335 2774 etqui
3352 2722 3440 2760 vos
3453 2709 3676 2777 spernit,

2069 2809 2149 2847 me
2163 2793 2357 2862 spernit
2380 2792 2535 2864 (Luc.
2553 2810 2608 2860 x,
2635 2795 2746 2865 l6).
2775 2793 3100 2851 liauriamus
3125 2795 3292 2867 igitur
3310 2813 3410 2854 nos
3433 2798 3500 2854 de
3518 2799 3680 2854 uber-

2069 2887 2220 2942 rimis
2263 2886 2573 2955 ltujusmodi
2631 2886 2878 2942 fontibtts
2901 2930 2916 2954 ,
2946 2897 3002 2944 et
3034 2889 3283 2946 bibamus
3319 2908 3330 2944 :
3385 2905 3679 2960 carpamus

2068 2995 2282 3050 quoque
2312 2980 2380 3036 de
2408 2980 2598 3035 solidis
2623 2981 2814 3036 harum
2846 2981 3092 3036 victoria:
3143 2983 3448 3053 palmarmn
3492 2983 3683 3038 fructi-

2069 3075 2191 3138 bus,
2224 3081 2280 3129 et
2319 3073 2712 3129 manducemus
2741 3074 3021 3140 alacriter,
3057 3083 3114 3129 ιιι
3145 3074 3342 3130 talibus
3370 3076 3494 3130 cibo
3525 3088 3683 3146 potu-

2070 3183 2176 3239 que
2196 3167 2405 3234 refecti,
2441 3168 2734 3224 validiores
2767 3169 2835 3223 ad
2873 3168 3113 3239 reliquas
3162 3169 3478 3224 mansiones
3527 3185 3684 3240 pera-

367 3257 698 3327 disciplinam
715 3259 856 3324 estis,
871 3258 1152 3312 adulterini
1170 3268 1217 3314 et
1245 3276 1344 3312 non
1369 3259 1468 3328 lilii
1487 3262 1604 3314 estis
1627 3259 1964 3334 (llebr.xxtt,
1994 3253 2041 3316 C
2071 3261 2638 3332 gendasinveniamur
2670 3259 3005 3334 (Hieronym.
3033 3277 3117 3330 ep.
3151 3260 3302 3331 127).

363 3353 445 3426 8).
479 3353 719 3424 Denique
749 3354 802 3407 in
831 3354 1171 3423 operatione,
1197 3355 1335 3408 sicut
1365 3353 1531 3409 verbo
1556 3370 1652 3409 suo
1675 3355 1830 3411 adest
1858 3355 1969 3410 Do-

363 3450 563 3515 minus,
592 3457 650 3503 ut
672 3447 1180 3518 dulcescantaquae,
1201 3447 1270 3502 ita
1290 3457 1508 3516 pra-stat
1535 3450 1586 3503 in
1609 3450 1968 3506 tribulationi-

364 3545 467 3600 bus
486 3559 640 3598 suam
666 3542 825 3598 nobis
847 3543 1220 3613 praesentiam,
1252 3541 1468 3598 dicente
1502 3543 1810 3614 PrOpIteta:
1844 3544 1972 3598 Cum

363 3640 478 3707 ipso
495 3655 606 3692 sum
622 3638 674 3692 in
695 3637 1049 3704 tribulatione,
1069 3645 1126 3691 ut
1148 3636 1470 3692 afﬂictiones
1494 3637 1779 3692 mitescant
1795 3636 1971 3710 (Psal.

370 3747 460 3797 xc,
496 3733 606 3803 15).
641 3731 775 3786 Hinc
807 3731 992 3786 Esaias
1016 3729 1313 3800 proclamat
1342 3729 1638 3799 Propheta;
1675 3729 1734 3784 Si
1757 3730 1977 3784 transie-

367 3830 444 3884 ris
468 3843 559 3898 per
580 3841 786 3895 aquam,
814 3835 976 3880 tecum
1003 3840 1140 3892 sunt,
1163 3834 1208 3878 et
1225 3823 1444 3894 ﬂumina
1467 3840 1567 3876 non
1585 3824 1875 3894 cooperient
1893 3832 1974 3877 te:

367 3931 415 3976 et
441 3922 486 3975 si
521 3919 788 3974 transieris
817 3933 908 3991 per
936 3917 1128 3989 ignem,
1159 3933 1262 3971 non
1292 3916 1602 3970 combureris
1629 3915 1780 3978 (Esa.
1823 3931 1973 3980 xutt,

367 4015 879 4088 2).IdeoStepltano
899 4013 952 4068 in
971 4012 1318 4068 dulcedinem
1343 4009 1560 4064 fuerunt
1578 4012 1835 4065 torrentis
1851 4009 1978 4078 lapi-

369 4114 468 4171 des
494 4136 507 4171 :
531 4127 584 4172 et
612 4115 904 4172 Laurentio
930 4115 982 4170 in
1009 4115 1347 4183 refrigerium
1375 4127 1579 4180 prunze.
1608 4110 1978 4178 Meritoigitur

373 4208 504 4264 dicit
540 4211 870 4280 Apostolus:
905 4208 1205 4263 Gloriamur
1247 4207 1298 4259 in
1349 4204 1766 4259 tribulationibus
1799 4202 1977 4274 (Rom.

379 4317 434 4368 ν,
461 4303 540 4373 3).

448 4395 550 4450 γιυ
581 4395 807 4460 mansio,
832 4394 990 4449 Εωιι.
1020 4421 1091 4432 -
1111 4390 1319 4446 Mansio
1350 4400 1502 4445 sexta
1538 4397 1760 4443 vocatur
1793 4386 1928 4441 Elitn
1965 4403 1976 4440 :

380 4492 424 4546 Α
466 4490 650 4545 blarah
693 4491 837 4544 enim
885 4489 1209 4544 recedentes
1264 4483 1356 4538 lilii
1388 4483 1578 4548 Israel,
1615 4493 1880 4536 venerunt
1926 4479 1980 4534 in

382 4584 520 4640 Elim
552 4603 564 4638 :
601 4586 670 4639 ibi
701 4585 1080 4646 substiterunt,
1111 4594 1165 4634 ct
1195 4580 1266 4634 ibi
1291 4577 1636 4633 tabernacula
1664 4584 1978 4631 erexerunt.

2149 3353 2268 3409 Vll‘I
2309 3354 2535 3414 mansio.
2568 3355 2725 3409 Mans
2758 3353 3010 3422 Bonnam,
3063 3384 3134 3394 —
3171 3353 3411 3424 Septima
3469 3356 3683 3410 mansio

2074 3448 2332 3519 estjuxta
2357 3463 2506 3504 mare
2526 3447 2769 3504 Rubrum
2802 3465 2815 3502 :
2840 3464 2962 3502 nam
2983 3447 3216 3502 transito
3243 3449 3378 3501 mari
3403 3447 3608 3511 Rubro,
3631 3459 3687 3503 et

2075 3543 2258 3599 Maralt
2287 3553 2342 3599 et
2364 3543 2502 3598 Elim
2532 3541 2912 3598 mansionibus
2961 3541 3285 3612 peragratis,
3313 3542 3558 3596 occurrit
3581 3543 3681 3595 ite-

2075 3652 2195 3692 rum
2242 3637 2370 3691 liliis
2411 3635 2578 3692 Israel
2625 3635 2777 3690 sinus
2821 3633 3043 3705 quidam
3093 3634 3268 3703 ipsius
3311 3636 3479 3689 maris
3506 3634 3686 3705 (Hier.

2075 3746 2160 3799 ep.
2190 3729 2338 3801 127).
2366 3731 2431 3784 Et
2451 3731 2574 3800 quia
2599 3730 2673 3784 ibi
2702 3728 3107 3798 applicuerunt,
3130 3730 3475 3797 tentoriaque
3496 3744 3691 3784 cresc-

2079 3833 2226 3889 runt,
2254 3823 2375 3879 ideo
2404 3838 2549 3879 nunc
2574 3823 2640 3877 ad
2674 3837 2823 3876 mare
2841 3821 3216 3876 castrametari
3240 3819 3515 3875 dicuntur.
3544 3822 3687 3877 Dicit

2079 3915 2223 3971 enim
2257 3933 2270 3968 :
2300 3913 2369 3969 Et
2399 3915 2616 3987 profecti
2656 3931 2718 3968 ea:
2759 3911 2924 3978 Elim,
2979 3912 3329 3967 castrametari
3369 3922 3488 3966 sunt
3530 3928 3688 3982 super

2081 4027 2222 4065 mare
2244 4008 2479 4065 Rubrum
2497 4006 2689 4080 (Nunt.
2709 4024 2904 4073 χχχιιι,
2925 4005 3038 4079 10).
3061 4007 3167 4063 Sed
3186 4008 3416 4063 observa
3437 4007 3579 4077 quod
3604 4009 3653 4060 vi
3668 4035 3686 4045 -

2081 4103 2211 4160 dent
2243 4119 2412 4169 mare,
2445 4119 2554 4158 non
2583 4115 2761 4157 tamen
2797 4101 2930 4158 illud
2971 4101 3199 4168 intrant,
3231 4116 3354 4155 nam
3383 4098 3582 4154 sufﬁcit
3604 4116 3693 4155 se»

2087 4196 2195 4253 mel
2225 4205 2431 4251 tantum
2465 4196 2699 4250 intrasse
2749 4204 2803 4250 et
2834 4195 3219 4265 pertransisse,
3266 4193 3526 4265 quoniam
3558 4193 3690 4247 illud

2087 4303 2238 4344 mare
2262 4288 2512 4358 baptismi
2545 4286 2717 4342 nostri
2761 4287 2928 4356 ﬁgura
2978 4287 3078 4340 fuit
3107 4285 3294 4358 (Orig.
3326 4286 3466 4342 Itont.
3515 4285 3606 4340 27.
3636 4287 3689 4339 in

2088 4382 2255 4440 Nunt.
2273 4399 2339 4438 ex
2365 4399 2492 4436 vers.
2524 4381 2700 4452 Ruﬁ),
2730 4392 2788 4436 ut
2811 4381 3108 4452 Apostolus
3127 4380 3193 4436 ad
3219 4377 3536 4436 Corinthios
3553 4382 3691 4435 scri-

2090 4477 2168 4532 bit
2192 4476 2421 4532 dicens:
2461 4475 2596 4543 Quia
2617 4486 2788 4547 patres
2810 4477 2974 4529 nostri
3007 4491 3183 4529 omnes
3226 4475 3475 4544 baptizati
3496 4485 3617 4528 sunt
3639 4475 3692 4528 in

2091 4571 2225 4626 nube
2243 4580 2290 4625 et
2318 4571 2370 4624 in
2399 4570 2531 4624 mari
2562 4567 2822 4640 (ICor.x,
2841 4568 2922 4640 2).
2953 4569 3060 4625 Sed
3091 4569 3394 4640 baptistnus
3423 4585 3612 4625 eorum
3641 4571 3696 4624 itt

379 4677 535 4736 Unde
565 4678 698 4733 dicit
728 4695 740 4730 :
772 4675 842 4730 Et
871 4644 1088 4746 profecti
1111 4688 1176 4727 ea:
1204 4669 1416 4735 Maralt,
1463 4677 1706 4724 venerunt
1738 4669 1791 4722 itt
1818 4665 1978 4720 Etim.
2008 4644 2064 4705 D
2089 4664 2256 4735 ﬁgura
2281 4663 2400 4728 fuit,
2445 4674 2688 4719 nostrum
2720 4673 2902 4719 autem
2951 4665 3003 4718 in
3036 4665 3290 4719 veritate.
3324 4664 3392 4719 Et
3421 4666 3542 4735 quia
3596 4664 3694 4719 ba-

383 4771 450 4826 ln
499 4771 639 4826 Elim
681 4786 800 4825 vero
862 4777 1008 4823 erant
1055 4767 1329 4821 duodecim
1371 4769 1539 4837 fontes
1595 4779 1880 4834 aquarum,
1936 4773 1983 4817 et

379 4864 704 4934 septuaginta
755 4860 964 4916 arbores
1013 4858 1336 4929 palmarum;
1388 4867 1436 4911 et
1479 4857 1824 4911 castrametati
1865 4865 1984 4910 sunt

380 4955 490 5010 illic
520 4953 661 5022 apud
694 4969 871 5024 (aquas
899 4949 1101 5025 (Nunt.
1134 4965 1324 5017 xxxut,
1347 4948 1442 5019 9).
1501 4949 1647 5003 Idem
1684 4948 1882 5018 legitur
1928 4951 1982 5004 itt

381 5047 526 5102 libro
545 5046 714 5101 Exodi
751 5063 764 5099 :
789 5044 896 5100 Sed
923 5043 1156 5116 pulcher
1183 5043 1338 5105 ordo,
1365 5042 1601 5112 felixque
1625 5042 1841 5097 virtutis
1865 5057 1988 5112 pro-

383 5153 646 5209 gressus,
677 5138 768 5209 qui
816 5153 1036 5207 semper
1069 5136 1242 5192 tendit
1271 5136 1341 5190 ad
1369 5136 1571 5206 optima
1605 5153 1618 5187 :
1652 5150 1716 5190 ex
1748 5135 1988 5191 tenebris

385 5230 456 5287 ad
479 5232 677 5295 lucem,
703 5245 772 5286 ex
791 5232 1054 5286 {erumnis
1067 5232 1133 5288 ad
1155 5230 1492 5286 felicitatem.
1516 5228 1656 5284 Ecce
1678 5227 1773 5282 ﬁlii
1795 5227 1984 5294 Israel,

388 5335 514 5396 post
547 5324 850 5380 Pharaonis
872 5335 926 5379 et
953 5323 1332 5396 Egyptiorum
1364 5323 1636 5389 satvitias,
1679 5332 1801 5394 post
1824 5325 1991 5379 maris

390 5418 701 5488 desertique
730 5416 1048 5472 diSt'rimina
1071 5460 1084 5482 ,
1112 5425 1233 5487 post
1258 5417 1522 5472 triduauae
1552 5417 1673 5470 sitis
1709 5417 1990 5484 ardorem,

391 5523 447 5567 et
469 5509 653 5568 Marab
678 5510 1092 5576 amaritudines,
1123 5521 1382 5566 venerunt
1413 5511 1629 5564 tandem
1670 5510 1736 5566 ad
1763 5511 1992 5580 palmas,

395 5615 666 5660 venerunt
691 5605 761 5660 ad
803 5602 999 5658 Iontes.
1051 5604 1154 5659 Per
1185 5604 1327 5672 quod
1360 5605 1680 5658 instruitnur
1729 5604 1874 5672 quod
1905 5605 1996 5674 qui

393 5697 785 5771 asperitatibus
809 5711 1241 5768 praegravamur,
1264 5712 1362 5752 eos
1381 5697 1599 5752 tandem
1625 5699 1743 5751 laeta
1765 5709 1821 5754 et
1838 5713 2001 5752 anne-

399 5803 468 5847 na
499 5791 550 5862 7
580 5792 696 5846 loca
725 5789 1027 5858 suscipiunt
1056 5807 1071 5844 :
1103 5790 1360 5860 quoniam
1383 5789 1448 5843 ad
1483 5790 1725 5859 requiem
1759 5805 1866 5845 non
1897 5790 2003 5845 nisi

405 5877 502 5956 per
531 5885 802 5951 laborem,
834 5889 891 5938 ct
918 5881 982 5938 ad
1018 5883 1234 5954 gaudia,
1263 5897 1370 5938 non
1401 5881 1507 5938 nisi
1549 5891 1644 5952 per
1677 5881 1850 5937 tristia
1880 5878 2002 5952 per-

2091 4759 2317 4830 ptismus
2357 4757 2642 4813 iterandus
2670 4771 2776 4812 non
2808 4767 2912 4824 est,
2939 4772 3060 4811 cum
3103 4757 3366 4828 scriptum
3398 4758 3468 4812 sit
3500 4776 3511 4811 :
3545 4755 3695 4812 Unus

2093 4851 2254 4917 Deus,
2278 4867 2383 4904 una
2405 4849 2558 4919 ﬁdes,
2584 4865 2742 4903 unum
2766 4848 3023 4918 baptisma
3057 4846 3276 4918 (Ep/tes.
3309 4864 3382 4913 tv,
3415 4849 3518 4916 5),
3552 4848 3692 4901 sicut

2090 4945 2257 5000 semel
2281 4944 2543 5014 baptizari
2571 4944 2834 5014 oportuit,
2868 4943 2940 4998 ita
2967 4953 3024 4998 et
3061 4942 3234 4998 semel
3264 4957 3418 4998 mare
3461 4943 3697 4996 intrasse.

2092 5041 2225 5094 satis
2256 5039 2374 5094 fuit.
2400 5037 2554 5094 Nunc
2596 5038 2760 5109 igitur
2789 5037 3034 5109 pergenti
3064 5035 3131 5092 ad
3164 5037 3492 5108 promissam
3525 5034 3697 5090 haere-

2089 5133 2316 5190 ditatem
2338 5133 2537 5204 popnlo
2557 5133 2750 5189 iterum
2780 5148 2930 5189 mare
2951 5131 3212 5196 occurrit,
3237 5141 3294 5185 ut
3317 5128 3451 5186 illud
3478 5127 3696 5192 videns,

2091 5229 2343 5298 ἰΙΙὶιιειιιιθ
2385 5228 2554 5283 undas
2585 5229 2878 5298 aspiciens,
2909 5226 3123 5282 cautius
3153 5223 3391 5289 incedat,
3444 5237 3512 5277 ne
3537 5221 3721 5278 dete-'

2095 5323 2209 5377 rius
2235 5322 2434 5393 aliquid
2463 5323 2513 5377 ei
2541 5322 2844 5392 contingat.

2174 5415 2318 5472 γιιιιι
2347 5417 2567 5480 mansio,
2597 5416 2857 5470 desertum
2886 5415 2998 5469 SIN.
3023 5443 3092 5454 —
3117 5411 3325 5467 Octova
3369 5411 3587 5466 mansio
3617 5422 3705 5467 est

2099 5510 2376 5564 desertum
2403 5507 2518 5564 Sin.
2553 5507 2678 5563 Ideo
2706 5506 2842 5562 dicit
2879 5523 2892 5559 :
2943 5504 3009 5559 Et
3042 5502 3258 5572 profecti
3289 5521 3320 5558 a
3348 5505 3478 5559 mari
3506 5503 3708 5569 Rubro,

2104 5601 2450 5656 castrantetati
2475 5610 2594 5656 sunt
2618 5607 2670 5654 in
2701 5600 2964 5653 desertum
3004 5595 3101 5651 Sin
3126 5593 3328 5664 (Num.
3356 5611 3553 5661 χχχιιι,
3577 5593 3664 5664 11)
3695 5610 3709 5648 :

2107 5696 2204 5753 sed
2227 5695 2632 5752 observandum
2661 5692 2804 5760 quod
2836 5699 2949 5744 tota
2969 5688 3087 5745 haec
3111 5689 3355 5745 solitudo
3382 5706 3412 5744 a
3438 5689 3575 5743 mari
3601 5687 3718 5744 Ru-

2111 5794 2229 5862 bro,
2265 5807 2437 5864 usque
2463 5791 2530 5845 ad
2570 5796 2808 5844 montem
2853 5785 3003 5870 Sittai
3033 5784 3343 5856 appellatur
3373 5784 3469 5856 Sin
3512 5784 3532 5853 (
3562 5781 3709 5870 Hier.

2111 5903 2192 5957 ep.
2225 5884 2371 5952 127).
2417 5876 2474 5938 1η
2509 5896 2613 5951 qua
2638 5879 2734 5933 ﬁlii
2758 5865 2926 5936 Israel
2949 5882 3187 5950 quinque
3215 5876 3524 5933 habuerunt
3567 5865 3719 5931 msh:
