4082 6306
363 286 430 342 ιο
1381 277 1480 342 an
1513 279 1747 364 erant
1775 279 2030 346 sanast
2066 285 2396 348 wnsosu
2439 285 2811 347 srpruotx.
3603 291 3681 348 eo

361 406 588 460 siones:
614 418 807 474 nempe
835 416 982 458 mare
1009 400 1278 468 Rubrum,
1309 408 1576 470 utsupra,
1599 398 1740 458 hanc
1769 399 1838 457 de
1867 416 1969 472 qua
2001 407 2048 468 Δ
2149 401 2229 458 Xlt
2268 403 2490 469 mansio,
2520 402 2720 460 HALUS.
2743 433 2815 444 —
2843 403 3060 458 Decima
3109 405 3319 460 mansio
3357 403 3518 460 Huius
3549 417 3634 462 est
3661 422 3678 466 :

363 499 600 570 agimus,
631 505 685 552 et
713 506 824 552 tres
845 501 1161 568 sequentes.
1195 487 1324 551 Haec
1344 502 1525 550 autem
1556 485 1809 566 specialis
1831 503 1916 552 est
1946 512 1970 560 ς,

365 591 492 648 licet
517 587 796 647 communi
833 589 1052 645 nomine
1084 587 1391 660 appellatur
1420 581 1700 644 desertum
1721 583 1850 654 Sin,
1899 603 1970 646 ex

362 683 584 740 nomine
617 675 786 740 totius
813 681 1020 739 deserti
1050 700 1065 738 :
1118 671 1259 738 sicut
1287 689 1342 736 et
1365 673 1522 740 Moab
1557 696 1756 738 nomen
1785 687 1874 736 est
1891 677 1969 738 ci-

361 779 546 834 vitatis
577 787 632 835 et
655 777 969 848 provinciae.
1013 765 1214 833 Verum
1265 777 1390 846 quia
1438 775 1534 832 Sin
1574 777 1968 847 interpretatur

363 871 550 936 rubus,
595 869 870 942 signiﬁcat
897 867 1054 924 nobis
1085 867 1226 940 quod
1268 869 1410 924 sicut
1456 878 1645 923 octava
1676 867 1968 924 mansione

359 963 608 1018 venimus
640 963 706 1018 ad
729 961 848 1030 Sin,
879 961 980 1017 hoc
1007 960 1180 1018 estad
1213 959 1430 1028 rubum,
1465 961 1518 1016 in
1547 976 1656 1032 qtto
1682 970 1861 1015 actum
1884 969 1968 1016 est

359 1057 430 1114 de
452 1057 776 1114 liberatione
806 1047 1040 1112 filiorum
1063 1047 1229 1112 Israel
1255 1069 1282 1106 a
1307 1055 1566 1108 servitute
1601 1051 1816 1125 Aigypti
1849 1070 1862 1106 :
1893 1051 1966 1108 ita

359 1155 413 1205 in
446 1149 873 1216 resurrectione,
907 1164 1028 1219 qua:
1081 1163 1176 1219 per
1209 1155 1456 1204 octavam
1503 1145 1848 1218 intelligitur,
1875 1160 1969 1202 ve-

365 1245 580 1300 niemus
607 1239 676 1298 ad
703 1241 896 1298 rubum
916 1284 932 1309 ,
964 1241 1018 1296 in
1045 1257 1152 1312 quo
1183 1249 1374 1311 agetur
1418 1239 1488 1297 de
1517 1239 1842 1298 liberatione
1871 1254 1969 1293 no-

363 1349 473 1394 stra
502 1353 532 1393 a
555 1337 851 1394 servitutec
869 1335 1210 1408 orruptionis
1235 1354 1247 1390 :
1282 1351 1446 1408 quam
1476 1343 1880 1406 exspectamus,
1911 1341 1970 1390 ut

363 1429 660 1506 Apostolus
689 1431 821 1490 dicit
850 1448 864 1487 :
899 1429 966 1487 Et
989 1433 1092 1502 ipsi
1123 1431 1258 1486 intra
1287 1448 1382 1486 nos
1416 1431 1688 1503 gemimus,
1733 1427 1969 1500 adoptio-

361 1547 476 1585 nem
494 1529 724 1598 filiorum
739 1536 1095 1601 exspectantes
1136 1527 1536 1598 rodentptionem
1551 1519 1786 1598 corporis
1807 1525 1969 1580 nostri

361 1619 542 1693 (Rom.
576 1635 692 1687 vttt,
715 1617 835 1692 25).
863 1619 926 1675 Et
945 1617 1074 1676 alibi
1105 1609 1466 1676 :Salvatorem
1491 1628 1846 1691 exspectamus
1861 1615 1969 1672 Do-

361 1716 559 1768 minum
582 1723 813 1768 noetrum
842 1709 1021 1768 Jesum
1041 1711 1322 1780 Christum,
1348 1713 1437 1783 qui
1465 1711 1764 1784 reformabit
1786 1728 1970 1784 corpus

2070 495 2136 550 ad
2171 509 2329 565 quam
2381 511 2410 550 a
2441 495 2694 566 Dephcha
2748 496 2974 566 profecti
3006 507 3134 552 sunt
3185 497 3280 552 ﬁlii
3331 497 3520 555 lsrael.
3549 499 3678 556 Ideo

2069 581 2202 642 dicit
2223 605 2237 642 :
2276 587 2337 644 Et
2360 589 2580 660 profecti
2601 588 2665 642 de
2684 586 2952 658 Dephclta,
2974 593 3327 646 castrametati
3353 603 3470 648 sunt
3487 593 3542 648 in
3555 591 3678 650 Ha-

2071 677 2150 736 lus
2180 679 2372 750 (Num.
2426 697 2594 736 xxxut
2621 723 2636 748 ,
2692 680 2804 753 1'5).
2835 682 2893 738 In
2925 683 3112 740 Exodo
3171 699 3274 740 nec
3329 684 3429 742 ista
3464 687 3680 744 mansio

2068 773 2330 832 distincte
2373 777 2716 844 nominatur;
2747 777 2842 834 sed
2871 777 3356 850 comprehenditur
3397 779 3498 836 sub
3525 795 3680 836 utan-

2070 869 2316 926 sionibus
2347 885 2374 926 a
2408 869 2628 926 deserto
2674 871 2768 927 Sin
2818 885 2992 944 usque
3047 871 3116 928 ad
3171 871 3486 943 Raphidim.
3541 873 3680 932 Dum

2069 961 2214 1018 enim
2247 961 2410 1018 dicit:
2443 961 2512 1016 Et
2535 965 2768 1034 profecta
2797 971 2870 1020 est
2897 965 3064 1020 omnis
3091 965 3424 1036 congregatio
3445 963 3684 1034 ﬁliorum.

2068 1053 2241 1110 Israel
2263 1073 2328 1110 ea:
2354 1055 2555 1112 deserto
2587 1055 2684 1112 Sin
2715 1073 2806 1127 per
2827 1067 3000 1112 castra
3019 1057 3438 1122 summouitth
3467 1057 3682 1114 uerbum

2069 1144 2285 1201 Domini
2315 1145 2514 1220 (Exod,
2548 1163 2680 1214 xvn,
2716 1149 2806 1218 1);
2839 1147 3014 1206 innuit
3063 1149 3206 1222 quod
3241 1150 3430 1220 plures
3475 1149 3684 1208 fuerint

2069 1241 2582 1296 castrametationes
2611 1248 2667 1298 ct
2695 1241 2951 1314 hospitia.
3003 1241 3128 1300 Tria
3161 1243 3216 1298 in
3247 1241 3350 1304 hac
3395 1242 3682 1302 mansione

2067 1343 2353 1406 geruntur.
2381 1333 2584 1403 Primo,
2616 1337 2848 1408 populus
2873 1339 2964 1394 Dei
2993 1338 3224 1410 gloriam
3245 1339 3487 1400 intuetur
3517 1354 3680 1398 :nam

2069 1430 2328 1502 scriptum
2355 1440 2440 1486 est
2463 1429 2516 1486 in
2547 1431 2738 1488 Exodo
2773 1451 2786 1488 :
2821 1432 2885 1486 Et
2909 1435 3081 1506 gloria
3113 1433 3327 1492 Domini
3354 1437 3600 1506 apparuit
3623 1436 3682 1492 in

2071 1515 2202 1576 nube
2243 1519 2263 1593 (
2291 1519 2465 1576 Exod.
2507 1539 2618 1592 xvi,
2674 1523 2804 1595 10):
2841 1525 3068 1594 Deinde,
3103 1527 3343 1598 pascitur
3373 1527 3630 1584 carnibus
3662 1546 3678 1584 :

2071 1609 2296 1670 Factum
2329 1630 2402 1670 est
2433 1633 2661 1688 vespere,
2696 1629 2752 1673 ut
2787 1617 2862 1674 ibi
2893 1617 3092 1692 legitur
3112 1663 3126 1687 ,
3153 1633 3202 1676 et
3231 1621 3463 1676 ascendit
3503 1629 3683 1678 cotur-

2073 1707 2186 1773 nix,
2237 1718 2286 1762 et
2323 1710 2589 1778 cooperuit
2627 1719 2800 1766 castra
2827 1709 2846 1784 (
2872 1709 3040 1780 Ibid.,
3073 1713 3196 1784 15).
3231 1711 3436 1781 Tertio,
3467 1714 3682 1772 cibatur

364 1807 668 1862 humilitatis
713 1815 906 1862 nostra:
943 1807 1322 1878 conﬁguratum
1377 1805 1584 1876 corpori
1636 1803 1966 1860 claritudinis
1994 1805 2042 1866 B
2071 1815 2266 1856 manna
2297 1799 2365 1856 de
2399 1801 2562 1858 cmlo.
2600 1803 2690 1860 Sic
2717 1805 2860 1864 enim
2893 1803 3108 1878 Moyses
3151 1807 3408 1876 pupulum
3442 1807 3680 1878 alloqui-

366 1917 475 1956 sua:
517 1897 744 1974 (Philip.
770 1915 854 1966 ιιι,
887 1897 1010 1972 ‘20).
1066 1899 1134 1954 Et
1164 1905 1290 1953 tunc
1318 1895 1622 1954 videbimus
1664 1897 1855 1952 rubum
1881 1913 1964 1950 ar-

364 1993 493 2050 dere
513 2006 566 2050 et
591 2010 696 2052 non
719 1993 999 2062 comburi;
1027 1993 1152 2064 quia
1177 2007 1377 2063 corpus
1394 1991 1744 2048 humanitatis
1766 2000 1968 2050 nostra

367 2091 661 2158 morietur;
695 2089 792 2145 sed
823 2105 929 2145 non
975 2095 1370 2156 consumetnr;
1407 2087 1576 2144 immo
1607 2097 1857 2160 resurget
1899 2087 1968 2144 ad

367 2183 632 2254 majorem
659 2184 986 2240 claritatem.
1023 2184 1162 2240 Dicit
1195 2185 1493 2256 Apostolus
1522 2201 1535 2237 :
1571 2184 1873 2240 Seminatnr
1913 2185 1972 2240 in

363 2275 706 2348 ignobilitate,
730 2286 905 2350 surget
929 2277 981 2332 in
1017 2277 1188 2348 gloria
1219 2293 1237 2331 .'
1260 2277 1545 2332 seminatur
1572 2278 1626 2333 in
1647 2277 1968 2346 inﬁrmitate,

363 2378 538 2442 surget
565 2369 616 2423 in
639 2370 826 2423 t-irtute
857 2367 913 2442 (1
940 2367 1062 2424 Cor.
1087 2385 1180 2436 xv,
1208 2367 1326 2440 45).
1359 2369 1590 2424 Oremus
1609 2367 1774 2440 igitur
1795 2368 1966 2424 Deum

365 2475 422 2518 ut
463 2463 530 2518 ad
581 2473 828 2520 octavam
875 2463 1224 2520 mansionem
1279 2464 1470 2520 venire
1519 2463 1830 2528 valeamus.
1885 2465 1968 2520 vel

367 2560 546 2628 potius
577 2557 691 2628 ipsa
719 2557 787 2612 ad
813 2573 912 2614 nos
943 2557 1054 2612 cito
1089 2558 1296 2614 veniat.

435 2649 540 2706 ΙΧει
589 2653 816 2718 mansio,
873 2651 1150 2708 Dreucua.
1199 2683 1259 2694 —-
1316 2651 1468 2706 Nona
1515 2653 1727 2709 mansio
1773 2651 1972 2708 dicitur

370 2741 668 2814 Dephclta:
716 2758 838 2812 qua:
889 2745 941 2798 in
997 2745 1376 2800 mansion-ibus
1422 2743 1626 2800 deserti
1667 2743 1764 2800 Sin
1811 2744 1970 2800 tertia

369 2844 722 2908 computatur
749 2853 762 2890 :
787 2835 1111 2892 recedentes
1140 2835 1288 2892 enim
1319 2827 1414 2892 filii
1433 2835 1598 2891 Israel
1629 2851 1656 2889 a
1690 2835 1974 2893 mansione

368 2948 490 3002 quae
519 2947 550 2986 a
582 2931 856 2988 communi
885 2931 1130 2994 nomine,
1157 2933 1436 2989 desertum
1456 2933 1786 3004 appellatur,
1812 2949 1973 2990 vene-

371 3035 498 3082 runt
522 3025 588 3082 ad
619 3028 780 3082 hanc.
805 3026 988 3094 Quare
1016 3023 1326 3097 subjungit:
1355 3024 1423 3080 Et
1445 3025 1661 3098 profecti
1685 3027 1749 3082 de
1773 3025 1974 3082 deserto

373 3122 492 3188 Sin,
524 3121 876 3176 castrametati
892 3130 1010 3174 sunt
1034 3121 1086 3174 in
1121 3118 1370 3191 Depltcha
1395 3119 1602 3193 (Nunt.
1629 3136 1820 3186 χχχιιι,
1855 3121 1968 3193 12).

372 3215 495 3268 quc
529 3212 741 3266 mansio
772 3213 828 3266 in
875 3211 1060 3266 Exodo
1091 3227 1198 3266 non
1245 3212 1475 3270 habetur
1508 3229 1523 3265 :
1567 3212 1662 3268 sed
1691 3229 1718 3266 a
1749 3212 1972 3270 deserto

369 3309 436 3364 ad
471 3309 752 3379 Raphidim
789 3315 994 3364 tantum
1021 3303 1286 3378 profectio
1313 3307 1590 3363 scribitur.
1616 3307 1732 3366 Sub
1756 3308 1972 3364 silentio

372 3405 534 3473 igitur
561 3404 876 3474 praeteritur
905 3403 1022 3458 haec
1049 3413 1102 3459 et
1133 3417 1372 3472 sequens
1417 3403 1658 3468 mansio;
1691 3401 1818 3472 quia
1861 3417 1972 3460 non

368 3499 457 3554 ille
483 3506 600 3554 erat
630 3499 780 3552 locus
809 3499 860 3552 in
885 3513 994 3568 quo
1019 3513 1116 3567 per
1145 3497 1374 3554 verbum
1405 3497 1494 3552 Dei
1527 3495 1892 3564 profectiones
1915 3497 1974 3570 ε

375 3591 610 3646 t'eriatim
631 3591 844 3662 Moyses
873 3601 1206 3646 recenseret.
1231 3591 1474 3674 Denique
1498 3589 1750 3660 Depbcha
1767 3589 1974 3646 sanitas

371 3673 769 3750 interpretatur
797 3682 976 3756 (Orig.
1005 3682 1148 3748 hom,
1177 3683 1247 3738 27
1277 3684 1332 3738 in
1353 3681 1514 3738 Nam.
1547 3700 1610 3738 ea:
1636 3698 1770 3738 vers.
1791 3681 1970 3756 Ruﬁ).

369 3777 618 3833 Perfecta
649 3788 831 3833 autem
880 3776 1077 3832 animm
1103 3777 1310 3833 sanitas
1362 3786 1450 3833 est
1485 3792 1588 3848 qua
1631 3791 1739 3832 non
1791 3787 1972 3848 potest

373 3887 624 3943 peccare,
659 3872 800 3926 sicut
831 3873 1070 3941 perfecta
1096 3872 1346 3942 corporis
1375 3873 1582 3928 sanitas
1615 3883 1699 3928 est
1721 3889 1823 3944 qua
1864 3889 1971 3928 non

371 3965 598 4034 contigit
643 3973 952 4034 aegrotare;
996 3963 1141 4034 quod
1183 3977 1294 4018 non
1323 3963 1426 4018 nisi
1471 3965 1524 4018 in
1565 3965 1973 4021 resurrectione

372 4059 652 4116 succedit:
685 4067 812 4114 tunc
835 4056 1006 4126 enim,
1035 4057 1176 4112 sicut
1204 4055 1336 4112 dicit
1363 4057 1548 4111 Esaias
1573 4057 1838 4128 propheta
1865 4075 1878 4110 :
1907 4055 1973 4112 In

371 4156 542 4224 capite
565 4168 746 4209 eorum
772 4153 888 4207 laus
925 4161 976 4206 et
1029 4150 1214 4206 laetitia
1257 4151 1608 4222 apprehendat
1639 4167 1728 4206 eos
1762 4166 1782 4205 :
1813 4152 1976 4222 fugiet

369 4250 546 4313 dolor,
574 4263 761 4303 mserer
801 4257 854 4302 et
891 4247 1109 4321 gemitus
1133 4245 1309 4318 (Esai.
1341 4263 1416 4312 ιι,
1451 4245 1562 4318 11).
1619 4245 1782 4303 Vides
1811 4248 1976 4319 igitur

373 4341 620 4398 ordinem
655 4340 1020 4412 profectuum.
1043 4339 1170 4396 Filii
1190 4339 1352 4396 Israel
1381 4340 1449 4396 de
1473 4351 1668 4396 octava
1693 4341 1976 4398 mansione

369 4445 736 4506 assequuntur
768 4433 1024 4504 Dephcha
1069 4451 1082 4488 :
1130 4443 1186 4490 et
1214 4447 1312 4488 nos
1349 4449 1378 4487 a
1409 4435 1816 4490 resurrectione
1843 4450 1972 4506 per-

371 4528 570 4585 fectam
591 4527 788 4583 animm
815 4535 871 4583 et
891 4526 1145 4598 corporis
1181 4526 1540 4597 adipiscimur
1565 4529 1854 4584 sanitatem
1871 4567 1886 4596 ,
1915 4537 1977 4584 ut

2071 1905 2192 1951 tur:
2237 1893 2340 1950 Hic
2370 1905 2442 1952 est
2467 1897 2620 1968 panis
2645 1914 2798 1970 quem
2819 1899 2960 1954 dedit
2991 1899 3132 1954 vobis
3159 1898 3420 1956 Dominus
3441 1903 3510 1956 ad
3531 1919 3678 1958 man-

2072 1989 2371 2046 ducandum
2400 1989 2692 2064 (Ibid.,15)
2711 2011 2724 2048 :
2740 1992 2841 2049 hoc
2863 2003 2947 2050 est
2974 1995 3200 2050 verbum
3219 1996 3362 2066 quod
3392 1998 3684 2056 constituit

2071 2081 2360 2140 Dominus.
2421 2085 2526 2140 Per
2565 2101 2686 2156 qua:
2741 2103 3027 2144 mouemur
3067 2090 3214 2160 quod
3255 2093 3343 2161 qui
3378 2091 3429 2146 in
3469 2091 3682 2148 decima

2071 2175 2304 2246 quiescit
2333 2178 2640 2246 mansione,
2669 2178 2722 2235 id
2753 2191 2834 2236 est
2865 2181 2922 2236 in
2951 2181 3335 2240 observatione
3379 2185 3548 2257 legis,
3583 2202 3680 2256 per

2070 2267 2355 2328 denarium
2397 2275 2544 2330 enim
2585 2289 2870 2342 numerum
2905 2275 2990 2332 lex
3038 2277 3398 2349 significatur,
3455 2295 3577 2351 qua:
3621 2281 3680 2336 in

2072 2360 2262 2418 decem
2311 2363 2495 2420 verbis
2519 2367 2795 2434 consistit,
2829 2375 2890 2422 ut
2915 2369 3178 2440 scriptum
3209 2384 3334 2426 est:
3377 2371 3444 2426 Et
3471 2373 3680 2442 scripsit

2075 2453 2283 2528 Moyses
2299 2458 2570 2514 verbalnec
2582 2460 2756 2514 decem
2773 2461 2826 2516 in
2839 2462 3026 2516 tabulis
3038 2463 3247 2535 {sederis
3263 2461 3464 2535 (Exod.
3487 2481 3610 2526 xm
3621 2481 3678 2532 v,

2072 2551 2214 2622 28);
2261 2553 2356 2609 Dei
2397 2553 2626 2626 gloriam
2678 2556 2972 2626 conspicit.
3005 2557 3186 2626 Quare
3222 2559 3522 2615 sciscitanti
3547 2559 3684 2616 Pro-

2075 2645 2278 2715 pltetse,
2309 2647 2431 2716 quis
2458 2647 2803 2704 habitaturus
2835 2648 2886 2703 in
2925 2649 3018 2705 Dei
3071 2649 3446 2717 tabernaculo,
3474 2661 3528 2706 et
3559 2653 3684 2721 quis

2075 2737 2128 2792 in
2160 2747 2346 2794 monte
2377 2749 2566 2795 sancto
2597 2741 2716 2810 ejus
2746 2742 3096 2812 requieturus
3118 2753 3284 2805 esset.
3313 2744 3680 2814 respondetur

2072 2831 2216 2902 quod
2273 2833 2498 2890 sedulus
2545 2835 2868 2890 observator
2897 2835 3064 2908 legis,
3119 2837 3246 2892 dum
3275 2837 3520 2894 dicitur:
3576 2839 3686 2906 Qui.

2073 2925 2367 2998 ingreditur
2392 2927 2508 2980 sine
2532 2928 2760 2994 macula,
2793 2937 2838 2983 et
2865 2939 3112 3001 Operatur
3129 2933 3392 3002 justitiam
3425 2946 3442 2984 :
3474 2931 3560 2996 qui
3591 2933 3668 2984 lu-

2069 3021 2244 3092 quitur
2271 3021 2536 3075 ueritatem
2554 3021 2606 3074 in
2628 3021 2785 3074 corde
2799 3039 2914 3087 suo,
2937 3033 3042 3078 etc.
3071 3022 3242 3096 (Ps-ul.
3267 3039 3378 3090 xiv,
3395 3026 3426 3074 2
3447 3037 3490 3076 et
3519 3027 3672 3094 seq).

2076 3111 2146 3166 Et
2177 3112 2316 3168 idem
2344 3127 2510 3168 carne
2557 3122 2610 3168 et
2641 3129 2836 3168 ntauna
2868 3113 3078 3170 cmlesti
3115 3117 3378 3184 pascitur,
3413 3114 3518 3170 hoc
3575 3124 3680 3181 est,

2000 3193 2046 3256 C
2078 3207 2318 3278 pretioso
2353 3208 2562 3262 Domini
2605 3209 2776 3264 nostri
2809 3209 2940 3266 Jesu
2969 3207 3176 3266 Christi
3227 3225 3484 3281 corpore.
3515 3211 3680 3281 Cujus

2073 3317 2268 3372 corpus
2283 3313 2366 3357 est
2399 3317 2522 3358 vera
2553 3318 2704 3369 caro,
2733 3303 3180 3362 dicenteloanne
3209 3305 3460 3374 apostolo
3499 3323 3512 3358 :
3545 3305 3682 3362 Caro

2074 3413 2188 3450 mea
2217 3412 2332 3450 vere
2361 3409 2432 3452 est
2465 3397 2632 3462 cibus,
2666 3407 2721 3452 et
2751 3415 2932 3452 vntum
2961 3410 3046 3454 est
3069 3415 3292 3466 manna,
3316 3415 3422 3454 non
3449 3402 3498 3454 itt
3529 3411 3682 3472 typo,

2075 3490 2170 3546 sed
2200 3491 2252 3545 in
2285 3493 2518 3545 veritate
2545 3508 2558 3543 :
2595 3491 2704 3564 ligo
2749 3509 2888 3558 sum,
2921 3493 3116 3564 inquit,
3159 3497 3311 3566 panis
3341 3497 3480 3550 vivus
3501 3499 3592 3566 qui
3618 3498 3686 3554 de

2075 3587 2202 3640 creto
2225 3585 2471 3642 descendi
2503 3587 2522 3658 (
2544 3586 2742 3642 Joann.
2773 3604 2846 3652 vt,
2877 3589 2945 3644 35
2963 3587 3004 3660 ).
3037 3587 3132 3642 ESt
3161 3604 3284 3644 vera
3313 3603 3440 3643 caro
3463 3598 3681 3659 propter

2075 3693 2256 3736 veram
2301 3679 2692 3734 humanitatem
2727 3699 2739 3734 :
2801 3692 2884 3736 est
2915 3680 3070 3750 panis
3102 3681 3254 3736 vivus
3285 3691 3511 3752 prOpter
3539 3681 3682 3735 divi-

2076 3772 2322 3826 nitatem.
2373 3772 2508 3828 Cum
2551 3773 2714 3844 igitur
2756 3770 2960 3828 Christi
3013 3787 3212 3842 corpus
3247 3773 3680 3840 tnanducamus,

2075 3867 2414 3922 divinitatem
2459 3879 2514 3921 et
2547 3869 2944 3923 humanitatem
2981 3867 3396 3938 participantus,
3430 3877 3490 3922 ut
3529 3868 3679 3938 Apo-

2075 3961 2246 4014 stolus
2269 3958 2336 4014 ad
2355 3959 2666 4016 Corinthios
2690 3961 2883 4016 scribit
2901 3960 2946 4034 (ι
2963 3960 3083 4016 Cor.
3104 3976 3182 4027 XI,
3211 3957 3284 4016 ει
3313 3971 3360 4016 et
3377 3959 3538 4034 δρψ).
3563 3961 3674 4018 Me-

2077 4051 2184 4105 rito
2211 4059 2392 4106 autem
2413 4051 2678 4108 beneticia
2701 4053 2816 4109 tunc
2847 4055 3062 4125 potiora
3081 4054 3131 4108 in
3153 4055 3254 4108 hoc
3275 4053 3395 4110 loco
3417 4062 3682 4124 prmstan-

2078 4152 2196 4198 tur:
2225 4142 2358 4198 Nam
2379 4143 2550 4200 Halus
2577 4145 2966 4214 interpretatur
2993 4145 3176 4214 labor;
3212 4145 3476 4201 laboranti
3503 4156 3680 4200 autem

2077 4253 2373 4309 coiigruum
2397 4249 2480 4294 est
2503 4249 2561 4294 ut
2589 4240 2801 4295 Domini
2833 4249 3090 4312 appareat
3114 4241 3306 4312 gloria,
3335 4255 3442 4310 quo
3473 4239 3682 4309 prmtnii

2077 4335 2286 4390 visione
2339 4336 2576 4392 alacrius
2635 4337 2854 4394 labores
2890 4339 3179 4394 sustineat.
3235 4339 3550 4408 Congruum
3595 4347 3682 4392 est

2077 4429 2238 4484 etiam
2271 4435 2331 4483 ut
2359 4429 2800 4486 subministretur
2826 4431 3000 4496 cibus,
3053 4448 3162 4504 quo
3193 4431 3432 4488 refectus
3463 4431 3684 4488 inchoa-

2081 4533 2193 4579 tum
2219 4524 2409 4580 fortius
2432 4526 2803 4596 ’prosequatur
2843 4525 2965 4582 iter.

369 4621 612 4678 Joannes
639 4618 944 4694 Apostolus
975 4597 1028 4676 in
1071 4621 1394 4695 Apocalypsi
1435 4629 1688 4689 testatur,
1741 4621 1934 4680 dicens
1959 4640 1972 4678 :
2003 4597 2054 4658 Ῑ)
2152 4619 2254 4674 Klﬂ
2293 4620 2518 4687 mansio,
2545 4619 2837 4676 Burmann.
2865 4652 2934 4660 —
2961 4619 3258 4678 Undecima
3285 4621 3497 4677 lDattSiO
3525 4637 3683 4692 pera.-

371 4713 446 4770 Et
469 4714 722 4787 absterget
751 4713 900 4772 Deus
925 4731 1124 4770 omnem
1153 4715 1438 4786 lacrymam
1457 4717 1520 4771 ab
1541 4717 1706 4772 oculis
1727 4733 1905 4772 eorum
1927 4728 1978 4773 et

375 4825 516 4864 mors
540 4809 678 4864 ultra
699 4825 806 4864 non
825 4809 946 4877 erit,
975 4825 1134 4880 neque
1153 4809 1344 4874 luctus,
1369 4825 1529 4880 neque
1549 4811 1768 4874 claotsor,
1793 4827 1972 4882 neque,

375 4901 632 4959 (tolerarit
645 4903 786 4958 ultra
815 4902 1000 4975 (Apoc.
1020 4918 1134 4968 xxi,
1155 4901 1236 4974 4).
1251 4901 1360 4959 Sed
1379 4905 1506 4975 quia
1525 4905 1724 4960 anima:
1751 4905 1978 4977 languor

379 5006 660 5066 peccaturo
691 5005 778 5052 est
818 4995 962 5052 unde
1005 4995 1144 5051 dixit
1182 4995 1452 5066 Propheta
1489 5016 1500 5052 :
1559 4997 1704 5054 Sana
1749 5001 1977 5056 animum

377 5109 568 5160 meum,
587 5107 712 5160 quia
740 5092 944 5163 peccaui
965 5092 1056 5146 tibi
1083 5091 1256 5164 (Psal.
1282 5109 1374 5160 ιι,
1393 5092 1452 5164 5)
1475 5111 1492 5148 :
1521 5093 1750 5165 languor
1779 5097 1976 5154 animae

371 5197 578 5244 nostra!
603 5185 858 5259 superbia
883 5195 994 5252 est,
1024 5185 1102 5240 ira
1119 5194 1224 5252 est,
1243 5186 1470 5241 avaritia
1503 5195 1626 5243 est:
1662 5187 1784 5245 ideo
1813 5207 1979 5250 unus-

377 5281 606 5352 quisque
637 5290 886 5336 nostrum
932 5280 1118 5336 cordis
1147 5290 1202 5335 et
1235 5282 1486 5352 corporis
1526 5297 1704 5353 genua
1751 5284 1977 5345 ﬂectens

377 5386 498 5431 oret
531 5375 816 5432 Dominum
839 5384 1092 5431 nostrum
1121 5373 1316 5431 Jesum
1341 5374 1616 5430 Christum
1643 5417 1658 5442 ,
1685 5379 1780 5447 qui
1821 5389 1982 5436 sanat

384 5481 572 5524 omnes
602 5467 944 5524 infirmitates
967 5475 1184 5524 nostras
1213 5483 1226 5522 :
1255 5473 1316 5524 et
1348 5481 1474 5523 cum
1504 5468 1764 5538 propheta
1791 5469 1974 5528 dicat:

383 5561 532 5617 Simia
553 5577 652 5627 me,
683 5559 926 5630 Domine,
957 5571 1006 5617 et
1029 5562 1292 5628 sanabor;
1343 5562 1488 5617 salost
1519 5579 1618 5628 me,
1649 5572 1698 5618 et
1746 5566 1981 5622 saluabor

343 5693 352 5702 .
381 5655 616 5730 (let-em,
643 5669 772 5718 xvn.
823 5655 892 5710 14
913 5657 956 5725 ).
1001 5656 1154 5712 Dicat
1182 5666 1238 5713 et
1275 5671 1398 5714 cum
1429 5655 1594 5710 David
1626 5673 1640 5709 :
1681 5655 1828 5713 Sana
1875 5675 1976 5728 nte,

385 5749 606 5804 Domine
629 5789 646 5818 ,
699 5749 944 5820 quoniam
986 5751 1292 5808 conturbata
1329 5758 1453 5810 sunt
1505 5749 1680 5806 omnia
1711 5765 1829 5806 ossa
1869 5767 1984 5808 mea

387 5842 561 5914 (Psal.
583 5858 656 5910 νε,
683 5842 761 5914 5).

2077 4717 2222 4788 gitur
2249 4720 2300 4770 in
2327 4714 2620 4786 Raphidim
2645 4735 2660 4770 :
2684 4716 2764 4772 lbi
2791 4717 2940 4773 enim
2987 4717 3218 4788 populus
3255 4717 3393 4772 duro
3433 4717 3684 4788 fatigatus

2081 4810 2300 4876 itinere,
2329 4809 2670 4882 refrigerium
2703 4814 2956 4883 sumpsit.
2983 4813 3111 4870 ideo
3133 4813 3379 4885 sequitur
3413 4833 3428 4870 :
3465 4813 3528 4868 Et
3561 4832 3682 4885 pro-

2081 4905 2204 4975 [ceti
2229 4921 2294 4958 ea:
2327 4902 2516 4972 Holus,
2539 4906 2895 4960 castramctati
2923 4915 3044 4960 sunt
3070 4906 3124 4960 in
3149 4904 3436 4976 Raplttdim
3467 4923 3486 4962 :
3509 4917 3557 4962 ct
3580 4923 3684 4962 non

2083 5009 2190 5052 erat
2218 4998 2326 5052 illic
2344 5015 2478 5068 aqua
2497 4999 2566 5052 ad
2583 4998 2856 5054 bibendum
2891 4997 2970 5072 (Ν
2975 5015 3082 5054 um.
3111 5016 3304 5066 xxxtn,
3335 5000 3446 5072 1-1).
3479 5001 3684 5058 Eadem

2087 5089 2298 5146 mansio
2343 5090 2602 5146 scribitur
2649 5094 2810 5147 etiam
2843 5092 2898 5146 in
2943 5092 3134 5148 Exodo
3177 5111 3190 5146 :
3239 5093 3304 5147 Et
3335 5095 3686 5148 castrametati

2085 5191 2228 5248 sunt,
2255 5183 2454 5252 inquit,
2473 5183 2528 5236 in
2549 5183 2856 5256 Raphidim,
2875 5201 2977 5240 non
3003 5197 3111 5239 erat
3137 5197 3306 5240 autem
3327 5202 3462 5255 aqua
3491 5189 3684 5256 populo

2086 5276 2154 5330 ad
2177 5275 2452 5330 bibendum
2481 5274 2680 5347 (Exod.
2717 5293 2850 5343 xvu,
2878 5277 2961 5350 1).
2996 5277 3125 5332 Huc
3155 5279 3362 5333 mansio
3395 5278 3558 5334 trium
3585 5278 3684 5334 ad-

2085 5369 2416 5424 mirabilium
2443 5385 2670 5440 operum
2701 5374 3066 5445 praerogativa
3105 5375 3340 5430 maxime
3367 5373 3682 5432 decoratur.

2089 5464 2292 5531 Primo,
2325 5465 2558 5521 mirabili
2585 5465 2876 5524 eductione
2899 5483 3050 5540 aqua:
3077 5483 3112 5525 e
3141 5477 3294 5539 petra
3321 5486 3336 5523 :
3363 5485 3486 5524 nam
3513 5485 3685 5540 popu-

2085 5563 2170 5616 ltts
2218 5561 2480 5616 montium
2531 5565 2828 5632 asperitate
2875 5575 2928 5618 ct
2957 5565 3296 5635 longitudine
3336 5567 3434 5620 vite
3483 5565 3682 5630 fossus,

2085 5669 2282 5726 magno
2301 5654 2422 5710 sitis
2455 5655 2652 5712 ardore
2678 5657 2957 5728 ﬂagrabat.
2993 5659 3227 5715 Veniens
3264 5671 3448 5716 autem
3475 5659 3678 5729 Raphi-

2085 5754 2222 5821 dim,
2251 5753 2475 5821 visoque
2509 5750 2626 5805 loco
2655 5749 2834 5816 arido,
2859 5751 3120 5822 aquisque
3141 5762 3383 5821 carente,
3417 5753 3683 5808 adversus

2089 5847 2310 5916 Moysen
2337 5845 2504 5902 iratus
2521 5841 2836 5910 tumultuari
2857 5843 3026 5916 erepit
3047 5843 3238 5916 (Ibid.,
3256 5845 3336 5928 7).
3355 5845 3508 5914 Unde
3531 5845 3683 5906 locus
