4082 6306
327 227 392 285 2!
471 219 476 224 ’
1277 227 1368 285 DE
1404 224 1548 286 XLli
1587 227 2047 290 MANSIONIBUS
2085 228 2417 290 FiLIORUM
2458 231 2728 296 lSRAEL.
3572 245 3646 300 22

317 344 489 416 iurgii
520 345 575 400 iu
625 343 906 418 Scriptura
956 355 1290 418 nuncupatus
1315 356 1418 402 est.
1467 351 1535 403 At
1581 349 1672 406 ille
1701 360 1923 421 accepta
1953 349 2009 411 A
2037 347 2256 405 Paschze
2285 351 2551 408 interesse
2589 369 2696 410 non
2729 356 3066 425 potuissent,
3092 367 3150 415 ut
3179 373 3366 418 mense
3396 361 3640 418 secundo

326 437 510 507 virga,
546 448 762 508 petram
795 439 1004 495 Domini
1037 440 1288 496 mandato
1317 441 1589 509 percussit
1621 460 1632 494 :
1678 442 1765 497 illa
1798 459 1924 500 vero

324 545 586 602 percussa
609 541 722 588 tam
751 533 948 604 largam
969 548 1224 603 aquarum
1255 533 1443 588 effudit
1471 535 1710 606 copiam,
1741 547 1798 592 ut
1833 553 1925 605 pn-

322 627 485 698 pulus
516 628 846 696 acjumenta
877 643 1090 683 onmem
1131 629 1277 684 sitim
1300 629 1646 700 exstinguere
1675 640 1918 700 possent.

322 718 478 786 Quod
522 719 800 774 admirans
851 721 1012 774 David
1045 721 1336 792 propheta,
1398 723 1450 776 in
1513 721 1630 778 ωηο
1677 724 1925 794 prorupit

324 811 532 866 verba:
571 811 831 880 Quoniam
874 814 1120 882 percussit
1157 823 1377 882 petram,
1417 823 1466 868 et
1486 816 1754 885 ﬂuxerunt
1777 832 1925 888 aqua

323 915 371 961 et
391 915 648 962 torrentes
682 907 1058 962 inundaverant
1084 907 1466 978 (Psal.uxvu,
1494 907 1610 979 20).
1645 909 1920 977 Secundo,

323 1000 678 1056 memoranda
720 1010 911 1056 contra
943 1000 1305 1056 Amalechitas
1339 1003 1560 1056 victoria
1593 1022 1604 1056 :
1659 1001 1790 1056 Nam
1823 1019 1922 1073 po-

323 1093 451 1162 pulo
505 1107 662 1148 suam
715 1093 806 1148 hic
858 1092 1147 1148 stationem
1193 1104 1410 1164 agente,
1457 1094 1920 1151 Amalechitarum

320 1196 510 1256 gentes
534 1185 584 1242 ei
613 1184 902 1251 obsistere,
920 1201 1040 1240 eum
1067 1202 1288 1254 vexare,
1313 1202 1546 1258 eumque
1572 1188 1750 1244 valido
1777 1203 1924 1244 com-

321 1287 519 1349 parato
569 1279 811 1334 exercitu
854 1295 1170 1349 oppugmre
1219 1292 1528 1350 coeperunt.
1583 1281 1652 1336 At
1684 1280 1920 1352 Moyses,

320 1370 684 1426 consideratis
738 1372 920 1440 pepuli
963 1371 1167 1426 viribus
1215 1372 1366 1442 longi
1396 1373 1609 1428 itineris
1654 1372 1924 1443 defatiga-

321 1464 470 1521 tione
495 1465 552 1537 9
571 1465 680 1534 jam
704 1463 911 1533 fractis,
938 1473 994 1521 et
1016 1465 1082 1521 ad
1107 1466 1474 1536 repellendam
1499 1466 1733 1522 hostium
1757 1466 1923 1522 auda-

320 1561 458 1615 ciam
490 1576 596 1614 non
629 1562 763 1614 satis
790 1561 952 1630 aptis,
982 1559 1048 1615 ad
1095 1559 1339 1616 divinum
1368 1560 1660 1632 confugere
1681 1559 1924 1617 decrevit

322 1653 600 1707 auxilium.
641 1651 797 1707 Unde
820 1663 874 1706 et
926 1653 1217 1708 resistendi
1246 1653 1410 1717 hosti,
1457 1664 1513 1708 et
1538 1653 1664 1708 belli
1695 1652 1920 1724 gerendi

2029 445 2381 499 convenirent
2410 463 2424 502 :
2453 456 2510 501 et
2538 447 2631 517 qui
2656 447 2870 517 longius
2897 450 3230 518 habitabant,
3258 456 3342 510 vel
3371 456 3638 513 immundi

2031 534 2263 599 fuerant,
2299 536 2349 590 in
2383 539 2624 594 secundo
2662 555 2852 596 mense
2882 542 3088 599 Pascha
3113 545 3252 615 iussi
3277 556 3404 601 sunt
3433 546 3637 604 facere.

2028 627 2182 696 Quod
2215 629 2473 685 nimirum
2507 631 2560 685 in
2590 641 2775 702 typum
2810 634 3132 706 intelligitur
3161 639 3348 708 populi
3370 642 3638 710 gentium,

2027 737 2148 792 quae
2181 739 2301 778 cum
2335 725 2621 782 (krmoniis
2653 726 2930 784 fornicator.
2962 730 3196 798 fuerint,
3236 734 3530 790 immunda:
3559 737 3638 792 vi-

2027 813 2294 871 debantur
2334 818 2386 872 in
2427 819 2604 874 anima
2646 821 2851 876 salubri
2893 837 3020 878 vero
3060 824 3181 882 fidei
3208 828 3553 886 confessione
3579 831 3636 886 in

2027 909 2265 964 secunda
2290 911 2592 979 nativitate,
2620 915 2774 983 quasi
2801 916 2854 971 in
2877 917 3116 976 secundo
3145 935 3332 978 mense
3362 924 3638 993 puriﬁeari

2029 1004 2430 1075 prmcipiuntnr.
2474 1005 2705 1062 Jubetur
2739 1025 2952 1080 quoque
2995 1011 3048 1066 in
3084 1013 3182 1067 hac
3217 1017 3499 1073 mansione
3531 1018 3639 1073 Na-

2027 1098 2248 1163 zaraais,
2284 1109 2341 1154 ut
2371 1101 2551 1154 vinum
2581 1112 2633 1155 et
2655 1102 2883 1158 siceram
2912 1120 3019 1160 non
3051 1105 3256 1173 bibant,
3295 1125 3393 1164 nec
3423 1121 3635 1166 acetum

2027 1193 2242 1262 quidem
2267 1209 2297 1248 e
2318 1194 2445 1248 vino
2467 1195 2551 1250 vel
2581 1197 2754 1252 sicera
2788 1215 2800 1250 :
2833 1214 2934 1254 nec
2967 1215 3123 1254 uvam
3151 1211 3427 1258 recentem
3453 1219 3638 1260 come-

2026 1287 2153 1343 dant
2181 1330 2196 1354 ,
2225 1303 2324 1344 nec
2349 1305 2481 1344 uvas
2509 1292 2727 1362 quidem
2758 1308 2948 1363 passas
2989 1294 3176 1364 (Nam.
3208 1311 3294 1362 vr,
3327 1297 3362 1350 2
3388 1307 3436 1351 et
3463 1301 3598 1370 seq.)
3622 1318 3635 1365 ;

2027 1380 2170 1451 quod
2198 1391 2252 1436 et
2285 1382 2336 1435 in
2369 1381 2683 1438 Proverbiis
2715 1386 3066 1456 praecipitur:
3101 1385 3380 1459 Principes
3414 1392 3504 1461 qui
3532 1391 3640 1445 ira-

2027 1475 2183 1527 cundi
2206 1485 2326 1527 sunt
2348 1516 2361 1538 ,
2395 1476 2568 1528 vinum
2596 1493 2700 1531 non
2732 1477 2945 1544 bibant;
2988 1497 3050 1534 ne
3076 1496 3192 1534 cum
3218 1481 3466 1550 biberint,
3503 1483 3638 1537 obli-

2026 1570 2286 1622 viscantur
2331 1569 2598 1637 sapientia!
2655 1569 2841 1639 (Prov.
2888 1589 3056 1640 xm,
3091 1572 3148 1641 4,
3181 1575 3258 1645 5).
3317 1575 3458 1644 Quid
3505 1593 3640 1647 ergo

2026 1660 2405 1718 Nazarzeorum
2449 1665 2705 1731 nomine,
2759 1665 2863 1721 nisi
2915 1666 3306 1724 abstinentium
3351 1669 3638 1725 continen—

324 1755 438 1802 toto
461 1747 679 1816 negotio
710 1760 880 1817 penes
903 1745 1074 1801 Josue
1097 1746 1310 1810 relicto.
1339 1748 1452 1817 ipse
1477 1747 1644 1802 Deum
1667 1758 1918 1803 oraturus

2030 1757 2270 1826 tiumque
2321 1757 2428 1812 vita
2473 1757 2840 1828 signiﬁcatur;
2893 1763 3089 1831 quibus
3136 1763 3188 1816 in
3249 1763 3376 1818 vino
3424 1765 3638 1820 luxuria

319 1839 372 1894 in
403 1841 600 1895 collem
655 1840 906 1894 secessit.
938 1839 1045 1895 Sed
1076 1855 1110 1893 ο
1158 1839 1294 1894 mira
1339 1839 1604 1894 orationis
1633 1843 1876 1909 potentia
1903 1841 1916 1894 !

319 1932 445 1988 dum
474 1933 690 2004 Moyses
723 1931 928 2002 palmas
960 1930 1215 1986 tendebat
1237 1931 1304 1986 ad
1333 1933 1553 1998 ctelum,
1589 1932 1915 2002 praevalebat

317 2027 528 2084 lsrael:
575 2026 704 2082 dum
735 2040 864 2082 vero
896 2026 1238 2092 remittebat,
1281 2028 1687 2082 succumbebat.
1735 2028 1918 2082 Aaron

318 2131 498 2176 autem
523 2132 577 2176 et
607 2121 718 2176 llur
749 2135 938 2175 manus
966 2120 1086 2189 ejus
1110 2136 1279 2190 usque
1299 2120 1366 2174 ad
1395 2120 1527 2176 solis
1548 2134 1802 2176 occasum
1828 2136 1922 2176 su-

319 2215 708 2281 stentantibus,
731 2215 958 2286 adeptus
1008 2223 1091 2270 cst
1129 2213 1295 2270 Josue
1327 2213 1633 2283 victoriam,
1682 2225 1738 2270 ut
1766 2215 1915 2270 Scri-

321 2319 482 2380 ptura
505 2309 634 2364 dicit
658 2327 670 2362 :
704 2307 928 2380 Fugam't
953 2308 1200 2363 Amalech
1225 2317 1269 2364 et
1299 2324 1501 2364 omnem
1530 2310 1782 2380 populant
1805 2313 1920 2383 ejus

322 2405 377 2458 in
407 2405 662 2460 occisione
685 2404 849 2474 gladii
882 2403 1080 2475 (Exod.
1111 2418 1241 2470 xvn,
1274 2403 1389 2470 15).
1425 2402 1631 2469 Tertio,
1665 2403 1920 2473 prudenti

319 2500 553 2556 consilio
596 2499 649 2555 in
681 2497 1032 2555 moderandis
1058 2498 1223 2554 rebus
1255 2497 1487 2568 publicis
1517 2497 1750 2558 Jethro:
1792 2514 1916 2554 nam

319 2607 549 2649 cernens
579 2592 771 2648 .Ictliro
797 2591 1016 2663 Moysen
1039 2590 1158 2661 ejus
1205 2606 1466 2660 generum
1520 2592 1572 2644 in
1631 2589 1918 2646 audiendis

320 2687 459 2758 vulgi
474 2685 657 2743 causis
671 2687 874 2742 diutius
894 2702 1055 2757 quam
1081 2687 1622 2756 paressetoccupari,
1646 2695 1700 2740 et
1721 2700 1750 2739 ι
1771 2685 1917 2741 dilu-

319 2781 441 2836 culo
465 2779 716 2851 usquead
740 2795 1026 2850 vesperum
1050 2781 1102 2834 in
1124 2780 1207 2834 bis
1231 2789 1443 2848 tempus
1465 2778 1914 2833 omneconsumi:

317 2875 592 2931 consuluit
617 2885 674 2930 ut
698 2875 933 2945 judices,
971 2873 1240 2942 tribunos,
1271 2885 1324 2928 et
1351 2874 1487 2928 alios
1507 2873 1636 2929 belli
1661 2875 1918 2944 pacisque

319 2972 602 3041 praelectos
625 2972 953 3036 institueret,
969 2970 1061 3041 qui
1091 2970 1349 3040 populum
1367 2969 1698 3040 judicarent.
1724 2983 1916 3024 causas

318 3065 590 3129 audirent,
618 3065 742 3120 lites
808 3063 1134 3119 dirimerent
1184 3072 1239 3118 et
1266 3064 1504 3119 breviter
1547 3063 1682 3118 levia
1722 3071 1916 3118 cuncta

2027 1848 2367 1920 prohibetur,
2401 1850 2452 1905 in
2484 1852 2659 1907 sicera
2683 1855 2860 1909 omnis
2883 1856 3136 1926 voluptas
3163 1859 3421 1913 terrena?
3449 1858 3637 1915 Sicera

2025 1944 2172 1999 enim
2191 1959 2256 1999 ex
2282 1944 2499 2000 diverso
2528 1946 2817 2002 conﬁcitur
2844 1963 3046 2018 genere
3068 1992 3082 2016 ,
3114 1953 3256 2006 sicut
3291 1952 3539 2023 voluptas
3568 1967 3638 2009 ex

2022 2037 2236 2093 diversa
2284 2039 2541 2094 vitiorum
2587 2039 2762 2096 oritur
2809 2041 3065 2098 colluvie.
3119 2043 3273 2100 Unde
3324 2045 3401 2100 illi
3442 2046 3633 2102 vinum

2024 2130 2210 2186 bibere
2233 2131 2512 2199 dicuntur,
2541 2134 2630 2203 qui
2659 2132 2726 2188 ad
2750 2133 3102 2205 decipiendos
3129 2135 3382 2195 homines
3412 2139 3638 2194 umbras

2024 2222 2283 2292 quasdam
2313 2234 2366 2280 et
2408 2225 2676 2296 imagines
2704 2241 2764 2282 se
2805 2228 3062 2283 simulant
3103 2228 3308 2286 habere
3347 2231 3631 2288 virtutum.

2025 2315 2135 2372 Uva
2163 2331 2317 2385 passa
2342 2316 2420 2370 illi
2444 2327 2755 2384 vescuntur,
2783 2319 2877 2391 qui
2901 2329 3127 2391 propter
3150 2321 3420 2378 humanos
3442 2325 3636 2380 oculos

2023 2407 2367 2463 abstinentia:
2406 2410 2615 2480 pallore
2665 2411 2975 2468 inticiuntur
2999 2455 3012 2476 ,
3051 2424 3108 2468 ut
3151 2413 3380 2486 gloriam
3415 2418 3637 2485 capiant

2022 2501 2091 2555 ab
2114 2501 2437 2558 hominibus.
2475 2505 2706 2560 Acetum
2728 2513 2907 2560 autem
2933 2505 2987 2560 bi
3010 2506 3222 2574 bibunt,
3249 2507 3342 2578 qui
3367 2518 3488 2578 post
3509 2509 3634 2563 vita:

2022 2597 2367 2652 sanctitatem
2409 2596 2463 2651 in
2503 2598 2792 2666 praeteritis
2837 2598 3158 2655 relabuntur
3204 2599 3384 2666 vitiis,
3417 2610 3476 2659 et
3513 2616 3636 2658 cor-

2023 2689 2275 2758 ruptione
2308 2690 2507 2745 veteris
2537 2691 2790 2760 nequitia:
2821 2690 3181 2749 delectantur.
3226 2692 3497 2766 Prmcepit
3537 2696 3637 2750 ita-

2021 2796 2126 2850 que
2179 2781 2361 2845 Dens,
2413 2791 2470 2836 ut
2523 2782 2615 2853 qui
2676 2784 2982 2839 sanctitatis
3045 2785 3324 2841 induerint
3377 2787 3635 2850 titulum,

2021 2878 2233 2931 cunctis
2263 2886 2491 2931 careant
2520 2877 2668 2932 vitiis
2687 2919 2701 2944 ,
2729 2877 3045 2948 nullamque
3072 2877 3384 2950 bujusmodi
3417 2891 3634 2951 pertur-

2021 2968 2296 3024 bationem
2335 2984 2456 3038 quae
2495 2977 2695 3026 statum
2736 2972 2938 3027 mentis
2965 2981 3216 3040 evertat,
3254 2983 3534 3045 appetant.
3575 2975 3633 3030 In

2024 3061 2124 3116 hac
2173 3062 2455 3118 mansione
2484 3072 2808 3133 separantur
2847 3063 2916 3120 de
2950 3064 3146 3122 eaStris
3185 3064 3428 3136 leprosi,
3469 3066 3633 3122 semi-

319 3161 681 3224 absolverent,
717 3159 882 3214 rebus
930 3167 1133 3213 tantum
1161 3158 1417 3228 gravibus
1441 3158 1558 3228 ejus
1587 3157 1792 3227 judicio
1824 3173 1912 3214 re-
1937 3143 1988 3211 (Ξ
2019 3157 2190 3224 nillui,
2223 3166 2280 3211 ct
2307 3156 2573 3212 immundi
2609 3177 2622 3212 :
2654 3158 2857 3228 leprosi
2899 3159 3171 3225 doctrina,
3217 3159 3510 3217 seminillui
3540 3176 3635 3218 co-

318 3255 570 3310 servatis.
621 3251 720 3308 Cui
753 3252 964 3325 Moyses
1017 3254 1272 3308 assensit.
1321 3251 1450 3309 Ideo
1493 3253 1756 3322 scriptum
1785 3261 1912 3309 est:

319 3347 528 3402 Audiuit
556 3357 729 3402 autem
759 3346 965 3418 Moyses
1000 3363 1172 3401 vocem
1201 3349 1364 3401 soceri
1403 3350 1482 3401 sui
1507 3387 1522 3410 ,
1551 3358 1599 3402 et
1626 3347 1748 3417 fecit
1773 3363 1920 3419 quec-

317 3457 530 3512 cumqae
559 3441 690 3496 dixit
711 3442 758 3497 ei
787 3439 990 3513 (Exod.
1025 3457 1156 3496 xvtn
1185 3483 1198 3504 ,
1230 3439 1347 3512 9.4).
1379 3442 1442 3495 Et
1474 3443 1598 3511 quia
1625 3440 1915 3511 Raphidim

317 3535 435 3590 laus
481 3535 668 3606 iudicii
701 3535 1110 3604 interpretatur,
1159 3537 1353 3589 merito
1398 3534 1450 3589 in
1481 3534 1600 3604 ejus
1633 3535 1918 3592 mansione

318 3638 469 3700 petra
491 3629 711 3686 exhibet
731 3644 926 3700 aquam
949 3628 1104 3698 :quia
1138 3637 1288 3695 petra
1309 3626 1558 3682 Christus
1581 3625 1915 3681 custodienti

316 3722 574 3792 judicium
608 3739 722 3778 sua:
750 3738 944 3792 aquam
979 3723 1167 3792 gratia:
1199 3721 1422 3776 exhibet
1449 3741 1461 3776 :
1499 3736 1621 3775 nam
1654 3716 1916 3790 scriptum

319 3827 400 3873 est
426 3836 440 3872 :
467 3815 612 3872 Beati
652 3819 740 3889 qui
769 3816 1064 3871 custodiunt
1096 3816 1348 3880 iudicium
1375 3814 1550 3886 (Psal.
1581 3830 1669 3879 ev,
1688 3814 1767 3885 5)!
1800 3817 1919 3869 vin-

317 3915 456 3969 citur
483 3913 771 3977 Amalcch;
803 3912 924 3980 quia
951 3910 1155 3982 judicio
1177 3910 1465 3964 damnatur
1488 3908 1742 3963 diabolus
1775 3925 1787 3961 :
1819 3909 1917 3963 do-

319 4021 470 4063 cetur
497 4016 647 4062 recta
676 4005 858 4077 μορυιὶ
889 4003 1467 4073 administratio;quia
1497 4003 1757 4071 scriptum
1783 4011 1869 4057 est
1900 4020 1911 4055 :

317 4099 489 4155 Judea:
515 4100 720 4171 sapiens
747 4099 892 4154 docet
915 4099 1162 4168 populum
1189 4114 1338 4152 suum
1359 4095 1510 4167 (Eccl
1520 4113 1595 4160 .x,
1621 4094 1716 4166 27)
1765 4111 1778 4150 :
1829 4093 1916 4150 hic

319 4197 507 4268 estqui
537 4195 742 4266 judicat
770 4195 984 4259 omnia,
1022 4204 1077 4248 et
1125 4194 1240 4262 ipse
1288 4208 1317 4247 a
1371 4191 1590 4248 nemine
1641 4191 1916 4261 iudicatur

321 4293 370 4364 (ι
401 4293 523 4348 Cor.
559 4307 617 4358 ιι,
654 4291 764 4362 l5).

390 4385 510 4440 Xll‘l
538 4384 737 4438 mansio
757 4425 770 4448 ,
803 4383 1060 4438 desertum
1089 4381 1258 4438 Statu.
1297 4412 1359 4421 -—
1395 4378 1720 4435 Duodecima
1763 4393 1914 4434 man-

317 4480 398 4533 sio
436 4477 616 4534 babita
642 4486 728 4532 est
767 4478 821 4532 in
861 4477 1080 4534 deserto
1120 4475 1288 4532 Sinai.
1333 4475 1458 4530 ldeo
1491 4475 1767 4545 subjungit
1801 4492 1813 4528 :
1849 4473 1912 4528 Et

318 4574 534 4642 profecti
551 4587 617 4626 ea:
640 4569 941 4644 Raphidim,
963 4571 1309 4626 castrametati
1326 4580 1446 4625 sunt
1469 4571 1520 4624 in
1543 4569 1742 4625 deserto
1764 4569 1915 4626 Sinai
1935 4539 1995 4607 Β

318 4667 332 4731 (
347 4663 504 4720 Num.
535 4679 726 4730 sunt,
752 4662 862 4734 l5).
886 4661 1326 4719 Celebratissima
1349 4673 1432 4718 est
1455 4660 1665 4717 mansio
1685 4661 1801 4715 huic
1826 4662 1915 4717 tibi

320 4758 457 4814 Deus
482 4757 766 4814 descendit
788 4757 842 4813 in
871 4758 1020 4828 igne,
1057 4758 1108 4810 in
1141 4767 1409 4821 montem,
1440 4767 1494 4811 et
1526 4755 1736 4826 Moyses
1769 4754 1916 4825 puri-

319 4855 474 4911 ficato
495 4855 716 4925 populo,
742 4853 832 4908 Dei
858 4853 1110 4907 mandato
1137 4853 1188 4906 in
1216 4853 1472 4907 verticem
1497 4850 1696 4906 montis
1716 4865 1910 4904 ascen-

317 4947 412 5014 dit,
441 4954 643 5003 etcum
674 4961 740 5002 eo
765 4946 976 5002 locutus
1003 4954 1105 5008 est,
1135 4955 1190 5000 et
1218 4944 1429 5012 accepit
1456 4953 1723 5014 prmcepta
1751 4941 1914 4998 deca-

318 5040 442 5111 Iogi.
486 5039 562 5097 lbi
605 5038 908 5096 ostenditur
950 5039 1225 5108 exemplar
1271 5036 1486 5092 fabricae
1528 5036 1907 5104 Tabermculi,

317 5135 386 5191 ibi
442 5134 756 5206 praecipitur
805 5133 1141 5188 victimarum
1199 5131 1608 5202 multiplicitas,
1657 5147 1910 5187 vasorum

318 5227 590 5284 distinctio
614 5268 628 5292 ,
661 5225 972 5281 indumenta
1005 5225 1280 5281 Pontificis
1303 5267 1316 5289 ,
1348 5225 1703 5281 Sacerdotum
1733 5234 1785 5278 et
1812 5224 1914 5282 Le-

320 5324 544 5376 vitarum
569 5321 920 5376 ceremonim.
953 5318 1026 5372 lbi
1058 5334 1319 5374 numerus
1343 5319 1662 5389 populorum
1699 5317 1913 5373 Levita-

319 5431 576 5486 rumque,
611 5423 668 5470 et
700 5429 801 5484 per
834 5413 1077 5480 singulas
1116 5412 1288 5466 tribus
1328 5413 1508 5482 populi
1553 5411 1864 5466 distributio
1895 5426 1910 5465 :

320 5511 621 5567 oblationes
668 5523 889 5579 quoque
925 5507 1232 5577 principum
1278 5506 1329 5560 in
1371 5506 1470 5561 hac
1502 5505 1786 5561 mansione
1815 5503 1915 5558 tle-

320 5606 531 5674 scriptae
555 5609 703 5658 sunt.
737 5601 864 5655 Dure
891 5615 1104 5671 quoque
1126 5610 1396 5669 argentea:
1426 5599 1571 5654 tubas
1601 5599 1667 5654 ad
1704 5611 1920 5668 prorno-

324 5695 495 5751 venda
514 5706 696 5754 castra
725 5691 926 5748 ibidem
954 5691 1072 5747 ﬁeri
1096 5692 1376 5763 jubentur,
1403 5692 1583 5762 ibique
1613 5690 1924 5762 praecipitur

2017 3253 2302 3325 gitatione,
2336 3253 2594 3309 immundi
2629 3269 2817 3325 opere,
2843 3253 2894 3310 id
2926 3263 3031 3322 est,
3063 3255 3331 3321 haeretici,
3364 3255 3634 3314 schisma-

2021 3347 2113 3403 tici
2153 3359 2207 3403 et
2239 3347 2506 3402 luxuriosi
2535 3365 2549 3400 :
2591 3346 2649 3402 hi
2677 3357 2951 3418 tamquam
2988 3347 3291 3420 contagiosi
3323 3357 3378 3405 et
3403 3348 3635 3406 morbidi

2017 3458 2047 3498 a
2083 3442 2279 3498 castris
2320 3441 2644 3512 cjiciuntur,
2671 3458 2743 3500 ne
2766 3443 3092 3514 contagione
3129 3444 3375 3515 perfidia
3401 3445 3489 3502 vel
3519 3459 3634 3504 mo-

2019 3551 2136 3590 rum
2168 3551 2394 3590 suorum
2423 3577 2438 3602 ,
2471 3536 2637 3590 vitam
2681 3535 2932 3605 [militant
2961 3537 3337 3594 innocentum.
3389 3538 3637 3609 Denique

2019 3629 2089 3683 ab
2113 3645 2256 3682 anno
2282 3628 2544 3699 vigesimo
2573 3639 2626 3685 et
2657 3643 2819 3699 supra
2866 3638 3296 3686 annumerantur
3325 3631 3510 3701 populi
3539 3629 3632 3701 qui

2018 3722 2084 3775 ad
2116 3722 2359 3790 praelium
2388 3724 2501 3790 apti
2534 3721 2883 3777 inveniuntur
2914 3740 2925 3775 :
2967 3721 3064 3778 sed
3092 3738 3191 3778 cur
3216 3722 3286 3778 ab
3314 3737 3462 3778 anno
3487 3722 3632 3791 vige-

2020 3815 2178 3881 simo,
2206 3813 2307 3868 nisi
2331 3813 2456 3884 quia
2481 3813 2580 3868 hac
2599 3823 2760 3868 :etate
2781 3822 2971 3869 contra
3001 3829 3451 3884 unumquemque
3472 3813 3635 3868 vitio-

2020 3922 2136 3960 rum
2171 3907 2306 3962 bella
2336 3915 2652 3962 nascuntur.
2693 3905 2928 3976 Ideoque
2957 3905 3025 3961 ad
3058 3921 3293 3977 pugnam
3326 3905 3627 3975 eliguntur,

2021 4009 2079 4054 ut
2109 3998 2344 4056 habeant
2367 4009 2557 4056 contra
2588 3998 2866 4054 libidinem
2899 3998 3249 4067 cciinictum,
3283 4014 3385 4055 nec
3416 3998 3628 4055 luxuria

2019 4103 2366 4164 superentur.
2421 4093 2517 4148 llic
2544 4095 2707 4147 etiam
2749 4093 2818 4148 ab
2859 4106 3003 4149 anno
3044 4092 3305 4164 vigesimo
3344 4103 3397 4149 et
3435 4091 3629 4163 quinto

2020 4185 2221 4242 Levitis
2249 4186 2306 4241 in
2335 4185 2712 4242 Tabernaculo
2739 4187 2947 4242 servire
2980 4187 3304 4252 mandatur,
3331 4195 3386 4241 et
3415 4200 3445 4240 a
3472 4185 3630 4255 quin-

2018 4279 2348 4353 quagenario
2393 4280 2650 4336 custodes
2697 4293 2950 4347 vasorum
2994 4280 3408 4336 constituuntur
3453 4281 3630 4350 :quid

2019 4377 2163 4432 enim
2193 4391 2290 4446 per
2316 4391 2518 4431 annum
2549 4375 2652 4447 ιο
2681 4374 2930 4445 quintum
2960 4389 3025 4432 ac
3064 4373 3412 4445 vigesimum,
3443 4373 3497 4428 iu
3525 4389 3636 4444 quo

2022 4473 2122 4529 flos
2145 4471 2450 4542 iuventutis
2480 4470 2750 4537 oboritur,
2779 4471 2881 4525 nisi
2910 4470 3024 4540 ipsa
3052 4477 3245 4524 contra
3277 4483 3638 4542 unumqucmo

2021 4581 2150 4636 que,
2177 4563 2434 4620 vitiorum
2469 4563 2608 4619 bella
2635 4560 3017 4634 significantur
3052 4579 3067 4617 :
3096 4569 3152 4617 et
3179 4559 3311 4632 quid
3341 4576 3442 4631 per
3467 4561 3630 4631 quin-

2021 4660 2410 4730 quagenarium
2435 4699 2450 4725 ,
2487 4657 2543 4713 in
2586 4674 2695 4729 quo
2734 4657 2947 4715 Jubilmi
2993 4657 3245 4724 ratione,
3288 4656 3452 4713 etiam
3489 4666 3638 4713 terra

2019 4755 2286 4825 quiescit,
2336 4753 2438 4808 nisi
2482 4764 2684 4807 aeterna
2736 4751 2956 4822 requies
2987 4751 3230 4808 edomita
3259 4749 3407 4806 bello
3439 4749 3638 4804 mentis

2019 4845 2382 4916 exprimitur?
2411 4844 2548 4913 Quid
2585 4860 2678 4911 per
2707 4859 2835 4900 vasa
2867 4842 3234 4907 tabernaculi,
3261 4843 3364 4898 nisi
3389 4841 3634 4902 fidelium

2017 4940 2211 4994 anima:
2243 4935 2586 5008 figurantur?
2624 4936 2825 4992 Levites
2853 4952 2985 5009 ergo
3015 4936 3084 4992 ab
3109 4951 3254 4992 anno
3284 4936 3553 5007 vigesimo
3579 4943 3637 4990 et

2019 5035 2213 5103 quinto
2259 5031 2608 5086 tabernaculo
2663 5031 2942 5095 serviunt,
2996 5039 3050 5084 ct
3102 5044 3134 5083 a
3171 5026 3635 5100 quinquagenaria

2022 5127 2274 5184 custodes
2317 5141 2568 5182 vasorum
2612 5123 2777 5187 fiunt,
2819 5131 2879 5178 ut
2921 5124 3179 5180 videlicet
3210 5123 3300 5192 qui
3330 5119 3508 5174 adhuc
3534 5118 3636 5172 im-

2023 5220 2374 5291 pugnantium
2418 5220 2672 5276 vitiorum
2701 5218 3003 5276 certamina
3044 5232 3140 5286 per
3177 5227 3502 5273 consensum
3532 5210 3631 5266 de-

2021 5318 2329 5374 lectationis
2375 5316 2704 5382 admittunt,
2740 5315 2970 5372 aliorum
2999 5328 3185 5369 curam
3215 5308 3490 5378 suscipere
3521 5321 3632 5360 non

2026 5419 2378 5482 prtesumant.
2403 5409 2540 5468 Cum
2563 5419 2741 5466 autem
2769 5407 3089 5470 tentantium
3120 5402 3266 5460 bella
3288 5399 3634 5468 subegerit",

2023 5520 2145 5560 cum
2170 5505 2310 5575 apud
2338 5519 2398 5559 se
2418 5503 2529 5574 jam
2564 5503 2633 5558 de
2665 5502 2855 5556 intima
2887 5495 3276 5566 tranquillitate
3307 5493 3482 5548 securi
3508 5505 3635 5561 pro-

2027 5599 2280 5655 babiliter
2305 5599 2667 5660 aestimantur,
2696 5605 2821 5651 tunc
2843 5593 3146 5647 animarum
3173 5587 3434 5645 custodia:
3463 5586 3639 5656 depu-

2031 5693 2132 5746 tari
2165 5699 2418 5761 poterunt
2447 5705 2462 5745 :
2492 5690 2587 5745 sed
2621 5688 2741 5758 quis
2771 5687 2884 5739 haec
2917 5681 3103 5752 pradia
3137 5681 3240 5736 sibi
3278 5680 3517 5750 perfecte
3547 5694 3640 5732 su-

331 5790 621 5864 immundis
661 5802 833 5864 super
867 5788 1045 5846 anima
1088 5788 1324 5844 hominis
1348 5829 1363 5856 ,
1396 5789 1486 5859 qui
1527 5787 1701 5858 primo
1741 5799 1929 5842 mense
2033 5800 2231 5856 perare
2263 5791 2471 5854 potest,
2501 5797 2624 5838 cum
2652 5777 2850 5834 Paulus
2880 5775 3064 5832 dicat:
3101 5773 3261 5830 Video
3284 5773 3443 5828 aliam
3472 5773 3639 5842 legem
