4082 6306
508 227 579 282 ‘25
1409 225 1499 282 AD
1536 223 1764 281 OPERA
1816 220 2058 279 SANCTI
2101 221 2430 280 AMBROSII
2471 223 2843 283 APPENDIX.
3742 223 3812 279 Ξίι

500 349 559 402 in
585 347 823 405 membris
842 348 967 402 meis
995 355 1368 418 repugnantem
1399 343 1499 416 legi
1529 343 1712 398 utentis
1741 357 1865 396 mae
1893 339 1959 412 (ll
1985 339 2103 396 Cor.
2139 348 2191 408 Α
2215 347 2342 395 sunt
2379 341 2527 395 omni
2556 342 2835 412 spurcitia.
2869 340 2925 396 ln
2967 341 3069 398 hac
3093 343 3377 397 mansione
3418 342 3631 416 Moyses
3663 360 3815 400 mau-

507 455 585 507 ιι,
614 440 713 512 2)?
738 439 846 497 Sed
867 438 1014 495 aliud
1036 447 1120 494 est
1138 437 1280 494 bella
1306 437 1515 492 fortiter
1536 434 1768 506 perpeti,
1788 431 1933 488 aliud
1955 431 2110 486 bellis

506 534 783 590 enerviter
818 532 1140 604 expugnari.
1185 531 1240 586 ln
1284 530 1391 585 illis
1429 530 1761 585 exercitatur
1801 527 2000 592 virtus,
2043 539 2110 579 ne

504 625 628 698 quis
656 623 848 682 extolli
880 624 1104 689 debeat,
1153 624 1206 678 in
1248 622 1331 677 liis
1358 623 1584 676 omnino
1624 619 1963 691 extinguitur
1985 660 1998 682 ,
2043 633 2110 673 ne

507 719 792 777 subsistat.
847 719 1111 789 Praecepit
1140 717 1338 773 dehinc
1375 716 1459 771 lex
1502 715 1717 770 Levilas
1757 726 1946 767 omnes
1976 710 2112 780 pilos

505 815 689 870 carnis
719 813 913 869 radere
943 811 1142 885 (Nam.
1176 827 1289 877 vni,
1324 810 1390 880 7)
1423 826 1436 862 :
1463 809 1586 880 quia
1616 806 1668 861 hi
1707 807 1794 876 qui
1835 801 2112 873 obsequiis

505 906 707 962 divinis
734 913 1108 971 assumuntur,
1135 903 1336 959 debent
1362 910 1490 956 ante
1519 901 1612 956 Dei
1637 899 1825 953 oculos
1851 914 1878 950 a
1902 894 2112 951 cunctis

507 999 689 1055 carnis
725 997 1152 1070 cogitationibus
1202 995 1389 1051 mundi
1441 1007 1745 1064 apparere,
1796 1007 1861 1044 ne
1900 988 2112 1044 illicitas

508 1091 868 1164 cogitationes
937 1105 1088 1145 mens
1147 1087 1420 1159 proferat;
1485 1093 1541 1141 et
1589 1082 1867 1154 pulchram
1919 1080 2111 1134 animze

507 1183 749 1254 speciem
789 1182 944 1254 quasi
988 1181 1110 1252 pilis
1151 1176 1593 1236 excrescentibns
1636 1176 1936 1231 deformem
1987 1171 2111 1227 red-

507 1275 659 1331 dant.
693 1275 822 1331 POSt
856 1276 968 1330 hazc
1003 1274 1261 1345 iubentur
1285 1273 1448 1328 etiam
1477 1271 1594 1326 fieri
1623 1270 1745 1325 diue
1773 1269 1915 1323 tuba:
1937 1309 1950 1333 ,
1982 1282 2113 1337 qua-

509 1385 630 1424 rum
679 1370 937 1439 clangore
990 1368 1167 1439 populi
1215 1375 1564 1422 moverentur
1606 1364 1670 1417 ad
1715 1363 1981 1434 praelium.
2025 1359 2115 1416 Sic

506 1461 655 1518 enim
688 1463 951 1532 scriptum
983 1472 1066 1516 est
1100 1461 1168 1516 de
1214 1460 1296 1515 his
1327 1459 1392 1514 ad
1419 1458 1638 1530 Moysen
1673 1475 1686 1512 :
1721 1454 1830 1509 Fac
1861 1454 1954 1509 tibi
1985 1456 2115 1506 duas

509 1555 658 1610 tubas
681 1566 948 1627 argenteas
973 1555 1195 1608 ductilcs
1227 1552 1413 1626 (Num.
1441 1569 1498 1618 x,
1526 1553 1583 1622 9.)
1608 1567 1623 1616 ;
1672 1560 1724 1604 et
1756 1549 1917 1619 paulo
1949 1555 2069 1616 post
2099 1562 2112 1598 ε

509 1645 716 1703 Etcum
744 1650 978 1703 concisus
1001 1649 1212 1720 clangor
1234 1647 1562 1719 increpuerit,
1595 1643 1927 1698 movebuntur
1948 1650 2116 1694 castra

2215 433 2343 490 dato
2375 435 2472 490 Dei
2501 436 2840 507 septuaginta
2872 437 3017 491 viros
3057 437 3301 492 seniores
3341 453 3407 493 ex
3441 439 3640 508 p0pulo
3666 438 3813 493 dele-

2213 530 2315 600 git,
2348 530 2439 600 qui
2468 531 2535 585 ad
2569 531 2862 600 regendam
2887 529 3099 600 plebem
3119 529 3170 587 ei
3199 530 3478 601 adjutores
3501 533 3714 587 forent:
3750 532 3814 587 Et

2214 622 2556 689 sustinebunt,
2589 623 2786 693 inquit,
2812 633 2974 678 tecum
3014 624 3258 694 impetunt
3291 625 3492 695 papuli,
3522 635 3570 678 et
3609 642 3709 680 non
3742 628 3818 696 fe-

2214 735 2294 773 res
2322 718 2438 772 illos
2467 727 2520 770 tu
2549 718 2688 772 solus
2725 715 2925 789 (Exod.
2976 732 3050 783 ιι,
3090 717 3204 788 22).
3247 716 3419 786 Super
3459 733 3596 784 quos
3630 731 3814 788 postea

2217 809 2451 881 Spiritus
2473 810 2781 875 descendit,
2813 819 2868 864 et
2898 809 3384 878 prepbctavcrunt.
3417 809 3570 876 Quod
3602 810 3654 864 in
3691 821 3816 882 typo

2217 904 2414 960 factum
2449 912 2533 958 est
2563 921 2574 955 :
2606 903 2861 973 quoniam
2897 900 3134 971 Spiritus
3171 909 3392 955 sanctus
3425 902 3477 956 in
3508 902 3598 956 die
3625 901 3817 958 Pente-

2214 1006 2394 1052 costes
2423 995 2706 1065 Apostolis
2735 1011 2794 1050 se
2826 994 3042 1061 infudit,
3078 1005 3132 1048 ut
3157 1005 3210 1050 et
3235 995 3299 1049 ad
3341 995 3673 1050 fundandam
3708 995 3815 1051 Ec-

2216 1089 2440 1146 clesiam
2468 1088 2744 1158 sapientes
2759 1098 2966 1153 essent,
2992 1096 3048 1143 et
3076 1088 3140 1142 ad
3172 1088 3468 1159 regendam
3496 1088 3665 1143 fortes
3690 1107 3703 1143 :
3726 1087 3818 1141 Αι-

2217 1180 2428 1246 tendite,
2454 1181 2650 1252 inquit,
2684 1191 2741 1235 ut
2769 1183 2820 1236 in
2847 1183 3057 1236 actibus
3074 1181 3464 1252 Apostolorum
3489 1181 3706 1252 legitur,
3733 1197 3817 1235 ro-

2217 1275 2293 1329 bis
2321 1283 2367 1329 et
2399 1275 2635 1330 universo
2663 1275 2836 1345 gregi,
2869 1276 2926 1328 iu
2965 1291 3066 1345 quo
3112 1278 3282 1344 posuit
3315 1292 3401 1329 vos
3433 1275 3670 1344 Spiritus
3699 1292 3818 1328 sau-

2216 1377 2326 1422 ctus
2353 1368 2620 1439 episcopos
2648 1383 2822 1440 regere
2845 1364 3134 1422 Ecclesium
3172 1366 3266 1421 Dei
3296 1366 3314 1440 (
3348 1368 3524 1421 Actor.
3557 1382 3651 1432 xx,
3675 1365 3744 1420 28
3773 1366 3816 1439 ).

2221 1461 2428 1516 Donum
2473 1462 2655 1532 itaque
2699 1462 2918 1517 virtutis
2948 1461 3190 1518 caelestis
3218 1461 3364 1532 quod
3394 1463 3521 1517 olim
3551 1462 3604 1517 in
3636 1461 3818 1534 Moyse

2217 1553 2352 1607 etin
2384 1553 2674 1624 Prophetis
2717 1553 2947 1619 exSIitit,
2995 1569 3161 1624 super
3201 1555 3493 1624 Apostolus
3531 1555 3817 1611 visibiliter

2218 1646 2487 1717 apparuit.

510 1741 711 1815 (Ibid.,
742 1743 822 1816 5).
863 1743 966 1798 Per
1006 1743 1140 1798 duas
1177 1742 1323 1797 enim
1364 1741 1524 1795 tubas
1568 1739 1842 1794 exercitus
1880 1734 2111 1798 ducitur,
2150 1761 2192 1818 Β
2295 1737 2445 1795 ΧΝα
2466 1740 2687 1808 mansio,
2717 1741 3289 1797 Asenom.—Decitna
3319 1751 3510 1813 quarta
3530 1745 3740 1801 mansio
3765 1745 3814 1799 in

507 1837 635 1908 quia
657 1853 756 1908 per
776 1837 882 1892 duo
903 1836 1275 1901 Testamenta,
1307 1836 1423 1891 sive
1448 1851 1544 1907 per
1563 1834 1670 1889 duo
1694 1843 1960 1904 praecepta
1987 1829 2115 1885 cha-

505 1929 684 1985 ritatis
703 1930 769 1984 ad
796 1930 1041 2000 pra-lium
1071 1930 1194 1986 fidei
1225 1929 1459 2000 populus
1489 1937 1735 1994 vocatur,
1762 1942 1883 1997 quae
1913 1924 2114 1980 idcirco

506 2030 773 2092 argenteae
803 2023 917 2076 fieri
951 2022 1364 2092 priocipiuntur,
1398 2029 1460 2076 ut
1505 2019 1916 2090 praedicatorum
1949 2016 2111 2071 verba

507 2113 715 2185 eloquii
747 2115 923 2170 nitore
953 2114 1277 2185 refulgeant,
1307 2123 1362 2169 et
1387 2112 1698 2168 auditorum
1728 2117 1938 2165 mentes
1967 2108 2112 2163 nulla

505 2206 590 2262 sui
611 2205 996 2263 obscuratione
1018 2206 1393 2272 confundant;
1428 2204 1633 2261 idcirco
1655 2212 1836 2258 autem
1859 2201 2109 2266 ductiles,

504 2300 633 2372 quia
661 2314 886 2357 necesse
907 2311 990 2357 est
1013 2314 1070 2356 ut
1099 2301 1154 2355 hi
1178 2301 1268 2371 qui
1294 2310 1578 2356 venturam
1603 2300 1768 2354 vitam
1792 2295 2106 2369 praedicant,

507 2397 915 2456 tribulationum
963 2401 1314 2471 praesentium
1356 2401 1610 2456 tunsione
1653 2408 1920 2454 crescant.
1965 2397 2110 2452 Bene

501 2504 684 2549 autem
715 2494 911 2550 dicitur
945 2512 958 2549 :
993 2495 1124 2551 Cum
1147 2497 1382 2550 concisus
1407 2495 1618 2566 clangor
1642 2493 1975 2564 increpuerit,
2002 2508 2111 2544 mo-

497 2589 751 2646 vebuntur
777 2601 992 2656 castra;
1024 2592 1149 2662 quia
1197 2591 1453 2646 nimirum
1483 2605 1604 2644 cum
1639 2587 1888 2644 subtilior
1917 2601 1980 2641 ac
2010 2586 2110 2639 mi-

505 2686 688 2740 nutior
746 2685 1150 2756 praedicationis
1211 2701 1394 2741 sermo
1447 2693 1745 2749 tractatur,
1802 2683 2104 2737 auditorum

503 2789 715 2836 mentes
778 2792 967 2837 contra
1033 2781 1401 2836 tentationum
1460 2780 1757 2835 certamina
1827 2778 2109 2832 ardentius

503 2877 830 2932 excitantur.
863 2873 981 2929 Jam
1010 2873 1212 2931 abhinc
1268 2882 1656 2944 promoventur
1688 2870 1807 2926 Filii
1853 2871 2012 2925 Israel
2041 2869 2110 2925 de

502 2978 690 3024 monte
712 2967 863 3032 Sina,
887 2976 942 3022 et
961 2975 1245 3022 transeunt
1270 2967 1320 3019 in
1346 2965 1610 3036 Sepulcra
1631 2961 2105 3033 concupiscentia).

580 3059 729 3116 Χιιιιι
753 3061 976 3124 mansio,
1014 3059 1296 3116 Serm.an
1324 3056 2105 3115 concurnscenrt.£.—-lfecima

2218 1835 2449 1891 Ascroth
2482 1848 2896 1890 consummatur
2927 1854 2938 1888 :
2973 1851 3094 1891 nam
3118 1839 3216 1910 ιι
3247 1837 3529 1909 subiungit
3557 1857 3568 1892 :
3601 1835 3671 1893 Et
3697 1855 3789 1909 pro

2217 1930 2338 2001 fecti
2364 1946 2426 1984 ex
2456 1929 2723 2000 Sepulcris
2751 1931 3194 2002 concupiscentia,
3235 1932 3584 1986 castrametati
3609 1943 3726 1987 sunt
3763 1934 3814 1986 in

2216 2025 2434 2079 Aserath
2460 2023 2651 2096 (Nunt.
2683 2041 2872 2090 xxxiii,
2908 2024 3018 2097 17).
3055 2027 3127 2082 De
3156 2029 3345 2082 eadem
3375 2027 3658 2083 mansione
3686 2027 3814 2082 alibi

2215 2121 2295 2177 sic
2316 2135 2530 2191 quoque
2555 2121 2754 2191 legitur
2781 2138 2794 2174 :
2826 2119 2867 2173 Α
2899 2120 3168 2192 Sepulcris
3194 2122 3621 2194 concupiscentia:
3651 2125 3815 2195 profe-

2216 2224 2324 2266 ctus
2353 2223 2426 2267 est
2453 2213 2680 2284 papulas
2711 2213 2762 2266 in
2792 2213 3009 2268 Aseroth
3038 2212 3230 2286 (Num.
3262 2230 3339 2280 xi,
3365 2215 3483 2286 54).
3508 2213 3605 2269 Hic
3637 2218 3812 2269 Aaron

2215 2313 2270 2360 et
2297 2303 2458 2359 Maria
2484 2319 2662 2371 soror,
2693 2319 2760 2360 eo
2787 2303 2937 2375 quod
2965 2304 3179 2375 Moyses
3207 2303 3598 2376 [Ethiopissam
3627 2305 3814 2360 alieni-

2214 2413 2405 2468 genam
2438 2396 2666 2453 duxerat
2693 2413 2947 2465 uxorem,
2973 2399 3106 2454 satis
3128 2397 3177 2452 ci
3209 2399 3514 2467 procaciter
3539 2397 3812 2454 obtrecta-

2215 2498 2360 2544 runt.
2405 2488 2558 2545 Unde
2591 2490 2679 2545 illa
2722 2491 3045 2561 contagione
3084 2490 3252 2559 lepra:
3293 2491 3440 2546 illico
3482 2493 3699 2558 perfusa
3747 2491 3812 2544 ab

2214 2584 2444 2638 aliorum
2475 2583 2754 2637 consortio
2775 2625 2790 2649 ,
2821 2583 2887 2638 ad
2919 2583 3166 2639 sanitatis
3195 2599 3366 2656 usque
3391 2597 3608 2655 tempus
3644 2585 3812 2656 ejecta

2213 2675 2335 2730 fuit.
2359 2674 2516 2744 Quod
2541 2675 2663 2730 novi
2686 2675 2910 2746 figuram
2937 2679 3183 2749 mysterii
3212 2679 3452 2748 przetulit
3473 2678 3807 2734 evidentem:

2214 2784 2412 2838 nempe
2457 2770 2601 2840 quod
2637 2770 2993 2826 sacerdotalis
3042 2771 3133 2826 illa
3186 2771 3339 2842 plebs
3394 2781 3639 2843 patrum,
3695 2771 3809 2826 zelo

2212 2863 2413 2920 Christi
2444 2865 2747 2922 Salvatoris
2778 2867 2948 2922 nostri
2969 2866 3232 2922 adversus
3261 2867 3562 2922 Ecclesiam
3593 2883 3659 2922 ex
3683 2883 3809 2938 gen-

2214 2957 2355 3013 tibus
2396 2969 2774 3031 congregalam
2819 2960 3186 3016 insurrectura
3219 2960 3377 3016 foret.
3410 2960 3529 3029 Quo
3571 2961 3808 3033 perfidiae

2211 3051 2423 3124 impura
2465 3054 2637 3108 livore
2686 3054 2736 3108 in
2782 3055 2874 3109 Dei
2931 3055 3280 3110 tabernacula
3329 3069 3435 3109 non
3472 3055 3806 3110 admittenda

502 3155 667 3210 tertia
707 3153 919 3208 mansio
959 3153 1192 3208 habetur
1230 3152 1284 3206 in
1317 3151 1593 3220 Sepulcris
1620 3149 2098 3221 ctmcupiscentim.
2129 3158 2175 3223 ο
2208 3145 2442 3212 veniret,
2467 3145 2640 3202 donec
2662 3146 2990 3218 prrefinitum
3016 3147 3276 3203 claruerit
3305 3158 3536 3218 tempus,
3565 3164 3672 3218 quo
3700 3148 3808 3218 ple-

502 3246 631 3303 ldeo
659 3247 836 3318 inquit
860 3266 874 3302 :
905 3245 975 3301 Et
997 3247 1216 3318 profecti
1237 3246 1301 3298 de
1330 3245 1532 3300 deserto
1557 3245 1728 3309 Sinai,
1760 3245 2106 3298 castrametati

503 3351 626 3395 sunt
671 3342 725 3394 in
768 3339 1038 3412 Sepulcris
1087 3339 1519 3408 concupiscentia:
1551 3335 1740 3409 (Num.
1770 3351 1957 3400 χχχιιι,
1989 3334 2101 3406 16).

501 3434 632 3494 Haec
663 3434 872 3492 mansio
893 3436 962 3492 ab
990 3443 1184 3490 eventu
1215 3449 1413 3488 nomen
1441 3431 1648 3502 accepit
1675 3449 1687 3484 :
1712 3431 1844 3486 Nam
1876 3429 2119 3501 populus,

501 3543 700 3585 manna
734 3538 998 3597 pertaesus
1021 3569 1036 3592 ,
1079 3541 1308 3591 carnes,
1342 3525 1549 3595 pisces,
1593 3538 1866 3595 pepoues,
1911 3535 1961 3579 et
1995 3523 2101 3577 alia

505 3637 625 3694 quae
649 3621 792 3694 apud
827 3621 1112 3693 Aﬁgyptios
1143 3629 1302 3676 erant
1325 3621 1471 3693 gula:
1517 3620 1863 3675 incitamenta
1897 3632 2101 3673 conco-

502 3715 660 3786 pivit,
684 3724 738 3772 et
759 3715 1021 3772 adversus
1051 3714 1275 3787 Moysen
1302 3714 1592 3770 tumultum
1617 3712 1896 3770 excitavit.
1925 3711 2104 3780 Quare

498 3807 671 3864 iratus
705 3807 997 3876 Dominus,
1027 3809 1174 3864 misit
1196 3807 1537 3864 coturnicum
1571 3822 1739 3877 prope
1773 3817 1973 3861 terram
2008 3821 2102 3858 νο-

502 3899 734 3955 lantiunt
775 3902 1226 3957 innumerabilem
1261 3899 1510 3970 copiam,
1542 3899 1736 3967 quibus
1776 3913 1964 3952 eorum
2007 3912 2104 3967 gu-

499 3991 609 4047 lam
657 4003 880 4063 possent
915 3994 1138 4063 explere
1169 4009 1182 4046 :
1229 3992 1338 4048 Sed
1375 3991 1506 4046 dicit
1547 3991 1825 4060 Scriptura
1857 4005 1870 4042 :
1909 3987 2103 4044 Carnes

503 4085 678 4140 adhuc
723 4097 872 4141 erant
917 4088 973 4141 in
1020 4086 1256 4140 dentibus
1295 4101 1471 4138 eorum
1500 4081 1690 4156 (Num.
1723 4099 1794 4148 xi,
1827 4082 1918 4153 55)
1950 4097 1963 4134 :
1999 4079 2102 4135 hoc

499 4185 608 4244 est,
642 4187 932 4248 antequam
963 4179 1366 4250 digererentur,
1415 4176 1684 4247 percussit
1713 4177 1970 4232 Dominus
2007 4190 2104 4247 po-

502 4272 694 4344 pulum
724 4272 879 4345 plaga
905 4290 1098 4345 magna
1131 4273 1285 4328 valde
1315 4291 1327 4326 :
1363 4272 1430 4327 Et
1469 4272 1612 4339 hinc,
1642 4272 1835 4342 inquit,
1870 4283 2102 4326 vocatum

503 4376 579 4420 est
614 4382 799 4420 nomen
841 4367 944 4421 loci
983 4367 1149 4430 illius,
1194 4364 1453 4436 Sepulcra
1492 4363 1951 4435 concupiscentiae:
1979 4363 2102 4433 quia

497 4458 573 4516 ibi
597 4460 906 4533 sepelierunt
933 4461 1186 4532 populum
1222 4460 1623 4514 desideratorem
1662 4456 1852 4527 (Ibid.,
1877 4455 1991 4528 54).
2025 4458 2098 4512 Ex

2210 3237 2400 3292 nitudo
2425 3240 2666 3309 gentium
2692 3251 3188 3307 consummaretur,
3214 3250 3272 3295 ut
3293 3240 3357 3296 ad
3385 3241 3657 3296 Romanos
3677 3243 3809 3298 scri-

2210 3332 2316 3402 psit
2339 3330 2633 3403 Apostolus
2663 3331 2838 3405 (Rom.
2881 3350 2957 3401 xt,
2987 3333 3104 3402 95).
3133 3333 3266 3389 Nam
3300 3344 3426 3391 tunc
3455 3345 3664 3391 tantum
3699 3337 3805 3406 pri-

2209 3422 2405 3478 stinam
2427 3425 2623 3493 poterit
2649 3440 2974 3495 recuperare
2996 3428 3306 3495 sanitatem,
3332 3445 3454 3485 cum
3476 3429 3807 3501 septil'ormis

2209 3519 2257 3574 ei
2283 3520 2513 3591 Spiritus
2543 3520 2713 3590 gratia
2741 3521 2806 3576 ad
2829 3523 3045 3578 veniam
3075 3523 3240 3580 fuerit
3264 3524 3580 3596 suffragata.
3602 3524 3805 3580 Verum

2207 3611 2332 3683 quia
2355 3613 2586 3668 Aserotb
2613 3613 2894 3670 beatitudo
2921 3615 3330 3687 interpretatur,
3362 3617 3600 3672 meritoa
3627 3618 3806 3688 sepul-

2207 3707 2315 3761 eris
2344 3707 2804 3777 concupiscentiae
2827 3708 2878 3763 in
2913 3709 3050 3764 hanc
3073 3711 3365 3766 stationem
3393 3712 3606 3766 venitur
3633 3726 3647 3765 :
3675 3726 3805 3783 quo.

2207 3799 2351 3853 uiam
2385 3798 2486 3854 nisi
2530 3803 2712 3856 carnis
2737 3803 3211 3873 concopiscentias
3249 3804 3371 3873 quis
3397 3804 3706 3874 sepelierit,
3737 3804 3803 3859 ad

2207 3902 2464 3947 :eternam
2499 3894 2889 3951 beatitudinem
2939 3897 3226 3967 pervenire
3283 3913 3392 3952 non
3451 3899 3672 3969 poterit.
3722 3899 3804 3952 ld-

2207 3986 2352 4040 circo
2387 3986 2565 4057 inquit
2602 3990 2890 4058 Apostolus
2911 4033 2924 4057 ,
2961 3989 3095 4047 Caro
3125 4002 3174 4046 et
3217 3993 3426 4065 sanguis
3463 4010 3680 4067 regnum
3710 3992 3804 4047 Dei

2206 4080 2470 4147 possidere
2497 4099 2599 4136 non
2628 4093 2842 4153 possunt
2867 4085 2908 4156 (Ι
2932 4084 3052 4140 Cor.
3095 4101 3188 4153 xv,
3224 4083 3339 4157 50).

2279 4174 2404 4230 XV“
2451 4180 2650 4233 mansio
2674 4220 2690 4248 ,
2731 4178 2980 4236 Remus.
3011 4212 3080 4222 —
3116 4181 3331 4237 Decima
3373 4183 3559 4254 quinta
3594 4183 3801 4238 mansio

2205 4271 2404 4327 dicitur
2433 4273 2685 4329 Bethma.
2723 4276 2849 4331 Ideo
2897 4279 3143 4348 sequitur
3175 4296 3188 4330 :
3227 4277 3290 4332 Et
3319 4281 3538 4349 profecti
3568 4295 3631 4333 ex
3679 4282 3802 4332 Ase-

2206 4365 2322 4420 rotlt
2353 4369 2704 4423 castrametati
2733 4380 2854 4425 sunt
2882 4371 2935 4425 in
2969 4370 3190 4425 Rethma
3222 4371 3411 4444 (Nunt.
3448 4389 3648 4440 xxxtu,
3685 4374 3794 4444 18).

2206 4460 2407 4516 Verum
2437 4463 2558 4531 quia
2591 4463 2718 4519 alibi
2755 4465 2953 4535 legitur
2985 4483 2998 4519 :
3035 4464 3102 4520 Et
3131 4476 3246 4536 post
3284 4468 3392 4522 Itan:
3431 4469 3697 4540 profectus
3727 4478 3800 4522 est

499 4552 703 4623 quibus
730 4553 1013 4622 docemur,
1062 4565 1118 4608 ut
1157 4554 1248 4624 qui
1278 4553 1752 4609 conversationem
1785 4553 2102 4623 reliquimus
2130 4565 2178 4623 ι)
2207 4554 2429 4624 papulus
2475 4555 2538 4608 de
2585 4557 2839 4624 Aserom,
2872 4569 2917 4612 et
2954 4568 3344 4614 castrametatus
3389 4570 3462 4615 est
3504 4561 3560 4614 in
3602 4561 3798 4616 deserto

499 4646 722 4713 seaculi,
767 4655 826 4703 et
853 4647 1140 4719 Egyptias
1165 4647 1302 4703 ollas
1346 4647 1400 4702 id
1430 4655 1515 4702 est
1552 4646 1850 4701 carnalium
1888 4645 2102 4719 deside-

499 4741 709 4796 riorum
744 4740 988 4796 fervores
1015 4741 1464 4811 contempsimus,
1491 4755 1600 4796 non
1627 4740 1831 4795 debere
1860 4754 2102 4793 murmu-

500 4848 625 4889 rare
669 4845 858 4889 contra
905 4835 1186 4903 coebstem
1228 4849 1421 4905 panem
1446 4875 1460 4900 ,
1504 4849 1603 4890 nec
1633 4835 1899 4889 virulenta
1933 4833 2100 4904 JEgy-

497 4926 737 4997 ptiorum
783 4935 1070 4996 appetere,
1120 4944 1241 4997 qua:
1279 4940 1408 4983 sunt
1462 4942 1777 4997 magnarum
1819 4927 2094 4990 carnium;

498 5018 597 5077 sed
629 5018 935 5089 simplicem
967 5034 1180 5074 manune
1207 5019 1410 5087 cibum,
1442 5019 1493 5074 id
1533 5030 1640 5085 est,
1682 5035 1870 5090 puram
1903 5028 1958 5074 et
1986 5033 2096 5075 cce-

493 5113 693 5170 lestem
742 5113 908 5168 vitam
954 5129 1218 5184 quaerere.
1251 5112 1508 5186 AIiOquin
1541 5116 1583 5169 si
1618 5125 1737 5185 post
1782 5126 2052 5185 praecepta
2075 5156 2088 5180 ,

491 5206 810 5279 Angelicam
840 5221 1044 5274 escam,
1072 5223 1377 5279 mannaque
1407 5211 1651 5265 caelestis
1680 5209 1828 5274 vitae,
1857 5210 1974 5264 sive
1999 5209 2096 5263 do-

491 5303 687 5356 ctrinae
714 5318 905 5358 rursus
931 5318 1125 5358 carnes
1156 5303 1463 5375 Egyptias,
1508 5321 1629 5375 qua:
1677 5316 1802 5360 sunt
1843 5305 2090 5361 carnales

491 5393 657 5466 hujus
684 5398 867 5453 saeculi
899 5399 1232 5470 voluptates,
1256 5407 1312 5455 et
1341 5407 1675 5454 vetustorum
1701 5401 2091 5471 concupiscen-

489 5487 597 5544 tias
631 5488 887 5545 vitiorum
925 5502 1186 5565 appetere
1225 5492 1592 5558 voluerimus,
1635 5493 1816 5548 statim
1854 5493 1933 5549 ira
1987 5495 2094 5550 Do-

491 5579 625 5635 mini
661 5585 904 5650 percussi
935 5585 1332 5656 torquebimur,
1364 5584 1628 5642 desideria
1654 5594 1837 5640 nostra
1871 5597 2090 5642 verten-

490 5679 580 5726 tur
610 5672 662 5726 in
691 5673 959 5741 tumulos,
1007 5685 1068 5731 ut
1119 5678 1291 5736 simus
1338 5677 1588 5749 sepulcra
1625 5676 1916 5747 dealbata,
1967 5695 2090 5750 quae

483 5763 618 5822 foris
658 5774 922 5836 apparent
946 5768 1256 5829 hominibus
1280 5757 1552 5844 speciosa,
1589 5771 1737 5828 intus
1766 5787 1896 5828 vero
1923 5773 2082 5842 plena

2207 4645 2422 4701 Pluiran
2453 4648 2652 4718 (Nam.
2696 4666 2791 4706 xm
2813 4693 2827 4718 ,
2866 4652 2887 4704 1
2915 4653 2936 4724 )
2968 4669 2983 4708 :
3011 4668 3078 4708 ne
3119 4652 3413 4724 Seripturte
3435 4654 3553 4710 loca
3581 4666 3799 4711 contra-

2202 4742 2332 4797 riari
2354 4744 2667 4811 videantur,
2696 4746 3084 4802 attendendum
3108 4757 3192 4803 est
3213 4749 3356 4818 quod
3379 4748 3505 4805 hinc
3534 4764 3706 4821 usque
3730 4750 3795 4805 ad

2205 4834 2566 4906 Asiongaber,
2615 4839 2922 4894 mansiones
2965 4854 3156 4895 omnes
3180 4880 3196 4906 ,
3223 4856 3344 4910 qua:
3369 4841 3560 4898 decem
3590 4851 3647 4898 et
3673 4852 3796 4899 octo

2201 4942 2612 4996 enumerantur,
2640 4945 2854 4998 omnes,
2883 4933 3098 5002 inquam
3127 4974 3141 4997 ,
3171 4946 3462 5003 sequentes
3493 4935 3559 4992 ad
3579 4935 3793 5008 trigesi-

2200 5038 2345 5077 mam
2381 5039 2554 5094 usque
2582 5025 2912 5089 secundam,
2955 5025 3058 5081 sub
3081 5024 3281 5081 deserti
3331 5029 3540 5084 Pharao
3577 5030 3794 5084 nomine

2194 5118 2562 5172 continentur.
2594 5120 2915 5188 Appellatur
2932 5134 3063 5192 ergo
3089 5123 3299 5177 mansio
3330 5125 3446 5178 haec
3471 5123 3622 5188 alibi,
3649 5122 3789 5178 Pha-

2197 5225 2290 5264 ran
2317 5252 2330 5275 ,
2377 5211 2652 5266 communi
2682 5215 2900 5269 nomine
2925 5215 3235 5271 solitudinis
3264 5233 3383 5271 cum
3416 5218 3632 5272 cieteris
3657 5216 3794 5272 mul-

2196 5302 2299 5368 tis;
2332 5304 2425 5358 sed
2458 5304 2688 5359 Rethma
2720 5322 2856 5363 voce
2883 5309 3121 5378 pmpria.
3148 5311 3428 5380 Scriptura
3455 5312 3506 5365 in
3535 5313 3645 5368 alio
3674 5313 3791 5368 loco

2197 5398 2408 5454 Pharon
2435 5400 2783 5455 commendat
2807 5443 2820 5466 ,
2851 5402 3038 5457 dicens
3072 5421 3084 5454 :
3116 5401 3258 5458 Deus
3285 5405 3349 5458 ab
3376 5405 3564 5460 Austro
3592 5410 3752 5462 veniet
3773 5447 3789 5470 ,

2194 5502 2242 5548 et
2266 5501 2476 5547 sanctus
2516 5493 2580 5547 de
2604 5504 2775 5548 monte
2800 5495 3041 5550 umbroso
3072 5495 3324 5570 Pharan(
3355 5497 3552 5554 Hnbnc.
3582 5516 3660 5564 ιιι,
3693 5500 3728 5555 2
3749 5501 3786 5570 ).

2194 5587 2307 5643 Sub
2337 5589 2443 5644 hoc
2483 5589 2701 5643 deserto
2733 5592 2879 5645 viros
2922 5589 3208 5645 duodecim
3254 5593 3321 5647 ad
3373 5604 3570 5649 terram
3602 5596 3791 5666 explo-

2192 5682 2416 5760 randam
2447 5680 2703 5735 mandato
2731 5683 2821 5738 hei
2851 5683 3063 5754 Moyses
3094 5683 3419 5755 destinavit,
3449 5689 3540 5759 qui
3574 5690 3785 5744 botrum

2193 5777 2330 5843 ιιγω,
2363 5773 2498 5830 mala
2535 5775 2727 5843 punica
2753 5817 2767 5841 ,
2797 5786 2851 5832 et
2890 5777 3023 5832 lieus
3051 5766 3212 5833 territt
3241 5779 3545 5839 retulerunt
3578 5785 3597 5855 (
3625 5769 3781 5838 Nunt;
