4082 6306
213 267 285 322 25
1107 261 1194 318 DE
1236 259 1376 316 XLII
1413 257 1876 316 MANSIONIBUS
1915 257 2248 317 FILIORUM
2290 259 2559 318 ISBAEL.
3455 261 3528 317 26

204 402 322 452 χιιι,
353 386 437 458 4).
462 385 584 442 Sub
615 387 721 441 hoc
746 384 959 441 deserto
983 382 1211 450 Dathan,
1237 380 1444 437 Abiron
1472 390 1526 436 et
1547 377 1686 434 Core
1709 377 1801 433 filii
1831 383 1882 442 Α
1911 392 2093 433 rerum
2119 376 2329 444 notitia,
2363 377 2667 434 infunditur
2693 377 2984 449 judicium,
3007 392 3116 450 quo
3148 393 3179 433 a
3207 377 3524 449 temporali-

205 495 328 536 cum
362 495 560 536 eorum
596 480 820 535 familiis
853 479 995 533 hiatu
1025 487 1209 545 terra},
1237 477 1307 532 ob
1342 474 1670 532 seditionem
1694 489 1810 529 sor-

202 573 424 631 bentur.
448 572 570 629 Sub
605 573 713 628 hoc
739 573 952 628 deserto
973 572 1151 627 Aaron
1176 571 1434 626 sacerdos
1457 570 1599 625 inter
1626 570 1811 624 viven-

205 676 289 723 tes
331 677 702 738 mortuosque
745 667 954 722 medios
995 665 1358 732 constitutus,
1410 664 1616 720 incensi
1663 662 1812 718 obla—

204 760 355 815 tione
384 757 562 815 Deum
599 760 969 830 indignantem
1000 758 1266 828 placavit,
1299 758 1508 828 plagam
1541 755 1805 809 cohibuit.

203 851 319 909 Sub
364 852 474 908 hoc
504 853 733 908 deserto
767 853 943 906 Aamn
981 851 1129 922 virga
1183 851 1234 904 in
1271 847 1618 906 tabernaculo
1648 861 1812 903 arens

202 944 404 1016 posita,
437 944 708 1000 miraculo
729 953 784 1000 et
808 943 1131 1015 germinavit
1157 952 1211 997 et
1236 941 1420 997 floruit
1447 958 1460 995 :
1491 951 1544 996 et
1565 940 1666 994 alia
1692 939 1812 1010 plu-

203 1039 366 1104 rima,
398 1049 562 1110 prout
595 1039 649 1094 in
678 1038 820 1094 libro
845 1037 1204 1093 Numerorum
1235 1035 1455 1106 legitur,
1480 1042 1629 1105 gesta
1661 1041 1806 1100 sunt,

201 1147 313 1189 non
347 1139 536 1187 tamen
585 1147 682 1202 per
720 1130 964 1202 singulas
1010 1129 1297 1185 distributa
1337 1130 1672 1183 mansiones.
1708 1125 1812 1182 Per

203 1240 324 1296 quae
347 1225 588 1295 mystice
609 1224 868 1280 docemur
885 1222 1026 1294 quod
1049 1223 1147 1278 viri
1171 1222 1236 1277 ad
1260 1221 1652 1294 explorandam
1679 1221 1812 1276 ube-

201 1332 320 1376 rem
351 1328 555 1374 terram
590 1319 764 1384 missi,
799 1329 853 1375 et
882 1320 972 1390 qui
1024 1318 1282 1390 populum
1324 1333 1354 1372 a
1398 1318 1660 1388 promissa
1704 1315 1812 1370 Do-

204 1413 337 1468 mini
367 1411 694 1467 hzereditate
715 1412 1097 1480 deSperarunt,
1117 1409 1416 1466 scribarum
1437 1420 1490 1464 et
1514 1409 1811 1480 pltat-isme—

203 1527 324 1568 rum
356 1510 721 1582 praetulerunt
755 1509 1043 1580 imaginem
1075 1527 1088 1564 :
1119 1510 1260 1564 sicut
1289 1509 1432 1563 enim
1465 1507 1536 1561 illi
1566 1521 1592 1559 a
1626 1505 1810 1578 Moyse

204 1603 360 1660 missi
392 1613 520 1658 sunt
552 1612 610 1658 ιιι
637 1602 1023 1658 fecunditatem
1055 1602 1158 1657 soli
1189 1601 1632 1656 consideratione
1660 1598 1810 1653 solli-

205 1696 314 1753 cita
353 1706 680 1764 tractantes,
708 1697 966 1768 populum
1000 1696 1064 1751 ad
1086 1697 1205 1765 ejus
1226 1694 1569 1766 adeptionem
1604 1695 1810 1748 anima-

1915 470 2016 527 bus
2037 479 2264 537 :eterua,
2288 479 2342 527 et
2363 488 2393 525 a
2421 470 2642 527 caducis
2660 482 2922 543 perpetua
2948 471 3362 528 discernuntur.
3395 471 3522 526 Ideo

1915 581 2012 636 per
2034 564 2364 635 Propltetam
2397 565 2602 620 dicitur
2631 585 2646 621 :
2675 566 2735 622 Si
2766 567 3006 622 eduxeris
3034 567 3317 635 pretiosum
3345 584 3378 621 a
3407 565 3522 631 vili,
3611 581 3614 584 '

1913 664 2062 734 quasi
2088 679 2144 718 os
2174 679 2346 717 meum
2375 666 2475 719 eris
2509 662 2726 737 (Jcrent.
2755 681 2846 733 xv,
2881 665 2992 735 I9).

1984 757 2166 814 Χγιιει
2198 759 2428 828 mansio,
2472 758 2676 815 LEBNA.
2708 789 2779 799 —
2807 759 3012 814 Mansio
3045 758 3256 815 decima
3289 760 3518 830 septima

1916 853 1968 908 in
1998 851 2177 908 Lebna
2203 853 2402 926 agitur,
2433 868 2599 924 quare
2629 852 2906 924 suhjungit
2933 869 2947 906 :
2974 851 3044 906 Et
3077 853 3297 922 profecti
3333 868 3395 906 ea:
3423 852 3521 907 Re-

1914 949 2270 1021 mon-phares,
2296 951 2648 1004 castrametati
2675 959 2794 1004 sunt
2817 949 2870 1003 in
2903 946 3078 1002 Lebna
3101 946 3290 1018 (Nunt.
3320 962 3488 1002 χχχιιι
3507 990 3521 1010 ,

1913 1043 2031 1116 20).
2062 1043 2174 1100 Hac
2202 1047 2486 1100 mansione
2508 1044 2742 1117 mystice
2768 1043 3050 1110 docemur,
3072 1042 3214 1112 quod
3242 1042 3294 1096 in
3326 1042 3524 1096 itinere

1914 1138 2074 1210 hujus
2100 1141 2228 1195 vitae
2257 1139 2426 1195 abluti
2454 1154 2685 1209 corpore
2709 1149 2763 1194 et
2796 1139 2982 1194 mundi
3016 1138 3185 1194 corde
3208 1152 3333 1193 esse
3355 1136 3524 1192 debe-

1917 1249 2056 1300 mus,
2082 1242 2142 1290 ut
2164 1233 2462 1305 Apostolus
2489 1233 2556 1289 ad
2593 1233 2852 1289 Hebraeos
2879 1231 3072 1288 scribit
3103 1231 3290 1286 dicens
3321 1247 3334 1284 :
3367 1229 3529 1284 Acce-

1914 1329 2097 1382 dantus
2138 1345 2254 1382 cum
2293 1344 2410 1383 vero
2450 1327 2603 1381 corde
2647 1328 2702 1382 in
2749 1327 3073 1398 plenitudine
3117 1325 3264 1395 ﬁdei,
3318 1323 3524 1393 aspersi

1913 1421 2070 1475 corda
2097 1439 2128 1475 a
2153 1421 2466 1476 conscientia
2499 1422 2658 1486 mala,
2685 1431 2734 1473 et
2766 1420 2932 1474 abluti
2953 1435 3142 1489 corpus
3166 1434 3303 1489 aqua
3328 1420 3525 1471 munda

1916 1512 2106 1587 (Hebr.
2139 1530 2175 1569 ιι
2202 1555 2217 1581 ,
2246 1513 2364 1585 22).
2393 1513 2446 1569 Id
2474 1513 2652 1584 ipsum
2689 1527 2924 1582 namque
2955 1511 3140 1568 Lehna
3169 1511 3322 1566 vocis
3350 1510 3526 1566 inter-

1915 1607 2147 1677 pretatio
2199 1607 2402 1662 indicat
2442 1625 2455 1660 :
2502 1614 2664 1662 seuat
2705 1605 2853 1662 enim
2899 1605 3098 1661 Latine
3144 1603 3330 1661 Lebna
3378 1604 3522 1660 idem

1913 1699 2059 1771 quod
2083 1699 2378 1754 dealbatio.
2403 1698 2521 1755 Non
2558 1709 2644 1755 est
2667 1710 2850 1755 autem
2875 1697 3174 1763 dealbatio,
3204 1713 3309 1771 qua
3340 1697 3528 1768 culpa-

205 1801 327 1845 rent
357 1807 372 1844 :
401 1790 478 1845 ita
501 1799 558 1846 et
584 1790 674 1845 isti
705 1806 802 1860 per
824 1791 1022 1861 Legem
1053 1800 1105 1845 et
1129 1789 1448 1859 Prophetas,
1483 1797 1539 1841 ut
1562 1788 1810 1856 Scriptu-
1842 1801 1890 1860 Β
1919 1794 2100 1850 biliter
2127 1794 2326 1850 dicitur
2356 1803 2413 1850 et
2441 1795 2622 1866 paries
2649 1795 2962 1859 dealbatus,
2994 1802 3047 1849 et
3091 1792 3347 1862 sepulcra
3371 1790 3527 1848 deal-

208 1899 396 1939 rarum
431 1883 851 1954 investigatione
887 1882 1226 1938 Dominicum
1268 1881 1683 1952 specularentur
1711 1879 1808 1934 ad-

206 1988 466 2038 ventum,
510 1975 564 2030 in
598 1992 704 2046 quo
742 1977 911 2030 vitam
959 1987 1220 2030 aeternam
1253 1974 1512 2042 consequi
1561 1981 1809 2042 possent,

208 2069 493 2124 constituti
525 2079 654 2124 sunt
685 2087 698 2122 :
728 2069 822 2124 sed
864 2068 1004 2123 sicut
1036 2069 1112 2123 illi
1139 2083 1168 2122 a
1200 2083 1298 2138 spe
1328 2066 1669 2137 possidenda:
1697 2065 1809 2119 ha:-

211 2163 461 2218 reditatis
502 2171 878 2229 retraxerunt,
911 2163 994 2217 vel
1029 2162 1146 2232 ipse
1177 2160 1409 2230 populus
1434 2175 1620 2216 eorum
1656 2174 1810 2214 reve-

212 2255 417 2311 latione
441 2272 471 2310 a
503 2254 601 2311 Dei
637 2257 998 2327 promissione
1025 2271 1084 2311 se
1107 2255 1364 2309 alienavit
1397 2272 1410 2307 :
1443 2255 1512 2306 ita
1537 2262 1590 2308 et
1627 2253 1711 2307 isti
1746 2269 1814 2307 ne

213 2351 270 2405 in
295 2347 576 2405 Christum
608 2351 892 2406 Dominum
921 2352 1228 2417 crederent,
1262 2349 1406 2419 plebi
1446 2348 1676 2403 fallaciis
1706 2347 1816 2402 dis-

213 2453 531 2498 suaserunt.
561 2443 686 2499 Ideo
715 2446 767 2499 in
801 2459 896 2500 eos
935 2443 1134 2498 dicitur
1170 2461 1182 2496 :
1231 2442 1317 2497 Va:
1344 2441 1483 2496 vobis
1511 2443 1599 2511 qui
1627 2440 1816 2494 tulistis

211 2535 403 2589 clavem
448 2535 686 2590 scientia:
708 2553 727 2590 :
756 2537 856 2606 ipsi
885 2552 986 2591 non
1015 2536 1288 2600 introistis,
1331 2545 1379 2588 et
1407 2551 1491 2588 eos
1520 2532 1606 2601 qui
1631 2532 1816 2586 introi-

215 2630 354 2696 bant,
387 2627 729 2698 proltibuistis
755 2629 773 2701 (
796 2628 927 2684 Luc.
973 2645 1044 2692 χι,
1090 2629 1204 2698 52).
1238 2628 1462 2682 Botrutu
1494 2641 1623 2680 vero
1654 2639 1813 2692 quem

213 2723 549 2789 retulerunt,
574 2722 825 2778 Christus
873 2733 957 2778 est
1030 2721 1158 2776 Ideo
1199 2724 1250 2776 in
1282 2722 1520 2776 Cauticis
1556 2718 1814 2775 Cantico-

216 2832 328 2872 rum
352 2817 487 2872 dicit
513 2817 754 2872 Ecclesia
781 2818 848 2873 de
864 2817 1081 2874 Christo
1110 2838 1122 2873 :
1153 2817 1341 2872 Botrus
1365 2816 1525 2888 Cypri
1551 2821 1814 2888 fraternus

215 2927 353 2965 meus
381 2911 518 2965 mihi
548 2912 602 2964 in
643 2911 806 2966 vineis
851 2910 1093 2981 Enguddi
1121 2910 1312 2982 (Cant.
1361 2929 1406 2974 ι,
1443 2909 1571 2978 15).
1613 2909 1812 2963 Malunt

216 3004 470 3072 punicum
499 3003 574 3058 ob
606 3002 725 3073 ejus
755 3004 1004 3060 ruborem
1031 3006 1251 3073 sanguis
1278 3002 1482 3058 Christi
1523 3012 1627 3059 est.
1659 3001 1815 3058 Unde

218 3097 398 3154 Esaias
429 3117 443 3152 :
477 3098 634 3154 Unde
665 3100 836 3168 [ulvor
859 3101 1066 3155 vestiunt
1085 3102 1147 3154 de
1166 3099 1331 3154 Busra
1355 3097 1505 3167 (Esa.
1531 3113 1680 3164 thtt,
1714 3097 1814 3166 I)?

1913 1886 2037 1942 bala
2063 1894 2081 1960 (
2109 1885 2254 1960 Orig.
2307 1887 2448 1942 hom.
2493 1887 2560 1942 27
2610 1888 2661 1941 in
2697 1885 2861 1943 Nunt.
2909 1903 2972 1942 ea:
2998 1902 3130 1941 vers.
3174 1884 3307 1957 Ruf.
3335 1885 3394 1957 );
3428 1884 3525 1939 sed

1915 1996 2074 2051 quant
2111 1980 2380 2051 Propheta
2414 1991 2688 2051 precatur,
2722 1981 2951 2036 dicens:
2985 1979 3208 2035 Lavabis
3235 1995 3334 2046 me,
3368 1987 3418 2033 et
3437 1994 3526 2032 su-

1918 2090 2007 2145 per
2027 2075 2190 2128 nivem
2219 2075 2497 2130 dealbabor
2531 2073 2706 2146 (Psal.
2739 2091 2791 2142 ι,
2824 2075 2902 2143 9).
2928 2089 3090 2145 quam
3134 2073 3398 2128 Dominus
3428 2087 3527 2143 per

1917 2167 2240 2238 prOphetam
2276 2167 2564 2238 pollicetur
2591 2166 2781 2222 dicens
2817 2182 2832 2220 :
2873 2166 2937 2223 Si
2967 2167 3162 2238 fuerint
3203 2175 3412 2237 peccata
3438 2181 3524 2218 ue-

1917 2273 2022 2318 stra
2051 2263 2183 2317 sicut
2215 2263 2548 2332 pltmnicium,
2573 2264 2721 2332 quasi
2750 2263 2916 2317 nivem
2956 2261 3204 2317 dealbabo
3233 2279 3251 2316 :
3281 2273 3326 2316 et
3348 2261 3393 2316 si
3412 2261 3528 2331 [ur--

1917 2359 2022 2411 rint
2046 2358 2176 2410 sicut
2200 2357 2485 2423 coccinum,
2515 2357 2648 2411 velut
2671 2357 2846 2411 lauant
2865 2355 3090 2409 candida
3113 2355 3327 2425 efficiam
3349 2353 3522 2424 (Esai.

1918 2467 1954 2512 I,
1991 2447 2104 2519 I8).
2137 2450 2264 2504 Ilzec
2289 2447 2569 2502 dealbatio
2608 2463 2675 2502 ex
2706 2447 2948 2502 candore
2973 2446 3160 2517 judicii
3191 2446 3258 2500 de
3288 2445 3527 2500 Remun-

1919 2544 2148 2612 phares,
2183 2551 2237 2597 et
2277 2541 2527 2596 claritate
2559 2541 2830 2595 visionum
2863 2541 2931 2595 dc
2961 2539 3216 2608 Rethma,
3248 2538 3340 2595 ubi
3366 2553 3528 2595 verus

1915 2635 2161 2692 Israelita
2219 2651 2345 2692 snas
2399 2635 2610 2706 peragit
2676 2635 2990 2690 mansiones
3024 2677 3038 2701 ,
3108 2643 3362 2705 potenter
3423 2648 3524 2689 ex-

1917 2735 2114 2804 surgit.

1989 2827 2189 2884 Χνιιιι
2229 2828 2431 2883 mansio
2457 2869 2471 2893 ,
2507 2827 2703 2883 Bassa.
2750 2857 2820 2867 —
2851 2825 3056 2881 Mansio
3094 2823 3303 2879 decima
3334 2833 3524 2877 octava

1916 2919 1970 2976 in
2000 2921 2168 2976 Ressa
2204 2921 2502 2991 peragitur.
2547 2918 2699 2976 Unde
2735 2919 3016 2989 subjuugit
3057 2936 3068 2971 :
3121 2914 3188 2970 Et
3218 2916 3437 2988 profecti
3463 2933 3527 2970 ea:

1916 3013 2114 3080 Lebna,
2141 3016 2496 3070 castrametati
2526 3028 2644 3069 sunt
2675 3018 2728 3068 in
2752 3013 2916 3069 Ressa
2960 3011 3153 3084 (Nunt,
3185 3027 3372 3073 xxxnt,
3401 3009 3521 3082 21).

1917 3107 2146 3181 Mystice
2176 3109 2278 3165 hac
2309 3109 2593 3164 mansione
2621 3108 2882 3163 docemur
2909 3107 3050 3178 quod
3073 3106 3321 3176 quamvis
3345 3102 3526 3174 profe-

217 3189 368 3247 Ficus
387 3195 458 3247 ob
478 3193 606 3264 ejus
629 3195 952 3249 suavitatem
981 3195 1064 3250 lex
1093 3195 1405 3264 evangeliea
1431 3212 1444 3246 :
1483 3194 1603 3248 ideo
1624 3195 1808 3263 jugunt

1918 3204 2058 3260 cisse
2085 3203 2206 3275 quis
2242 3203 2532 3274 plurimum
2575 3201 2843 3266 videatur,
2877 3201 3221 3272 grandesque
3248 3200 3525 3269 profectus

214 3300 377 3339 meum
407 3303 569 3342 suave
598 3298 672 3340 est
699 3287 718 3358 (
743 3286 930 3341 Matth.
961 3303 1035 3352 XI,
1069 3287 1181 3358 50).
1219 3287 1320 3342 Per
1353 3286 1560 3341 Dathan
1589 3294 1646 3341 et
1675 3287 1812 3340 Abi-

213 3390 308 3430 ron
331 3419 345 3441 ,
377 3380 507 3447 quid
560 3379 708 3433 aliud
743 3395 901 3449 quam
935 3382 1022 3447 qui
1072 3379 1313 3435 haereses
1353 3389 1407 3434 et
1435 3378 1727 3436 schismata
1758 3379 1812 3434 itt

212 3470 495 3526 ecclesiam
536 3471 934 3536 introducunt,
973 3472 1382 3542 significantur?
1421 3471 1458 3526 Ii
1510 3472 1814 3528 sacerdotis

213 3568 538 3623 auctoritate
579 3578 891 3638 contempta
915 3609 930 3634 ,
968 3568 1128 3623 abeo
1159 3579 1209 3622 et
1244 3569 1334 3623 Dei
1367 3567 1611 3623 Ecclesia
1643 3582 1701 3621 se
1727 3581 1814 3622 se-

211 3672 514 3728 gregantes,
550 3662 691 3717 alias
716 3662 1000 3727 ecclesias,
1032 3663 1175 3716 aliud
1198 3663 1398 3728 altare,
1423 3663 1560 3716 alios
1585 3675 1767 3715 mores
1791 3700 1808 3728 ,

209 3760 268 3807 ut
294 3751 652 3823 Apollinaris,
684 3755 1038 3820 Novatianus,
1077 3767 1133 3810 et
1163 3755 1370 3810 similes
1397 3755 1674 3809 somniant
1708 3773 1720 3808 :
1756 3763 1812 3810 et

212 3845 302 3902 Dei
335 3850 690 3905 ordinatione
728 3850 962 3920 rejeeta,
993 3851 1237 3922 proprias
1265 3858 1534 3905 conantur
1568 3857 1810 3903 statuere

208 3941 476 3999 vanitates
509 3962 520 3998 :
559 3944 835 3999 hmreticis
867 3945 1084 3999 tandem
1129 3943 1617 4012 Schistnatieisque
1647 3951 1809 3996 teme

210 4035 482 4107 deglutitis
516 4041 800 4110 voragine,
829 4043 1006 4094 Aaron
1036 4040 1313 4104 sacerdos,
1349 4039 1398 4093 id
1421 4047 1526 4104 est,
1557 4037 1808 4094 Christus

207 4127 467 4185 Dominus
510 4131 779 4188 sacerdos
825 4133 876 4185 in
912 4143 1174 4188 arteruunt
1208 4131 1507 4187 secundum
1555 4129 1804 4185 ordinent

206 4218 606 4279 Melchisedech
673 4227 1022 4280 constituitur
1083 4224 1296 4280 medius
1357 4223 1423 4278 ad
1483 4221 1803 4293 placandum

210 4314 370 4372 Deum
398 4337 411 4371 :
438 4321 573 4389 quia
596 4322 702 4390 ipse
725 4322 1089 4388 sempiternum
1115 4321 1260 4374 habet
1283 4319 1646 4382 sacerdotium,
1668 4334 1804 4371 sem-

203 4425 289 4476 per
317 4413 490 4467 virens
517 4413 590 4466 ad
619 4414 1048 4485 interpellandum
1077 4431 1169 4481 pro
1195 4413 1340 4467 nobis
1375 4410 1534 4480 (Heb.
1563 4428 1656 4475 \‘Il,
1685 4410 1802 4481 24).

204 4499 364 4555 Arida
395 4505 547 4575 virga
580 4507 760 4560 Aaron
788 4521 908 4574 qua:
942 4515 1127 4573 postea
1156 4505 1417 4560 miraculo
1444 4505 1800 4574 germinavit,

1921 3296 2085 3352 fuerit
2109 3304 2460 3360 consecutus,
2488 3311 2612 3351 eum
2648 3306 2828 3350 tamen
2876 3295 3206 3348 teutationes
3237 3307 3342 3345 non
3368 3290 3524 3344 dese-

1920 3402 2045 3446 runt
2071 3408 2083 3444 :
2119 3399 2327 3445 tantum
2350 3389 2494 3445 enim
2520 3389 2631 3460 jam
2663 3387 2972 3459 profecerat
2993 3385 3194 3441 Paulus
3217 3382 3521 3455 apostolus,

1919 3492 1977 3538 ut
2002 3492 2058 3539 et
2097 3497 2267 3554 usque
2297 3483 2362 3536 ad
2392 3483 2611 3536 tertium
2644 3480 2843 3536 caelum
2878 3488 3064 3550 raptus
3100 3477 3301 3542 fuerit,
3333 3475 3522 3529 audie-

1917 3579 2100 3648 ritque
2121 3592 2317 3632 arcana
2343 3575 2663 3642 ineffabilia,
2691 3575 3050 3631 nihilominus
3078 3570 3406 3642 protligimis
3431 3567 3520 3620 ad-

1917 3671 2023 3727 huc
2053 3672 2447 3727 tentationibus
2488 3671 2666 3739 urgeri
2708 3686 2767 3725 se
2798 3670 3093 3724 sentiebat.
3127 3665 3280 3722 Unde
3323 3677 3520 3733 querc-

1916 3763 2073 3818 batur
2097 3781 2109 3816 :
2143 3762 2312 3817 Datus
2342 3773 2414 3818 est
2435 3764 2560 3817 mihi
2583 3761 3010 3816 stitnnluscarnis
3033 3759 3259 3831 Angelus
3279 3755 3514 3818 Satanw,

1915 3868 1970 3912 ut
2000 3873 2078 3912 me
2104 3857 2390 3930 colaphizet
2435 3856 2512 3928 (ll
2545 3852 2668 3911 Cor.
2702 3870 2796 3920 χιι,
2828 3853 2859 3907 7
2884 3852 2925 3925 ).
2948 3851 3302 3907 Tentatioues
3331 3856 3512 3902 tamen

1916 3950 2224 4020 hujusmodi
2265 3949 2569 4006 laudabiles
2608 3965 2730 4004 esse
2759 3947 2996 4003 .lacohus
3026 3942 3305 4015 apostolus
3341 3951 3510 3997 te5ta~

1915 4052 2000 4098 tttr
2027 4085 2042 4109 ,
2074 4043 2261 4098 dicens
2287 4058 2303 4096 :
2336 4042 2498 4096 Omne
2529 4041 2774 4112 gaudium
2808 4040 3120 4102 existimate,
3154 4041 3366 4107 fratres,
3394 4049 3510 4088 cum

1911 4138 1963 4191 in
1998 4137 2165 4190 rarius
2189 4138 2495 4190 tentationes
2526 4134 2810 4188 incideritis
2837 4130 3044 4204 (Iacob.
3072 4147 3106 4194 ι,
3133 4130 3214 4199 2),
3247 4129 3329 4183 Ita:
3359 4143 3509 4182 natu-

1911 4249 2015 4303 quc
2044 4232 2193 4287 velut
2241 4231 2487 4286 custodia
2519 4229 2766 4300 qumdam
2798 4226 3005 4282 homini
3037 4224 3391 4280 adhibentur.
3425 4221 3513 4278 Si-

1911 4335 2002 4382 cut
2022 4326 2166 4382 euim
2195 4340 2322 4381 caro
2349 4326 2594 4395 quamvis
2627 4322 2900 4394 pra~cipua
2934 4321 3028 4385 sit,
3057 4319 3161 4373 nisi
3190 4316 3302 4371 sale
3326 4331 3514 4385 asper-

1909 4426 2084 4488 gatur,
2117 4418 2521 4487 corrumpitur:
2556 4416 2628 4470 ita
2657 4426 2711 4468 et
2736 4413 2921 4469 anima
2948 4454 2962 4478 ,
2997 4409 3346 4478 quantumvis
3388 4424 3512 4478 per-

1910 4509 2068 4575 fecta,
2106 4509 2208 4564 nisi
2249 4509 2486 4565 assiduis
2514 4507 2741 4562 saliatur
2787 4504 3200 4570 tentationibus,
3232 4502 3509 4559 relaxatur

203 4592 401 4652 Christi
455 4613 592 4653 caro
649 4611 753 4662 est,
792 4613 912 4667 quae
961 4598 1107 4667 virga
1151 4598 1349 4654 dicitur
1399 4615 1428 4652 a
1482 4600 1742 4669 propheta
1785 4604 1883 4664 :D
1910 4602 2083 4675 (Orig.
2129 4604 2269 4656 Ιιοηι.
2317 4601 2385 4655 27
2419 4602 2471 4655 in
2501 4599 2663 4654 Nunt.
2699 4616 2766 4654 ea:
2790 4616 2922 4653 vers.
2951 4595 3128 4668 Ruﬁ).
3163 4597 3274 4651 lloc
3305 4605 3506 4658 autem,

207 4683 517 4756 Egredietur
548 4688 693 4759 virga
736 4688 799 4740 de
835 4687 1010 4741 radice
1043 4686 1191 4742 Jesse
1220 4690 1236 4757 (
1261 4687 1406 4744 Esai.
1443 4707 1515 4757 χι,
1552 4692 1569 4746 I
1599 4690 1637 4760 ).
1675 4690 1800 4744 Ilaec

203 4779 346 4834 arida
379 4781 594 4843 floruit,
628 4779 755 4848 quia
784 4789 994 4835 mortua
1022 4783 1342 4837 resurrexit.

271 4870 418 4927 Χγιοι
435 4871 1405 4938 mansio,Eunomianam—Decima
1421 4884 1570 4931 sexta
1588 4877 1800 4932 mansio

203 4961 982 5037 Remon-pharesappellatur.
1002 4969 1260 5040 Sequitur
1280 4969 1426 5025 enim
1453 4989 1466 5025 :
1493 4968 1560 5023 Et
1583 4971 1799 5038 profecti

202 5057 522 5120 exRet/rma,
551 5062 903 5115 rastrametati
931 5071 1053 5115 sunt
1081 5062 1135 5115 in
1163 5059 1579 5132 Remon-pltares
1605 5060 1798 5132 (Num,

203 5165 384 5218 sum,
403 5152 499 5225 I9)
511 5153 637 5225 12.
655 5153 1097 5208 H.ccestmausio
1112 5155 1350 5209 secunda
1368 5155 1417 5208 in
1431 5155 1651 5210 deserto
1664 5153 1803 5208 Pha-

201 5259 315 5308 ran,
349 5262 476 5318 quae
511 5249 565 5300 iu
597 5258 784 5302 nostra
819 5247 999 5314 lingua
1036 5247 1230 5302 divisio
1259 5248 1510 5303 sublimis
1537 5249 1802 5319 interpre-

202 5344 344 5392 tatur
370 5356 385 5394 :
416 5341 551 5409 quia
596 5339 684 5393 ubi
717 5339 841 5410 quis
867 5339 919 5393 iu
949 5339 1205 5407 Rethma,
1237 5340 1381 5411 quod
1412 5349 1497 5395 est
1526 5357 1587 5396 os
1617 5341 1806 5397 viden-

201 5434 299 5497 tis,
343 5441 721 5486 commoratus
769 5442 892 5498 est,
951 5431 1054 5487 hoc
1105 5441 1232 5499 est,
1273 5433 1570 5503 perfectam
1620 5451 1799 5490 rerum

202 5521 430 5595 adeptus
461 5533 553 5578 est
579 5523 1016 5593 intelligentiam,
1045 5526 1194 5580 venit
1227 5525 1293 5580 ad
1325 5525 1760 5595 Reman-phares
1783 5569 1800 5594 ,

203 5614 304 5670 hoc
327 5623 437 5682 est,
469 5613 541 5668 ad
570 5614 855 5669 sublimem
885 5615 1229 5684 divisionem,
1259 5634 1362 5689 qua
1390 5635 1418 5674 a
1447 5621 1673 5675 terrenis
1695 5635 1804 5675 cm-

205 5709 358 5795 lestia
382 5722 494 5798 ,et
525 5711 598 5764 ab
621 5710 850 5799 [infimis
877 5712 1127 5770 sublimia
1159 5729 1418 5799 separare
1462 5727 1659 5788 potest.
1696 5718 1805 5774 Nec

207 5795 529 5863 immerito:
577 5795 702 5860 nam
749 5794 992 5875 vigorate
1044 5794 1360 5878 intellectu,
1411 5800 1807 5885 crescenteque

1909 4697 2034 4768 quia
2068 4695 2265 4762 Rcssa,
2300 4695 2586 4750 laudabilis
2618 4696 2842 4749 teutatio
2871 4694 3281 4763 interpretatur.

1980 4790 2148 4846 ΧΙΧι
2183 4790 2400 4854 mansio,
2449 4788 2722 4844 Caurus.
2757 4788 3069 4842 —l)ecima
3114 4801 3254 4840 nona
3301 4785 3510 4838 mansio

1907 4882 2129 4940 Calatha
2153 4884 2352 4938 dicitur
2383 4901 2394 4936 :
2427 4883 2490 4936 ad
2534 4899 2694 4953 quant
2729 4882 2825 4936 filii
2856 4880 3021 4936 Israel
3051 4880 3218 4935 Ressa
3247 4878 3511 4933 abeuntes

1911 4985 2291 5049 pervenerunt.
2341 4975 2495 5033 Unde
2541 4975 2825 5043 sequitur:
2858 4972 2928 5028 Et
2959 4975 3178 5046 profecti
3216 4973 3280 5027 de
3312 4972 3504 5035 Ressa,

1906 5073 2258 5128 castrametati
2305 5083 2424 5126 sunt
2463 5073 2515 5125 in
2541 5069 2761 5126 Calatha
2797 5067 2985 5138 (Nunt.
3028 5084 3220 5135 xum,
3248 5066 3366 5138 22).
3399 5065 3505 5121 Ca-

1906 5165 2048 5219 latha
2090 5175 2247 5219 sonat
2277 5163 2472 5220 Latine
2516 5167 2750 5234 virgam,
2791 5172 2846 5217 et
2883 5161 3182 5217 dominium
3215 5158 3506 5230 significat.

1904 5255 2066 5312 Juxta
2100 5257 2229 5312 illud
2264 5275 2278 5312 :
2327 5257 2488 5327 Virga
2527 5257 2788 5326 arquitatis
2820 5271 2837 5309 :
2869 5255 3010 5325 rit'ga
3033 5256 3180 5325 regni
3217 5254 3290 5308 tui
3327 5249 3505 5322 (Psal.

1905 5366 2054 5416 ιιινι,
2085 5348 2162 5422 7).
2191 5351 2382 5407 Merito
2409 5362 2590 5406 autem
2623 5361 2746 5422 post
2776 5349 2943 5404 Ressa
2974 5347 3219 5416 sequitur
3240 5343 3464 5401 Calatha
3493 5362 3506 5398 :

1904 5443 2160 5515 quoniam
2190 5445 2276 5499 ubi
2323 5446 2502 5499 anima
2535 5444 2586 5498 in
2627 5442 2794 5498 Ressa
2827 5442 3158 5496 Ientatioues
3184 5437 3506 5509 superavit,

1906 5538 1977 5593 ita
2010 5537 2167 5592 fortis
2194 5537 2374 5592 evadit
2410 5549 2463 5591 ut
2496 5536 2754 5592 ascendat
2781 5532 3028 5594 Calatha,
3064 5531 3168 5586 hoc
3197 5543 3299 5596 est,
3331 5543 3388 5587 ut
3413 5532 3511 5586 do-

1909 5629 2133 5684 minium
2157 5629 2404 5698 acquirat
2427 5629 2622 5683 nedum
2649 5625 2964 5681 infct-iortuu
2985 5637 3204 5680 sitarum
3225 5627 3508 5690 virtutum,

1909 5720 2005 5776 sed
2058 5729 2112 5776 et
2165 5720 2328 5776 totius
2372 5719 2581 5776 mundi.
2638 5717 2755 5798 Iluc
2805 5714 3129 5772 ascenderat
3177 5718 3506 5790 Apostolus,

1910 5813 2128 5884 quando
2176 5812 2519 5872 dixitzMiIti
2567 5810 2790 5866 inundus
2839 5808 3123 5876 cruciﬁxus
3173 5822 3269 5875 est,
3311 5822 3361 5866 et
3414 5826 3510 5882 ego
