4082 6306
537 229 606 284 27
1537 225 1632 284 AD
1661 223 1898 284 OPEBA
1947 219 2204 282 SANC'I'l
2237 219 2566 280 AMBROSII
2611 219 2988 282 APPENDIX.

3777 222 3874 281 28

535 347 729 402 mundo
761 345 958 418 (Galat.
1001 359 1075 410 vt,
1125 345 1234 415 lt).
1267 343 1733 402 Castramctemur
1759 343 1922 414 igitur
1949 351 2005 398 et
2034 355 2134 400 nos
2163 341 2212 410 Α
2240 339 2530 412 ipsumque
2561 347 2756 394 cuncta
2787 338 2996 394 referre
3025 337 3222 406 debet,
3262 353 3361 396 nec
3391 336 3460 394 ab
3485 353 3552 394 eo
3577 353 3870 410 umquam

533 445 588 500 in
625 443 762 498 banc
791 440 1166 504 mansionem,
1199 449 1261 494 ut
1285 454 1508 496 carnem
1529 454 1654 496 cum
1687 439 1835 494 vitiis
1861 446 1916 494 et
1939 451 2139 492 concu-

535 535 816 609 piscentiis
846 534 1252 606 cruciligentes,
1287 542 1342 588 et
1387 533 1526 588 facta
1570 533 1688 604 ejus
1727 531 2134 598 mendicantes,

533 632 780 687 dicamus
811 645 936 684 cum
985 629 1250 696 Apostolo
1280 646 1295 683 :
1333 627 1487 696 Quod
1515 638 1684 684 autem
1719 629 1830 682 uiuo
1859 628 1913 682 in
1943 641 2096 682 carne
2117 668 2134 694 ,

531 727 586 782 in
615 725 718 794 ﬁde
738 725 850 778 vivo
881 722 1007 778 Filii
1035 720 1133 777 Dei
1159 719 1358 794 (Galat.
1389 738 1444 788 tt,
1472 721 1586 790 20).

607 816 736 874 XX“
759 817 964 872 mansio
987 857 1002 881 ,
1055 816 1365 872 Anssrnsa.
1397 845 1470 856 —-
1497 813 1706 870 Mausio
1747 813 2022 886 vigesima
2054 821 2140 868 est

532 911 586 966 in
611 909 911 980 Arsaphar.
945 907 1074 966 Ideo
1103 907 1235 964 dicit
1270 925 1284 961 :
1324 906 1394 961 Et
1439 907 1656 979 profecti
1687 907 1750 962 de
1779 905 2018 974 Calatha,
2051 922 2139 960 ca-

535 1005 824 1061 strametati
845 1013 964 1060 sunt
993 1004 1047 1058 in
1083 1001 1390 1076 Arsaphar(
1421 1001 1582 1058 Num.
1617 1017 1808 1068 χχχιιι,
1831 1001 1903 1060 25
1935 1001 1977 1072 ).
2006 999 2139 1058 Atti-

535 1115 690 1156 mosa
729 1099 891 1154 statio
921 1097 1026 1152 ista
1050 1105 1166 1161 est;
1218 1095 1282 1150 ad
1325 1095 1494 1152 ardua
1536 1096 1738 1166 quippe
1773 1110 1873 1152 nos
1902 1093 2134 1162 invitat,

536 1210 732 1263 nempe
765 1193 830 1248 ad
865 1192 1026 1256 bella,
1056 1198 1112 1246 et
1134 1191 1271 1246 bella
1304 1189 1628 1262 asperrima,
1653 1199 1706 1245 ct
1735 1197 1922 1246 contra
1949 1187 2137 1244 fortis.

531 1289 702 1345 simus
723 1296 780 1343 et
805 1285 1139 1342 smvissimos
1180 1284 1384 1340 hostes.
1423 1283 1498 1338 De
1523 1283 1720 1354 quibus
1748 1279 1964 1338 dicebat
1991 1282 2138 1352 Apo-

536 1383 710 1438 stolus
749 1402 763 1434 :
807 1378 931 1434 Non
965 1387 1038 1434 est
1077 1377 1220 1432 nobis
1253 1379 1390 1432 lucta
1415 1377 1654 1430 adversus
1686 1391 1892 1430 carnem
1931 1383 1976 1428 et
2011 1391 2134 1428 san-

534 1476 774 1545 guinem,
808 1473 896 1528 sed
936 1471 1181 1524 adversus
1211 1469 1533 1542 principatus
1572 1477 1620 1522 et
1662 1475 1936 1538 potestates
1980 1465 2136 1539 hujus

538 1567 749 1632 mtmdi,
802 1565 1046 1618 adversus
1099 1562 1419 1620 tenebrarum
1468 1559 1652 1614 harum
1707 1573 1970 1626 rectores,
2023 1569 2130 1614 etc.

541 1657 764 1730 (Ephes.
795 1673 872 1724 γι,
905 1655 1017 1727 12).
1051 1655 1094 1710 Α
1117 1655 1312 1728 quibus
1331 1655 1532 1726 urgeri,
1556 1655 1774 1726 vimque
1796 1655 1900 1709 sibi
1925 1653 2130 1720 inferri,

2241 431 2504 489 recedere
2535 430 2724 508 (Orig.
2757 431 2870 486 loco
2895 448 3012 504 sup.
3045 431 3192 503 cit.).
3229 433 3370 488 Deus
3394 441 3478 488 est
3512 432 3868 504 principium

2242 533 2298 582 et
2331 523 2452 582 linis
2474 568 2488 593 ,
2520 533 2580 580 ut
2610 525 2662 580 in
2693 523 3022 596 Apocalypsi
3062 525 3356 580 scribitur:
3389 523 3500 598 Ego
3537 542 3652 582 sum
3699 527 3872 595 prin-

2241 622 2436 692 cipium
2456 630 2504 676 et
2529 621 2671 691 ﬁnis,
2705 619 2830 674 dicit
2857 618 3114 674 Dominus
3143 618 3281 674 Deus
3301 620 3386 690 qui
3411 629 3504 688 est,
3529 630 3576 676 et
3597 620 3864 688 quierat,

2241 727 2288 772 et
2315 718 2404 790 qui
2435 725 2680 772 venturus
2717 725 2792 770 est
2821 715 3142 786 omnipotens
3173 713 3370 785 (Apoc.
3405 731 3455 776 ι,
3488 713 3581 788 8).
3617 713 3746 772 Ideo
3777 713 3868 770 ad

2239 811 2410 868 Deum
2452 809 2758 868 reducenda
2803 816 2932 866 sunt
2975 808 3180 864 omnia.
3217 807 3368 864 llunc
3408 817 3467 864 ut
3513 807 3864 878 principium

2241 903 2672 978 recognoscebat
2721 903 3026 973 prepheta,
3075 901 3202 956 dum
3247 901 3428 956 dixit:
3475 899 3664 956 Nonne
3711 912 3767 956 tu
3823 920 3864 957 α

2239 999 2498 1072 principio
2519 1041 2534 1066 ,
2567 997 2787 1056 Domine
2825 995 2963 1052 Deus
2995 1012 3136 1050 meus
3166 1005 3342 1052 sancte
3369 993 3597 1066 (Habac.
3633 1011 3678 1060 ι,
3715 993 3860 1068 12).

2237 1091 2396 1148 Hunc
2425 1089 2860 1160 recognoscebat
2885 1088 3182 1162 Apostolus
3211 1087 3437 1146 dicens:
3469 1088 3647 1144 Flecto
3677 1106 3864 1161 genua

2238 1201 2354 1242 mea
2391 1185 2461 1240 ad
2499 1183 2714 1240 Patrem
2761 1181 2979 1238 Domini
3015 1183 3176 1238 nostri
3223 1180 3352 1240 Jesu
3394 1181 3616 1250 Christi,
3650 1198 3716 1237 ea:
3741 1198 3860 1254 quo

2239 1282 2407 1336 omnis
2437 1279 2641 1352 familia
2675 1280 2729 1334 in
2773 1278 2913 1334 cortis
2955 1287 3002 1334 et
3029 1278 3084 1332 in
3109 1285 3246 1332 terra
3277 1277 3574 1332 nominatur
3607 1275 3854 1350 (Ephes.

2239 1389 2332 1440 ιιι,
2369 1373 2496 1444 Η).

2309 1467 2512 1524 XXlll'll
2535 1468 2752 1532 mansio,
2777 1466 3024 1522 Tuum.
3065 1496 3138 1506 —
3159 1465 3370 1522 Mausio
3392 1465 3654 1537 vigesima
3681 1467 3852 1522 tertia

2237 1573 2322 1622 est
2349 1563 2564 1620 Thaatb
2589 1581 2604 1632 ;
2633 1565 2758 1620 ideo
2779 1564 3062 1635 sequitur:
3097 1561 3164 1617 Et
3201 1562 3416 1633 profecti
3446 1563 3510 1618 de
3543 1561 3804 1618 Maceloth
3827 1604 3848 1630 ,

2237 1661 2588 1716 castrametati
2617 1668 2734 1714 sunt
2771 1660 2826 1712 in
2859 1657 3060 1714 Thaath
3102 1656 3302 1728 (Num.
3335 1672 3531 1724 xum,
3573 1655 3706 1726 26).
3735 1656 3848 1713 Ve—

531 1752 677 1808 idetn
710 1752 1008 1820 Apostolus
1048 1747 1348 1814 sentiebat;
1391 1747 1530 1804 unde
1572 1747 1708 1804 dixit
1743 1767 1755 1802 :
1792 1746 1992 1820 Infelix
2043 1765 2132 1821 ego
2165 1752 2213 1812 B
2242 1769 2360 1810 rum
2402 1754 2529 1826 quia
2573 1751 2790 1808 Thath
2835 1750 3303 1822 longanimitatem
3350 1764 3446 1804 seu
3494 1750 3846 1808 tolerantiam

535 1848 710 1910 homo,
741 1844 854 1913 quis
884 1858 965 1896 me
987 1841 1219 1896 liberabit
1244 1841 1307 1895 de
1329 1857 1544 1912 corpore
1566 1841 1745 1896 mortis
1771 1842 1925 1912 hujus
1955 1839 2130 1912 (Rom.

534 1955 626 2004 vn,
661 1937 731 1992 24
755 1938 812 2008 )?
846 1937 957 1992 lloc
984 1946 1163 1992 autem
1190 1978 1206 2006 ,
1239 1937 1362 2008 quia
1396 1933 1670 2006 Arsaphar
1713 1935 1858 1990 tuba
1887 1935 2130 2006 clangor,

535 2037 646 2092 sive
678 2035 998 2091 tubicinatio
1029 2043 1131 2100 est,
1165 2031 1307 2104 quod
1336 2041 1418 2087 est
1448 2031 1574 2088 belli
1617 2032 1854 2102 signum.
1884 2029 1996 2086 Nec
2037 2032 2138 2086 im-

533 2129 764 2194 merito;
806 2127 1063 2199 quoniam
1093 2129 1272 2182 anima
1324 2124 1702 2196 superioribus
1737 2123 2132 2188 mansionibus,

533 2229 614 2276 tot
643 2221 916 2293 tantisque
937 2220 1229 2278 virtutibus
1255 2235 1314 2274 se
1354 2233 1587 2274 cernens
1615 2228 1878 2273 armatam
1905 2259 1920 2284 ,
1963 2217 2136 2274 conti-

533 2317 648 2372 neri
679 2332 786 2372 non
820 2325 1022 2388 potest,
1051 2316 1180 2386 quin
1225 2313 1486 2386 procedat
1529 2315 1580 2368 in
1613 2311 1874 2378 medium,
1901 2322 1952 2370 et
1981 2328 2040 2370 se
2067 2311 2133 2368 ad

532 2411 832 2468 certamina
859 2411 1060 2468 nedum
1097 2409 1312 2476 oderat,
1345 2407 1440 2464 sed
1466 2419 1708 2480 paratam
1745 2423 1806 2464 se
1840 2407 2132 2479 prtcferat:

529 2505 662 2576 quin
680 2513 736 2562 et
755 2504 1010 2560 tubarum
1024 2503 1251 2575 clangor
1272 2503 1510 2574 reliquos
1529 2501 1691 2558 etiam
1715 2516 1838 2558 cum
1863 2501 2134 2573 Propheta

533 2607 818 2670 provocet,
851 2597 1040 2654 dicens
1070 2616 1082 2652 :
1117 2598 1373 2652 Assumite
1412 2613 1580 2662 arma,
1624 2605 1768 2650 scuta
1811 2595 2052 2650 adducite
2081 2595 2134 2650 in

535 2692 794 2764 prmlium,
820 2692 1031 2746 sternite
1064 2707 1222 2758 equos
1243 2732 1258 2756 ,
1284 2690 1540 2744 ascendite
1573 2691 1794 2760 equites,
1837 2690 1996 2759 polite
2021 2689 2134 2743 lan-

534 2801 650 2840 ceas
673 2783 890 2856 (Jerem.
919 2801 1062 2852 ιιινι,
1091 2783 1171 2856 li).
1196 2783 1369 2838 Immo
1389 2799 1512 2839 cum
1539 2782 1648 2838 alio
1669 2783 1932 2854 propheta
1953 2783 2133 2838 dicat:

539 2878 832 2934 Prwdicate
861 2877 957 2932 hoc
987 2879 1040 2932 in
1061 2877 1298 2948 gentibus
1321 2919 1334 2943 ,
1377 2875 1693 2946 sanctiﬁcata
1723 2875 1945 2944 bellum,
1974 2877 2139 2932 susci-

541 2982 646 3026 tate
663 2983 994 3044 pugnatores,
1010 2970 1237 3026 accedite
1256 2969 1351 3024 viri
1367 2968 1644 3028 bellatores
1671 2965 1813 3042 (Joel
1828 2983 1904 3034 ιιι,
1921 2967 2001 3038 9).
2026 2967 2136 3024 Hoc

550 3065 752 3122 bellum
795 3071 1099 3122 tractarunt
1134 3063 1234 3137 13
1274 3073 1330 3119 et
1357 3064 1608 3118 vicerunt
1639 3075 1841 3133 patres,
1876 3071 1936 3118 ut
1973 3061 2141 3118 refert

2237 1848 2406 1906 latine
2451 1845 2759 1920 signiﬁcat,
2810 1861 2907 1918 per
2951 1845 3124 1916 ipsam
3155 1843 3426 1900 indicatur
3465 1841 3655 1909 nobis,
3697 1841 3848 1912 quod

2237 1942 2328 2012 qui
2355 1941 2408 1997 in
2433 1940 2518 1995 via
2551 1941 2640 1996 Dei
2670 1939 2964 2012 prolicere,
2991 1938 3224 2010 aliisque
3254 1935 3518 2009 prodesse
3537 1936 3846 2002 contendit,

2239 2036 2408 2092 multa
2439 2037 2580 2106 pati,
2613 2035 2780 2090 multa
2805 2033 3189 2106 :equanimiter
3213 2032 3458 2102 perferre
3479 2046 3706 2088 necesse
3735 2041 3845 2089 est.

2239 2130 2448 2186 Idcirco
2479 2129 2740 2198 apostolis
2765 2127 2963 2184 dicitur
2991 2146 3006 2184 :
3039 2126 3065 2182 Ι
3073 2145 3104 2182 n
3134 2127 3382 2200 patientia
3411 2135 3576 2182 vestra
3605 2126 3845 2196 posside-

2239 2223 2356 2280 bitis
2387 2226 2589 2280 animas
2617 2235 2811 2281 vestras
2839 2225 2860 2296 (
2879 2223 3010 2280 Luc.
3043 2238 3170 2290 nt,
3202 2220 3330 2294 l9).
3367 2220 3447 2277 Ad
3489 2221 3846 2277 tolerantiam

2239 2335 2338 2374 nos
2403 2319 2599 2374 invitat
2665 2318 3006 2390 Apostolus,
3079 2314 3502 2388 prtecedentium
3573 2323 3788 2384 patrum
3824 2353 3842 2380 ,

2237 2411 2548 2483 Christique
2615 2409 2924 2480 exemplum
2991 2423 3328 2480 proponens.
3397 2407 3576 2478 luquit
3640 2408 3844 2462 enim:

2239 2503 2469 2578 Ideoque
2515 2515 2563 2560 et
2621 2522 2714 2560 nos
2769 2513 2967 2558 tantam
3017 2503 3261 2558 habentes
3311 2501 3606 2572 impositam
3660 2500 3850 2555 nubem

2237 2600 2442 2654 testium
2461 2639 2476 2662 ,
2505 2599 2812 2668 deponcntes
2852 2613 3002 2652 omne
3035 2597 3240 2669 pondus
3279 2605 3326 2650 et
3356 2596 3696 2650 circumstans
3725 2611 3852 2666 pec-

2239 2705 2444 2760 catum,
2477 2709 2566 2760 per
2607 2693 2912 2759 patientiam
2937 2707 3210 2746 curramus
3237 2690 3308 2744 ad
3345 2691 3668 2760 propositum
3695 2688 3851 2744 nobis

2237 2797 2494 2840 certamen
2515 2827 2530 2852 ,
2563 2786 2868 2850 aspicientes
2907 2785 2962 2838 in
2989 2793 3250 2840 auctorem
3276 2783 3399 2852 ﬁdei
3429 2792 3479 2837 et
3517 2797 3854 2836 consumma-

2240 2891 2404 2936 torem
2429 2879 2612 2935 Iesum
2642 2877 2906 2935 Christum
2936 2877 3106 2952 (Ileb.
3145 2894 3246 2944 xu,
3283 2875 3368 2948 t).
3405 2875 3667 2932 Dominus
3693 2874 3849 2930 enim

2238 2981 2424 3028 noster
2451 2970 2612 3026 Jesus
2653 2969 2902 3026 Christus
2929 2971 3098 3024 multa
3129 2984 3256 3038 erga
3302 2967 3552 3022 homines
3581 2980 3848 3022 mansue-

2237 3065 2473 3132 tudinis,
2505 3064 2812 3120 tolerantize
2843 3063 3112 3120 malorum
3135 3105 3150 3130 ,
3195 3073 3356 3135 prout
3383 3061 3624 3118 dilucide
3652 3075 3850 3117 recen—

539 3157 831 3226 Aposmlus
861 3156 926 3210 ad
977 3155 1274 3211 Hebrzeos:
1312 3153 1695 3210 Obturaverunt
1745 3171 1836 3210 ora
1887 3156 2131 3224 leonum,
2162 3147 2208 3208 C
2241 3167 2434 3213 scntur
2479 3157 2534 3212 iu
2584 3156 2932 3226 Evangeliis,
2979 3155 3276 3226 exempla,
3327 3170 3435 3227 quo
3479 3155 3598 3226 ejus
3642 3169 3848 3224 seque-

539 3252 868 3305 exlinxerunt
894 3249 1141 3322 impetum
1175 3249 1335 3321 ignis,
1363 3248 1722 3324 e/Iugauerunt
1744 3250 1906 3304 aciem
1927 3248 2094 3324 gladii
2119 3291 2134 3316 ,

539 3349 700 3414 fortes
723 3345 852 3413 [acti
891 3354 1008 3398 sunt
1037 3345 1090 3397 in
1131 3343 1265 3398 bello
1298 3341 1488 3415 (Hebr.
1519 3359 1592 3410 XI,
1624 3343 1740 3412 55).
1779 3341 1944 3398 Plena
1976 3343 2137 3414 igitur

537 3437 751 3492 roboris
783 3452 846 3492 ac
871 3437 1093 3506 Spiritus
1122 3439 1235 3490 hate
1265 3436 1478 3491 mansio
1506 3445 1606 3491 est.

609 3531 763 3588 ΧΧιει
794 3537 1024 3596 mansio,
1057 3531 1269 3587 Anam.
1315 3561 1387 3572 —-
1415 3525 1682 3600 Vigesima
1717 3529 1890 3600 prima
1925 3531 2139 3586 mansio

542 3625 720 3682 Aratla
767 3634 890 3690 est;
925 3627 1053 3680 ideo
1092 3624 1220 3678 dicit
1250 3642 1262 3675 :
1299 3621 1363 3676 Et
1391 3623 1612 3694 pro/t’t‘li
1642 3639 1704 3676 ea:
1735 3621 2021 3696 Arsaphar,
2051 3641 2136 3676 ca-

535 3719 822 3773 strametati
867 3729 986 3773 sunt
1033 3718 1086 3772 iu
1133 3715 1312 3770 Arada
1357 3711 1559 3787 (Nunt.
1612 3711 1971 3786 xxxmﬂd).
2013 3713 2139 3770 lia-c

535 3829 754 3886 quoque
819 3813 1029 3868 mansio
1095 3811 1270 3884 longis
1329 3821 1414 3866 est
1469 3809 1756 3880 pra'coniis
1819 3808 2132 3866 recolenda.

536 3907 714 3962 Arada
772 3921 1005 3978 namque
1059 3905 1318 3961 idoneum
1375 3903 1632 3960 ellectum
1686 3903 1910 3958 indicat.
1970 3903 2138 3958 Adest

539 3999 762 4070 pulcher
805 3998 982 4064 ordo;
1041 3998 1134 4052 sed
1189 3996 1515 4052 observandi
1564 4005 1689 4050 sunt
1738 3995 2136 4066 proﬁcientium

537 4090 738 4161 gradus
761 4132 776 4158 ,
809 4097 864 4146 et
893 4090 1062 4146 series
1104 4089 1444 4158 prolocutum
1492 4087 1825 4159 inapicicnda
1859 4097 1964 4144 est.
2005 4087 2138 4142 Nam

540 4184 628 4238 ubi
680 4182 858 4238 anima
906 4181 1237 4238 tentationes
1287 4181 1604 4252 superavit,
1657 4179 1804 4236 vires
1855 4179 2142 4236 inferiores

539 4291 794 4348 premere
831 4275 1033 4332 audet:
1081 4285 1133 4331 et
1179 4274 1270 4330 ubi
1314 4289 1480 4345 super
1509 4273 1588 4328 eis
1621 4273 1906 4344 imperium
1941 4273 2144 4334 habere

540 4384 600 4426 se
637 4369 936 4439 CODSpicil,
984 4367 1312 4423 adversariis
1357 4367 1718 4437 potestatibus
1747 4367 2006 4436 insultat,
2047 4384 2140 4426 ea-

541 4479 770 4535 rumque
798 4465 1068 4536 potentias
1091 4463 1287 4519 nedum
1315 4479 1421 4518 nnn
1449 4463 1623 4530 timet,
1651 4463 1745 4520 sed
1771 4463 1838 4518 ad
1864 4477 2139 4520 certamen

2237 3265 2426 3305 remur
2463 3250 2728 3320 veStigia,
2779 3257 2840 3304 ut
2885 3249 3082 3306 Petrus
3133 3249 3413 3320 apostolus
3463 3248 3636 3314 dicit,
3687 3248 3852 3305 nobis

2239 3342 2486 3400 exhibuit
2517 3343 2574 3416 (Ι
2601 3341 2719 3398 Pet.
2751 3359 2818 3410 ιι,
2849 3342 2976 3414 21).

2313 3435 2518 3494 XXIVa
2543 3437 2766 3502 mansio,
2789 3435 2998 3492 Τιιλιιε.
3024 3465 3095 3477 -—-
3133 3433 3342 3490 Mansio
3363 3434 3626 3504 vigesima
3651 3441 3854 3504 quarta

2239 3530 2438 3586 dicitur
2487 3529 2706 3594 Thare;
2755 3529 3002 3599 sequitur
3053 3545 3334 3600 namque:
3395 3527 3461 3582 Et
3513 3527 3734 3597 profecti
3781 3525 3852 3582 de

2243 3622 2448 3678 Thaath
2469 3666 2483 3690 ,
2512 3622 2860 3678 castrametati
2881 3633 2998 3678 sunt
3022 3623 3074 3677 in
3095 3621 3267 3677 Thare
3291 3621 3368 3695 (Ν
3375 3639 3480 3676 nm.
3507 3635 3700 3684 xxxut,
3721 3619 3844 3692 ‘27).

2240 3715 2421 3776 Thare
2461 3717 2655 3772 Latine
2687 3717 3080 3788 interpretatur
3123 3723 3338 3786 stupor,
3381 3729 3558 3786 gratce
3587 3709 3798 3774 ἓκτασις
3825 3749 3846 3778 ,

2241 3827 2362 3883 quae
2403 3819 2490 3866 est
2515 3809 2854 3865 vehementis
2881 3807 3162 3880 cujusdam
3188 3805 3564 3863 admirationis
3593 3804 3844 3876 species,

2242 3919 2310 3958 ex
2349 3903 2642 3958 ardnarnm
2686 3911 2740 3958 et
2780 3901 3125 3957 insolitarum
3171 3916 3354 3956 rerum
3397 3899 3608 3955 visione
3653 3912 3850 3970 prove-

2245 3996 2422 4052 niens.
2456 3995 2588 4050 Nam
2631 4011 2752 4050 eum
2799 3995 2981 4066 aliqua
3025 3995 3243 4051 insolita
3271 4037 3285 4062 ,
3341 4003 3548 4050 natura:
3577 4007 3708 4050 vero
3737 3992 3844 4047 im-

2243 4091 2523 4162 possibilia
2573 4089 2809 4148 humnno
2849 4105 2908 4147 se
2951 4091 3188 4146 olTerunt
3225 4093 3456 4156 obtutu;
3499 4090 3623 4162 quia
3664 4089 3720 4144 in
3761 4085 3848 4142 in-

2245 4185 2603 4258 vestigatione
2647 4185 2957 4257 hnjusmodi
3001 4200 3180 4246 causa:
3223 4199 3421 4240 sensus
3466 4183 3758 4250 deﬁciunt,
3792 4190 3848 4238 et

2247 4281 2386 4338 ratio
2425 4281 2767 4348 succumbit,
2815 4297 2968 4337 mens
3007 4289 3211 4352 stupet.
3244 4279 3398 4347 Quod
3432 4277 3617 4334 Daniel
3646 4275 3848 4332 clarius

2245 4376 2552 4445 expressit,
2599 4375 2824 4430 dicens:
2875 4374 3158 4442 Stupebam
3189 4373 3468 4439 visionem,
3501 4381 3548 4426 et
3591 4387 3692 4424 non
3731 4379 3848 4424 erat

2245 4471 2535 4540 intelligens
2564 4470 2740 4546 (Dan.
2773 4487 2896 4537 vut,
2939 4469 3064 4542 27).
3118 4469 3274 4526 Unde
3317 4484 3440 4525 cum
3490 4466 3844 4538 paralyticnm

542 4569 826 4628 provocat.
863 4557 1016 4614 Nunc
1045 4568 1225 4614 autem
1269 4557 1338 4614 de
1384 4557 1608 4612 victoria
1659 4573 1850 4615 secura
1899 4551 2221 4616 ascenditD
2247 4563 2336 4634 qui
2373 4563 2744 4634 portahatura
2771 4573 3026 4634 quatuor,
3071 4562 3136 4617 ad
3175 4561 3348 4616 solam
3397 4559 3613 4615 Domini
3657 4573 3846 4616 vocem

542 4653 596 4706 in
633 4651 843 4721 Arada,
886 4652 938 4708 id
969 4661 1084 4717 est,
1117 4652 1380 4722 gloriatur
1413 4651 1464 4705 in
1513 4653 1744 4708 Domino
1781 4668 1842 4709 se
1889 4651 2140 4710 idoneam

543 4745 793 4802 ell'eetam
815 4787 832 4814 ,
862 4755 915 4802 et
943 4745 1076 4801 dicit
1105 4761 1229 4802 cum
1261 4745 1528 4815 Apostulo
1555 4763 1568 4800 :
1605 4745 1937 4818 Sufﬁcientia
1963 4755 2142 4802 nostra

543 4839 743 4895 eat-Deo
785 4849 886 4908 est,
933 4841 1024 4911 qui
1062 4849 1110 4894 et
1155 4841 1368 4896 idoneos
1409 4857 1503 4896 nos
1547 4841 1666 4910 fecit
1715 4841 1976 4898 ministros
2022 4840 2142 4916 novi

543 4933 854 4990 Testamenti
885 4933 960 5004 (ll
991 4931 1111 4989 Cor.
1145 4949 1220 5000 tv,
1255 4935 1319 5000 5,
1353 4935 1448 5007 6).
1483 4935 1712 4990 Oremus
1743 4935 1902 5003 igitur
1937 4934 2102 4992 Deum
2123 4975 2138 5001 ,

547 5037 604 5082 ut
643 5034 701 5082 et
731 5040 830 5082 nos
861 5026 926 5082 ad
965 5025 1142 5084 Arada
1171 5029 1494 5100 pervenire,
1529 5037 1583 5084 et
1613 5028 1682 5083 ibi
1715 5028 2006 5084 stationem
2039 5027 2136 5082 tta-

543 5122 678 5180 here
707 5121 1007 5177 valeamus.

619 5217 798 5274 XXII“
845 5219 1074 5285 mansio,
1130 5217 1448 5274 Macenom.
1495 5249 1567 5260 —
1622 5219 1828 5274 blansiu
1874 5218 2140 5290 vigesima

543 5311 784 5367 secunda
840 5310 1041 5366 dicitur
1088 5309 1392 5378 Maceloth;
1447 5311 1650 5368 idcirco
1704 5311 2026 5384 subiungit:
2075 5313 2144 5374 Et

546 5404 760 5474 profecti
813 5405 876 5459 de
925 5403 1140 5470 Arado,
1197 5407 1542 5460 castrautetati
1597 5415 1715 5460 sunt
1767 5406 1820 5460 in
1877 5401 2138 5468 Macelotlt

544 5496 745 5568 (Num.
780 5515 968 5568 χχχιιι,
995 5497 1118 5570 25).
1145 5498 1414 5556 Maceloth
1449 5497 1840 5568 interpretatur
1862 5499 1930 5556 ab
1961 5501 2141 5568 initio,

547 5607 646 5664 per
678 5592 820 5660 quod
853 5593 1097 5648 inuuitnr
1125 5592 1267 5664 quod
1299 5593 1389 5663 qui
1421 5592 1594 5648 leudit
1623 5591 1690 5646 ad
1715 5594 2106 5662 pet-lectionem
2127 5637 2142 5662 ,

549 5687 634 5744 vel
666 5703 788 5744 eam
811 5687 992 5759 aliquo
1023 5689 1184 5744 modo
1211 5697 1522 5744 assecutum
1552 5703 1610 5744 se
1635 5687 1838 5754 sentit,
1867 5688 1934 5744 ad
1963 5705 2145 5750 rerum

551 5782 796 5862 initium,
829 5797 860 5862 a
891 5797 998 5852 quo
1025 5783 1281 5862 universa
1325 5783 1677 5856 dependent,
1725 5783 2036 5856 respicere,
2083 5785 2150 5844 ad

2247 4658 2600 4726 surrexisse,
2647 4658 2845 4714 lectum
2889 4657 2942 4712 in
2985 4671 3098 4728 quo
3133 4655 3386 4727 iacebat,
3425 4655 3644 4718 tulisse,
3689 4662 3746 4708 ct
3791 4655 3846 4708 in

2247 4753 2468 4808 domum
2511 4767 2664 4807 suam
2713 4752 2916 4808 abiisse
2947 4750 3174 4806 intuitus
3217 4761 3364 4804 esset
3403 4747 3675 4819 populus;
3719 4747 3846 4818 quia

2249 4845 2354 4901 hoc
2380 4860 2546 4917 supra
2577 4847 2888 4901 facultatem
2927 4855 3044 4900 erat
3085 4841 3357 4910 hominis,
3389 4841 3686 4912 obstupuit.
3716 4839 3848 4896 [deo

2247 4940 2378 4996 dicit
2423 4951 2647 4998 sanctus
2689 4939 2906 4994 Lucas:
2949 4937 3016 4994 Et
3059 4949 3240 5009 stupor
3282 4936 3624 5010 apprehendit
3669 4950 3848 4990 omnes

2247 5031 2414 5106 (Luc.
2448 5049 2499 5102 v,
2529 5033 2661 5106 26).
2697 5033 2774 5090 De
2823 5031 2930 5086 hoc
2967 5047 3137 5102 agens
3187 5031 3488 5087 Hieremias
3531 5029 3802 5102 prepheta
3825 5069 3844 5095 ,

2244 5129 2358 5183 ait:
2407 5129 2606 5198 Stupor
2640 5135 2688 5184 et
2713 5127 2986 5182 horribilia
3025 5131 3164 5198 facta
3201 5137 3320 5180 sunt
3361 5127 3414 5180 iu
3453 5136 3592 5180 terra
3617 5122 3840 5196 (Jerem.

2245 5235 2298 5284 v,
2327 5221 2452 5287 50).
2485 5221 2549 5275 Et
2585 5219 2710 5292 quia
2757 5219 2810 5273 in
2853 5218 2918 5274 iis
2967 5219 3340 5274 mansionibus
3383 5217 3550 5271 multa
3583 5215 3844 5286 pra'ciara

2245 5325 2300 5372 et
2343 5313 2680 5370 admirabilia
2743 5313 2886 5370 edita
2933 5323 3061 5370 sunt
3105 5327 3310 5382 Opera,
3369 5326 3598 5380 quorum
3649 5323 3845 5364 causas

2247 5425 2354 5466 non
2387 5417 2566 5480 potest
2607 5408 2840 5464 humana
2887 5423 3042 5464 mens
3089 5408 3299 5463 ratione
3340 5403 3844 5473 comprehendere,

2247 5505 2372 5561 ideo
2403 5503 2622 5560 tandem
2647 5502 2863 5560 venitur
2893 5503 2948 5558 in
2976 5503 3188 5570 'l‘hare,
3224 5501 3324 5556 huc
3347 5509 3462 5564 est,
3496 5499 3548 5552 in
3579 5508 3845 5566 stupore;

2249 5598 2330 5652 sic
2368 5597 2514 5654 enim
2561 5596 2972 5665 interpretatur.
3021 5595 3178 5652 Unde
3208 5594 3467 5662 scriptum
3495 5600 3617 5646 est:
3651 5591 3850 5660 Stupe-

2251 5692 2376 5748 bant
2405 5701 2576 5748 autem
2601 5708 2774 5747 omnes
2809 5708 2968 5760 super
2992 5690 3254 5764 ntagnalia
3279 5687 3380 5742 Dei
3405 5683 3562 5754 (Luc.
3589 5701 3648 5740 rx
3673 5727 3686 5750 ,
3713 5684 3784 5740 4-4
3804 5685 3847 5754 ).

2381 5783 2556 5842 XXV"
2595 5765 2820 5852 mansio,
2843 5785 3158 5842 Marcus.»
3196 5781 3405 5863 Mansio
3427 5779 3686 5846 vigesima
3715 5779 3910 5848 quinta
