4082 6306
105 263 176 319 99
1108 258 1194 316 DE
1234 256 1382 320 χιιι
1412 256 1880 316 MANSIONIBUS
1925 257 2262 320 FILIORUM
2300 260 2570 320 ISRAEL.
3363 273 3435 335 50

108 378 286 447 agitur
315 377 371 432 in
408 375 671 443 Metella;
704 376 821 431 idco
867 375 996 432 dicit
1025 393 1036 428 :
1072 373 1139 429 Et
1169 374 1388 450 profecti
1419 373 1482 428 de
1507 370 1681 429 Thare
1705 416 1719 440 ,
1752 376 1800 436 Α
1828 376 1917 445 qui
1960 377 2088 447 facit
2133 393 2262 450 opus
2307 375 2406 433 Dei
2452 379 2765 452 negligenter
2809 383 3036 453 (Jerem.
3068 403 3264 457 χινιιι,
3301 390 3430 458 10).

109 474 477 527 castrametati
531 480 648 526 sunt
700 473 752 526 in
804 469 1009 526 Meteha
1059 466 1268 543 (Nunt.
1322 485 1534 536 χχχιιι,
1592 468 1720 539 28).

112 564 329 620 Metclia
364 562 574 624 Latine
614 564 805 622 dicitur
831 579 968 620 nova
997 577 1163 618 mors.
1196 560 1268 618 Ut
1304 573 1486 618 autem
1518 561 1725 620 intelli-

113 671 273 734 gatur
312 678 443 734 (tuae
485 663 560 718 sit
609 677 742 716 nova
790 673 966 727 mors,
1013 669 1098 716 est
1135 657 1537 715 observandum
1579 655 1725 730 quod

117 757 394 829 triplicem
452 765 684 812 mortem
739 755 968 828 legimus
1012 753 1066 810 in
1112 751 1428 825 Scripturis.
1475 751 1590 811 Una
1643 760 1727 808 est

116 865 265 908 mors
297 849 589 922 corporis,
630 864 732 921 qua
779 847 1055 904 terrestris
1094 846 1292 902 domus
1339 855 1523 900 nostra
1565 842 1726 914 hujus

117 940 522 1010 habitationis,
571 951 627 997 ut
665 940 913 1014 Apostoli
961 949 1082 996 utar
1110 939 1290 996 verbis
1318 981 1334 1006 ,
1380 936 1723 1005 dissolvitur,

118 1047 172 1095 et
199 1051 229 1092 a
262 1037 517 1108 corporis
547 1035 900 1092 tabernaculo
929 1035 1104 1089 anima
1130 1032 1354 1090 recedit.
1387 1031 1464 1088 De
1496 1028 1602 1104 ιά,
1627 1029 1727 1084 hac

117 1130 310 1188 scribit
368 1128 712 1200 Apostolus:
774 1127 1043 1184 Statutum
1098 1134 1169 1180 est
1224 1122 1517 1178 hominibus
1570 1119 1728 1176 semel

119 1224 253 1279 mori
285 1220 366 1295 (ιι
389 1220 513 1278 Cor.
534 1237 588 1287 v,
614 1221 688 1296 I).
717 1220 827 1277 IIac
852 1219 1124 1277 Abraham
1147 1230 1200 1274 et
1226 1217 1505 1290 prOphette
1528 1214 1724 1272 mortui

119 1327 279 1388 sunt,
333 1317 438 1376 hac
489 1327 661 1374 morte
711 1332 904 1374 omnes
945 1316 1266 1383 moriemur,
1309 1321 1365 1370 et
1410 1313 1548 1370 sicut
1587 1327 1725 1383 aqua

121 1414 292 1472 eﬂ'usa
323 1430 492 1486 super
523 1422 764 1481 terram,
793 1427 901 1467 non
931 1410 1409 1483 congregabimur.
1433 1407 1550 1464 Alia
1579 1421 1729 1463 mors

121 1519 204 1568 est
250 1511 489 1574 animai,
536 1523 641 1579 qua
695 1507 901 1578 peccati
951 1505 1204 1578 contagio
1253 1505 1432 1559 anima
1477 1501 1727 1560 confecta

122 1607 382 1671 moritur,
431 1619 537 1658 non
584 1601 802 1672 quidem
849 1600 902 1656 in
951 1600 1035 1656 sui
1065 1599 1408 1664 substantia,
1440 1613 1560 1668 qurc
1591 1595 1725 1654 mori

126 1697 330 1762 nescit,
360 1695 458 1752 sed
494 1696 545 1752 in
577 1696 670 1753 Dei
699 1693 1052 1751 vivificatrice
1082 1693 1275 1766 gratia.
1299 1690 1432 1748 Nam
1456 1691 1728 1748 demerito

1829 466 1958 524 Ideo
1989 468 2292 540 discipulus
2321 469 2445 535 ille,
2485 472 2576 543 qui
2616 475 2782 532 citius
2809 477 2974 535 Petro
3005 478 3075 535 ad
3104 495 3431 540 monumen-

1830 572 1940 618 tum
1989 565 2344 632 prarcucurrit
2390 563 2584 636 (Joan.
2635 584 2748 636 χχ,
2793 569 2894 642 4),
2946 573 3238 631 immodice
3279 591 3434 634 cout-

1827 657 2138 713 mendatur.
2169 657 2227 714 In
2258 657 2340 713 via
2370 657 2464 714 Dei
2497 658 2584 714 vel
2627 659 2884 718 festinam
2910 675 3130 734 oportet
3173 683 3433 740 progres-

1828 752 2039 808 sionem
2069 767 2220 820 esse,
2257 762 2315 808 ut
2341 752 2592 822 diabolo,
2625 756 2718 826 qui
2751 764 2861 812 stat
2885 773 3104 830 semper
3134 777 3162 814 a
3191 762 3432 832 dextris,

1828 865 1936 919 quo
1987 849 2191 904 Sanctis
2241 849 2589 915 adversetur,
2643 861 2888 922 emptum
2943 855 3049 910 iter
3102 855 3435 929 impediendi

1829 943 2063 1013 spatium
2113 959 2222 1000 non
2270 943 2634 1014 relinquatur.
2684 945 2795 1002 Nos
2843 949 3007 1019 igitur
3051 950 3142 1022 qui
3194 955 3435 1022 peccatis

1831 1037 2058 1105 mortui,
2089 1038 2314 1107 justitia:
2345 1054 2440 1108 per
2465 1037 2678 1096 Meteha
2701 1039 2964 1112 vivimus,
2999 1060 3107 1100 non
3141 1059 3437 1118 sequamur

1831 1130 1993 1190 modo
2032 1131 2100 1186 ad
2149 1133 2386 1202 palmam
2431 1148 2687 1206 superna:
2729 1137 3074 1206 vocationis;
3107 1139 3200 1196 sed
3232 1141 3287 1196 in
3332 1143 3433 1198 Es-

1833 1238 1990 1280 tnona
2039 1239 2356 1293 curramus,
2411 1226 2732 1286 festinantes
2777 1230 2846 1285 ad
2892 1233 3229 1304 propositum
3279 1234 3438 1291 nobis

1832 1329 2135 1375 certamen.
2177 1319 2523 1378 Festinantes
2565 1338 2802 1394 namque
2844 1335 3094 1395 pastores
3135 1337 3436 1398 venerunt,

1831 1423 1886 1470 et
1919 1413 2241 1469 invenerunt
2269 1429 2497 1486 puerum
2527 1413 2713 1472 Jesum
2747 1414 2912 1487 (Luc.
2943 1433 3015 1485 ιι,
3053 1417 3177 1489 l6).

1906 1507 2131 1564 XXVIP
2175 1492 2408 1578 mansio,
2460 1509 2776 1567 Mossuoru.
2826 1540 2896 1553 —-
2925 1511 3132 1569 Mansio
3177 1515 3437 1585 vigesima

1833 1604 2061 1673 septima
2091 1602 2398 1673 appellatur
2433 1601 2748 1672 Moseroth;
2793 1603 2925 1662 dicit
2971 1605 3117 1661 enim
3147 1625 3161 1661 :
3197 1607 3265 1662 Et
3310 1625 3436 1676 pro-

1833 1699 1953 1768 fecti
1981 1715 2045 1753 ea:
2069 1694 2324 1763 Esmona,
2352 1700 2699 1755 castrametati
2726 1710 2846 1755 sunt
2870 1702 2924 1756 in
2947 1700 3211 1757 Moseroth
3241 1701 3434 1775 (Num.

125 1791 362 1862 peccati,
417 1791 530 1848 Deo
582 1789 916 1855 recedente,
975 1786 1278 1858 Spiritalem
1328 1786 1511 1844 anima
1559 1786 1727 1841 vitam
1755 1782 1806 1845 Β
1836 1807 2037 1859 χχχιιι,
2089 1791 2215 1863 50).
2259 1788 2512 1864 Congrue
2543 1808 2691 1848 nunc
2737 1794 3013 1850 Moserotlt
3046 1796 3329 1861 succedit;
3362 1795 3439 1850 si-

126 1887 346 1942 amittit.
394 1885 551 1944 Unde
594 1884 727 1941 dicit
767 1882 1064 1954 Apostolus
1099 1901 1111 1934 :
1150 1881 1278 1952 Quae
1316 1882 1486 1938 vivens
1525 1890 1732 1936 mortua

126 1991 202 2035 est
230 1977 312 2052 (ll
347 1975 486 2033 Tim.
517 1994 571 2045 v,
615 1975 706 2048 6).
740 1977 875 2032 Mori
923 1985 1105 2031 autem
1149 1983 1276 2030 ttmc
1323 1989 1420 2045 per
1449 1985 1729 2045 peccatum

130 2070 362 2137 dicitur;
409 2071 539 2142 quia
580 2070 756 2124 aninta
801 2083 916 2139 qua:
965 2067 1282 2139 peccaverit,
1328 2066 1443 2136 ipsa
1486 2066 1733 2119 morietur

135 2164 364 2236 (Ezech.
395 2181 559 2230 xvut,
590 2163 684 2235 4).
720 2162 988 2219 Morietur
1017 2172 1196 2217 autem
1239 2159 1470 2215 Domino
1496 2173 1606 2214 non
1636 2173 1735 2212 na-

135 2267 266 2315 tura:
294 2258 643 2324 inﬁrmitate,
675 2257 773 2314 sed
816 2255 1085 2312 demerito
1123 2253 1297 2324 culpae
1316 2295 1331 2320 ,
1360 2267 1482 2324 qua:
1512 2267 1620 2308 non
1650 2260 1736 2308 est

132 2353 200 2409 ab
224 2351 326 2409 hac
357 2353 472 2408 vita
499 2367 744 2410 recessus
764 2393 786 2420 ,
812 2349 908 2406 sed
951 2349 1136 2420 lapsus
1177 2346 1401 2404 erroris.
1436 2345 1621 2404 Tertio
1651 2352 1738 2403 est

135 2447 340 2518 culpas,
373 2461 480 2517 qua
519 2446 697 2504 carnis
726 2442 1177 2516 concupiscentia
1210 2441 1460 2507 moritur,
1495 2451 1554 2496 ut
1583 2455 1735 2496 mens

141 2543 246 2598 Deo
290 2541 474 2608 vivas;
526 2540 594 2600 de
640 2555 745 2613 qua
773 2540 1114 2610 Aposmlus:
1169 2535 1326 2591 Vetus
1369 2533 1524 2588 homo
1563 2544 1736 2590 noster

140 2638 288 2693 simul
325 2637 609 2709 cruciﬁxus
635 2645 710 2692 est
732 2677 748 2703 ,
782 2645 839 2690 ut
864 2636 1162 2690 destruatur
1189 2649 1378 2704 corpus
1411 2633 1636 2702 peccati,
1683 2641 1736 2686 ut

146 2734 270 2787 ultra
300 2749 404 2788 non
449 2732 740 2788 serviamus
785 2741 995 2802 peccato
1045 2729 1232 2802 (Rom.
1271 2745 1360 2794 vt,
1400 2727 1486 2800 6).
1534 2725 1642 2784 Nec
1684 2725 1737 2786 id

146 2827 446 2892 immerito;
481 2840 610 2882 nam
638 2825 778 2880 sicut
803 2835 1051 2880 mortuus
1083 2825 1193 2878 vita
1238 2839 1343 2879 non
1379 2831 1462 2879 est
1505 2821 1738 2894 amplius

147 2919 403 2975 obnoxius
427 2919 640 2991 culpar,
675 2919 755 2974 sic
798 2927 1021 2974 renatus
1051 2932 1145 2988 per
1174 2918 1399 2989 gratiam
1436 2933 1544 2971 non
1576 2915 1740 2972 debet

149 3013 359 3070 ulterius
408 3010 626 3069 servire
678 3020 924 3083 peccato.
982 3009 1060 3066 De
1113 3024 1218 3078 qua
1272 3020 1447 3066 morte
1500 3008 1738 3079 loquitur

147 3106 457 3178 Apostolus,
497 3105 689 3161 dicens
715 3124 728 3160 :
759 3102 958 3158 Μοντιιὶ
993 3104 1126 3158 enim
1155 3103 1276 3159 estis
1298 3144 1313 3169 ,
1357 3113 1403 3158 et
1435 3101 1538 3158 vita
1568 3111 1737 3157 uestra

1833 1885 2054 1955 gniﬁcat
2095 1885 2241 1939 enim
2294 1883 2641 1956 disciplinas,
2691 1896 2748 1940 ut
2792 1886 2886 1957 qui
2931 1886 3334 1943 festinationem
3381 1888 3436 1943 in

1835 1978 2074 2034 Esmona
2117 1979 2224 2035 sibi
2266 1979 2536 2048 adscivit,
2587 1995 2709 2036 eam
2748 1980 2912 2036 modo
2943 1981 3012 2036 ad
3041 1981 3440 2052 comparandas

1834 2069 2151 2142 disciplinas
2178 2071 2456 2142 sapienter
2479 2082 2768 2129 accersat:
2799 2070 2871 2126 Et
2897 2073 2994 2140 sit,
3025 2072 3168 2143 quod
3200 2071 3439 2130 Jacobus

1836 2164 2118 2236 aposmlus
2169 2165 2365 2234 docet,
2415 2167 2581 2222 omnis
2631 2166 2783 2222 homo
2821 2167 2970 2222 uelox
3010 2167 3219 2239 quidem
3246 2170 3314 2222 ad
3344 2183 3442 2222 au-

1839 2257 2078 2312 diendum
2109 2257 2314 2329 (Iacob.
2346 2274 2386 2326 ι,
2421 2258 2533 2328 I9).
2569 2258 2713 2315 Deus
2733 2259 3034 2330 disciplinae
3063 2260 3222 2330 hujus
3245 2270 3438 2319 auctor

1837 2362 1919 2406 e5t
1944 2368 1957 2404 :
1987 2350 2184 2406 dicitur
2211 2353 2356 2406 enim
2389 2368 2484 2421 per
2535 2353 2855 2423 prophetam
2890 2370 2902 2408 :
2957 2355 3088 2422 Quis
3128 2355 3357 2409 ascendit
3387 2356 3442 2410 ia

1837 2446 2049 2513 etclam,
2099 2455 2146 2499 et
2185 2447 2384 2516 accepit
2432 2463 2579 2515 eam,
2630 2458 2678 2502 et
2727 2448 2906 2502 eduxit
2953 2465 3066 2502 eam
3104 2465 3131 2503 e
3178 2448 3442 2504 nubibus?

1841 2539 1971 2609 Quis
2011 2540 2246 2595 transicit
2275 2551 2417 2596 trans
2448 2557 2620 2609 mare,
2653 2551 2700 2597 et
2741 2542 2929 2596 invenit
2969 2558 3110 2610 eain,
3160 2552 3208 2597 et
3257 2541 3444 2608 afferet

1838 2650 1952 2689 eam
2001 2650 2130 2688 auro
2180 2633 2387 2690 electo?
2433 2633 2557 2688 Non
2607 2643 2681 2690 est
2737 2651 3048 2705 cognoscens
3100 2635 3238 2690 ciam
3283 2635 3441 2704 ejus,

1840 2744 2000 2799 neque
2045 2729 2132 2799 qui
2173 2729 2462 2784 consideret
2509 2730 2717 2783 semitas
2748 2732 2902 2803 ejus:
2941 2731 3031 2784 sed
3078 2730 3244 2785 sciens
3269 2730 3445 2783 omnia

1839 2822 2101 2893 cognoscit
2120 2837 2252 2889 eam,
2277 2830 2325 2876 et
2355 2821 2616 2876 adinvenit
2639 2839 2750 2876 eam
2772 2821 3046 2892 prudentia
3071 2839 3166 2877 sua
3188 2821 3440 2893 (Baruch.

1840 2933 1930 2985 ιιι,
1963 2917 2032 2972 29
2058 2926 2105 2971 et
2146 2915 2298 2987 seq.).
2342 2915 2472 2972 Ideo
2498 2916 2566 2971 al)
2597 2917 2714 2985 ipso
2744 2919 3051 2989 expetenda
3081 2926 3195 2984 est,
3227 2917 3448 2973 dicente

1838 3011 2046 3070 Jacobo
2075 3014 2364 3081 apostolo:
2397 3012 2460 3068 Si
2496 3013 2610 3084 quis
2648 3021 2873 3067 uestrum
2916 3014 3111 3084 indiget
3151 3013 3442 3084 sapientia,

1846 3107 2068 3177 postulet
2092 3125 2123 3161 a
2145 3105 2258 3162 Deo
2278 3107 2366 3174 qui
2387 3107 2476 3161 dat
2499 3107 2756 3173 omnibus,
2775 3109 3050 3179 affluenter
3073 3106 3278 3176 (Iacob.
3306 3123 3346 3173 ι,
3367 3107 3448 3179 5).

148 3200 432 3255 abscondita
470 3209 551 3254 est
591 3214 710 3252 eum
751 3196 958 3254 Christo
996 3197 1052 3252 in
1093 3195 1202 3252 Deo
1243 3193 1482 3268 (Coloss.
1516 3211 1602 3262 ιιι,
1639 3196 1730 3266 5).
1764 3182 1811 3247 C
1845 3201 1970 3257 llaec
2004 3201 2210 3267 Deum,
2241 3200 2469 3270 ejusque
2499 3215 2666 3270 opera
2715 3201 2950 3257 revelat.
2983 3202 3240 3269 Doctrix,
3275 3201 3452 3272 inquit

151 3293 452 3368 Ilujusmodi
514 3303 760 3349 mortuos
812 3291 1147 3361 redarguens
1200 3290 1342 3347 idem
1401 3290 1730 3362 Apostolus,

149 3387 267 3444 dicit
289 3407 302 3443 :
332 3388 394 3443 Si
425 3387 622 3442 mortui
651 3387 770 3444 estis
797 3402 915 3440 cum
935 3382 1141 3440 Christo
1167 3385 1231 3439 ab
1253 3387 1513 3441 clementis
1533 3385 1733 3449 mundi,

148 3487 262 3556 quid
289 3497 554 3556 tamquam
583 3486 807 3540 uiuentes
838 3484 892 3538 in
922 3484 1114 3538 mundo
1147 3485 1482 3539 decernintini
1513 3485 1731 3556 ((Joloss.

149 3593 214 3645 ιι,
244 3579 371 3648 20)?
399 3576 528 3635 Una
555 3577 719 3648 igitur
745 3591 894 3634 mors
915 3585 1000 3632 est
1029 3575 1312 3640 naturalis,
1347 3576 1450 3630 alia
1482 3576 1736 3645 pmoalis,

155 3672 299 3727 tertia
329 3671 618 3744 spiritalis.
653 3670 802 3727 lianc
845 3679 1176 3742 postremam
1205 3669 1454 3741 designat
1481 3671 1689 3726 Mctclia
1720 3713 1734 3736 ,

154 3780 266 3836 qua:
302 3781 440 3820 nova
478 3779 636 3820 mors
673 3763 907 3829 dicitur;
939 3764 1064 3834 quia
1109 3773 1350 3820 veterem
1382 3763 1601 3818 ἱςιιιοισειι
1643 3765 1739 3818 lio-

155 3859 362 3927 miuetn,
379 3869 432 3916 et
463 3873 669 3914 novant
695 3855 823 3913 facit
843 3867 1176 3924 creaturam,
1196 3857 1416 3914 dicente
1441 3857 1736 3929 Apdslulo:

162 3950 332 4008 Vetera
359 3955 700 4019 transierunt,
726 3967 842 4007 ecce
861 3956 1002 4023 [acta
1029 3963 1149 4008 sunt
1173 3954 1347 4007 omnia
1369 3970 1501 4007 noua
1528 3953 1594 4024 (II
1616 3954 1736 4008 Cor.

157 4061 206 4112 ν,
246 4047 348 4117 l7).
395 4046 592 4116 Itaque
633 4055 689 4102 et
733 4060 832 4100 nos
864 4045 950 4101 hic
983 4045 1321 4101 mansionem
1354 4046 1646 4113 faciamus,
1682 4055 1741 4102 ut

159 4141 378 4210 peccatis
404 4139 649 4207 mortui,
675 4138 902 4210 justitia:
928 4146 1193 4209 perpetuo
1224 4140 1489 4194 vivamus.

220 4233 383 4291 XXVI
403 4246 431 4273 ει
460 4234 698 4299 Nausia,
722 4233 958 4290 iis-ous.
982 4262 1054 4272 —
1077 4230 1284 4288 Mansio
1307 4232 1566 4302 vigesima
1588 4243 1741 4290 sexta

159 4325 378 4382 Esmtma
403 4336 788 4398 nuncupatur;
823 4341 946 4382 nam
975 4326 1146 4381 dicit:
1176 4325 1241 4380 Et
1273 4325 1489 4397 profecti
1516 4342 1581 4381 ea:
1610 4325 1744 4381 Met:

159 4420 278 4489 cita,
304 4420 658 4476 castrametati
682 4427 806 4476 sunt
829 4419 884 4474 in
908 4418 1138 4476 Esmona
1171 4419 1360 4493 (Num.
1395 4434 1597 4484 χχχιιι,
1623 4419 1740 4490 29).

161 4513 377 4572 Esmun
408 4513 606 4572 Latine
652 4511 854 4570 dicitur
896 4513 1266 4580 acceleratio,
1311 4512 1454 4584 quod
1501 4528 1743 4584 congrue

1840 3298 2132 3365 Salomon,
2183 3305 2269 3353 est
2315 3296 2412 3352 Dei
2458 3295 2783 3368 disciplina,
2835 3307 2892 3353 et
2943 3297 3166 3353 electri:
3219 3312 3446 3367 Opetum

1843 3393 1983 3447 illius
2003 3434 2019 3458 ,
2047 3392 2166 3462 ejus
2198 3393 2444 3448 custodia
2473 3392 2625 3464 virga
2647 3393 3010 3448 correctionis
3037 3402 3140 3448 est.
3172 3393 3446 3462 Scriptum

1842 3493 1926 3540 est
1977 3487 2166 3541 enim:
2221 3484 2404 3557 Plaga:
2456 3496 2502 3541 et
2556 3487 2908 3557 correptiones
2959 3485 3084 3540 dant
3132 3486 3443 3554 sapientiam

1843 3580 2040 3652 (Prov.
2095 3597 2261 3645 χχιχ,
2316 3581 2440 3651 I5).
2494 3579 2719 3652 Legitur
2765 3580 2816 3635 in
2866 3579 3119 3634 Numeris
3168 3578 3445 3634 hominem

1841 3674 2131 3746 quemdam
2164 3676 2214 3729 in
2258 3674 2350 3730 die
2389 3675 2601 3730 sabbati
2636 3675 2781 3744 ligna
2817 3673 3167 3741 colligentem
3191 3686 3450 3742 compre-

1844 3769 2072 3825 hensum
2127 3767 2324 3832 fuisse,
2381 3783 2564 3822 coram
2619 3767 2807 3838 Moyse
2858 3777 2914 3821 et
2967 3765 3277 3820 senioribus
3328 3765 3450 3820 sisti

1844 3863 2194 3929 mandatum,
2224 3872 2281 3919 et
2315 3862 2531 3918 tandem
2568 3863 2722 3931 jussu
2777 3861 2873 3915 Dei
2919 3867 3093 3914 morte
3147 3859 3396 3929 punitum
3425 3899 3442 3923 ,

1843 3956 2116 4027 lapidibus
2141 3955 2396 4012 obrutum
2433 3971 2445 4008 :
2489 3953 2690 4022 Morte,
2730 3953 2945 4024 inquit,
2977 3952 3234 4006 moriatur
3259 3952 3448 4017 homo,

1845 4047 2140 4120 lapidabitis
2169 4064 2286 4103 eum
2311 4047 2570 4120 lapidibus
2593 4048 2762 4101 omnis
2798 4045 3130 4118 congregatio
3156 4054 3302 4098 extra
3329 4060 3444 4098 σασα

1844 4153 1924 4195 tra
1956 4140 2154 4213 (Num.
2199 4157 2296 4207 xv,
2327 4139 2456 4212 55).
2499 4141 2654 4210 Quod
2696 4140 2748 4196 in
2795 4140 2898 4196 hac
2946 4139 3232 4195 mansione
3280 4138 3446 4208 aliqui

1845 4237 2047 4294 factum
2104 4245 2312 4307 putant.
2376 4235 2516 4292 Hinc
2562 4235 2864 4304 Apostolus
2916 4249 3136 4306 quoque
3190 4233 3452 4288 dicebat:

1848 4331 2158 4387 Peccantem
2196 4345 2371 4386 coram
2397 4331 2632 4385 omnibus
2668 4340 2862 4402 argue,
2901 4337 2959 4383 ut
2999 4328 3172 4382 caeteri
3216 4328 3452 4381 timorem

1845 4423 2064 4480 habeant
2106 4423 2170 4498 (I
2201 4423 2338 4479 Tim.
2373 4438 2427 4488 ν,
2455 4422 2586 4493 20).
2623 4421 2934 4477 Habeamus
2968 4420 3134 4490 igitur
3155 4419 3451 4474 stationem

1849 4519 1901 4572 in
1931 4518 2229 4586 Moseroth,
2263 4519 2366 4590 15
2387 4517 2439 4572 id
2461 4528 2568 4582 est,
2592 4516 3001 4586 corrcptionum
3027 4513 3455 4570 mortificatione

159 4607 274 4665 huic
298 4608 577 4666 mansioni
605 4617 844 4678 aptatur.
876 4606 1010 4663 Nam
1053 4607 1144 4664 ulti
1185 4579 1364 4662 anima
1402 4615 1580 4663 morte
1610 4579 1742 4678 pec-
1769 4579 1826 4645 D
1849 4613 1903 4671 in
1934 4579 2227 4681 (ιίιεειιιιηεέ
2250 4579 2778 4668 οοιιιῖιιριιιιιιιιί.

159 4704 253 4758 cati
282 4720 374 4774 per
399 4704 746 4775 superiorem
767 4700 1060 4758 stationem
1089 4699 1142 4755 in
1171 4714 1366 4758 novam
1395 4700 1566 4757 evasit
1591 4715 1745 4758 crea-

161 4807 343 4866 turam,
373 4801 577 4857 sistere
601 4797 785 4854 animo
810 4812 916 4852 non
958 4804 1173 4868 potest,
1207 4810 1315 4852 non
1345 4796 1460 4853 otio
1486 4806 1702 4866 torpere
1727 4815 1740 4851 :

159 4890 247 4946 sed
288 4891 516 4950 ulterius
558 4888 852 4964 progredi,
880 4899 938 4947 et
965 4888 1277 4946 accelerare
1303 4888 1409 4946 iter
1437 4889 1742 4947 contendit.

165 4982 455 5044 Viatorihus
479 4993 667 5044 autem
692 4983 948 5042 celeritas
973 4982 1254 5055 aptissima
1281 4991 1404 5040 est:
1432 4997 1496 5040 ea
1523 4994 1748 5054 propter

162 5079 346 5148 p0pulo
394 5091 618 5150 patrum
669 5079 1002 5138 manducare
1047 5079 1251 5150 pascha
1299 5076 1642 5148 praecipitur,
1691 5085 1748 5134 et

165 5168 496 5229 lestinanter.
528 5171 667 5228 Iliun
694 5171 963 5243 apostolis
989 5168 1306 5228 mandatum
1330 5177 1412 5224 est
1438 5186 1451 5222 :
1478 5167 1749 5225 Neminem

163 5280 243 5332 per
269 5267 403 5322 uiam
440 5266 787 5322 salutaveritis
817 5265 988 5337 (Luc.
1029 5282 1092 5332 χ,
1133 5265 1230 5337 5).
1273 5265 1365 5321 Sic
1405 5265 1661 5321 Elisteum
1695 5265 1748 5320 in

167 5357 460 5431 Regnorum
505 5361 648 5416 libro
676 5360 824 5418 Giezi
866 5361 1172 5433 iujunxisse
1216 5359 1451 5430 legitur:
1495 5358 1748 5431 Accinge,

166 5452 355 5524 inquit,
395 5457 602 5512 lumbos
630 5465 774 5522 tuos,
811 5463 860 5510 et
886 5456 1009 5510 tolle
1038 5455 1276 5510 baculum
1307 5469 1470 5507 meum
1499 5454 1554 5506 iu
1591 5468 1752 5507 manu

169 5556 278 5616 tua,
321 5559 366 5605 et
411 5550 547 5608 uade
568 5565 589 5604 :
615 5557 662 5604 et
695 5549 740 5604 si
767 5549 1021 5604 inveneris
1055 5549 1280 5619 aliquem
1295 5591 1310 5614 ,
1353 5563 1452 5602 non
1482 5545 1756 5604 benedicas

167 5644 242 5710 ei,
266 5656 311 5699 et
333 5647 377 5700 si
407 5645 730 5701 basedixerit
760 5643 848 5699 tibi
885 5646 1176 5715 quispiam,
1221 5660 1323 5699 non
1364 5641 1678 5714 respondeas
1709 5641 1758 5698 ei

175 5735 270 5805 (1V
292 5738 421 5812 Reg.
447 5756 530 5806 sv,
561 5737 689 5809 29):
721 5752 851 5795 nam
875 5753 1015 5810 opus
1039 5738 1138 5796 Del
1166 5752 1570 5810 praeproperam
1594 5736 1758 5792 etiam

176 5829 566 5906 festinationem
614 5835 804 5910 exigit.
849 5834 1191 5904 Maledicta,
1241 5836 1414 5908 inquit
1462 5835 1760 5914 propheta,

1925 4706 2176 4764 XXVIII't
2222 4708 2456 4772 mansio,
2489 4707 2866 4761 BAKEJACIIAI.
2899 4734 2970 4745 --
2998 4703 3273 4775 Vigesima
3305 4713 3453 4759 octa-

1855 4818 1917 4856 va
1949 4801 2162 4856 mansio
2204 4800 2257 4854 in
2313 4799 2672 4869 Banejacltam
2705 4799 3012 4868 peragitur;
3047 4797 3220 4868 inquit
3257 4797 3403 4852 enim
3435 4812 3449 4850 :

1854 4893 1924 4948 Et
1949 4894 2170 4966 profecti
2198 4892 2263 4947 de
2282 4890 2546 4946 Moserotlt
2570 4933 2581 4954 ,
2615 4892 2967 4946 casti-antelati
2996 4899 3116 4944 sunt
3146 4890 3200 4944 in
3228 4888 3453 4962 Baneja-

1855 4988 2004 5042 chain
2036 4986 2229 5058 (Num.
2263 5001 2466 5050 χχχιιι,
2497 4984 2624 5057 51).
2656 4985 2758 5054 Qui
2791 4985 2842 5039 in
2885 4984 2978 5038 Dei
3012 4984 3297 5056 disciplina
3345 4993 3458 5038 sta-

1859 5082 2059 5136 tionem
2093 5079 2276 5144 habet,
2310 5078 2545 5132 studium
2577 5093 2738 5132 mune
2761 5119 2776 5143 ,
2829 5091 3159 5146 muneraque
3192 5089 3412 5146 operam
3435 5111 3451 5139 ,

1859 5183 1916 5230 ut
1947 5189 2014 5230 ne
2043 5172 2326 5228 minimum
2357 5172 2571 5240 quidem
2617 5188 2681 5227 ex
2734 5171 2849 5242 ipsa
2896 5171 2988 5228 Dei
3048 5172 3166 5242 lege
3193 5169 3454 5224 violatum

1858 5266 2394 5332 intercidat,,scdulo
2423 5265 2736 5338 impendere
2761 5265 2958 5329 debet;
3016 5274 3069 5317 et
3122 5272 3174 5316 ut
3207 5260 3457 5316 Salvator

1859 5365 1968 5426 ait,
2019 5376 2083 5414 ue
2127 5360 2232 5414 iota
2261 5375 2419 5414 unum
2445 5400 2460 5421 ,
2507 5368 2593 5411 aut
2623 5374 2756 5412 unus
2786 5374 2918 5425 apes
2949 5373 2975 5410 a
3001 5356 3141 5424 Lege
3173 5362 3463 5423 prmtcr‘eat

1861 5453 2079 5524 (Matth.
2111 5470 2166 5522 γ,
2189 5453 2310 5525 I8).
2338 5453 2505 5508 Debet
2525 5452 2671 5506 enim
2695 5450 2823 5506 illud
2845 5448 3108 5511 evangelii
3133 5460 3313 5500 mente
3336 5462 3456 5515 pen

1857 5559 2022 5620 petuo
2048 5547 2283 5604 retinere
2300 5591 2314 5614 ,
2336 5562 2444 5618 quo
2473 5546 2672 5601 dicitur
2697 5563 2709 5599 :
2739 5544 2869 5598 Dico
2886 5543 2992 5605 tibi,
3029 5558 3131 5594 non
3156 5542 3292 5596 aries
3313 5542 3455 5611 inde,

1859 5647 2026 5702 donec
2060 5646 2215 5700 etiarn
2253 5644 2527 5697 minimum
2571 5641 2906 5708 quadrantem
2936 5635 3124 5690 reddas
3153 5637 3368 5707 (Matth.
3405 5652 3459 5690 χ.

1863 5741 2015 5812 96)?
2047 5755 2170 5795 nam
2201 5740 2343 5795 sient
2383 5751 2488 5792 non
2522 5736 2671 5805 prius
2702 5729 2926 5788 fmnoris
2955 5729 3197 5784 debitum
3227 5744 3434 5786 evacua

1868 5848 1974 5916 tur,
2005 5849 2165 5913 quant
2221 5833 2384 5894 totius
2414 5828 2580 5888 sortis
2602 5827 2668 5885 ad
2695 5823 2978 5886 minimum
3001 5840 3173 5896 usque
3215 5841 3468 5885 nummu—
