4082 6306
586 271 656 335 51
1633 277 1727 333 ΑΙ)
1771 276 2017 335 SANCTI
2058 272 2386 333 AMBROSII
2426 274 2660 331 OPERA
2699 273 3063 332 APPENDIX.
3830 268 3919 326 52

580 390 692 449 lum
717 405 1063 467 quocumque
1090 392 1378 451 solutionis
1407 410 1606 466 genere
1635 395 1909 467 quantitas
1934 395 2187 449 universa
2215 407 2268 465 Α
2294 392 2471 446 tiosior
2511 408 2667 459 auro,
2712 394 2850 464 quod
2880 409 2973 463 per
2997 393 3165 463 ignem
3195 391 3459 465 probatur,
3513 390 3813 446 inveniatur
3864 385 3916 455 (1

584 486 860 553 solvatur;
916 488 995 543 sic
1022 502 1121 543 nec
1152 488 1361 559 peccati
1395 504 1550 559 ptena
1570 531 1584 553 ,
1614 490 1719 544 nisi
1752 488 2033 544 charitatis
2064 488 2189 544 reli-

581 595 926 652 quarumque
978 583 1426 652 compensatione
1452 584 1742 649 virtutum,
1777 583 1862 637 vel
1890 583 2074 637 stricta
2097 597 2189 636 sa-

580 670 893 729 tisfactione
916 674 1254 730 tllSStilVllllr.
1278 673 1393 729 Non
1414 676 1613 731 eluitur
1634 685 1943 746 peccatum,
1969 674 2186 739 fratres,

583 765 688 820 nisi
720 768 897 835 poenis
954 768 1159 822 tamdiu
1206 769 1399 822 noxius
1452 779 1795 832 exerceatur,
1828 778 1886 821 ut
1912 766 2189 822 commissi

594 860 859 930 supplicia
888 862 1097 916 erroris
1119 864 1415 932 expendat.
1471 861 1693 917 Dicebat
1722 860 1955 916 Jacobus
1977 871 2194 932 aposto-

589 952 675 1011 lus
702 973 715 1009 :
774 955 876 1021 Qui
928 965 1088 1011 totam
1116 955 1299 1027 Legem
1330 957 1641 1022 servaverit,
1686 956 1915 1023 olfendat
1945 968 2109 1009 autem
2139 956 2191 1009 in

588 1064 697 1101 uno
720 1090 735 1111 ,
768 1048 937 1117 factus
958 1060 1033 1104 est
1063 1051 1291 1103 omnium
1316 1066 1435 1103 reus
1456 1047 1662 1120 (Jacob,
1697 1064 1764 1117 tt,
1792 1047 1917 1119 10).
1976 1047 2189 1103 Ponde-

587 1140 757 1194 randa
783 1150 869 1195 est
892 1157 1111 1212 quoque.
1136 1142 1223 1197 illa
1272 1142 1366 1197 Dei
1415 1143 1719 1209 sententia,
1776 1158 1897 1212 quae
1942 1142 1994 1196 in
2049 1140 2191 1212 Lege

587 1233 795 1301 scripta
821 1244 903 1290 est
934 1251 950 1290 :
986 1234 1095 1307 Ego
1120 1252 1233 1289 sum
1264 1234 1517 1290 Dominus
1551 1236 1689 1290 Deus
1718 1246 1852 1299 tuus,
1885 1233 2026 1290 Deus
2050 1237 2189 1289 zelo-

584 1336 661 1382 tes
692 1325 889 1399 (Exod.
926 1345 1018 1395 xx,
1054 1327 1132 1399 5).
1158 1328 1266 1385 Lex
1297 1331 1457 1400 igitur
1474 1329 1567 1385 Dei
1598 1330 1942 1385 exactissima
1981 1345 2192 1399 quaque

590 1434 821 1476 censura
854 1433 936 1477 εει
963 1423 1344 1491 examinanda,
1372 1433 1426 1479 et
1453 1425 1602 1479 omni
1651 1442 1751 1494 qua
1790 1433 1967 1494 potest
1997 1424 2190 1493 majori

589 1514 882 1571 sedulitate
908 1518 1171 1573 servanda
1192 1561 1206 1585 ,
1244 1536 1311 1574 ne
1341 1519 1411 1573 ab
1443 1534 1508 1574 ea
1547 1520 1685 1574 forte
1711 1518 2045 1574 excidamus.
2083 1518 2193 1574 Hoc

594 1625 693 1666 nos
717 1627 961 1681 praesens
992 1615 1201 1669 mansio
1231 1614 1427 1669 ducet:
1458 1613 1819 1683 Banejacham
1848 1613 1995 1668 enim
2025 1627 2189 1667 exco-

590 1705 846 1761 lationent
879 1706 1148 1778 designat.
1181 1709 1282 1774 Qui
1310 1719 1490 1763 autem
1518 1708 1687 1778 legem
1714 1707 1808 1763 Dei
1838 1707 2098 1778 percolat.
2126 1723 2193 1763 ne

2293 482 2410 539 Pet.
2437 502 2481 549 ι,
2508 485 2541 540 6
2571 487 2610 556 ).
2638 486 2896 557 Majoretn
2926 486 3089 541 etiam
3120 485 3606 555 perilludacquirit
3633 483 3915 555 gratiam,

2291 575 2416 632 ideo
2445 576 2497 631 in
2529 577 2666 632 lihro
2694 576 2989 649 Sapientia}
3012 577 3270 648 scriptum
3294 588 3412 633 est:
3448 576 3680 632 Probata
3722 584 3919 629 autem

2290 672 2452 726 virtus
2483 673 2697 743 corripit
2742 673 3038 745 insipientes
3098 672 3274 743 (Sap.
3309 688 3359 735 ι,
3390 672 3478 741 5).
3540 670 3644 726 Per
3675 669 3814 725 illud
3849 670 3915 723 in

2294 768 2475 822 medio
2503 768 2667 823 etiam
2703 769 2938 822 nationis
2972 783 3152 838 prava!
3195 767 3372 823 latens
3422 771 3598 823 exerit
3634 768 3921 822 sevirtus

2292 870 2346 915 et
2374 862 2548 927 lueet;
2585 862 2705 915 ideo
2730 861 3008 931 apostolus
3036 860 3315 916 Paulusad
3338 860 3654 916 Corinthios
3686 857 3914 929 inquit:

2295 952 2510 1024 Oportet
2542 955 2760 1009 Itwreses
2786 971 2925 1022 esse,
2959 966 3011 1009 ut
3050 958 3137 1027 qni
3172 956 3373 1025 probati
3425 964 3579 1019 sunt,
3636 953 3920 1021 manifesti

2294 1042 2421 1113 ﬁant
2473 1046 2525 1099 in
2566 1046 2703 1099 vobis
2760 1048 2777 1118 (
2809 1046 2824 1099 Ι
2854 1045 2975 1101 Cor.
3006 1063 3055 1102 ιι
3081 1089 3094 1113 ,
3130 1046 3251 1117 l9).
3300 1047 3575 1102 Sincerior
3620 1045 3842 1099 bonitas
3880 1059 3918 1099 e

2295 1139 2912 1209 tentationibns‘prodit,
2933 1142 3074 1196 sicut
3102 1142 3289 1211 purius
3313 1150 3598 1213 argentum
3625 1154 3655 1193 e
3674 1138 3917 1195 camino

2295 1231 2435 1302 ignis
2461 1249 2475 1297 ;
2528 1234 2701 1304 inquit
2732 1235 2875 1288 enim
2910 1234 3184 1305 Scriptura
3213 1254 3224 1288 :
3264 1235 3521 1303 Quoniam
3542 1235 3595 1288 in
3624 1235 3744 1304 igne
3770 1250 3914 1302 pro-

2292 1325 2444 1379 batur
2471 1337 2770 1397 argentum,
2805 1338 2851 1381 et
2874 1328 3103 1383 homines
3135 1328 3454 1398 receptibiles
3483 1328 3535 1382 in
3563 1327 3769 1381 camino
3803 1324 3917 1378 Im-

2294 1419 2526 1472 militatis
2559 1418 2786 1491 (Eccles.
2821 1436 2856 1475 tt
2879 1462 2894 1485 ,
2922 1420 3008 1491 5).
3061 1419 3197 1476 Cum
3232 1422 3395 1491 igitur
3427 1420 3614 1491 purior
3642 1435 3673 1475 e
3719 1428 3914 1474 tenta-

2294 1526 2477 1572 ntento
2526 1517 2741 1572 bonitas
2771 1518 2936 1573 veluti
2966 1533 2995 1573 e
3024 1519 3237 1573 camino
3268 1527 3453 1583 exeat,
3505 1517 3703 1571 merito
3756 1530 3916 1570 nunc

2294 1608 2619 1665 Jetltebatlta
2642 1652 2656 1675 ,
2688 1625 2808 1681 quas
2838 1610 3052 1665 bonitas
3082 1611 3490 1681 interpretatur,
3521 1608 3789 1664 succedit.

2365 1701 2570 1757 ΧΧΧΙει
2603 1704 2825 1769 mansio,
2856 1704 3168 1759 Eenonx.—
3193 1704 3399 1759 Mansio
3428 1703 3703 1772 trigesima
3726 1702 3916 1772 prima

592 1796 817 1851 minima
846 1799 1063 1869 quidem
1085 1799 1170 1855 vel
1191 1800 1395 1872 syllaba
1428 1802 1511 1856 vel
1541 1817 1674 1871 apex
1693 1800 2025 1873 negligenter
2049 1801 2193 1856 laba-
2227 1804 2270 1863 Β
2298 1797 2541 1867 agiturin
2560 1796 2806 1861 Ebrona;
2840 1796 2960 1852 ideo
2985 1797 3119 1853 dicit
3144 1796 3241 1851 :Et
3267 1793 3915 1865 profectideletltebatlta,

599 1898 707 1951 tur.
737 1889 1025 1959 diligenter
1053 1892 1329 1948 observat.

668 1980 874 2037 XXIXa
903 1986 1121 2053 mansio,
1153 1985 1394 2043 Gxoaxn.
1420 2017 1494 2028 —
1524 1986 1796 2057 Vigesima
1821 2003 1963 2043 nona
1988 1989 2200 2044 mansio

596 2074 827 2131 habetur
859 2078 913 2131 in
947 2088 1130 2133 monte
1150 2078 1400 2151 Gadgad;
1425 2081 1558 2135 dicit
1585 2097 1854 2152 namque:
1888 2080 1956 2135 Et
1986 2084 2203 2153 profecti

595 2168 661 2222 de
685 2167 1041 2243 Banejacltam
1066 2215 1081 2239 ,
1138 2177 1487 2228 castrametati
1516 2186 1637 2229 sunt
1667 2177 1719 2229 in
1765 2187 1939 2232 monte
1986 2175 2202 2247 Gadgad

598 2260 787 2335 (Num.
818 2279 1019 2328 xxxttt,
1046 2266 1173 2337 δὲ).
1222 2266 1474 2322 Tentatio
1506 2268 1701 2322 anitum
1730 2266 1874 2324 ﬁdeli
1907 2270 2153 2324 custodia
2185 2312 2198 2335 ,

600 2350 866 2408 fortitudo
918 2368 971 2410 et
1002 2360 1217 2413 virtutis
1262 2372 1615 2429 augmentum
1666 2373 1787 2428 est;
1847 2378 1971 2417 nam
2022 2364 2199 2417 anima

590 2444 752 2514 justi,
788 2448 889 2502 nisi
922 2450 1313 2506 tentationibus
1344 2452 1615 2507 interdum
1646 2468 1704 2508 se
1730 2456 1908 2526 urgeri
1939 2455 2202 2522 sentiret,

597 2541 795 2595 nedum
829 2543 878 2595 itt
902 2544 1150 2599 custodia
1176 2563 1279 2599 non
1316 2558 1596 2612 maneret,
1641 2550 1772 2618 quin
1826 2551 2011 2619 potius
2061 2559 2200 2603 tant-

598 2645 759 2701 quam
788 2636 1087 2702 gratiarum
1115 2637 1269 2706 copia
1288 2638 1541 2694 difﬂuens
1566 2641 1928 2694 relaxaretur.
1957 2644 1998 2695 Α
2021 2641 2203 2710 Moyse

596 2737 790 2781 saneto
822 2729 1208 2784 documentum
1235 2733 1337 2786 hoc
1363 2734 1508 2787 clare
1536 2733 1786 2789 habetur.
1817 2736 1951 2789 Dum
1979 2738 2205 2807 populus

602 2818 881 2888 lzttttpadcs
907 2832 961 2877 et
985 2834 1223 2878 montem
1257 2826 1604 2895 lutniganlem
1629 2841 1913 2893 cerneret,
1939 2846 2205 2900 vocesque

604 2915 851 2975 audiret,
883 2926 931 2967 et
966 2917 1227 2970 territttsa
1252 2916 1482 2971 Domino
1514 2920 1720 2988 lugeret
1746 2962 1759 2983 ,
1795 2920 2200 2991 dixitMoyses:

605 2999 865 3071 Conﬁdire
890 3044 904 3068 ,
947 3022 1103 3059 causa
1129 3009 1262 3060 enim
1287 3010 1523 3063 tentandi
1551 3027 1638 3064 vos
1662 3013 1793 3064 venit
1824 3010 1965 3066 Deus
1992 3015 2061 3066 ad
2084 3030 2169 3065 vos
2184 3031 2202 3079 ;

606 3108 663 3149 ut
693 3100 756 3149 sit
780 3096 932 3151 timor
960 3099 1070 3163 eius
1100 3101 1152 3153 in
1167 3102 1323 3165 robis,
1360 3113 1407 3155 et
1438 3119 1538 3156 non
1557 3106 1773 3172 peccetis
1800 3104 1997 3174 (Exod.
2017 3104 2201 3175 x,20).

2310 1890 2666 1943 castrametati
2692 1897 2809 1943 sunt
2838 1889 3136 1959 inIEbrona
3160 1888 3349 1960 (Num.
3373 1903 3560 1953 xxxnt,
3582 1888 3697 1959 ⁸54).
3718 1886 3920 1943 Justus

2304 1985 2550 2053 quamvis
2583 1984 2633 2038 in
2679 1986 2777 2039 Itac
2809 1984 2914 2038 vita
2946 1983 3011 2038 ad
3063 1984 3355 2039 bonitatem
3400 1983 3562 2038 etiam
3608 1981 3917 2052 perlectam

2304 2075 2621 2140 devenerit,
2679 2075 2821 2129 haud
2878 2084 3059 2131 tamen
3088 2077 3270 2131 animo
3300 2076 3441 2130 sistit
3470 2117 3485 2142 ,
3518 2090 3619 2129 nec
3648 2075 3917 2144 praesenti

2305 2180 2651 2226 contentatur
2673 2179 2849 2237 statu;
2880 2175 3007 2242 quin
3035 2172 3219 2243 potius
3266 2181 3457 2228 cuncta
3496 2172 3877 2243 pertransiens
3900 2213 3915 2235 ,

2305 2264 2554 2335 ﬂagranti
2606 2266 2769 2320 etiam
2800 2265 3073 2321 desiderio
3108 2266 3212 2337 ιθ
3240 2265 3306 2320 ad
3346 2265 3569 2321 meliora
3597 2262 3915 2319 contendit.

2304 2359 2443 2416 Hinc
2471 2360 2640 2415 David
2674 2361 2935 2430 propheta
2968 2360 3103 2415 dixit
3131 2379 3143 2415 :
3177 2359 3307 2416 ch
3332 2361 3637 2416 recordatus
3664 2376 3779 2414 sum
3809 2402 3827 2425 ,
3873 2369 3923 2415 et

2304 2455 2465 2523 e/Iudi
2495 2457 2547 2510 in
2578 2472 2658 2509 me
2682 2457 2907 2509 animam
2927 2472 3123 2521 meam;
3152 2458 3395 2525 quoniam
3411 2454 3637 2510 transibo
3662 2456 3716 2509 in
3740 2456 3921 2509 locum

2306 2550 2625 2602 tabernaculi
2653 2549 2975 2602 admirabilis
2997 2590 3011 2613 ,
3040 2564 3198 2618 usque
3226 2548 3294 2601 ad
3317 2548 3525 2601 domum
3571 2543 3669 2601 Dei
3711 2546 3730 2617 (
3758 2544 3919 2599 Psal.

2308 2658 2358 2695 tv
2380 2684 2394 2706 ,
2424 2642 2456 2697 5
2483 2642 2523 2712 ).
2562 2640 2638 2695 lbi
2666 2657 2797 2696 vero
2845 2642 3119 2711 quiescet.
3153 2641 3224 2696 ibi
3258 2639 3575 2710 implebitur
3595 2654 3762 2694 omne
3791 2638 3924 2708 ejus

2307 2734 2660 2790 desiderium.
2709 2734 2834 2789 Ideo
2885 2735 2991 2789 alio
3024 2735 3076 2788 in
3118 2734 3238 2789 loco
3264 2732 3403 2789 idem
3428 2732 3691 2802 propheta
3720 2730 3874 2785 dixit
3908 2750 3920 2784 :

2310 2828 2574 2893 Satiabor,
2608 2826 2829 2882 Domine
2858 2869 2870 2891 ,
2918 2844 3035 2880 cum
3074 2827 3373 2899 apparuerit
3426 2825 3555 2879 milii
3601 2824 3770 2896 gloria
3830 2835 3926 2878 tua

2306 2917 2478 2990 (Psal.
2514 2935 2635 2984 xvt,
2674 2917 2885 2988 ‘15).ln
2916 2917 3017 2973 hac
3042 2919 3146 2973 rita
3180 2933 3285 2973 non
3319 2917 3492 2986 quies,
3526 2915 3622 2971 sed
3657 2917 3927 2985 perennis

2306 3022 2389 3067 est
2420 3013 2697 3067 transitus.
2726 3013 2905 3080 Quare
2932 3026 3169 3081 sponsus
3209 3012 3260 3065 in
3302 3008 3542 3066 Canticis
3571 3011 3922 3064 canticorum

2306 3106 2377 3160 ob
2424 3121 2618 3159 cursus
2651 3106 3030 3175 pernicitatem
3063 3120 3239 3175 capra:
3268 3104 3602 3173 ltinuuloque
3624 3117 3923 3158 cervorum

601 3189 809 3247 Dicitur
836 3208 1051 3263 quoque
1082 3192 1373 3263 fortitudo;
1404 3214 1527 3251 nam
1552 3196 1728 3253 anima
1759 3217 1784 3252 a
1820 3200 2205 3271 multiplicibus
2235 3198 2280 3261 C
2310 3198 2642 3254 assitnilatur
2669 3197 2843 3269 (Cant.
2876 3212 2949 3262 tt,
2982 3196 3050 3269 9)
3078 3214 3093 3263 ;
3142 3198 3285 3252 unde
3314 3207 3369 3253 et
3396 3198 3520 3251 salit
3559 3212 3726 3267 super
3758 3214 3925 3253 mon-

603 3297 665 3338 se
697 3295 1047 3342 tentantentts
1076 3302 1283 3358 septatn
1318 3307 1639 3360 agnoscens,
1663 3296 1877 3349 cautius
1901 3295 2121 3357 incedit,
2151 3306 2206 3351 et

605 3381 870 3449 mzthretn
920 3398 948 3434 a
1002 3384 1233 3437 Domino
1265 3389 1517 3441 virtutem
1572 3390 1834 3456 postulat,
1863 3390 2054 3444 dicens
2081 3406 2203 3444 cum

606 3471 877 3541 Propheta
907 3492 919 3527 :
974 3474 1224 3531 Miserere
1263 3480 1395 3545 mei,
1435 3477 1608 3547 Deus,
1638 3483 1887 3551 quoniam
1915 3483 2065 3536 multi
2095 3482 2202 3536 bel-

607 3566 771 3620 lantes
798 3568 1069 3622 adversum
1100 3588 1178 3624 me
1205 3570 1380 3640 (Psal.
1414 3589 1503 3641 ιν,
1532 3573 1569 3627 2
1589 3574 1632 3645 ).
1669 3576 1890 3629 Virtutis
1923 3592 2049 3630 vero
2075 3591 2206 3645 ang-

609 3674 852 3719 mentnnt
872 3706 886 3731 ,
920 3678 1188 3733 quatenus
1214 3671 1390 3723 anima
1426 3672 1816 3727 tentationibus
1842 3672 2079 3727 exercita
2107 3687 2204 3741 pu-

605 3758 721 3813 rior
743 3760 1041 3829 egreditur.
1098 3762 1222 3817 Ideo
1247 3763 1503 3818 Salomon
1563 3766 1614 3819 itt
1677 3767 1985 3822 Proverbiis
2028 3766 2201 3821 dicit:

603 3848 753 3906 Sicut
782 3852 1030 3921 probatur
1056 3856 1107 3908 in
1130 3856 1332 3908 camino
1349 3866 1619 3929 argentum
1640 3869 1684 3911 et
1712 3874 1921 3923 aurum,
1946 3858 2021 3911 sic
2042 3857 2205 3911 electa

596 3944 757 3997 corda
778 3945 921 4015 apud
953 3944 1229 3999 Dominum
1261 3948 1444 4020 (Prov.
1479 3966 1585 4002 xvtt
1606 3992 1620 4014 ,
1644 3950 1735 4019 5).
1789 3949 2205 4005 'l‘entationibus

601 4035 838 4089 animam
865 4039 1128 4105 prolicere
1158 4049 1381 4094 sant-tus
1410 4057 1625 4109 quoque
1653 4042 1886 4096 .Iaeobtts
1925 4043 2205 4111 apostolus

603 4136 837 4182 testatur
876 4128 1103 4183 dicens:
1136 4128 1325 4185 Beatus
1379 4132 1455 4185 rir
1482 4134 1571 4202 qui
1618 4132 1801 4200 stt/fert
1832 4135 2159 4187 tentationem
2186 4152 2204 4199 ;

598 4219 845 4291 quoniam
872 4236 989 4274 cum
1034 4226 1281 4290 probatus
1331 4226 1507 4294 fuerit,
1541 4227 1760 4295 accipiet
1802 4243 2044 4281 coronam
2089 4228 2207 4282 vita:

600 4314 809 4383 (Iacob.
845 4329 894 4376 ι,
931 4315 1054 4387 12).
1084 4316 1221 4374 Sunt
1246 4318 1410 4386 igitur
1441 4337 1547 4374 tton
1585 4320 1854 4392 fugienda:
1874 4364 1889 4386 ,
1916 4322 2013 4378 sed
2039 4338 2206 4393 expe-

602 4410 781 4464 tendte
804 4410 1166 4478 tentationes;
1199 4413 1341 4468 unde
1371 4414 1537 4469 David
1566 4415 1825 4486 propheta
1840 4416 1972 4471 dicit
1992 4431 2006 4468 :
2030 4415 2204 4470 Proba

599 4518 717 4567 me,
750 4500 1001 4571 Domine,
1048 4516 1098 4559 et
1151 4517 1289 4561 tenta
1342 4524 1420 4560 me
1473 4507 1647 4578 (Psal.
1681 4526 1804 4575 xxv,
1846 4509 1938 4580 2).
1972 4509 2203 4580 Progre-

2311 3301 2390 3347 tes
2411 3332 2426 3358 ,
2476 3301 2531 3347 et
2582 3292 2815 3346 transilit
2843 3306 3009 3361 super
3036 3290 3225 3345 colles.
3253 3291 3365 3346 Hoc
3393 3307 3493 3346 nos
3521 3292 3678 3345 docet
3703 3292 3925 3347 mansio

2310 3386 2410 3442 ista
2434 3429 2448 3453 ,
2482 3387 2739 3455 quoniam
2773 3386 2989 3441 Ebrona
3032 3387 3296 3441 transitus
3326 3396 3438 3451 est;
3482 3395 3539 3440 ιιι
3566 3386 3819 3455 quamvis
3853 3386 3923 3441 ad

2309 3478 2609 3534 bonitatem
2662 3495 2758 3549 per
2807 3479 3148 3549 superiorem
3187 3479 3523 3533 mansionem
3549 3479 3920 3548 perveneris,

2307 3574 2485 3628 omnia
2508 3583 2690 3628 tamen
2715 3572 3231 3642 suntprmtereunda
3250 3591 3262 3626 :
3278 3584 3494 3642 Oportet
3517 3582 3569 3626 te
3590 3573 3658 3626 ad
3684 3574 3921 3628 meliora

2309 3667 2573 3733 transire,
2599 3682 2881 3737 quousque
2914 3667 3102 3721 venias
3128 3667 3195 3721 ad
3224 3666 3357 3721 illud
3389 3667 3586 3721 bonum
3611 3709 3625 3734 ,
3655 3667 3802 3738 quod
3834 3678 3923 3719 est

2309 3776 2619 3828 summum,
2672 3770 2727 3815 et
2768 3759 2910 3830 quod
2940 3775 3103 3815 omne
3130 3760 3289 3815 satiat
3337 3759 3704 3825 desiderium,
3755 3771 3808 3815 et
3866 3761 3920 3814 itt

2307 3870 2415 3925 quo
2448 3863 2712 3923 perpetuo
2745 3868 3067 3923 pertttattere
3092 3852 3316 3908 debeas.
3352 3852 3525 3924 (Orig.
3556 3854 3670 3907 loco
3699 3853 3793 3907 cit.
3824 3852 3842 3921 )

2383 3949 2614 4003 ΧΧΧΙΙει
2645 3951 2865 4014 mansio,
2898 3952 3257 4005 Asmuexeen.
3283 3978 3354 3988 -ο
3377 3948 3585 4002 Mansio
3633 3947 3919 4017 trigesima

2309 4042 2547 4097 secunda
2588 4042 2787 4096 dicitur
2816 4041 3177 4112 Asiongaber,
3226 4058 3333 4111 quo
3386 4040 3480 4094 lilii
3537 4040 3706 4095 Israel
3737 4041 3921 4111 appli-

2306 4146 2572 4199 cuerunt;
2608 4136 2751 4191 unde
2775 4137 3021 4207 sequitur
3046 4151 3062 4201 ;
3097 4134 3165 4189 Et
3192 4136 3413 4206 profecti
3443 4135 3506 4189 de
3536 4132 3771 4201 Ebrona,
3801 4152 3917 4189 cas-

2308 4232 2565 4285 trametati
2591 4240 2710 4285 sunt
2736 4232 2787 4284 in
2818 4232 3135 4301 Asiongaber
3163 4228 3355 4301 (Num.
3391 4244 3593 4297 xxxttt,
3621 4229 3750 4298 55).
3783 4228 3921 4284 Pos-

2310 4336 2485 4381 trema
2512 4325 2747 4380 ﬁliorum
2772 4324 2941 4380 Israel
2974 4324 3027 4379 in
3058 4325 3281 4380 deserto
3335 4324 3549 4377 Pltaran
3598 4322 3766 4377 statio
3796 4322 3917 4377 haec

2307 4434 2433 4487 est;
2482 4437 2607 4476 nam
2640 4430 2699 4475 ut
2737 4422 2788 4475 in
2820 4420 3195 4491 superioribus
3222 4418 3491 4485 diximus,
3521 4418 3787 4488 plurimas
3809 4433 3922 4471 ant-

2307 4514 2460 4570 biens
2487 4514 2798 4568 mansiones
2824 4513 2916 4567 illa
2945 4511 3182 4566 solitudo
3213 4511 3493 4582 hucusque
3524 4509 3873 4580 protenditur
3901 4527 3917 4564 :

598 4596 878 4654 dientiltus
904 4615 1034 4669 ergo
1066 4603 1116 4656 itt
1146 4602 1231 4655 via
1270 4603 1483 4657 Domini
1509 4614 1841 4660 tentatnenta
1863 4605 2203 4676 frequentius
2231 4600 2281 4659 Β
2309 4609 2699 4676 interpretatur
2720 4621 2853 4661 vero
2880 4605 3105 4660 consilia
3142 4604 3265 4659 viri.
3328 4604 3397 4659 Et
3450 4612 3598 4659 recte
3622 4603 3917 4658 intentioni

602 4690 940 4761 ingeruntur,
974 4701 1033 4748 ut
1059 4696 1293 4760 cautius,
1320 4695 1757 4765 t'rttctuosiusque
1788 4699 2063 4752 incedant.
2091 4697 2203 4752 Hoc

602 4786 761 4840 nobis
790 4788 1001 4841 mansio
1040 4789 1155 4844 lttec
1188 4790 1457 4855 insinuat;
1492 4808 1614 4846 nam
1643 4789 1867 4863 Gadgad
1896 4801 2202 4845 tentamen-

601 4884 717 4932 tum
749 4880 1156 4949 interpretatur.
1192 4882 1268 4937 Ne
1290 4884 1733 4953 igitttrtantarutn
1759 4886 1912 4954 copia
1944 4884 2203 4939 virtutum

601 4976 945 5045 superiorum
977 4978 1320 5033 mansionum
1352 4980 1534 5034 viator
1578 4980 1851 5035 difﬂueret
1882 4980 1968 5034 vel
1999 4980 2207 5035 labere-

602 5076 709 5136 tur,
741 5071 1010 5137 superiori
1041 5072 1139 5126 iSIa
1173 5075 1383 5128 mansio
1409 5076 1674 5129 succedit.

672 5159 855 5216 ΧΧΧο
870 5166 1086 5223 mansio.
1104 5165 1763 5224 lsrnsanns.—Mansio
1779 5171 2051 5241 trigesima
2065 5171 2207 5226 cele-

601 5252 795 5308 bratur
826 5253 878 5307 in
908 5253 1268 5323 Jetltebatlta;
1303 5260 1446 5313 unde
1477 5264 1724 5331 sequitur
1759 5280 1771 5315 :
1798 5262 1865 5315 Et
1892 5264 2115 5334 profecti
2145 5264 2209 5316 de

602 5364 774 5406 monte
804 5350 1047 5424 Gadgud,
1074 5359 1426 5411 castrametuti
1450 5369 1569 5413 sunt
1598 5360 1653 5412 in
1680 5359 1987 5413 Jetltebatha
2011 5358 2202 5431 (Nunt.

604 5458 805 5511 xxxttt,
827 5446 953 5518 53).
986 5447 1370 5504 Tentationnnt
1412 5454 1793 5521 experimento
1824 5454 1997 5507 virtus
2028 5453 2197 5521 justi,

604 5544 665 5591 ut
694 5537 747 5589 itt
775 5542 1041 5607 superiori
1072 5545 1354 5598 mansione
1382 5545 1585 5599 dictum
1617 5556 1729 5611 est,
1774 5546 1947 5615 ntagis
1984 5545 2202 5613 Conspi-

598 5642 703 5685 cua
722 5672 736 5690 .
761 5632 1065 5705 clariorque
1083 5639 1362 5692 elucescit.
1399 5637 1534 5693 llittc
1558 5640 1719 5694 etiam
1765 5639 1954 5716 Petrus
1983 5647 2204 5708 apOsto-

599 5716 725 5777 lus:
756 5718 1072 5800 Exullaoitis
1126 5743 1300 5792 nunc,
1323 5728 1529 5799 inquit,
1582 5729 1627 5784 si
1678 5718 1879 5799 oportet
1909 5730 2203 5785 contristari

580 5817 740 5873 variis
764 5806 1164 5887 tentationibus;
1197 5834 1248 5878 ut
1272 5822 1505 5895 probatio
1539 5836 1720 5881 vestra:
1750 5824 1874 5895 ﬁdei
1904 5826 2062 5880 multo
2088 5838 2204 5895 pre~

2307 4702 2533 4773 quadrat
2560 4717 2573 4755 :
2597 4700 2852 4771 quoniam
2875 4700 2967 4769 qui
3000 4708 3174 4754 tantas
3204 4701 3414 4769 peregit
3452 4699 3768 4754 mansiones
3795 4740 3810 4764 ,
3835 4707 3919 4752 tot

2308 4798 2565 4852 virtutum
2596 4796 2893 4864 penetravit
2920 4796 3092 4861 sinus,
3111 4795 3586 4850 totcharismatum
3614 4794 3916 4865 spiramina

2308 4893 2520 4955 sensit,
2578 4898 2660 4944 tot
2704 4905 2763 4945 se
2816 4889 3012 4944 studiis
3036 4886 3436 4960 perfectionum
3465 4889 3745 4952 exercuit;
3801 4888 3917 4956 jam

2310 4984 2473 5041 desiit
2497 5000 2620 5040 esse
2650 5000 2786 5054 puer
2816 4984 3066 5039 sensibus
3090 5026 3103 5045 ,
3157 4984 3267 5051 jam
3300 4986 3365 5038 ad
3393 5000 3706 5040 mensuram
3736 4984 3919 5039 aetatis

2311 5076 2661 5148 plenitudinis
2710 5076 2912 5131 Christi
2947 5078 3226 5147 pervenit,
3267 5077 3379 5146 jant
3428 5078 3599 5133 crevit
3641 5078 3693 5131 itt
3736 5077 3917 5131 virum

2310 5168 2635 5240 perfectum.
2667 5170 2733 5225 Et
2759 5170 2883 5223 ideo
2917 5168 3017 5223 viri
3038 5170 3266 5223 consilia
3294 5170 3522 5242 adeptus
3552 5180 3635 5225 est
3658 5211 3675 5235 ,
3700 5177 3760 5224 ut
3789 5186 3917 5224 cutn
3958 5196 3962 5203 -

2313 5264 2579 5333 Apostolo
2608 5263 2783 5317 dicat;
2832 5260 2960 5315 Cum
2990 5274 3158 5317 autem
3180 5265 3349 5331 {actus
3379 5281 3494 5317 sum
3514 5265 3608 5328 vir,
3654 5279 3769 5333 qua!
3793 5280 3920 5334 par-

2308 5359 2416 5413 vuli
2447 5369 2611 5420 erant,
2641 5358 2853 5427 deposui
2883 5356 2923 5428 (I
2949 5357 3068 5412 Cor.
3101 5374 3194 5412 xttt
3219 5400 3233 5421 ,
3263 5360 3375 5429 Η).
3396 5359 3917 5429 QuiupOtiusalttttn

2310 5454 2535 5521 adeptus
2562 5462 2645 5506 est
2669 5452 2990 5517 consilium,
3045 5450 3168 5521 quia
3218 5451 3476 5505 Salomon
3508 5453 3560 5506 itt
3602 5452 3920 5507 Proverbiis

2308 5545 2436 5599 dicit
2463 5562 2474 5596 :
2507 5546 2653 5613 Aqua
2701 5545 2965 5615 profunda
3022 5546 3293 5599 consilium
3324 5548 3376 5600 in
3406 5546 3562 5601 corde
3584 5547 3679 5600 viri
3710 5543 3915 5613 (Prov.

2305 5653 2379 5693 xx
2399 5679 2415 5703 ,
2448 5636 2536 5705 5).
2578 5636 2652 5692 De
2678 5635 2905 5693 consilio
2935 5638 3040 5693 isto
3068 5639 3290 5707 sapiens
3331 5638 3547 5695 dicebat
3578 5658 3591 5693 :
3624 5638 3754 5694 Sine
3779 5646 3913 5694 con;

2300 5730 2420 5785 silio
2444 5730 2571 5783 nihil
2594 5728 2755 5799 facias
2778 5770 2793 5795 ,
2826 5738 2871 5783 et
2913 5728 2968 5783 in
3014 5730 3248 5801 faciéndo
3279 5748 3344 5787 ne
3390 5742 3437 5787 te
3469 5731 3707 5802 paniteat
3732 5721 3917 5802 (Eccl.

2309 5834 2487 5891 xxxn,
2517 5819 2588 5875 9.4
2608 5825 2645 5892 ).
2669 5821 2827 5899 Quqd
2858 5838 2965 5878 non
2989 5820 3075 5879 eSt
3102 5822 3269 5892 illud,
3299 5825 3368 5883 de
3397 5840 3506 5895 quo
3536 5812 3781 5895 queritur
3810 5802 3921 5883 De—
