4082 6306
113 239 186 294 33
1037 241 1124 299 DE
1157 235 1300 298 XLII
1349 234 1815 299 MANSIONIBUS
1856 235 2192 300 FILIORUM
2231 237 2507 301 ISRAEL.
3363 255 3435 320 ει

117 352 316 417 maius,
346 367 444 422 per
475 354 812 426 prephetam
831 356 1050 414 dicens:
1084 357 1175 412 νω
1193 357 1292 426 ﬁlii
1317 358 1607 430 apostath
1631 358 1736 414 lucc
1763 359 1818 420 Α
1919 357 2155 413 XXXV“
2207 361 2444 426 mansio,
2489 361 2868 422 SsLuouA.'—
2905 368 3114 428 Mansio
3159 373 3440 440 trigesima

119 446 240 499 dicit
265 445 528 501 Dominus
560 463 582 502 :
605 447 831 506 Fecistis
851 452 1116 506 consilium
1149 467 1250 504 non
1285 467 1375 520 per
1399 467 1500 516 me,
1533 460 1582 506 et
1609 468 1733 522 pac-

117 546 222 591 tum
250 554 352 592 non
375 556 470 607 per
498 539 769 611 Spiritum
794 560 955 598 meum
979 543 1147 616 (Esai.
1176 559 1285 598 xxx
1305 585 1319 608 ,
1347 543 1432 613 1).
1463 542 1571 598 Sed
1599 543 1730 599 illud

114 629 182 685 de
208 644 315 701 quo
342 631 573 701 sapiens
598 651 613 688 :
646 632 882 708 Cognitio
906 636 1150 706 sapientis
1179 645 1437 705 tamquam
1463 636 1732 692 inundatio

115 721 438 788 abundabit,
462 734 513 779 et
554 728 832 781 consilium
878 729 1016 783 illius
1045 730 1179 783 sicut
1228 732 1345 800 fons
1392 745 1550 801 purus
1576 729 1728 797 uitta,

115 817 253 890 quod
281 818 514 874 custodit
546 836 580 873 a
608 820 748 876 malo
772 821 938 893 (Eccl.
966 839 1086 886 xxi.
1123 822 1188 879 16
1207 821 1260 893 );
1292 824 1415 894 quia
1443 823 1728 880 consilium

116 910 322 967 bonum
352 912 634 969 custodiet
663 922 745 980 te,
780 916 1038 985 cogitatio
1064 923 1248 971 autem
1280 923 1468 970 sancta
1492 915 1732 972 servabit

115 1014 187 1062 te.
217 1005 335 1062 Huc
365 1021 499 1076 ergo
545 1007 932 1064 incunctanter
965 1025 1276 1080 pergamus,
1320 1017 1399 1087 et_
1423 1018 1607 1065 nostra
1640 1008 1730 1066 hic

119 1097 328 1154 alacres
356 1098 594 1154 tentoria
620 1100 930 1172 erigamus;
963 1111 1020 1156 ut
1049 1103 1161 1158 Deo
1189 1102 1241 1157 in
1276 1110 1386 1156 toto
1407 1100 1571 1157 corde
1600 1115 1730 1157 nos-

121 1200 204 1246 tro
233 1233 249 1260 ,
280 1193 426 1246 sicut
450 1191 622 1248 David
649 1195 700 1249 in
724 1195 962 1251 concilio
999 1195 1271 1264 justorum
1303 1236 1320 1261 ,
1354 1204 1409 1252 et
1434 1208 1729 1267 congrega-

119 1284 293 1346 tione.
325 1283 579 1342 conﬁteri
610 1287 890 1343 valeamus
933 1286 1110 1359 (Psal.
1139 1303 1236 1352 cx,
1272 1288 1296 1342 1
1323 1291 1366 1358 ).

182 1377 440 1435 XXXIIF1
472 1381 717 1446 mansio,
766 1380 1204 1437 Sm.—Mausio
1251 1381 1525 1451 trigesima
1568 1381 1724 1436 tertia

112 1482 193 1530 est
227 1471 281 1526 in
313 1471 540 1528 deserto
571 1471 699 1539 Sin;
734 1491 904 1543 quare
941 1475 1218 1547 subjungit
1247 1494 1260 1530 :
1319 1475 1386 1530 Et
1419 1477 1636 1548 profecti
1663 1476 1729 1530 de

113 1564 452 1636 Asiongabcr,
512 1567 864 1620 castrametati
917 1577 1031 1621 sunt
1060 1569 1111 1620 in
1140 1569 1338 1622 deserto
1371 1568 1489 1624 Sin.
1523 1567 1724 1640 (Num.

114 1670 324 1721 xxxm,
357 1655 432 1710 £6
458 1654 500 1726 ).
554 1655 755 1712 Octava
788 1657 999 1712 mansio
1053 1671 1214 1728 supra
1263 1659 1457 1714 eodem
1505 1674 1725 1730 quoque

1835 449 2021 517 quinta
2069 448 2300 505 habetur
2336 453 2387 507 iu
2427 453 2715 523 Salmoua;
2743 473 2863 514 nam
2905 463 3150 532 sequitur
3178 480 3192 518 :
3225 463 3293 518 Et
3319 482 3443 537 pro-

1835 544 1957 613 fecti
2003 560 2068 597 ea:
2116 543 2232 598 [lor
2277 558 2476 614 monte,
2519 555 2867 608 castrametati
2909 568 3029 610 sunt
3081 557 3136 611 in
3190 559 3438 616 Salmona

1835 633 2026 704 (Nam.
2061 652 2230 692 χχχιιι
2251 679 2266 703 ,
2299 637 2413 709 58).
2448 639 2714 711 Egressus
2740 659 2802 700 ex
2835 645 2948 701 ilor
2971 660 3155 705 monte
3184 655 3439 723 populus,

1833 742 1941 781 non
1971 740 2179 784 rectam
2209 747 2370 800 quam
2396 745 2658 803 cmperat,
2687 749 3010 805 prosecutum
3032 751 3116 795 est
3138 741 3278 796 viam
3307 761 3319 798 :
3347 743 3441 801 sed

1841 817 2011 875 Edom
2043 831 2243 877 terram
2274 823 2631 892 circumiens,
2662 844 2811 883 mare
2847 829 3083 886 Rubrum
3115 850 3302 890 versus
3334 836 3438 894 iter

1831 913 2092 985 arripuit;
2124 925 2181 970 ut
2207 917 2360 986 juxta
2389 918 2612 974 verbum
2648 921 2891 980 Domini.
2920 922 3113 981 fratres
3136 942 3263 984 suos
3297 930 3440 986 bello

1831 1021 1941 1064 non
1975 1009 2311 1078 incesseret,
2342 1027 2443 1068 nec
2485 1030 2711 1083 prorsus
2741 1015 2967 1073 lazderet
2997 1036 3012 1075 :
3045 1020 3215 1090 inquit
3241 1025 3385 1079 enim
3423 1043 3436 1078 :

1832 1101 1918 1158 Ne
1945 1107 2187 1160 moveatis
2213 1117 2392 1162 contra
2421 1108 2560 1179 ipsos
2585 1109 2772 1165 bellant
2805 1111 2982 1186 (Deut.
3014 1129 3074 1178 tt.
3105 1113 3182 1188 5).
3210 1116 3310 1174 Tot
3339 1118 3442 1192 ἱεῖσι

1829 1206 1919 1254 ιιιι·
1946 1199 2158 1255 viarum
2200 1202 2454 1272 fatigatus
2489 1204 2856 1272 anfractibus,
2911 1224 3104 1265 manna
3151 1221 3438 1282 pertazsus,

1828 1291 2044 1349 locutus
2085 1304 2199 1359 est,
2234 1297 2437 1368 inquit,
2471 1310 2660 1354 contra
2693 1301 2863 1357 Deum
2894 1315 2947 1359 et
2980 1304 3224 1380 Moysen.
3259 1308 3442 1378 Quare

1830 1385 2004 1441 iratus
2043 1388 2308 1444 Dominus
2345 1392 2650 1448 virulentos
2691 1394 3088 1467 lethiferosque
3131 1408 3433 1470 serpentes,

1828 1480 1920 1548 qui
1951 1495 2136 1535 morsu
2162 1481 2596 1551 iuternecahaut,
2625 1486 2676 1540 in
2711 1489 2968 1559 populum
3006 1492 3262 1559 immisit;
3291 1494 3439 1553 unde

1828 1571 1990 1638 periit
2012 1572 2239 1642 populus
2264 1577 2466 1629 multus
2489 1578 2670 1633 nimis.
2699 1578 2773 1634 lle
2795 1583 2987 1648 quibus
3004 1585 3250 1640 meminit
3268 1587 3433 1642 etiam

1827 1665 2156 1736 Apostolus,
2190 1668 2418 1726 dicens:
2448 1670 2631 1740 Neque
2674 1684 2923 1730 teutemns
2962 1675 3258 1749 Christum,
3301 1685 3436 1739 sicut

117 1752 332 1807 nomine
362 1760 743 1821 nuncupatur;
775 1750 954 1822 inquit
974 1753 1116 1808 enim
1146 1771 1158 1807 :
1190 1753 1258 1810 Et
1283 1755 1499 1827 profecti
1528 1773 1559 1808 a
1590 1756 1724 1810 mori
1753 1769 1803 1832 Β
1827 1758 2042 1828 quidam
2082 1777 2258 1816 eorum
2291 1773 2608 1820 tentaverunt
2629 1809 2643 1832 ,
2689 1779 2735 1822 et
2767 1786 2797 1822 a
2823 1774 3144 1840 serpentibus
3174 1775 3440 1846 perierunt

117 1843 290 1898 Rubro
314 1885 328 1902 .
362 1846 716 1899 castrametati
744 1855 864 1899 sunt
891 1843 946 1898 in
987 1845 1188 1902 deserto
1233 1847 1352 1903 Sin.
1389 1846 1495 1904 Sed
1545 1857 1722 1904 atten-

117 1934 347 1994 dendum
378 1938 527 2010 quod
561 1939 649 1994 hic
677 1939 829 1997 locus
851 1943 988 1998 alius
1015 1940 1084 1997 ab
1126 1941 1221 1995 illo
1268 1950 1393 2006 est;
1437 1941 1559 1996 ideo
1582 1940 1719 1999 inira

116 2028 461 2101 subjuugitur
496 2049 511 2086 :
541 2029 623 2085 De
651 2031 851 2088 deserto
890 2033 986 2090 Sin
1013 2076 1027 2100 ,
1059 2033 1167 2088 Irtec
1198 2043 1270 2088 est
1311 2030 1476 2088 Cades
1509 2033 1528 2105 (
1554 2032 1716 2088 Num.

117 2136 225 2190 xx,
253 2124 276 2178 i
305 2123 345 2195 ).
401 2124 470 2180 Et
511 2125 676 2194 alibi,
725 2125 853 2181 dum
899 2127 1130 2198 populus
1177 2128 1230 2182 in
1275 2127 1375 2184 hac
1417 2137 1722 2184 moraretur

120 2217 430 2284 mansione,
463 2217 688 2274 mittens
717 2221 938 2275 nuntios
964 2221 1182 2293 Moyses
1211 2221 1277 2276 ad
1298 2237 1478 2293 regem
1505 2222 1675 2277 Edoni
1704 2241 1716 2277 :

124 2305 189 2363 Et
219 2326 355 2364 nunc
403 2328 615 2378 sumus,
664 2313 858 2386 inquit,
905 2315 956 2369 in
999 2315 1164 2370 Cocles
1200 2315 1432 2380 civitate,
1480 2332 1544 2370 ex
1580 2325 1723 2383 parte

126 2403 306 2473 ﬁnium
334 2415 544 2460 tuorum
565 2404 750 2477 (Ibid.,
779 2410 847 2464 14
869 2408 907 2480 ).
946 2409 1094 2465 lianc
1136 2409 1383 2465 meminit
1405 2408 1568 2464 David
1597 2424 1723 2480 pro-

127 2495 284 2564 pheta
312 2540 325 2562 ,
369 2497 609 2554 dicens:
657 2497 727 2555 Et
770 2502 1106 2555 commovebit
1160 2501 1415 2555 Dominus
1462 2500 1724 2555 desertum

125 2586 285 2644 Cades
315 2590 491 2662 (Psal.
526 2608 724 2660 xxvm,
753 2593 842 2663 8).
876 2595 973 2650 llic
1003 2594 1169 2649 Maria
1197 2595 1366 2667 Moysi
1399 2611 1556 2650 soror
1577 2595 1720 2650 diem

127 2696 275 2738 suum
303 2683 506 2748 obivit,
537 2693 752 2740 mortua
778 2694 832 2740 et
860 2687 1072 2756 sepulta
1101 2698 1214 2754 est,
1247 2698 1306 2742 ut
1327 2702 1491 2758 supra
1507 2688 1720 2758 legitur.

127 2773 272 2841 Quod
297 2774 574 2846 Josephus
599 2792 818 2848 quoque
842 2777 1106 2834 describit
1133 2779 1322 2834 dicens
1347 2798 1360 2834 :
1384 2778 1531 2834 Tunc
1557 2780 1726 2850 itaque

129 2881 343 2920 sororem
372 2870 489 2941 ejus
524 2865 750 2922 Mariam
780 2869 902 2939 ﬁnis
926 2869 1042 2924 vita:
1069 2871 1269 2939 accepit
1295 2911 1308 2934 ,
1335 2871 1474 2932 fcum
1501 2869 1726 2941 quadra-

132 2961 368 3031 gesimum
393 2961 709 3034 complesset
731 2979 928 3017 annum
946 3005 960 3031 ,
1009 2981 1072 3019 ea:
1097 2981 1198 3036 quo
1230 2963 1519 3037 Egyptum
1541 2964 1726 3018 dereli-

131 3054 232 3124 quit
257 3070 275 3109 :
303 3055 722 3128 scpelieruntque
743 3072 856 3111 eam
882 3057 1086 3128 publice
1108 3059 1260 3113 nimis
1289 3059 1558 3128 splendide
1581 3056 1720 3128 (Lib.

1827 1851 1872 1924 (Ι
1918 1852 2038 1907 Cor.
2087 1870 2153 1920 x,
2198 1855 2276 1926 9).
2324 1856 2477 1912 Tunc
2526 1861 2700 1915 oranti
2753 1863 2919 1934 Moy~i
2971 1880 3068 1936 pro
3120 1880 3434 1939 serpentum

1824 1945 2230 2015 exstinctione,
2290 1950 2576 2019 respondit
2625 1953 2766 2007 Deus
2799 1971 2812 2008 :
2849 1951 2964 2007 Fac
3009 1957 3101 2012 tibi
3146 1974 3438 2031 serpentem

1825 2051 2028 2091 teneum
2051 2047 2100 2092 ct
2121 2056 2253 2108 pone
2277 2041 2429 2095 illum
2453 2061 2548 2111 pro
2570 2045 2718 2116 signo
2738 2062 2756 2099 :
2776 2055 2825 2100 et
2847 2050 3014 2103 omnis
3036 2067 3236 2106 morsus
3258 2054 3437 2110 videns

1826 2125 1998 2192 illum,
2031 2129 2161 2183 vivet
2195 2129 2384 2202 (Num.
2418 2150 2530 2196 xxx,
2553 2134 2636 2204 8).
2669 2135 2824 2192 Fecit
2846 2137 3061 2211 Moyses
3092 2141 3242 2211 juxta
3276 2160 3433 2200 inan-

1825 2217 2017 2274 datum
2051 2221 2288 2290 Domini,
2323 2237 2379 2281 et
2406 2228 2635 2297 populus
2658 2243 2686 2282 a
2714 2229 2863 2299 plaga
2901 2233 3163 2291 liberatus
3191 2247 3295 2293 est.
3331 2238 3438 2295 Ve-

1828 2326 1948 2366 rum
1973 2313 2098 2382 quia
2124 2313 2380 2372 Salmona
2412 2318 2804 2390 interpretatur
2824 2326 3040 2390 umbra,
3065 2327 3266 2386 factum
3291 2331 3434 2388 isutd

1827 2404 2099 2460 mansioui
2129 2417 2276 2463 recte
2305 2420 2540 2479 aptatur.
2572 2413 2815 2484 Serpens
2846 2433 3080 2484 namque
3124 2422 3273 2491 ligno
3311 2441 3432 2481 sus-

1827 2511 2051 2566 pensus,
2081 2509 2244 2572 typus
2275 2513 2331 2558 et
2354 2504 2543 2559 umbra
2569 2505 2770 2562 Christi
2797 2505 2897 2564 fuit
2923 2525 3023 2579 pro
3046 2513 3220 2568 salute
3249 2531 3432 2572 uoSira

1829 2590 1882 2646 in
1915 2606 2080 2649 cruce
2111 2595 2428 2664 pendentis,
2462 2599 2601 2652 sicut
2635 2600 2749 2668 ipse
2777 2605 3003 2672 exponit
3036 2607 3085 2659 iu
3119 2607 3431 2679 Lvatigotio,

1827 2685 2013 2741 dicens
2041 2705 2054 2740 :
2091 2687 2237 2743 Sicut
2268 2688 2475 2762 Moyses
2505 2693 2748 2747 exaltabit
2788 2709 3078 2765 serpentem
3112 2701 3164 2754 in
3195 2704 3436 2771 disrrto;

1827 2777 1900 2831 ita
1931 2780 2151 2834 exaltari
2179 2793 2378 2850 Oportet
2408 2783 2573 2852 ﬁlium
2601 2783 2862 2854 hominis;
2895 2799 2949 2842 ut
2975 2791 3140 2845 omnis
3165 2797 3254 2863 qui
3274 2795 3440 2851 credit

1827 2868 1879 2922 in
1902 2885 2038 2933 eum,
2074 2887 2176 2924 non
2207 2883 2414 2944 pereat;
2439 2875 2532 2930 sed
2555 2877 2734 2931 habeat
2770 2880 2926 2935 vitam
2965 2891 3210 2938 (sternam
3247 2887 3435 2955 (Joan.

1829 2977 1909 3024 ιιι.
1947 2962 2056 3035 ii).
2094 2963 2528 3036 Frequentemus
2572 2970 2734 3042 igitur
2776 2989 2875 3029 uos
2914 2978 3208 3033 stationem
3251 2982 3436 3050 Nam,

1831 3063 1889 3110 ut
1918 3059 2248 3127 aspiciamus
2287 3059 2569 3119 Christum
2612 3082 2711 3134 pro
2755 3071 2941 3124 mundi
2971 3072 3146 3130 salute
3184 3075 3240 3132 in
3271 3094 3436 3136 truce

133 3162 182 3202 tv
216 3149 415 3220 Antiqq.
441 3163 570 3221 cap.
603 3151 636 3205 ι
660 3148 700 3220 ).
735 3149 832 3207 Hie
853 3150 1089 3223 denique
1135 3153 1358 3222 penuria
1387 3167 1541 3223 aquae
1571 3151 1723 3206 labo-
1751 3167 1797 3229 ρ
1831 3147 2197 3217 pendentm";
2229 3157 2484 3223 quoniam
2517 3157 2772 3216 salutaris
2800 3171 2904 3217 est.

131 3249 210 3297 rat
236 3243 504 3314 populus;
537 3259 709 3314 quare
736 3243 908 3301 iratus
933 3246 1290 3301 tumultuatur
1317 3245 1371 3300 in
1400 3246 1620 3317 Moysen
1654 3263 1667 3299 :
1695 3260 1724 3298 a

130 3349 231 3405 quo
267 3348 417 3407 petra
464 3336 628 3408 jussu
665 3339 757 3394 Dei
789 3339 1024 3394 mirabili
1057 3339 1204 3410 virga
1252 3354 1510 3409 percussa
1538 3380 1552 3405 ,
1585 3353 1725 3411 aqua

131 3431 355 3485 manavit
395 3433 658 3503 copiosa;
694 3430 836 3488 unde
863 3430 1174 3489 bibentibus
1199 3433 1411 3490 cunctis
1459 3433 1728 3505 cupiditas

131 3522 240 3578 sitis
263 3523 442 3580 ablata
463 3531 579 3581 est.

195 3615 441 3674 ΧΧΧΙνι
475 3618 690 3674 mansio
714 3660 728 3685 ,
759 3617 1182 3675 Hoa.—Mansio
1213 3621 1489 3692 trigesima
1535 3629 1725 3692 quarta

128 3713 263 3768 estin
283 3721 467 3768 monte
496 3711 629 3777 Hor;
650 3711 940 3768 dicitenim
964 3709 1061 3768 :Et
1076 3713 1292 3784 profecti
1307 3715 1370 3767 de
1386 3714 1583 3768 deserto
1605 3714 1724 3782 Sin,

131 3802 228 3859 luet:
251 3815 324 3860 est
350 3805 525 3861 Cades
549 3847 565 3872 ,
621 3808 968 3862 castrametati
995 3817 1112 3862 sunt
1152 3809 1208 3862 in
1241 3807 1355 3864 Hor
1377 3819 1548 3863 monte
1569 3825 1728 3878 prope

129 3907 302 3954 terram
316 3899 494 3956 Edom'
507 3899 700 3972 (Num.
724 3917 916 3969 xxxiii,
933 3902 1050 3970 37).
1069 3901 1374 3958 Stationem
1390 3901 1536 3972 apud
1551 3901 1726 3957 Cades

130 3991 179 4047 in
202 3991 413 4050 deserto
441 3995 546 4051 Sin
583 3993 708 4048 ﬁliis
738 3993 903 4050 Israel
927 3994 1212 4066 agentibus
1230 4038 1245 4062 ,
1271 3996 1484 4069 Moyses
1514 3995 1580 4051 ad
1605 3995 1726 4050 ldu-

129 4101 373 4143 maaorum
405 4103 602 4160 regem
629 4128 644 4154 ,
690 4096 750 4142 ut
795 4102 893 4158 per
923 4087 1068 4144 illius
1099 4089 1233 4144 lines
1275 4089 1419 4144 viam
1462 4089 1565 4143 sibi
1618 4105 1724 4144 una

130 4194 242 4236 cum
261 4195 360 4237 suo
385 4181 597 4253 populo
618 4179 967 4246 concederet,
993 4179 1198 4252 legatos
1220 4182 1399 4248 misit;
1433 4183 1724 4238 certiorem

130 4283 294 4330 tamen
311 4290 434 4331 eum
467 4275 716 4330 facturos
740 4315 756 4342 ,
798 4285 855 4330 ut
901 4288 1004 4330 nec
1028 4289 1228 4345 aquam
1259 4275 1376 4332 sine
1407 4277 1583 4339 pretio
1621 4275 1725 4332 sibi

131 4364 360 4421 exhiberi
391 4381 560 4436 posce
569 4375 674 4421 ret.
697 4366 790 4423 Ille
803 4382 937 4424 vero
958 4366 1205 4439 petitioni
1234 4379 1339 4423 non
1353 4370 1720 4435 consentiens,

130 4473 222 4515 nec
245 4460 533 4516 transitum
566 4458 767 4514 cedens
789 4502 804 4526 ,
842 4459 1126 4532 respondit
1153 4477 1168 4519 :
1215 4458 1338 4515 Non
1366 4459 1606 4515 transibis
1636 4477 1726 4530 per

1903 3239 2164 3335 xxxv“
2209 3248 2453 3316 mansio,
2507 3248 2735 3308 Pntuou.
2787 3283 2860 3296 —
2897 3255 3104 3316 Mansio
3156 3262 3435 3335 trigesima

1828 3341 1979 3389 sexta
2009 3333 2220 3392 Pltiuon
2251 3352 2627 3410 nuncupatur;
2660 3345 2790 3402 dicit
2820 3363 3093 3421 namque:
3119 3351 3188 3408 Et
3217 3333 3440 3430 projecti

1828 3425 1893 3481 de
1933 3427 2219 3496 Salmona,
2260 3437 2610 3490 castrametati
2638 3448 2757 3493 sunt
2786 3440 2837 3495 in
2868 3440 3079 3500 Pltinon
3120 3425 3434 3523 (Νιιηιίόδ,

1826 3520 1943 3590 42).
1976 3521 2198 3595 Lingua:
2227 3527 2657 3588 moderationem
2683 3536 2825 3590 inter
2850 3551 2911 3592 ea
2941 3553 3061 3609 quae
3089 3540 3294 3600 bomiui
3323 3520 3432 3604 non

1832 3613 2016 3670 minus
2044 3620 2352 3675 necessaria
2381 3637 2542 3693 quam
2577 3624 2822 3682 difﬁcilia
2855 3642 3002 3697 sunt,
3027 3644 3247 3690 sanctus
3273 3637 3436 3695 Jaco-

1831 3707 1931 3764 bus
1965 3713 2250 3780 apostolus
2288 3713 2412 3770 fuso
2457 3729 2742 3776 enumerat
2781 3736 3068 3792 sermone,
3113 3727 3343 3787 dicens:
3376 3733 3440 3790 Si

1828 3803 1942 3872 quis
1962 3803 2017 3857 in
2046 3805 2196 3859 verbo
2218 3823 2319 3860 non
2351 3807 2590 3877 o/I'endit,
2620 3811 2704 3866 hic
2733 3817 2994 3886 perfectus
3022 3828 3095 3873 est
3123 3821 3226 3886 vir,
3257 3833 3436 3894 potens

1829 3900 1978 3967 freno
2003 3899 2390 3956 circumducere
2419 3903 2575 3958 etiam
2605 3915 2766 3961 totum
2794 3925 2982 3981 corpus
3007 3911 3212 3981 (Iacob.
3239 3931 3295 3973 ιιι
3313 3961 3328 3985 ,
3351 3919 3433 3990 2).

1830 3988 1972 4048 Ecce
2001 3993 2156 4064 equis
2188 3993 2338 4050 frena
2363 3995 2414 4051 in
2439 4013 2533 4052 ora
2555 3999 2848 4068 mittimus,
2875 4003 2943 4057 ad
2981 3988 3433 4068 consentiendum

1829 4085 2009 4151 nobis,
2037 4095 2092 4143 et
2117 4105 2278 4145 omne
2307 4105 2509 4162 corpus
2539 4091 2756 4148 illorum
2795 4095 3253 4158 circumferiuius.
3299 4103 3439 4163 Ecce

1831 4186 1885 4234 et
1916 4195 2102 4246 naves,
2130 4195 2254 4236 cum
2290 4192 2396 4236 tam
2432 4169 2640 4254 magna:
2671 4187 2816 4254 sint,
2868 4198 2924 4245 et
2961 4205 2992 4244 a
3035 4193 3211 4250 ventis
3239 4197 3437 4256 validis

1831 4271 2137 4342 minentur,
2185 4276 2650 4335 circumferuntur
2685 4296 2716 4336 a
2765 4283 2980 4340 modico
3025 4287 3436 4363 gubernaculo,

1829 4381 2174 4439 quocumque
2205 4369 2442 4440 impetus
2466 4372 2754 4445 dirigentis
2779 4379 3030 4435 voluerit.
3068 4381 3144 4437 Ita
3169 4396 3221 4439 et
3250 4385 3431 4460 lingua

1829 4461 2102 4517 modicum
2137 4464 2442 4521 membrum
2475 4477 2579 4532 est,
2612 4481 2666 4526 et
2697 4487 2890 4544 magna
2917 4475 3106 4546 jactat.
3143 4476 3279 4536 Ecce
3309 4499 3436 4554 par-

134 4566 229 4618 me,
257 4551 494 4623 alioquin
518 4553 655 4607 bello
684 4553 739 4606 in
775 4568 1049 4607 occursum
1069 4553 1160 4607 tibi
1190 4551 1336 4608 exibo
1366 4554 1386 4622 (
1411 4550 1574 4607 Num.
1607 4568 1674 4607 xx
1703 4593 1718 4617 ,
1747 4563 1802 4624 Ι)
1826 4569 1918 4608 vus
1963 4555 2102 4626 ignis
2145 4574 2301 4627 quam
2347 4576 2592 4631 magnam
2630 4564 2817 4619 silvam
2855 4569 3099 4625 incendit.
3142 4570 3210 4626 Et
3254 4550 3434 4648 lingua

135 4643 252 4715 i8).
278 4645 463 4712 Quare
495 4645 731 4717 populus
758 4645 1014 4700 mandato
1044 4645 1172 4713 Dei,
1206 4653 1266 4700 ut
1301 4645 1354 4701 in
1383 4645 1724 4702 Deuterono-

129 4741 230 4793 mio
254 4739 513 4808 habetur,
546 4740 617 4794 ab
645 4754 714 4795 eo
743 4739 1036 4796 declinavit
1063 4757 1077 4794 :
1102 4748 1159 4796 et
1185 4739 1252 4796 de
1272 4741 1447 4798 Cades
1474 4755 1725 4812 egressus

128 4831 188 4886 ad
201 4830 307 4889 Hor
318 4840 572 4890 montem
589 4833 856 4903 pervenit,
869 4842 924 4889 et
939 4832 1083 4890 hanc
1095 4848 1259 4904 quam
1283 4834 1515 4903 legimus
1532 4834 1581 4906 (Ι
1590 4835 1694 4890 bid.
1708 4878 1723 4902 ,

127 4922 191 4976 9.7
217 4933 263 4978 et
290 4925 428 4996 seq.)
455 4936 480 4994 ,‘
527 4924 716 4980 habuit
749 4925 1109 4981 mansionem.
1154 4924 1259 4982 Ubi
1309 4927 1461 4996 juxta
1512 4926 1724 4982 Domini

131 5029 457 5092 praeceptum
506 5022 691 5076 Aaron
721 5035 844 5076 cum
870 5020 1054 5094 Moyse
1080 5019 1250 5076 fratre
1279 5029 1335 5076 et
1359 5019 1586 5076 Eleazar
1615 5019 1726 5076 ﬁlio

130 5111 177 5166 in
226 5112 334 5169 Hor
377 5122 632 5170 montem
670 5113 957 5169 ascendit:
1008 5114 1101 5170 ubi
1156 5114 1367 5186 Moyses
1419 5112 1586 5168 verbo
1631 5113 1724 5169 Dei

131 5205 533 5272 pontiﬁcalibus
605 5207 791 5262 Aaron
845 5204 1180 5262 indumentis
1243 5206 1448 5261 nudato
1504 5205 1728 5262 Eleazar

129 5295 308 5367 ﬁlium,
349 5301 438 5356 cui
487 5308 713 5371 propter
737 5307 953 5355 aetatem
983 5300 1331 5370 pontiﬁcatus
1358 5299 1686 5355 obveniebat
1709 5341 1724 5365 ,

130 5391 378 5451 universo
407 5398 494 5450 vel
522 5395 754 5450 mirante
786 5394 986 5465 populo
1009 5435 1026 5462 ,
1049 5395 1138 5464 qui
1166 5410 1232 5450 ex
1264 5394 1497 5450 adverso
1519 5393 1722 5460 stabat,

132 5486 367 5552 protinus
384 5487 635 5544 vestivit.
665 5486 858 5559 Ibique
876 5490 1055 5544 Aaron
1097 5489 1208 5544 vita
1244 5488 1433 5544 functo
1459 5531 1475 5557 ,
1524 5488 1590 5543 ad
1621 5488 1723 5561 17

129 5589 384 5650 suumque
420 5580 690 5650 p0pulum
727 5580 1008 5650 apposito,
1034 5580 1257 5636 Eleazar
1282 5581 1426 5638 ﬁlius
1468 5583 1726 5638 sacerdos

132 5683 221 5738 pro
248 5674 430 5730 Aaron
465 5683 624 5744 patre
650 5687 751 5730 suo
773 5673 1079 5730 declaratus
1107 5684 1212 5732 est.
1244 5675 1612 5733 Memorabilis
1641 5684 1727 5732 est

132 5764 282 5840 igitur
306 5767 411 5824 ista
450 5768 689 5825 mansio.

1821 4647 1959 4720 ignis
1981 4658 2078 4713 est,
2112 4650 2422 4707 universitas
2447 4653 2731 4724 iniquitatis
2758 4656 2924 4728 (Eccl.
2955 4677 3142 4727 xxvm,
3173 4664 3266 4729 28,
3296 4647 3436 4742 ‘29);

1826 4747 1884 4796 et
1905 4749 2102 4798 caetera
2135 4758 2256 4813 qute
2287 4744 2382 4800 tibi
2409 4760 2632 4803 sanctus
2657 4752 2935 4820 apostolus
2966 4756 3186 4813 disserit
3209 4759 3275 4815 ad
3309 4777 3436 4832 pro-

1827 4833 2060 4904 positum
2088 4835 2359 4892 facientia.
2391 4838 2447 4895 Si
2480 4847 2561 4895 tot
2589 4841 2727 4897 mala
2752 4845 2957 4903 homini
2983 4863 3014 4904 e
3041 4848 3218 4922 lingua
3246 4853 3430 4910 inuui-

1827 4939 2019 4995 neant,
2049 4931 2172 5001 quis
2203 4931 2350 4986 illam
2394 4933 2768 4995 moderatione
2799 4955 2906 4996 non
2938 4940 3216 5016 indigere,
3249 4947 3432 5009 dicere

1829 5023 2092 5079 audebit?
2123 5023 2248 5080 Ideo
2277 5023 2510 5096 Sapiens
2539 5028 2591 5084 id
2623 5033 2874 5104 przecipit
2894 5077 2909 5102 ,
2955 5036 3082 5092 dum
3111 5039 3243 5097 dii-it
3273 5061 3286 5099 :
3317 5042 3433 5100 Cir-

1829 5117 2084 5171 cumvalla
2105 5119 2475 5189 possessionem
2495 5131 2637 5178 tuam
2656 5126 2844 5196 spinis,
2865 5140 2916 5184 et
2934 5133 3013 5186 ori
3032 5141 3120 5188 tuo
3144 5133 3228 5202 fac
3237 5137 3430 5208 januas

1828 5221 1876 5266 et
1898 5228 2039 5266 seras
2062 5229 2081 5265 :
2107 5223 2379 5284 argentum
2405 5223 2552 5270 tuum
2577 5227 2624 5272 et
2648 5237 2835 5276 aurum
2863 5235 3008 5278 tuum
3033 5229 3225 5299 con/la.
3248 5241 3295 5283 et
3322 5246 3433 5284 ser-

1830 5306 1999 5360 monis
2025 5305 2101 5358 tui
2122 5305 2205 5376 fac
2230 5317 2504 5374 stateram,
2533 5319 2584 5366 et
2612 5317 2693 5367 ori
2718 5325 2807 5372 tuo
2832 5321 2918 5389 [ac
2943 5333 3144 5388 portam
3177 5331 3224 5376 et
3260 5341 3429 5382 seram

1829 5396 2020 5468 (Ibid.,
2051 5398 2165 5466 i2).
2192 5399 2396 5456 Verum
2433 5417 2556 5458 cum
2597 5415 2832 5476 statera,
2874 5424 3029 5483 porta
3075 5424 3128 5470 et
3170 5427 3288 5470 sera
3333 5433 3431 5488 pro

1829 5492 2008 5562 lingua
2029 5507 2136 5547 non
2158 5493 2312 5548 facile
2328 5493 2378 5549 ei
2397 5509 2731 5563 occurreret.
2755 5501 2970 5559 dicebat
2993 5504 3132 5562 idem
3160 5505 3428 5576 Sapiens:

1831 5585 1958 5653 Quis
1980 5587 2123 5641 dabit
2153 5588 2282 5642 mihi
2303 5605 2460 5660 super
2481 5610 2536 5648 os
2560 5610 2728 5648 meum
2747 5596 3055 5661 custodiam,
3092 5611 3139 5656 et
3168 5619 3326 5674 super
3352 5607 3432 5663 ια-

1827 5679 1911 5734 bia
1957 5697 2069 5734 mea
2109 5681 2434 5753 signaculum
2475 5683 2648 5756 (Eccl.
2697 5702 2845 5756 χιιι,
2883 5687 3044 5759 33.)?
3091 5695 3259 5753 David
3300 5714 3433 5760 vero

1828 5773 2093 5846 propheta
2137 5789 2166 5829 a
2207 5774 2438 5831 Domino
2482 5775 2600 5833 haec
2640 5777 2781 5833 dona
2812 5785 3062 5853 prtestari
3093 5802 3439 5867 agnoscens,
