4082 6306
604 253 677 322 τε

1576 247 1670 315 ΑΒ
1701 246 1941 316 OPERA
1968 251 2214 318 SANCTI
2259 251 2588 316 AMBROSII
2626 249 3000 318 APPENDIX.

3846 256 3924 315 58

603 375 893 433 Dominum
925 372 1007 429 his
1038 361 1361 444 precabatur
1381 369 1563 428 verbis
1589 388 1602 426 :
1630 369 1798 439 Pone,
1827 370 2068 438 Domine,
2113 388 2204 426 cu—
2230 373 2283 438 λ
2311 381 2486 432 terras
2511 377 2800 433 transitum
2829 377 2956 433 ﬁliis
2981 374 3148 434 lsraei
3173 381 3435 448 praestare
3460 374 3742 432 hostiliter
3764 389 3924 431 recu-

606 470 830 524 stodiam
856 468 932 522 ori
961 481 1071 520 meo
1093 507 1106 531 ,
1135 474 1182 520 et
1209 465 1396 520 ostium
1431 465 1835 520 circumstantia:
1857 466 2052 520 circum
2073 464 2209 520 labia

607 580 717 618 mea
733 562 904 636 (Psal.
925 578 1048 628 exn,
1070 560 1149 631 '5).
1177 561 1398 632 Linguze
1418 560 1719 616 moderatio
1736 561 1790 617 in
1811 560 1912 618 hac
1932 561 2212 617 mansione

604 672 756 712 suam
787 654 946 711 habet
975 653 1184 710 sedem.
1217 652 1353 708 Nam
1383 652 1591 709 Phinon
1625 653 1739 708 oris
1777 653 2106 725 parcimonia
2137 651 2211 708 iu-

607 763 959 826 terpretatur.
993 751 1263 808 Curemus
1293 752 1457 822 igitur
1484 762 1539 808 et
1570 766 1669 807 nos
1701 761 1938 807 nostram
1973 751 2062 807 hic
2098 761 2210 807 sta-

607 848 807 904 tionem
837 847 1070 914 habere;
1101 858 1157 902 ut
1188 861 1330 918 quin,
1368 846 1614 918 quando,
1640 846 1913 918 quomodo
1939 856 1992 903 et
2021 845 2214 918 quibus

603 943 752 1013 loqui
782 943 996 1011 deceat,
1025 942 1169 998 scire
1197 941 1470 997 Valeamus
1497 959 1510 995 :
1536 948 1590 996 et
1621 953 1682 996 us
1711 952 1956 996 nostrum
1989 939 2214 996 medite-

605 1047 694 1094 tur
720 1038 1077 1110 sapientiam,
1113 1047 1168 1094 et
1205 1037 1385 1109 lingua
1434 1045 1618 1093 nostra
1652 1036 1918 1108 judicium
1961 1037 2216 1109 loquatur

598 1130 786 1203 ’(Ῥδαι.
820 1145 990 1186 xxxvi
1011 1173 1023 1197 ,
1061 1129 1178 1202 30).

602 1254 606 1258 -
680 1223 961 1279 ΧΧΧἯΙκ
1004 1225 1242 1290 mansio,
1297 1222 1504 1280 Ono'rn.
1557 1253 1625 1264 -—
1677 1221 1886 1279 Mansio
1936 1221 2218 1294 trigesima

606 1319 839 1390 septMs
899 1316 1101 1374 dicitur
1157 1316 1381 1385 Oboth,
1434 1334 1541 1390 quo
1596 1317 1816 1374 demum
1885 1315 1982 1372 lilii
2047 1315 2217 1370 lsrael

609 1412 1026 1484 applicuerunt;
1083 1411 1332 1484 sequitur
1393 1427 1568 1484 ergo:
1600 1409 1667 1465 Et
1707 1410 1928 1481 profecti
1968 1409 2030 1464 de
2082 1407 2220 1462 Plii-

609 1525 756 1578 nan,
804 1508 1146 1564 castrantetati
1205 1517 1324 1563 sunt
1389 1508 1444 1562 in
1519 1505 1688 1561 Oboth
1740 1503 1946 1579 (Nunt.
2008 1517 2217 1569 χχχιιι,

607 1605 744 1677 45).
793 1605 868 1661 De
914 1606 1015 1662 hac
1061 1606 1348 1662 mansione
1404 1605 1533 1660 alibi
1592 1604 1838 1676 legitur:
1878 1602 1942 1657 Et
2000 1601 2221 1672 profecti

607 1699 706 1770 ﬁlii
752 1699 961 1764 Israel,
1013 1699 1364 1754 castrametati
1407 1710 1524 1754 sunt
1556 1699 1609 1752 in
1645 1696 1812 1752 Obotlt
1863 1695 2057 1768 (Num.
2093 1709 2220 1758 XXI,

2314 479 2526 526 sarunt.
2563 469 2721 527 Unde
2763 470 3100 528 divertentes
3129 469 3197 526 ab
3226 469 3341 536 eis,
3379 469 3738 526 Moabitarum
3785 468 3929 525 ﬁnes

2313 565 2603 622 circumire
2629 569 2806 622 coacti
2838 563 3074 622 luerunt.
3105 564 3248 622 Hinc
3275 563 3472 622 dicitur
3509 563 3658 637 quod
3699 567 3752 620 itt
3793 563 3926 619 lini-

2311 657 2418 714 bus
2438 658 2595 715 Moab
2621 658 2688 714 ad
2713 661 2978 716 orientem
3001 667 3290 717 venerunt.
3313 657 3586 715 Jeabarim
3611 673 3744 719 vero
3765 671 3931 713 acer-

2314 765 2439 806 vum
2467 751 2706 823 lapidum
2737 753 3131 811 transeuntium
3171 762 3362 820 sonat,
3384 752 3528 827 quod
3561 761 3648 816 est
3673 751 3929 808 Ecclesia

2313 841 2609 918 iustorum.
2654 846 2888 922 Lapides
2929 849 3074 905 enim
3123 857 3468 906 transeuntes
3506 848 3640 918 justi
3687 856 3831 903 sunt.
3879 845 3930 906 Ῐὶ

2322 955 2554 1013 namque
2586 950 2811 1012 propter
2837 955 3026 998 eorum
3060 942 3369 999 ﬁrmitatem
3398 941 3607 1022 lapides
3637 940 3928 1014 appellari-

2323 1043 2410 1089 tur
2433 1078 2447 1103 ,
2487 1035 2556 1092 de
2593 1037 2790 1114 quibus
2817 1036 3011 1100 Petrus
3041 1037 3324 1110 apostolus
3364 1031 3551 1094 scribit
3591 1038 3819 1102 dicens:
3856 1036 3929 1090 Et

2320 1129 2422 1200 ipsi
2450 1139 2713 1202 tamquam
2741 1131 2940 1203 lapides
2966 1133 3064 1188 vivi
3091 1131 3582 1205 superwdiﬁcamini
3607 1132 3790 1189 domus
3815 1134 3934 1204 spi-

2320 1223 2493 1279 ritalis
2515 1224 2557 1297 (l
2586 1217 2706 1279 Pet.
2739 1241 2798 1291 tt,
2830 1224 2905 1297 5).
2935 1223 3102 1286 Iustis
3129 1241 3262 1281 vero
3284 1224 3512 1283 ﬁrmitas
3538 1236 3686 1284 recte
3711 1226 3932 1282 adscri-

2324 1316 2490 1384 bitur,
2518 1331 2584 1373 co
2612 1317 2754 1388 quod
2779 1318 2884 1389 ipsi
2910 1334 3010 1382 nec
3032 1317 3315 1388 ﬂuctuant,
3345 1335 3449 1377 nec
3467 1320 3935 1380 circumierautur

2324 1408 2472 1465 omni
2500 1421 2664 1466 vento
2704 1410 2996 1478 doctrinae;
3028 1412 3170 1468 unde
3201 1413 3254 1468 in
3294 1413 3586 1487 Evangelia
3613 1413 3801 1471 domui
3829 1431 3934 1472 su-

2325 1519 2422 1575 pra
2452 1501 2662 1565 lirmam
2697 1513 2902 1576 petram
2935 1503 3208 1576 fundatae,
3251 1507 3303 1561 in
3334 1523 3494 1584 quam
3523 1508 3786 1564 descendit
3810 1509 3938 1582 plu-

2325 1602 2431 1667 via,
2460 1610 2701 1655 venerunt
2729 1601 2967 1676 ﬂumina,
2996 1602 3250 1674 [laverunt
3287 1603 3457 1672 venti,
3494 1614 3543 1660 et
3582 1622 3685 1661 non
3721 1607 3931 1674 cecidit,

2329 1705 2718 1766 comparantur
2748 1695 2962 1770 (Matth.
2988 1712 3090 1764 vn,
3115 1694 3196 1769 2).
3233 1695 3602 1754 Transeuntes
3643 1699 3806 1756 etiam
3848 1699 3939 1757 di-

611 1793 724 1862 ii).
784 1791 984 1848 Verum
1039 1791 1431 1848 attendendum
1504 1791 1645 1862 quod
1703 1788 1910 1860 majora
1951 1777 2300 1859 pernicie-‘8
2328 1801 2560 1858 cuntur;
2586 1793 2712 1862 quia
2735 1791 3036 1847 secundum
3058 1791 3403 1864 Apostolum,
3435 1791 3764 1858 conﬁtentur
3787 1795 3938 1867 quod

609 1888 863 1958 sioraque
917 1893 1290 1952 tenlameuta,
1346 1884 1545 1952 quibus
1603 1882 1786 1938 anima
1857 1881 1910 1936 in
1967 1879 2068 1935 hac
2111 1877 2218 1932 vita

609 1979 1001 2051 impugnatur,
1061 1980 1369 2034 tltmnonum
1442 1978 1770 2043 illusiones,
1831 1988 2222 2048 magorumque

612 2089 675 2129 ac
723 2075 1022 2146 pythonum
1062 2073 1335 2144 praestigia
1375 2071 1615 2128 omnium
1647 2085 1916 2127 consensu
1949 2068 2224 2125 aestiman-

612 2177 721 2224 tur.
754 2167 792 2222 li
820 2183 1054 2239 namque
1085 2166 1367 2224 maleﬁciis
1392 2166 1726 2237 magicisque
1749 2165 1981 2230 artibus,
2005 2173 2064 2218 ut
2086 2160 2225 2218 divi-

607 2260 798 2317 ‘nitatis
821 2260 1090 2316 culturam
1124 2261 1190 2314 ab
1220 2259 1499 2315 [nominum
1527 2258 1784 2315 cordibus
1815 2257 2132 2323 elitninent,
2159 2270 2222 2311 ea

610 2355 832 2412 efﬁcere
875 2363 1293 2426 protestantur,
1335 2371 1455 2428 quae
1501 2353 1700 2410 divinae
1757 2363 1965 2409 tantum
2016 2363 2222 2408 natura:

609 2458 738 2506 sunt
755 2450 1054 2520 possibilia.
1076 2448 1229 2506 Unde
1249 2449 1368 2521 ejus
1393 2451 1647 2522 potestati
1671 2460 1939 2520 perpetuo
1967 2450 2223 2506 resistere

609 2543 831 2599 audent.
863 2542 970 2599 Sed
1011 2543 1226 2598 tandem
1257 2543 1588 2601 vanitatibus
1615 2560 1803 2600 eorum
1836 2544 2096 2611 detectis,
2136 2559 2224 2602 ar-

609 2636 863 2706 tibusque
895 2634 1195 2706 proﬂigatis
1217 2677 1232 2703 ,
1269 2634 1438 2690 virtus
1468 2641 1685 2710 semper
1711 2637 1895 2694 divina
1919 2637 2227 2709 superemi-

611 2737 724 2784 net.
750 2727 892 2797 Magi
920 2743 1104 2783 coram
1139 2727 1423 2784 Pharaone
1447 2727 1619 2803 Moysi
1647 2729 1904 2786 resistere
1927 2729 2218 2795 audebant,

605 2831 848 2892 ‘suasque
879 2819 1060 2891 virgas
1087 2819 1203 2876 ﬁeri
1230 2819 1494 2876 dracones
1520 2821 1947 2880 contendebant.
1973 2821 2080 2879 Sed
2106 2830 2225 2878 tan-

613 2916 738 2973 dem
780 2916 951 2988 Moysi
985 2917 1134 2987 virga
1169 2917 1261 2972 Dei
1301 2917 1643 2987 providentia
1675 2927 1730 2974 et
1761 2920 1962 2976 virtute
1993 2918 2047 2975 in
2076 2919 2227 2975 colu-

616 3008 773 3063 brum
809 3023 987 3074 versa,
1019 3009 1070 3062 in
1105 3023 1384 3081 magorum
1416 3008 1687 3066 dracones
1723 3011 1996 3078 insiliens,
2035 3026 2131 3070 eos
2161 3011 2228 3066 il—

610 3099 720 3157 lico
749 3100 1032 3157 devoravit
1058 3098 1261 3172 (Exod.
1292 3117 1398 3168 vn,
1442 3102 1510 3158 10
1545 3112 1593 3157 et
1626 3100 1780 3175 seq.).
1810 3103 1946 3160 Nam
1978 3119 2011 3159 a
2039 3103 2225 3176 Moyse

614 3213 724 3252 non
755 3211 966 3264 errore,
1001 3211 1107 3252 non
1135 3197 1446 3268 praestigiis,
1476 3197 1575 3254 sed
1601 3199 1831 3256 veritate
1855 3199 1956 3254 ista
1986 3198 2222 3264 liebant;
2252 3171 2300 3245 (ἶ

614 3293 740 3350 ideo
771 3289 1005 3348 mirabili
1030 3293 1272 3364 potentia
1300 3292 1694 3348 subsistebant.
1725 3292 1949 3364 Legitur
1975 3293 2140 3349 etiam
2171 3293 2226 3350 in

616 3387 842 3444 Actibus
883 3387 1254 3457 apostolorum
1296 3385 1436 3460 (Act.
1469 3403 1585 3453 xui,
1614 3388 1647 3443 8
1673 3396 1721 3442 et
1744 3387 1902 3460 seq.),
1941 3389 2045 3462 ιε
2079 3387 2226 3460 quod

616 3483 742 3537 dum
773 3479 1090 3552 praedicaret
1121 3480 1321 3536 Paulus
1347 3482 1632 3554 apostolus
1661 3497 1848 3538 coram
1875 3481 2068 3554 Sergio
2099 3498 2226 3558 pro-

616 3576 863 3641 consule,
893 3574 985 3646 qui
1017 3573 1242 3630 verbum
1273 3569 1372 3628 Dei
1400 3572 1590 3628 audire
1617 3573 1905 3645 cupiebat,
1934 3574 2222 3642 resistebat,

616 3671 789 3743 inquit
816 3713 829 3738 ,
866 3668 1078 3741 Elymus
1111 3685 1290 3742 magus
1314 3709 1329 3736 ,
1361 3684 1598 3734 quwrens
1629 3678 1888 3736 avertere,
1933 3685 2224 3740 proconsu-

607 3767 717 3823 lem
761 3785 791 3821 a
834 3767 959 3838 fide.
1011 3766 1254 3836 Denique
1296 3764 1422 3820 dum
1464 3764 1531 3820 ab
1585 3765 1846 3836 Apostolo
1881 3777 2221 3837 argueretur,

616 3878 794 3919 cmcus
823 3860 1050 3918 ellectus
1076 3869 1183 3928 est,
1218 3862 1288 3915 ita
1317 3871 1374 3915 ut
1402 3860 1753 3926 circumiens,
1785 3859 1992 3932 inquit,
2015 3876 2228 3932 quaere-

619 3969 702 4012 ret
731 3956 821 4027 qui
851 3955 899 4010 ei
922 3955 1078 4011 daret
1109 3970 1321 4009 manus.
1351 3953 1478 4009 Ideo
1510 3953 1562 4008 in
1591 3953 1713 4024 lege
1739 3968 1926 4008 eorum
1958 3967 2228 4010 commer-

619 4051 760 4107 cium
806 4050 984 4104 caveri
1031 4048 1302 4119 praeeipue
1339 4047 1593 4119 iubetur;
1629 4047 1803 4117 inquit
1832 4049 1975 4102 enim
2001 4065 2014 4103 :
2040 4047 2228 4102 Anima

618 4160 736 4216 qua:
761 4152 939 4198 secuta
963 4142 1122 4214 fuerit
1151 4140 1518 4210 ventriloquos,
1543 4141 1622 4217 uel
1641 4141 2010 4206 incantatores,
2041 4151 2095 4197 ut
2117 4145 2226 4215 [or-

621 4239 819 4294 nicetur
859 4245 974 4308 post
999 4252 1088 4291 eos
1101 4251 1120 4300 ;
1164 4235 1449 4305 obﬁrmabo
1480 4234 1665 4306 [aciem
1699 4252 1863 4291 nteant
1892 4247 2070 4292 contra
2105 4239 2225 4295 ani-

621 4329 934 4398 mantillam,
953 4338 1000 4384 et
1020 4327 1232 4400 perdam
1251 4327 1402 4383 illam
1415 4327 1478 4382 de
1497 4328 1690 4399 populo
1703 4344 1797 4384 suo
1817 4326 2004 4401 (Leuit.
2028 4345 2095 4386 xx
2107 4372 2120 4396 ,
2141 4329 2224 4403 6).

622 4425 749 4482 llaec
774 4424 936 4480 statio
961 4422 1029 4478 ad
1057 4438 1245 4495 magos
1279 4421 1588 4493 perdendus
1627 4423 1826 4480 colitur
1851 4441 1864 4477 :
1889 4440 2016 4480 nam
2045 4425 2227 4482 Ohoth

618 4519 674 4574 in
726 4532 914 4590 magos
962 4516 1375 4590 interpretatur.
1419 4514 1696 4578 Adeamus
1739 4516 1904 4590 igitur
1942 4529 1997 4575 et
2026 4533 2127 4576 nos
2155 4519 2253 4590 ad,

2323 1887 2550 1961 hospites
2572 1898 2618 1943 et
2639 1886 2851 1944 advena:
2870 1897 2991 1944 sunt
3009 1903 3162 1960 super
3183 1896 3374 1942 terram
3396 1885 3586 1958 (Hebr.
3611 1905 3651 1958 t,
3680 1889 3795 1960 15).
3832 1889 3940 1946 Dc-

2323 1982 2488 2052 nique
2510 1980 2711 2037 merito
2743 1979 2987 2036 Ecclesia
3017 1980 3214 2036 dicitur
3245 1996 3474 2038 acervus
3509 1980 3780 2052 lapidum;
3810 1982 3942 2054 quia

2324 2076 2440 2148 ipsa
2454 2085 2526 2131 est
2548 2076 2787 2131 columna
2809 2087 2855 2130 et
2875 2077 3254 2147 ﬁrmamentum
3275 2077 3501 2133 ueritatis
3516 2076 3558 2150 (l
3573 2077 3708 2134 Tim.
3723 2094 3808 2147 tu,
3822 2078 3911 2150 15)
3922 2119 3936 2132 .

2325 2167 2634 2225 Habeamus
2671 2167 2834 2242 igitur
2866 2181 2920 2225 et
2965 2184 3064 2226 nos
3099 2170 3387 2228 stationem
3433 2170 3488 2228 in
3523 2170 3840 2240 Jeaharim,
3884 2181 3944 2228 ut

2326 2260 2627 2318 secundum
2661 2261 2968 2334 apostolum
3017 2261 3276 2330 Paulum,
3313 2272 3575 2318 teneamus
3615 2264 3942 2338 propositam

2326 2371 2490 2427 spem,
2522 2355 2656 2409 sicut
2677 2356 2959 2410 auc/rorant
2987 2356 3176 2412 animi:
3201 2366 3364 2412 tutam
3389 2373 3450 2411 ac
3471 2357 3699 2427 ﬁrmam,
3725 2367 3769 2412 et
3801 2358 3943 2413 ince-

2328 2450 2530 2506 dentem
2557 2468 2715 2524 usque
2748 2451 2815 2507 ad
2867 2452 3114 2508 interiora
3159 2453 3426 2510 velaminis
3468 2451 3656 2525 (Hebr.
3704 2469 3777 2519 vr,
3822 2454 3939 2526 19);

2329 2554 2387 2601 ut
2413 2545 2565 2616 juxta
2606 2547 2914 2617 apostolum
2945 2562 3164 2618 quoque
3195 2537 3453 2614 Petrum,
3493 2547 3825 2618 prmscientes
3855 2563 3944 2604 ca-

2329 2653 2560 2705 ueamus,
2606 2655 2670 2694 ne
2712 2654 2883 2695 errore
2925 2639 3242 2709 nefariorum
3283 2639 3527 2709 abducti,
3571 2641 3884 2700 excidemus
3912 2658 3945 2695 a

2329 2732 2546 2807 propria
2570 2733 2813 2802 firmitate
2838 2731 2905 2806 (ll
2928 2731 3045 2790 Pet.
3075 2750 3154 2800 Ill,
3179 2732 3290 2806 17).

2403 2825 2670 2884 XXXIX‘!
2714 2829 2948 2896 mansio,
2990 2827 3280 2890 Discussa.
3310 2858 3380 2870 ——-
3406 2827 3619 2888 Mansio
3660 2829 3943 2902 trigesima

2331 2935 2472 2976 nona
2520 2919 2751 2978 habetur
2799 2921 2853 2977 in
2909 2922 3224 2994 Dihongad;
3273 2923 3354 2980 sic
3397 2924 3543 2981 enim
3595 2922 3790 2995 lcgitur
3829 2921 3943 2978 :Et

2332 3017 2552 3088 profecti
2581 3033 2643 3072 ea:
2677 3017 2946 3074 Jeabart'm
2969 3060 2984 3087 ,
3026 3019 3374 3082 castrametati
3408 3027 3527 3074 sunt
3567 3020 3622 3074 iu
3657 3016 3946 3092 Dibongad

2333 3107 2524 3180 (Num.
2554 3125 2744 3174 xxxut.
2767 3109 2882 3182 45).
2915 3111 3114 3169 Verum
3147 3112 3216 3169 de
3242 3112 3344 3174 hac
3364 3112 3650 3176 mansione
3671 3112 3834 3186 longe
3855 3111 3944 3168 di-

2332 3217 2550 3260 versum
2581 3203 2632 3258 iu
2659 3205 2768 3261 alio
2797 3205 2915 3262 loco
2941 3205 3044 3278 legi
3088 3205 3325 3273 videtur;
3359 3221 3483 3268 nam
3517 3208 3779 3279 scriptum
3812 3216 3939 3264 est:

2331 3299 2402 3356 Et
2431 3299 2752 3360 discedentes
2781 3317 2846 3356 ea:
2886 3299 3076 3371 Obotlt,
3115 3303 3464 3362 castrantetati
3497 3312 3616 3358 sunt
3651 3302 3707 3357 in
3747 3301 3947 3360 leuita-

2332 3397 2453 3464 rim,
2476 3397 2530 3454 in
2549 3396 2752 3454 deserto
2772 3398 2911 3470 quod
2933 3408 3008 3454 est
3027 3398 3079 3454 in
3099 3409 3377 3470 conspectu
3399 3397 3579 3467 Moab,
3602 3398 3671 3457 ad
3691 3398 3945 3456 orientem

2330 3490 2479 3546 solis.
2513 3488 2647 3546 Inde
2671 3491 3052 3558 discesserunt,
3091 3503 3138 3547 et
3178 3493 3522 3554 castrametati
3547 3501 3674 3554 sunt
3713 3493 3768 3551 ia
3805 3493 3948 3550 ωιιε

2331 3584 2527 3652 Zared,
2562 3585 2677 3642 huic
2707 3579 2780 3642 ibi
2810 3584 2996 3660 (Nunt.
3028 3602 3148 3656 ut,
3174 3585 3286 3660 11).
3311 3585 3372 3643 Si
3393 3602 3530 3658 ergo
3551 3585 3798 3661 (Origen.
3823 3586 3947 3641 loco

2334 3679 2453 3752 cit.)
2493 3681 2547 3737 itt
2585 3681 2727 3737 valle
2757 3681 2927 3738 Zared
2962 3681 3333 3736 eastrametati
3369 3691 3532 3748 sunt,
3571 3679 3724 3738 dices
3750 3697 3764 3735 :
3790 3679 3949 3748 Quo-

2335 3773 2498 3830 modo
2528 3773 2582 3829 iu
2611 3772 2930 3846 Dibongad?
2962 3773 3165 3830 Verum
3194 3772 3270 3830 ibi
3296 3772 3447 3830 locus
3473 3772 3779 3832 communis
3797 3814 3816 3841 ,
3853 3773 3946 3836 hic

2335 3883 2466 3924 vero
2497 3868 2744 3939 proprius
2773 3867 3115 3938 exprimitur.
3153 3867 3253 3924 Est
3291 3868 3438 3924 enim
3470 3867 3754 3940 Dihongad
3789 3866 3942 3932 circa

2334 3959 2533 4016 vallem
2567 3958 2773 4026 Zared,
2803 3975 2924 4030 quas
2952 3971 3035 4016 εει
3061 3959 3206 4016 inter
3236 3958 3372 4016 lines
3406 3959 3856 4020 Amorrhtcorutn
3887 3968 3949 4018 et

2335 4054 2715 4110 Moabitarum.
2749 4053 2976 4126 Mystice
3007 4066 3137 4112 vero
3161 4052 3443 4124 Dibongad
3473 4053 3740 4125 apiarium
3764 4061 3947 4110 tenta-

2338 4147 2544 4204 tionum
2578 4145 2871 4220 signiﬁcat.
2895 4146 3013 4214 Quo
3031 4145 3292 4203 docemur
3315 4144 3460 4218 quod
3487 4149 3740 4218 quamvis
3755 4146 3948 4217 justus

2336 4238 2688 4314 perfectionis
2721 4240 2801 4296 vel
2829 4255 3054 4298 summai
3085 4239 3368 4311 proximus
3397 4239 3597 4296 existat
3619 4281 3634 4306 ,
3672 4237 3817 4298 haud
3861 4249 3949 4298 ta-

2334 4351 2463 4396 men
2491 4336 2542 4392 ei
2566 4336 2893 4394 tentationes
2921 4334 3142 4392 desunt.
3182 4333 3338 4404 Quod
3381 4342 3466 4392 est
3499 4333 3700 4391 divinat
3724 4334 3946 4398 cautela

2335 4430 2715 4500 providentiae,
2739 4445 2810 4488 ne
2830 4445 2860 4485 a
2883 4437 3034 4490 recto
3061 4427 3388 4487 deﬂectendi
3415 4428 3571 4486 bonis
3591 4428 3946 4487 successibus

2333 4540 2525 4588 ausam
2553 4525 2905 4596 arripiamus.
2937 4524 3088 4582 'llittc
3121 4523 3225 4582 Job
3268 4523 3486 4584 dicebat
3511 4542 3526 4580 :
3547 4522 3746 4584 Beatus
3785 4523 3946 4578 homo

619 4580 1128 4682 Οὺωιὶιξενίεειιιιιιέ
1169 4609 1266 4665 tibi
1308 4610 1658 4668 tabernacula
1685 4580 1899 4679 nostra;
1929 4621 1988 4669 ut
2015 4614 2066 4668 in
2098 4629 2224 4686 pro-
2243 4580 2305 4647 θ
2330 4583 2480 4688 quem
2507 4580 2764 4692 corripuit
2802 4616 3059 4675 Dominus
3095 4634 3114 4674 .'
3145 4617 3545 4690 ἱκετηρΜὶοΜ
3571 4619 3948 4694 omnipotentis

622 4704 860 4761 lectione
887 4702 982 4759 Dei
1007 4703 1128 4760 caeli
1153 4711 1592 4772 commorantes,
1634 4719 1742 4760 non
1782 4704 2073 4763 timeamus
2099 4724 2130 4762 a
2159 4705 2225 4763 ti-

619 4819 760 4857 more
788 4811 1062 4872 nocturno,
1086 4815 1189 4855 non
1218 4816 1249 4854 a
1276 4799 1463 4874 sagitta
1487 4800 1688 4858 volante
1716 4801 1769 4856 in
1798 4799 1908 4869 die,
1937 4819 2040 4858 non
2069 4819 2102 4857 a
2129 4819 2222 4858 ne-

614 4896 758 4968 gotio
783 4893 1172 4964 perambulante
1195 4894 1248 4950 in
1273 4893 1512 4961 tenebris,
1537 4910 1628 4952 nec
1649 4893 1712 4954 ab
1730 4895 1941 4954 incursu
1960 4906 2006 4952 et
2027 4896 2224 4954 daemo-

619 4990 704 5044 nio
731 4987 1016 5042 nteridiano
1039 4984 1209 5061 (Psal.
1236 5003 1302 5044 xc
1327 5029 1342 5055 ,
1370 4987 1428 5055 2,
1455 4987 1533 5060 6).

686 5078 998 5140 XXXVIII",
1017 5081 1217 5135 mansio
1243 5121 1259 5148 ,
1299 5079 1586 5142 inausum.
1615 5111 1686 5122 —
1716 5081 1920 5146 Mansio
1947 5083 2220 5156 trigesima

612 5188 802 5234 octava
835 5184 1061 5240 vocatur
1083 5175 1388 5242 Jeabarim;
1418 5177 1498 5232 sic
1526 5175 1673 5232 enim
1702 5175 1934 5234 habetur
1959 5195 1972 5233 :
2002 5176 2070 5232 Et
2097 5195 2221 5251 pro-

608 5258 732 5346 fecti
761 5286 824 5326 ea:
856 5268 1046 5339 Obotlt,
1074 5269 1425 5325 castrametati
1463 5279 1582 5325 sunt
1627 5270 1678 5326 in
1713 5268 2014 5342 Jeabarim,
2064 5273 2120 5328 in
2160 5289 2220 5330 eo

609 5367 748 5440 quod
771 5366 931 5435 ultra,
957 5367 1009 5421 in
1030 5365 1220 5437 ﬁnibus
1245 5363 1402 5420 Moab
1427 5364 1616 5434 (Nunt.
1650 5381 1846 5432 xum,
1869 5365 1984 5439 di).
2008 5367 2086 5431 De
2117 5367 2217 5424 hac

609 5463 894 5519 mansione
925 5461 982 5516 in
1021 5460 1128 5518 alio
1165 5459 1286 5516 loco
1327 5459 1526 5520 clarius
1564 5459 1807 5531 legitur:
1838 5459 1906 5516 Et
1944 5463 2216 5518 disceden-

607 5564 704 5621 les,
736 5555 931 5627 inquit,
961 5571 1024 5620 ex,
1053 5547 1248 5622 (lboth,
1289 5554 1641 5616 castrametati
1679 5563 1800 5617 sunt
1832 5555 1886 5614 in
1917 5555 2210 5623 Jeabarint,

603 5648 657 5705 in
683 5649 880 5703 deserto
907 5647 1044 5720 quod
1075 5659 1150 5708 ut
1173 5647 1230 5702 in
1255 5655 1530 5718 conspectu
1551 5643 1732 5715 Moab,
1759 5646 1832 5709 ad
1852 5647 2096 5706 orientem
2125 5665 2212 5704 so-

602 5740 666 5794 lis
689 5731 881 5812 (Num.
911 5756 1024 5812 ut,
1047 5730 1170 5812 Ἠ).
1201 5733 1442 5811 Propter
1474 5739 1617 5812 quod
1646 5740 1966 5798 meminisse
1991 5750 2211 5812 oportet

599 5826 744 5906 Quod
777 5829 1021 5903 ldunnei,
1055 5841 1110 5889 ut
1131 5836 1186 5889 in
1209 5831 1589 5905 Superioribus
1613 5829 1870 5903 diximus,
1895 5847 1993 5903 per
2013 5848 2205 5892 eorum

2330 4731 2397 4770 ne
2417 4730 2605 4770 renuas
2627 4712 2752 4787 (Job
2776 4730 2830 4781 v,
2853 4713 2966 4786 17).
2988 4713 3144 4782 Quod
3163 4724 3222 4772 et
3245 4714 3293 4770 si
3312 4712 3444 4771 dum
3468 4715 3519 4770 in
3541 4728 3943 4781 estne/simius,

2335 4807 2664 4864 mutationes
2695 4807 2853 4865 nobis
2879 4821 3086 4864 amarae
3104 4806 3383 4876 videntur,
3405 4807 3640 4866 mirifice
3661 4807 3950 4868 niltilomi-

2334 4918 2439 4958 nus
2457 4901 2528 4958 ad
2550 4900 2788 4958 iuturam
2809 4901 2970 4962 nobis
2992 4901 3158 4958 vitam
3183 4901 3498 4973 proﬁciunt.
3526 4901 3744 4964 dicente
3764 4903 3949 4974 Apos—

2335 4995 2450 5051 tolo
2475 5013 2488 5049 :
2516 4994 2698 5052 Omnis
2725 4994 2933 5065 quidem
2950 4994 3231 5068 disciplina
3249 4995 3306 5050 in
3332 4996 3575 5066 praesenti
3599 4994 3806 5056 videtur
3824 5012 3945 5054 non

2331 5107 2442 5146 esse
2467 5091 2670 5164 gaudii,
2695 5089 2788 5148 sed
2807 5091 3040 5148 mereris
3062 5107 3080 5144 :
3101 5099 3276 5162 postea
3301 5098 3473 5148 autem
3514 5091 3746 5160 fructum
3770 5106 3945 5162 κραδα-

2325 5185 2590 5242 tissimum
2617 5185 2914 5241 eacrcitatis
2938 5201 3027 5255 per
3049 5201 3165 5242 eam
3185 5183 3598 5258 reddatjustitiw
3618 5183 3808 5256 (ﬂeor.
3831 5199 3942 5251 ιιι,

2331 5278 2448 5347 Η).
2482 5276 2818 5336 Accedamus
2847 5292 2979 5348 ergo
3007 5291 3127 5343 nos,
3149 5277 3292 5334 etin
3317 5275 3461 5336 hanc
3479 5269 3824 5339 mansionem
3857 5276 3944 5333 in-

2324 5369 2481 5442 gredi
2508 5369 2834 5432 festinemus
2864 5369 3143 5433 facientes
3168 5369 3368 5441 quoda
3387 5367 3622 5428 Domino
3658 5368 3946 5429 interdum

2325 5460 2678 5534 corripimur,
2706 5477 2773 5518 ne
2791 5477 2916 5524 cum
2933 5461 3046 5519 hoc
3065 5460 3616 5526 mundomnemur
3632 5463 3686 5533 .(l
3705 5461 3832 5520 Cor.
3857 5477 3945 5532 xi,

2323 5554 2446 5625 33).
2477 5556 2694 5616 Certam
2727 5569 2955 5627 quoque
2993 5569 3148 5627 spem
3189 5555 3506 5626 habeamus,
3536 5555 3684 5628 quod
3714 5572 3820 5614 non
3839 5574 3950 5629 φα-

2325 5650 2484 5708 tiatttr
2523 5666 2619 5706 nos
2655 5648 2798 5712 Deus
2836 5666 2996 5721 supra
3013 5650 3075 5708 id
3095 5651 3236 5719 quod
3259 5666 3558 5723 possunt“,
3599 5651 3788 5708 tentari
3812 5654 3948 5707 :sed

2322 5743 2481 5813 faciet
2507 5759 2629 5798 cum
2655 5743 2936 5799 tentatione
2965 5753 3286 5816 proventum,
3312 5752 3367 5798 ut
3389 5744 3649 5814 possimus
3687 5743 3951 5804 sustinere

2321 5838 2369 5909 (ι
2397 5836 2514 5890 Cor.
2554 5852 2606 5903 x,
2643 5836 2751 5908 l5).
