4082 6306
201 273 268 331 37
1105 269 1190 329 ne
1229 267 1369 329 xui
1411 267 1876 335 MANSIONIBUS
1913 271 2251 338 rimorum
2291 265 2563 340 ISRAEL.
3447 250 3520 341 si

274 387 396 444 χιιι
427 390 639 444 mansio
661 431 674 456 ,
710 390 895 447 Eutoat
929 401 1288 446 uastarunt.
1331 419 1400 429 —
1428 387 1639 444 Mansio
1671 405 1806 461 qua-
1836 395 1888 456 Α
1914 391 2078 449 bimus
2101 409 2262 465 neque
2282 394 2351 448 ad
2373 409 2576 463 agrum,
2602 409 2765 464 neque
2784 395 2852 447 ad
2871 396 3089 457 vineam,
3113 409 3270 462 neque
3293 393 3517 448 bibemus

200 481 507 552 dragesima
526 482 590 537 in
617 482 809 538 Elmou
839 480 1161 538 deblatbaim
1190 497 1220 536 a
1245 481 1375 536 [iliis
1400 481 1564 538 Israel
1599 484 1811 556 peragi-

201 583 320 638 tur;
356 574 435 628 sic
465 576 616 630 enim
668 575 924 632 scribitur
969 593 981 629 :
1028 575 1093 628 Et
1141 575 1361 645 profecti
1403 592 1466 630 ea:
1504 573 1807 648 Dibongad,

199 667 555 722 castrametati
579 677 706 722 sunt
733 669 784 722 in
819 667 1009 722 Elmon
1047 667 1366 722 deblathalm
1397 667 1584 742 (Nam.
1613 677 1809 736 xxxnt,

197 757 310 830 46).
342 757 459 814 Vox
489 759 606 815 huic
625 759 826 816 Elmon
848 760 1183 817 deblatbaim
1206 761 1346 816 sicut
1374 767 1461 818 est
1483 761 1715 834 duplex,
1739 765 1810 820 ita

196 864 250 910 et
278 853 389 910 duo
413 853 646 922 indicat,
675 870 876 926 nempe
902 859 1275 927 contemptum
1308 855 1504 911 licuum
1523 898 1536 921 ,
1571 860 1675 913 ltoc
1707 871 1810 925 est,

197 956 574 1017 conteruptum
615 957 850 1005 terrente
879 947 1220 1014 dulcedinis;
1261 951 1396 1006 ﬁcus
1424 965 1658 1024 namque
1691 951 1812 1006 dul-

197 1041 446 1099 cedinem
479 1041 799 1098 ostendunt.
839 1042 1000 1100 Unde
1047 1044 1354 1100 Hieremias
1385 1045 1652 1120 propheta
1680 1046 1814 1102 vidit

196 1135 334 1190 licus
365 1135 564 1202 bonas,
596 1135 772 1191 bonas
795 1135 953 1193 valde
977 1136 1193 1208 (Ierem.
1223 1147 1379 1202 xxiv,
1413 1137 1492 1211 5).
1531 1135 1595 1195 Ει
1623 1139 1812 1196 Salva-

198 1238 282 1284 tor
310 1236 504 1284 noster
539 1229 645 1303 19
671 1231 944 1299 esuriens,
973 1231 1278 1288 scribarum
1307 1234 1816 1308 pbarismorumque

197 1322 595 1380 amaritudiues
623 1323 888 1380 deserens
912 1367 927 1391 ,
957 1328 1192 1383 accessit
1225 1325 1294 1382 ad
1321 1327 1576 1384 arborem
1602 1327 1724 1394 ltei;
1758 1337 1816 1384 ut

197 1418 385 1472 saltem
427 1417 483 1472 in
527 1417 686 1487 plebe
727 1417 964 1490 aliquam
1011 1419 1288 1476 inveniret
1328 1420 1670 1477 du’lcedinem
1715 1429 1816 1477 :et

199 1524 318 1566 cum
360 1525 469 1567 non
515 1511 816 1568 invenisset
855 1514 958 1568 nisi
992 1514 1116 1568 lolia
1151 1522 1390 1582 tantum,
1429 1515 1712 1571 maledixit
1738 1517 1812 1582 ei,

199 1601 383 1660 dicens
410 1623 422 1657 :
454 1603 757 1677 Numquam
783 1622 846 1662 ex
870 1615 919 1661 te
943 1611 1148 1678 fructus
1174 1620 1420 1663 nascatur
1450 1608 1666 1679 (Matth.
1698 1625 1813 1678 xu,

197 1695 308 1767 i9).
335 1697 701 1772 Contemptus
731 1715 864 1771 ergo
898 1709 1240 1758 terrenarum
1287 1702 1714 1760 delectationum
1748 1705 1815 1760 ad

1913 502 2101 558 aquam
2123 486 2187 542 de
2211 498 2399 559 puteo;
2421 489 2498 542 via
2521 488 2662 560 regia
2689 489 3021 544 transibimus
3045 487 3231 560 (Nunt.
3255 504 3372 555 XM,
3399 487 3516 551 2'2).

1913 585 2056 642 Seon
2080 587 2278 644 veroid
2293 588 2514 644 omnino
2543 603 2808 644 recusans
2837 589 2970 644 dura
3003 587 3322 660 respondit:
3355 587 3520 642 immo

1918 681 2096 739 valido
2121 685 2360 740 exercitu
2385 694 2617 749 artnato,
2643 683 2709 739 ad
2734 683 2954 739 ﬂuvium
2984 686 3192 750 Arnen,
3223 697 3323 754 qua
3352 681 3522 737 lsrael

1917 779 2244 834 transiturus
2273 791 2390 836 erat
2415 823 2430 846 ,
2465 781 2521 833 u’t
2555 778 2692 835 viam
2719 777 3046 848 impediret,
3080 777 3523 848 Oppugnantique

1917 872 2223 937 resisteret,
2257 870 2504 941 protinus
2531 869 2835 926 descendit.
2866 867 2971 924 Sed
2999 869 3181 924 divina
3215 869 3412 925 factum
3442 878 3524 924 est

1917 965 2140 1032 virtute,
2196 976 2252 1020 ut
2305 979 2432 1036 rege
2473 966 2524 1019 in
2558 964 2745 1036 proelio
2778 963 3041 1030 extincto,
3075 962 3282 1018 Hebraei
3329 962 3528 1018 Amor-

1917 1060 2190 1115 rbmorum
2227 1060 2486 1130 papnlum
2521 1060 2573 1114 in
2607 1059 2884 1115 occisione
2928 1057 3092 1130 gladii
3126 1057 3520 1129 percussetint,

1917 1167 2217 1224 eorumque
2249 1166 2421 1209 terras
2451 1162 2727 1208 vastantes
2758 1151 3162 1221 depopularint.
3191 1150 3414 1205 interim
3445 1149 3522 1220 Og

1917 1261 2009 1300 rex
2043 1245 2237 1312 Basan,
2274 1255 2332 1300 ut
2363 1245 2625 1300 auxilium
2661 1243 2984 1300 Amorrbmo
3017 1243 3284 1314 prmberet
3315 1243 3523 1308 amico,

1919 1339 2167 1410 ingentes
2200 1339 2385 1410 copias
2413 1349 2611 1406 armat,
2645 1337 2844 1409 quibus
2894 1335 3060 1392 lsrael
3107 1336 3376 1390 hostiliter
3421 1336 3524 1388 im.

1919 1440 2261 1504 pugnaturus
2292 1432 2630 1504 aggreditur.
2667 1429 2774 1486 Sed
2797 1429 2964 1486 lsrael
2994 1443 3227 1500 superna
3259 1427 3528 1482 dimicans

1918 1545 2044 1602 ope,
2069 1538 2127 1584 et
2152 1530 2328 1600 ipsum
2356 1530 2407 1584 in
2429 1523 2571 1584 bello
2595 1542 2775 1599 regem
2806 1527 3056 1598 peremit,
3084 1525 3391 1581 exercitum
3416 1539 3532 1578 on:-

1921 1640 2044 1680 netn
2092 1626 2373 1692 extinxit,
2423 1625 2737 1679 universam
2787 1623 3022 1694 denique
3088 1632 3291 1678 terram
3338 1637 3528 1677 eorum

1919 1718 2168 1790 subegit;
2200 1718 2345 1774 unde
2373 1733 2494 1773 cum
2531 1717 2730 1790 insigni
2774 1717 3004 1774 victoria
3047 1718 3280 1789 grandes
3317 1718 3531 1773 divitia-

198 1789 391 1885 “Pium
419 1794 742 1862 properanti
774 1795 1020 1865 apprime
1042 1799 1385 1852 necessarius
1415 1807 1517 1852 θδίο
1550 1797 1682 1853 Nam
1715 1799 1818 1858 ηῖεῖ
1849 1815 1897 1876 Β
1926 1830 2046 1870 rum
2091 1813 2277 1883 cottias
2327 1815 2648 1884 reportavit.
2684 1813 2817 1883 Qum
2866 1814 3047 1869 munia
3093 1813 3367 1885 Josr-pltus
3413 1813 3532 1868 fuso

198 1883 534 1950 voluptatum
570 1885 882 1954 illecebras,
907 1896 961 1942 et
992 1903 1054 1943 ea
1094 1903 1217 1959 qua:
1256 1889 1307 1943 in
1345 1891 1503 1945 terris
1539 1891 1813 1946 delectare

198 1979 468 2048 videntur,
493 1982 923 2052 neglexe‘rimus,
947 1983 1013 2039 ad
1035 1985 1276 2040 cmlestia
1303 2000 1403 2040 nos
1432 1987 1579 2056 ipsos
1601 1987 1813 2058 erigere

199 2089 301 2130 non
323 2089 637 2146 possumus.
660 2077 791 2134 ideo
810 2080 1105 2150 Apostolus
1125 2080 1400 2149 admouet,
1426 2082 1613 2139 dicens
1639 2100 1652 2138 :
1681 2083 1813 2152 Qua:

200 2183 398 2223 sursum
421 2178 545 2223 sunt
565 2171 751 2244 sapite,
777 2188 879 2227 non
905 2188 1022 2243 qua:
1040 2185 1194 2244 super
1218 2185 1407 2229 terram
1421 2173 1488 2248 (ιι
1508 2174 1708 2231 Coloss.
1730 2183 1810 2247 tit,

198 2261 281 2334 2).
329 2264 500 2319 immo
531 2281 724 2337 sapere
769 2275 1020 2335 terrena,
1060 2271 1308 2325 c0nlusio
1355 2279 1459 2326 est.
1503 2269 1582 2325 ita
1627 2271 1816 2328 scribit

200 2360 536 2430 Apostolus:
563 2360 743 2416 Gloria
783 2363 837 2416 in
875 2362 1133 2434 pudendis
1177 2363 1408 2436 ipsorum
1433 2405 1446 2430 ,
1482 2363 1573 2435 qui
1611 2373 1813 2419 terrena

202 2454 408 2526 sapiunt
436 2453 669 2527 (Philip.
696 2471 776 2524 nt,
810 2457 922 2528 ιθ).
956 2457 1160 2514 Verum
1188 2459 1312 2529 quia
1336 2465 1511 2512 nostra
1540 2474 1814 2515 conversa-

201 2547 268 2601 tio
289 2547 340 2601 in
369 2549 514 2602 cretis
540 2561 638 2616 est,
663 2550 753 2621 qui
771 2567 887 2604 cum
909 2550 1118 2606 Christo
1140 2553 1461 2607 surreximus
1480 2552 1673 2626 (lbid.,
1693 2553 1813 2626 20),

204 2642 346 2698 Omni
378 2643 569 2698 cordis
614 2644 898 2700 alacritate
932 2646 1157 2701 calcatis
1192 2646 1380 2702 mundi
1415 2647 1723 2712 illecebris,
1759 2649 1812 2704 itt

205 2735 316 2804 ejus
343 2735 650 2792 mansionis
680 2737 1450 2809 tabernaculaingrediamur,
1475 2755 1590 2810 quae
1608 2753 1815 2794 sursum

206 2835 315 2880 sunt
348 2839 669 2900 quwrentes,
705 2829 789 2883 ubi
825 2828 1062 2884 Christus
1094 2840 1167 2884 est
1191 2832 1243 2885 in
1271 2832 1482 2887 dextera
1515 2830 1612 2886 Dei
1636 2833 1815 2888 sedens

208 2918 421 2991 (Coloss.
454 2936 539 2987 ιιι,
586 2920 639 2994 1)
681 2939 694 2976 :
725 2924 1234 2994 contendamusque
1278 2924 1394 2979 sive
1418 2924 1672 2983 absentes
1701 2927 1817 2982 sive

208 3024 502 3083 prmscules
538 3013 752 3084 placere
781 3013 1009 3070 domino
1041 3015 1154 3073 Deo
1182 3025 1390 3072 nostro.

273 3103 416 3160 Χιιιι
466 3107 695 3175 mansio,
749 3109 982 3163 Αιιιιιιιιι.
1027 3140 1096 3150 -
1143 3110 1352 3167 Manslo
1395 3111 1838 3186 quadragesima.

1917 1923 2174 1969 sermone
2203 1910 2518 1980 perscripsit
2542 1908 2678 1981 (Lib.
2714 1925 2768 1963 tv
2801 1909 3053 1980 Anti/luit.
3089 1927 3207 1980 cap.
3241 1908 3324 1980 4).

1991 2001 2163 2058 XLIIa
2196 2003 2415 2069 mansio,
2448 2003 2592 2072 apud
2618 1997 2925 2058 Jonnsueu.
2957 2032 3028 2043 -—
3055 2001 3264 2058 Mansio
3296 2001 3534 2072 quadra-

1916 2098 2121 2170 gesima
2150 2096 2388 2152 Secunda
2422 2095 2656 2151 habetur
2691 2097 2744 2152 in
2769 2096 3175 2167 campestribus
3208 2095 3364 2150 Moab
3389 2093 3531 2166 apud

1916 2187 2243 2253 Iordanem;
2271 2188 2393 2244 ideo
2424 2188 2557 2242 dicit
2588 2205 2600 2242 :
2636 2187 2700 2242 Et
2729 2188 2947 2260 profecti
2973 2188 3036 2242 de
3074 2181 3262 2258 ﬁnibus
3293 2187 3530 2253 Abarim,

1916 2293 2159 2338 uenerunt
2188 2279 2256 2337 ad
2283 2283 2597 2338 occidentem
2628 2281 2810 2349 Moab,
2855 2299 3014 2355 supra
3058 2281 3348 2336 Iordanem
3371 2286 3532 2356 juxta

1915 2374 2166 2440 Iericho;
2196 2376 2365 2443 ibique
2391 2377 2744 2429 castrametati
2769 2386 2886 2430 sunt
2919 2376 3060 2447 apud
3088 2373 3372 2429 Iordanem
3400 2377 3530 2428 inter

1917 2467 2244 2534 Bethsimon,
2273 2485 2432 2540 usque
2457 2466 2760 2532 Belsac/tin,
2787 2469 2837 2522 in
2868 2469 3128 2522 Occidente
3150 2468 3307 2522 Moab
3335 2467 3524 2538 (Nunt.

1919 2577 2123 2628 χχχιιι,
2149 2559 2267 2635 48).
2298 2561 2422 2616 Alio
2461 2563 2511 2615 in
2545 2561 2663 2616 loco
2693 2562 3031 2616 mansionem
3061 2561 3308 2616 eamdem
3337 2563 3529 2615 tuemi-

1918 2656 1997 2712 nit
2025 2653 2308 2726 Scriptura
2333 2696 2348 2720 ,
2383 2654 2570 2710 dicens
2603 2673 2615 2708 :
2650 2653 2713 2708 Et
2745 2654 3060 2709 discedentes
3102 2655 3201 2724 ﬁlii
3229 2653 3419 2717 lsrael,
3453 2673 3533 2708 ca-

1917 2748 2204 2804 stramctati
2229 2756 2349 2802 sunt
2376 2749 2444 2801 ad
2471 2747 2786 2803 occidentem
2818 2743 2996 2813 Moab,
3047 2747 3188 2816 apud
3213 2745 3527 2814 Iordanem,

1909 2844 2068 2916 juxta
2095 2841 2309 2897 Iericho
2339 2841 2532 2915 (Num.
2562 2857 2699 2908 χχιι,
2723 2842 2799 2914 1).
2847 2842 3092 2913 Denique
3114 2852 3388 2912 postrema
3424 2841 3524 2895 ltu-

1912 2936 2005 3005 jus
2048 2935 2306 2992 laboriosi
2353 2935 2708 3007 diuturnlque
2762 2934 2996 2989 liliorum
3047 2934 3213 2990 lsrael
3242 2935 3468 3006 .itineris
3497 2949 3526 2989 a

1919 3031 2104 3102 Moyse
2135 3046 2231 3102 per
2260 3030 2484 3086 verbum
2513 3028 2614 3085 ‘Dei
2641 3027 2912 3100 descripta
2943 3029 3154 3084 mansio
3186 3029 3302 3086 hmo
3331 3041 3435 3084 est.
3461 3024 3526 3082 in

1916 3139 2022 3195 qua
2076 3122 2202 3179 licet
2243 3124 2484 3194 plurima
2537 3123 2680 3180 dicta
2735 3133 2998 3195 gestaque
3052 3123 3160 3178 sint
3221 3135 3529 3179 memoratu

210 3200 376 3269 Prima
444 3200 511 3255 ﬁl
578 3217 608 3254 ³
683 3202 808 3258 “ms
867 3203 1035 3259 lsrael
1100 3205 1154 3260 ίη
1222 3207 1499 3263 mouimus
1551 3207 1812 3275 Abarim;
1845 3217 1890 3281 C
1921 3217 2103 3288 digna,
2137 3227 2303 3288 pauca
2332 3225 2511 3273 tamen
2541 3217 3071 3273 bmcenarrabimus.
3103 3216 3344 3272 Primum
3369 3216 3529 3272 Baiae

211 3308 324 3349 nam
371 3293 625 3366 sequitur
674 3319 687 3351 :
737 3295 806 3351 Et
851 3300 1073 3370 profecti
1121 3317 1187 3355 ea:
1229 3298 1420 3356 Elmon
1472 3301 1815 3368 deblathaim,

211 3390 559 3443 castrametati
601 3400 721 3444 sunt
761 3407 918 3462 super
960 3404 1156 3449 montes
1188 3394 1398 3448 Abarim
1447 3407 1626 3450 contra
1670 3394 1820 3452 Νεὺο

214 3477 390 3549 (Nam.
442 3493 662 3547 χχχιιι,
717 3483 832 3554 47).
888 3483 1083 3541 Verum
1115 3486 1286 3558 'longe
1337 3489 1575 3544 alienum
1595 3490 1820 3547 Videtur

212 3571 350 3642 huic,
395 3576 549 3648 quod
597 3577 706 3634 alio
753 3579 961 3636 inloco
1000 3581 1068 3637 de
1115 3582 1217 3638 hac
1273 3585 1554 3641 mansione
1596 3585 1817 3656 legitur.

212 3666 337 3724 Nam
401 3671 586 3741 inquit
639 3690 652 3727 :
715 3671 1081 3730 Castrametati
1137 3687 1254 3732 sunt
1317 3680 1371 3732 in
1427 3679 1558 3732 valle
1616 3679 1820 3744 Zared,‘

213 3759 324 3815 inde
386 3764 758 3820 descendentes
787 3807 802 3831 ,
859 3768 1209 3822 castrametati
1273 3779 1392 3822 sunt
1444 3779 1585 3824 trans
1641 3770 1822 3825 Arnon

211 3852 262 3907 in
283 3855 509 3926 deserto,
527 3857 680 3928 quod
704 3859 893 3913 eminet
915 3876 946 3913 a
963 3859 1160 3929 ﬁnibus
1186 3859 1606 3916 Amorrhccorum
1629 3860 1820 3935 (Nunt.

213 3960 285 4014 tt,
335 3948 446 4018 12,
503 3950 616 4023 15).
663 3951 743 4007 Ex
779 3952 986 4023 quibus
1036 3954 1215 4010 verbis
1271 3953 1487 4010 videtur
1531 3955 1675 4026 quod
1727 3956 1821 4012 lilii

213 4036 368 4097 lsrael
423 4057 540 4098 non
595 4042 648 4099 in
705 4046 982 4103 montibus
1039 4048 1284 4116 Abarim,
1345 4048 1441 4104 sed
1498 4050 1550 4104 in
1603 4053 1824 4107 deserto

217 4142 357 4190 trans
391 4138 585 4195 Aruon
614 4142 954 4198 mansionem
991 4152 1114 4214 post
1149 4143 1340 4199 Elmon
1363 4141 1681 4201 "habuerint.
1713 4145 1822 4201 Sed

217 4231 356 4287 nulla
406 4245 490 4291 est
538 4234 855 4305 diversitas,
909 4237 1166 4308 quoniam
1214 4239 1436 4294 Abarim
1494 4239 1547 4306 in
1606 4237 1825 4295 deserto

218 4336 295 4382 est
326 4339 477 4386 trans
506 4335 724 4387 Arnon.
757 4331 912 4400 Quod
945 4349 1076 4404 ergo
1101 4333 1226 4389 alibi
1253 4333 1359 4390 sub
1389 4335 1665 4390 cotnmuni
1690 4376 1703 4400 ,
1737 4335 1825 4391 blc

219 4423 314 4479 sub
341 4427 570 4498 proprio
603 4428 826 4484 nomine
858 4427 1140 4499 Seriptura
1168 4429 1458 4501 expressit.
1487 4429 1654 4487 'Unde
1692 4429 1824 4486 sub-

215 4516 387 4592 iungit
416 4539 429 4575 :
457 4517 564 4577 Est
593 4523 740 4578 ettim
762 4526 956 4579 'Arnon
988 4523 1054 4579 ad
1091 4525 1228 4580 lines
1269 4523 1595 4582 Moab‘lt’tter
1624 4525 1823 4580 Amor-

1923 3313 2278 3369 Moabilarum
2315 3329 2408 3369 rex
2439 3328 2674 3369 cernens
2707 3312 2848 3368 illius
2889 3313 3052 3368 lsrael
3084 3323 3232 3368 tanto
3264 3305 3530 3382 prolicere

1924 3407 2286 3475 incremento,
2320 3417 2537 3478 tamque
2572 3407 2828 3463 secundis
2859 3423 3048 3463 eorum
3093 3424 3182 3464 res
3219 3409 3530 3479 proSperari

1922 3501 2310 3567 sueeessibus,
2352 3507 2614 3572 anagnam
2668 3515 2852 3556 rerum
2911 3513 3133 3558 suarum
3183 3501 3529 3558 formidinem

1925 3594 2181 3664 concepit
2206 3635 2220 3660 ,
2254 3603 2312 3649 ut
2341 3595 2393 3649 in
2420 3593 2487 3649 iis
2509 3610 2628 3665 quae
2650 3594 2716 3649 ad
2749 3595 3003 3665 populum
3029 3595 3242 3650 Madian
3271 3595 3533 3666 praelocu-

1927 3695 2015 3742 tus
2044 3697 2152 3754 est,
2186 3697 2437 3758 apparet.
2473 3688 2652 3758 inquit
2691 3689 2835 3742 enim
2867 3704 2880 3740 :
2912 3686 3069 3742 Nunc
3115 3688 3272 3756 tinget
3318 3703 3534 3759 congre-

1925 3782 2065 3852 gatio
2093 3782 2204 3836 lucc
2231 3795 2424 3847 omnes,
2458 3782 2547 3852 qui
2577 3781 2628 3834 in
2661 3782 2878 3834 circuitu
2906 3791 3084 3834 nostro
3106 3790 3244 3842 sunt,
3273 3780 3403 3833 sicut
3431 3781 3533 3833 lin-

1926 3874 2000 3946 git
2031 3873 2220 3928 vitulus
2245 3873 2466 3928 uirentia
2495 3888 2557 3928 ea:
2590 3887 2773 3943 campo
2805 3870 2996 3946 (Ibid,
3027 3874 3108 3944 ι).
3145 3871 3327 3941 Quare
3368 3874 3534 3926 armis

1927 3967 2071 4024 haud
2099 3977 2194 4024 eus
2221 3967 2399 4038 palam
2431 3966 2688 4022 invadere
2715 3980 2905 4033 ausus,
2938 3966 3261 4022 deliberavit
3286 4007 3300 4034 ,
3336 3979 3403 4020 ne
3427 3964 3536 4020 sal-

1927 4069 2035 4119 tem
2069 4063 2404 4134 potentiores
2435 4064 2808 4128 el’lleercntnr,
2857 4062 2923 4116 ad
2952 4062 3195 4118 occultas
3222 4069 3365 4116 artes
3397 4075 3533 4115 con-

1927 4156 2136 4228 fugere.
2163 4155 2322 4214 Unde
2345 4153 2571 4213 ‘Balaam
2599 4167 2818 4229 magum
2851 4157 2916 4211 ad
2943 4171 3002 4213 se
3031 4156 3354 4213 accersitum
3381 4169 3540 4226 roga-

1925 4247 2022 4315 vit,
2072 4255 2134 4304 ut
2165 4249 2698 4320 'imprecationibtls,
2749 4248 3123 4320 maleﬁcisque
3169 4248 3286 4319 ejus
3329 4248 3538 4304 artibus

1929 4341 2184 4413 populum
2209 4341 2579 4411 malediceret,
2613 4342 2994 4415 perderetque.
3024 4343 3179 4413 Quod
3207 4343 3275 4398 ab
3315 4341 3411 4398 illo
3440 4356 3542 4399 nec

1928 4434 2297 4500 suasionibus,
2332 4434 2440 4509 20
2469 4449 2571 4491 nec
2602 4435 2923 4492 muneribus
2946 4478 2961 4504 ,
2995 4434 3177 4491 divina
3234 4435 3538 4491 obsistente

1931 4527 2304 4598 providentia,
2355 4528 2606 4584 obtinere
2655 4539 2906 4600 umquam
2951 4529 3158 4599 potuit;
3192 4528 3320 4600 quin
3367 4528 3536 4586 immo

219 4616 421 4686 rbmos;
448 4631 504 4676 et
529 4615 858 4677 ibi’babetur
880 4631 1040 4676 mons
1067 4621 1313 4688 Abarim,
1344 4621 1410 4677 ad
1434 4621 1591 4692 cujtts
1614 4620 1826 4676 radices
1851 4618 1904 4680 D
1933 4623 2046 4690 ipse
2074 4633 2284 4693 magus,
2321 4619 2554 4676 Domino
2583 4631 2643 4676 os
2669 4621 2787 4692 ejus
2815 4622 3099 4692 aperiente
3125 4662 3138 4687 ,
3173 4621 3310 4675 bona
3344 4634 3541 4691 preca-

218 4711 359 4780 juxla
393 4713 754 4772 Amorrltteos
784 4716 970 4772 Arnon
1002 4715 1203 4771 labitur
1229 4715 1428 4771 amnis.
1451 4713 1669 4770 'Di'Citur
1695 4727 1826 4769 vero

222 4821 371 4862 mons
403 4807 630 4864 Abarim
663 4818 814 4864 trans
844 4812 1060 4876 Arnon,
1109 4823 1217 4864 non
1262 4808 1330 4864 ad
1377 4813 1664 4864 transitum
1715 4808 1822 4862 lle-

222 4897 528 4969 brmorum,
561 4899 658 4956 sed
689 4901 756 4956 ad
784 4903 946 4958 situm
979 4911 1140 4959 terra:
1169 4911 1392 4968 sanctae,
1424 4904 1563 4957 sicut
1598 4909 1715 4956 mos
1741 4909 1828 4956 est

222 4989 386 5064 Moysi
417 4995 471 5049 ln
519 4995 620 5051 liae
649 4994 1050 5067 descriptione;
1082 5001 1203 5052 nam
1235 4998 1287 5052 ln
1322 4997 1462 5052 libro
1493 4997 1827 5052 Denterono-

223 5088 311 5142 mii
345 5089 545 5161 legittir
575 5107 587 5143 :
620 5088 750 5146 Ilwc
779 5091 932 5147 verba
958 5101 1073 5165 qua:
1112 5093 1315 5147 locutus
1343 5103 1417 5147 est
1445 5089 1655 5163 Moyses
1685 5093 1826 5145 omni

225 5177 391 5238 Israel
449 5185 598 5238 trabis
666 5182 953 5239 Iordanem
1016 5187 1070 5240 in
1123 5186 1322 5240 deserto
1381 5185 1449 5238 nd
1518 5183 1828 5238 occidentem

225 5267 399 5341 (Deut.
446 5292 486 5344 ι,
529 5267 619 5350 il“).
668 5276 880 5349 Moyses
930 5291 1133 5344 tamen,
1183 5277 1477 5334 Jordanem
1524 5275 1831 5333 nullatenus

226 5369 475 5426 transivit
500 5369 663 5426 {erat
690 5381 821 5443 ergo
847 5372 983 5428 citra
1013 5373 1078 5427 ad
1109 5372 1466 5428 iiebrmorum
1494 5372 1653 5438 viam,
1683 5381 1833 5429 trans

223 5471 349 5519 vero
393 5454 462 5520 all
509 5465 671 5521 terrae
699 5475 906 5522 sanctae
935 5468 1120 5523 situm.
1157 5465 1397 5524 Sub’ltac
1437 5465 1736 5522 ’ma'nsione
1765 5467 1833 5523 ad

225 5543 361 5613 S‘eon
390 5556 1053 5633 Aulor'rltatorum‘regem
1098 5561 1308 5636 legatos
1348 5559 1567 5632 Moyses
1594 5559 1835 5615 destina-

226 5649 322 5719 vit,
354 5649 413 5708 ιιι
441 5655 650 5709 et'eum
670 5655 888 5726 ‘populo
938 5657 1035 5726 pe‘r
1064 5659 1206 5712 ‘sua's
1239 5654 1427 5717 terras
1470 5657 1833 5712 cbmme'atum

229 5747 496 5815 prabet'et
525 5789 539 5811 ,
569 5749 774 5820 absque
820 5751 966 5805 onmi
1017 5759 1239 5807 suorUm
1287 5764 1515 5823 prorsus
1561 5749 1832 5806 lmeione:

229 5829 608 5914 Trausibintus,
638 5841 908 5915 inquiunt,
934 5853 1034 5917 ‘per
1062 5853 1251 5901 terram
1284 5853 1446 5913 tuam,
1478 5859 1579 5900 non
1607 5842 1837 5900 declina-

1931 4724 2017 4770 tus
2046 4724 2128 4770 est
2157 4715 2384 4786 populo,
2415 4714 2728 4786 lselicesque
2747 4715 2982 4786 prodixit
3007 4727 3299 4770 successus
3329 4713 3544 4782 :‘Qua‘m

1931 4809 2189 4881 pulchra),
2219 4809 2412 4879 inquit,
2446 4819 2548 4864 tua:
2584 4810 2800 4878 domus,
2845 4808 3034 4875 Iacob,
3069 4809 3403 4864 tabernacula
3431 4818 3545 4876 tua,

1931 4901 2104 4958 lsrael
2126 4907 2431 4972 ,‘tamquam
2456 4903 2618 4958 valles
2663 4904 3028 4958 obuntbmntes
3054 4944 3068 4970 ,
3103 4913 3365 4975 tamquam
3410 4903 3548 4958 horti

1929 5011 2090 5067 super
2111 4989 2352 5068 ﬂuvium,
2387 5008 2434 5053 et
2463 4997 2602 5053 velut
2630 5000 2962 5054 tabernacula
2988 5015 3102 5071 qua:
3129 5001 3248 5072 fixit
3293 4997 3548 5053 Dominus

1932 5089 2012 5166 (Ν
2017 5097 2288 5157 ιιιιωικιν,
2305 5091 2386 5164 5);
2401 5102 2452 5148 et
2469 5092 2605 5149 inl‘ra
2624 5109 2637 5148 :
2653 5086 3025 5151 Bertcdicentes
3039 5105 3084 5150 te
3099 5095 3350 5150 benedicti
3363 5098 3484 5157 sint,
3502 5100 3550 5145 et

1933 5186 2293 5242 maledicentes
2322 5195 2368 5242 te
2395 5187 2658 5243 maledicti
2682 5189 2817 5256 sint;
2849 5189 2980 5245 item
3013 5187 3269 5246 :‘0rietur
3298 5186 3445 5239 stella
3477 5199 3539 5240 ea:

1931 5280 2118 5348 Jacdb,
2137 5291 2184 5336 et
2199 5283 2605 5353 exsurgeth'omo
2618 5280 3183 5359 ealsrael(lbld.,17).
3197 5278 3401 5334 Deinde
3415 5279 3539 5349 quia

1935 5373 2347 5432 Madianitarum
2369 5389 2556 5431 amore
2579 5375 2866 5433 mulierum
2889 5372 3389 5450 populus,'deserto
3409 5381 3541 5429 vero

1942 5469 2072 5534 Deo,
2125 5467 2191 5524 ad
2235 5467 2375 5524 idola
2426 5467 2750 5538 diverterat,
2798 5461 3043 5527 ‘Pltlnees
3084 5465 3325 5525 'El’ea‘zar
3363 5467 3547 5537 illius,

1942 5562 2236 5634 Aaronq’ue
2266 5565 2451 5633 nepos
2496 5563 2615 5619 zelo
2660 5563 2870 5620 'zelatlts
2901 5565 3012 5633 pro
3055 5560 3288 5619 Domino
3331 5563 3547 5620 exerci—

1927 5661 2115 5721 ‘tuum,
2167 5659 2459 5724 antequam
2513 5669 2611 5724 per
2641 5655 2912 5710 licentiam
2950 5651 3550 5729 Tertiustgrassareuu

1929 5739 2226 5819 iniquitas,
2279 5745 2571 5804 Hebrzcum
2623 5756 2678 5802 et
2723 5743 3135 5804 madianitl‘dtilb
3177 5748 3446 5806 ‘femtuam
3484 5750 3554 5803 'lu

1942 5840 2787 5912 tomtcatioue'cumprehemos,
2845 5853 2898 5900 et
2939 5849 3127 5902 coram
3164 5842 3354 5914 Moyse
3382 5840 3552 5899 addu-
