4082 6306
565 239 643 298 39
1539 240 1633 298 AD
1667 238 1898 299 OPERA
1931 237 2176 298 SANCTI
2231 237 2552 300 AMBROSII
2591 241 2971 302 APPENDIX.
3816 246 3892 301 ιο

558 368 680 414 ctos
709 357 924 428 publice
947 357 1236 427 evaginato
1267 356 1502 429 pugione
1522 359 1754 430 peremit
1779 376 1793 412 :
1817 359 1972 428 cujus
1985 373 2168 415 exem-
2195 361 2254 424 Α
2275 361 2656 430 prmnnntiatis
2682 363 2920 434 singulis
2949 361 3201 420 tribubus
3229 377 3352 436 qua:
3384 362 3438 420 in
3468 363 3596 423 illos
3633 365 3888 438 singilla-

563 455 654 524 plo
687 454 962 524 provocati
997 452 1243 524 plerique
1267 452 1506 524 arreptis
1538 453 1593 508 in
1631 452 1959 510 fornicarios
2002 453 2168 508 armis

559 547 1003 613 insurrexerunt,
1052 555 1110 603 et
1155 545 1224 602 ad
1269 546 1701 604 internecionem
1731 561 1872 602 caesa
1915 555 2042 601 sunt
2082 546 2170 601 die

557 640 647 698 ifla
667 639 854 712 viginti
873 639 1403 712 quatuorhominum
1437 640 1631 697 millia.
1657 639 1838 709 Quare
1871 639 2168 711 peremptis

560 731 888 800 fornicariis,
933 733 1321 788 reconciliatus
1363 743 1446 788 est
1491 747 1616 788 cum
1663 731 1866 804 populo
1893 730 2170 788 DeuszEt

556 827 794 893 cessavit,
829 825 1027 898 inquit,
1057 825 1213 899 plaga
1242 843 1274 881 a
1314 827 1438 895 ﬁliis
1491 823 1662 881 Israel
1688 824 1879 899 (Nunt.
1912 841 2042 891 xxv,
2083 824 2166 897 8).

557 918 788 992 Insuper
848 921 974 992 quia
1036 920 1470 978 Chananmornm
1523 931 1692 990 terra,
1745 921 1813 976 ad
1856 936 2018 993 quam
2073 920 2168 978 lilii

554 1012 724 1072 Israel
773 1014 1162 1087 possidendam
1217 1031 1315 1087 per
1363 1016 1597 1074 verbum
1625 1017 1742 1084 tDei
1788 1015 2108 1083 tendebant,
2137 1032 2169 1074 e

557 1111 742 1168 vicino
785 1111 896 1182 jam
951 1111 1322 1182 prominebat,
1372 1112 1584 1184 ipsique
1635 1121 1793 1168 terrm
1840 1119 2043 1166 sanctae
2073 1125 2171 1182 per

559 1205 922 1276 quadraginta
949 1217 1006 1262 et.
1032 1206 1215 1276 plures
1261 1219 1436 1261 annos
1464 1205 1718 1276 fugientis
1747 1205 1862 1262 fere
1888 1205 1994 1275 iam
2042 1221 2168 1262 oras

559 1299 934 1370 prendebant;
964 1309 1022 1356 et
1055 1301 1182 1372 quia
1217 1315 1323 1356 non
1353 1301 1456 1356 nisi
1483 1311 1688 1356 arn‘iata
1717 1316 1900 1364 manu,
1932 1299 2168 1356 viribus—

558 1406 666 1464 que
689 1392 961 1460 infractis,
985 1394 1131 1450 illam
1160 1409 1358 1466 capere
1381 1395 1512 1466 ipsis
1537 1395 1933 1465 praestabatur:
1962 1394 2167 1450 idcirco

560 1487 789 1544 Eleazar
817 1488 1078 1546 sacerdos
1109 1504 1302 1544 novam
1335 1488 1517 1559 populi
1542 1489 1609 1544 ad
1633 1489 1831 1544 bellum
1872 1489 1983 1558 apti
2009 1504 2163 1544 com-

557 1581 898 1652 putationem
952 1583 1133 1639 facere
1189 1583 1283 1639 Dei
1330 1583 1589 1638 mandato
1631 1582 1904 1648 decrevit,
1957 1583 2010 1637 in
2058 1597 2161 1653 qua

557 1681 761 1745 praeter
782 1673 982 1730 tribum
1016 1674 1170 1740 Levi,
1204 1674 1271 1730 ad
1302 1676 1598 1746 specialem
1633 1676 1726 1732 Dei
1761 1675 1968 1732 cultum
1996 1677 2166 1732 desti-

2273 453 2367 508 tim
2399 465 2796 526 superventura
2826 455 3027 523 forent,
3059 473 3224 530 super
3262 468 3506 515 montem
3550 459 3711 516 Nebo
3748 476 3893 515 con-

2269 545 2502 614 scendit,
2523 547 2756 620 indeque
2772 551 3032 621 amplam,
3051 553 3420 624 optimamque
3442 548 3891 609 Chananaeorum

2271 641 2572 712 regionem,
2605 653 2807 700 terram
2840 645 3026 718 utique
3055 647 3197 704 lacte
3229 656 3285 704 et
3320 649 3486 705 melle
3526 660 3846 706 manantem
3873 693 3888 712 .

2270 736 2518 806 patribus
2537 737 2792 808 repetitis
2816 739 2981 796 etiam
3005 741 3244 797 oraculis
3265 743 3680 813 repromissam,
3705 743 3893 800 monti

2269 826 2421 884 Nebo
2450 844 2518 884 ex
2549 829 2781 886 adverso
2813 833 3044 902 positam
3068 875 3082 897 ,
3113 841 3168 888 et
3193 833 3369 889 oculis
3399 834 3754 905 perlustravit
3782 876 3799 901 ,
3830 843 3890 891 et

2268 922 2452 977 animo
2499 924 2890 992 consideravit,
2937 935 2991 982 et
3041 935 3100 980 ut
3152 926 3404 998 Apostnli
3449 927 3634 984 verbis
3682 927 3882 1000 (Hebr.

2269 1030 2345 1080 χι,
2380 1015 2473 1086 15)
2528 1027 2671 1080 utar,
2719 1033 2750 1074 e
2791 1017 2955 1090 longe
3004 1019 3276 1074 salutavit.
3324 1020 3446 1088 Quo
3491 1020 3730 1092 denique
3774 1036 3882 1093 pc-

2267 1117 2440 1176 racto,
2475 1109 2614 1165 dixit
2643 1110 2718 1165 illi
2751 1111 3012 1167 Dominus
3038 1129 3052 1167 :
3081 1111 3298 1168 Ostendi
3329 1124 3517 1168 (errant
3546 1114 3682 1169 hanc
3710 1115 3883 1170 oculis

2270 1204 2396 1266 tuis,
2430 1203 2522 1257 sed
2563 1203 2710 1258 illius
2757 1221 2858 1258 non
2897 1205 3204 1276 ingredieris
3246 1205 3424 1278 (Deut.
3470 1223 3660 1274 xxvtv,
3692 1206 3775 1278 4).
3810 1208 3882 1262 Et

2267 1294 2557 1351 confestim
2591 1311 2687 1366 per
2717 1297 2940 1352 verbum
2986 1298 3079 1354 Dei
3113 1308 3364 1354 mortuus
3394 1308 3480 1356 est
3500 1342 3514 1366 ,
3542 1309 3597 1356 et
3626 1301 3879 1372 sepultus

2268 1389 2321 1445 in
2351 1391 2488 1447 valle
2517 1409 2530 1444 :
2562 1399 2618 1446 ct
2645 1394 2956 1462 sepulcrum
2987 1395 3106 1464 ejus
3139 1411 3298 1450 nemo
3323 1397 3472 1451 novit
3494 1411 3666 1467 usque
3693 1397 3745 1451 in
3773 1395 3877 1451 bo-

2267 1485 2519 1541 dicrnum
2549 1487 2715 1542 diem.
2749 1487 2846 1542 llic
2881 1487 3001 1543 linis
3041 1488 3248 1560 Moysi,
3281 1491 3734 1559 mansionumque
3769 1506 3873 1562 po-

2270 1580 2378 1648 puli
2426 1581 2579 1650 jussu
2617 1582 2712 1637 Dei
2743 1582 2795 1636 in
2836 1582 3084 1638 ordinem
3140 1584 3556 1639 recensitarum.
3603 1584 3870 1641 Caeterum

2267 1675 2527 1729 nonnulla
2559 1677 2786 1748 mystica
2821 1693 2962 1733 nunc
2983 1677 3302 1747 explicanda
3330 1678 3527 1745 forent,
3551 1679 3652 1734 nisi
3676 1680 3868 1737 horum

558 1778 766 1834 natam,
799 1777 855 1824 et
884 1769 1160 1834 mulieres,
1193 1778 1452 1826 sexcenta
1497 1770 1660 1826 millia
1685 1781 1741 1828 et
1766 1770 1916 1826 mille
1956 1771 2163 1841 septin-
2192 1769 2242 1830 B
2273 1768 2529 1839 pleraque
2548 1785 2643 1839 per
2663 1780 2948 1826 tractatum
2981 1782 3309 1842 praesentem
3332 1773 3741 1842 sparsissemns,
3763 1775 3869 1830 alia

557 1863 705 1933 genti
740 1863 960 1932 triginta
993 1864 1120 1932 viri,
1147 1879 1180 1920 a
1205 1863 1394 1936 viginti
1429 1865 1589 1920 annis
1615 1877 1668 1921 et
1717 1881 1906 1936 supra,
1934 1865 2001 1920 ad
2028 1865 2166 1920 bella

559 1955 754 2027 parati,
790 1964 847 2011 ut
871 1955 1150 2027 Scriptura
1183 1957 1379 2028 inquit,
1411 1957 1682 2014 numerati
1711 1967 1857 2014 sunt.
1886 1957 2005 2014 Alia
2037 1972 2168 2014 vero

557 2064 720 2120 quam
768 2048 1002 2120 plurima
1046 2050 1114 2106 ad
1164 2049 1486 2121 religionem
1516 2051 1719 2122 Deique
1767 2050 1974 2107 cultum
2009 2091 2023 2117 ,
2069 2065 2168 2106 nec

565 2158 672 2198 non
719 2143 786 2196 ad
821 2157 934 2199 rem
984 2142 1260 2214 publicam
1306 2143 1451 2200 bello
1499 2159 1738 2216 paceque
1779 2144 2165 2200 moderandam

556 2239 885 2310 spectantia,
916 2237 1128 2311 Moyses
1158 2238 1498 2310 Eleazarque
1517 2239 1777 2296 sacerdos
1799 2239 1854 2294 in
1886 2239 1989 2294 hac
2011 2253 2164 2294 man-

557 2331 714 2387 sione
753 2331 804 2386 in
829 2331 1080 2387 ordinem
1115 2331 1445 2404 redegerunt
1490 2330 1678 2405 (Num.
1712 2348 1860 2399 xxvi,
1889 2331 1983 2403 51)
2009 2349 2022 2385 :
2047 2346 2166 2402 qua:

556 2442 624 2482 ne
655 2428 706 2482 in
735 2427 900 2482 nimis
928 2427 1147 2498 longum
1173 2437 1414 2483 nostram
1438 2427 1821 2497 protraherent
1847 2427 2161 2494 lectionem,

553 2519 639 2574 vel
671 2518 795 2590 quia
846 2519 1052 2590 saepius
1096 2518 1222 2575 aliis
1255 2520 1306 2574 in
1359 2519 1494 2575 locis
1533 2534 1595 2575 ea
1638 2519 1988 2591 digessimus,
2021 2534 2165 2576 nunc

553 2611 854 2668 omittenda
881 2626 1194 2668 censemus.
1229 2612 1463 2670 Silentio
1505 2622 1684 2667 tamen
1725 2611 2161 2682 praetereundum

556 2721 666 2761 non
699 2705 984 2772 duximus,
1017 2704 1164 2778 quod
1211 2705 1426 2778 Moyses
1459 2713 1762 2761 extremum
1799 2705 1902 2760 sibi
1945 2705 2161 2760 tandem

551 2813 651 2871 per
695 2799 921 2854 verbum
973 2799 1069 2855 Dei
1103 2800 1306 2854 instare
1335 2797 1480 2854 diem
1525 2811 1854 2868 agnoscens,
1884 2796 2163 2854 declarato

548 2893 652 2948 sibi
685 2907 1029 2957 successore.
1057 2893 1352 2965 populique
1391 2892 1556 2957 duce,
1585 2893 1840 2950 mandato
1882 2894 1999 2959 Dei,
2030 2893 2159 2950 Jesn

543 2981 712 3050 Nave,
749 2985 1194 3058 praescriptisque
1221 2985 1699 3042 benedictionibus
1721 3002 1784 3043 ac
1817 2986 2159 3044 maledictio.

547 3079 707 3134 nibus
739 3076 928 3150 (Deut.
976 3095 1166 3146 xxstv,
1199 3080 1225 3134 1
1259 3089 1306 3136 et
1335 3078 1510 3153 seq.)},
1539 3080 1739 3153 quibus
1768 3082 2157 3139 observatores

2275 1877 2402 1918 vero
2440 1861 2492 1916 in
2535 1863 2657 1917 aliis
2704 1864 2837 1920 locis
2865 1864 3314 1934 explicassemus.
3350 1865 3484 1921 Illud
3514 1865 3748 1938 denique
3771 1866 3869 1922 ob-

2271 1955 2598 2012 servandum
2630 1971 2810 2026 opem
2853 1957 3084 2027 pretium
3131 1957 3526 2028 indicavimus,
3573 1959 3717 2030 qttod
3751 1963 3869 2014 uni-

2271 2051 2446 2106 versis
2479 2050 2565 2104 hic
2593 2050 2854 2105 transitus
2877 2050 2999 2106 ideo
3038 2062 3522 2119 commemoratur,
3554 2062 3865 2124 propterea-

2270 2159 2378 2213 que
2401 2144 2580 2198 omnis
2609 2145 2696 2199 bic
2723 2159 2917 2200 cursus
2943 2146 3407 2201 consummandus
3437 2147 3787 2217 proponitur;
3812 2157 3868 2202 ut

2268 2241 2336 2293 ad
2363 2238 2658 2294 Jordanem
2694 2239 2787 2294 Dei
2821 2239 3041 2295 ﬂuvium
3089 2240 3308 2296 demum
3341 2243 3756 2309 pervenientes,
3781 2242 3864 2297 di-

2267 2334 2410 2388 vinae
2443 2333 2603 2388 undis
2633 2333 2914 2402 sapientiae
2947 2334 3265 2405 irrigemur;
3297 2343 3355 2388 ut
3386 2349 3483 2403 per
3511 2337 3692 2388 omnia
3723 2336 3865 2405 puri-

2269 2427 2435 2491 licati,
2471 2426 2846 2498 promissionis
2876 2435 3078 2482 terram
3106 2469 3121 2493 ,
3153 2427 3266 2482 Deo
3294 2426 3512 2482 tandem
3544 2431 3860 2494 miserante,

2268 2521 2496 2588 intrare,
2529 2531 2584 2576 et
2628 2535 2748 2576 cum
2800 2507 3066 2590 Apostolo
3095 2519 3279 2576 dicere
3311 2521 3591 2575 valeamus
3620 2540 3633 2576 :
3670 2520 3866 2575 Bonum

2267 2624 2522 2670 certamen
2551 2615 2762 2680 certavi,
2793 2630 3003 2668 cursum
3046 2614 3423 2678 consummavi,
3451 2613 3610 2682 ﬁdem
3651 2615 3863 2676 servavi,

2266 2719 2312 2763 et
2326 2708 2546 2782 justitia:
2574 2723 2766 2761 corona
2811 2724 2967 2778 quam
3000 2705 3256 2762 Dominus
3287 2709 3464 2774 justus
3483 2708 3652 2781 jndex
3689 2705 3864 2760 reddet

2263 2803 2318 2856 in
2345 2801 2439 2856 illa
2473 2802 2560 2857 die
2597 2802 2682 2867 iis,
2710 2803 2796 2872 qui
2828 2802 3053 2873 diligunt
3077 2803 3353 2856 adventum
3380 2804 3493 2875 ejus
3516 2801 3585 2869 (ll
3622 2799 3752 2856 Tim.
3785 2816 3856 2864 tv,

2265 2897 2316 2962 7,
2351 2895 2432 2967 8),
2464 2905 2760 2966 reponatur
2789 2895 2945 2952 nobis
2993 2911 3094 2966 per
3121 2895 3306 2951 Jesum
3353 2894 3634 2949 Christum
3681 2893 3858 2948 Domi-

2264 3005 2392 3044 num
2423 2996 2697 3055 nostrum,
2728 2988 2820 3044 cui
2840 3003 2964 3044 cum
2991 2988 3153 3043 Patre
3174 2998 3229 3042 et
3249 2986 3452 3058 Spiritu
3475 2996 3664 3042 sancto
3689 2984 3862 3041 omnis

2261 3093 2346 3140 est
2375 3083 2572 3153 honor,
2603 3083 2802 3155 gloria,
2836 3091 2892 3140 et
2934 3083 3275 3155 perpetuitas
3320 3082 3372 3137 in
3401 3081 3600 3136 smcula
3639 3079 3861 3137 saculo-

547 3177 1070 3249 prsevaricatoresve
1100 3175 1301 3232 divina:
1332 3177 1470 3249 legis
1502 3177 1887 3247 incurrerent,
1922 3192 2022 3236 nec
2049 3193 2161 3235 non
2188 3167 2232 3230 C
2267 3194 2409 3235 rum.
2446 3178 2643 3235 Amen.

875 3472 986 3547 IN
1061 3473 1882 3561 SUBSEQUENTIA
1956 3474 2180 3546 COM
2199 3471 2786 3547 MENTABIA
2862 3469 3533 3546 ADMONITIO.

615 3747 878 3816 Quantum
919 3747 1047 3804 olim
1075 3748 1255 3804 multis
1283 3748 1490 3804 saeculis
1516 3749 1881 3818 conspiratum
1921 3757 2020 3814 est,
2063 3758 2122 3802 ut
2151 3763 2368 3818 sequens
2399 3747 2546 3818 Opus
2573 3755 2754 3801 sancto
2787 3744 3060 3799 Ambrosio
3090 3743 3432 3809 tribueretur;
3463 3749 3610 3796 tanta
3645 3755 3857 3795 conseno

535 3840 683 3896 sione
707 3847 958 3912 quotquot
988 3855 1126 3895 nunc
1145 3839 1243 3894 viri
1267 3839 1462 3894 eruditi
1487 3839 1733 3908 audiunt,
1757 3839 1893 3894 illud
1916 3839 2082 3893 eidem
2109 3839 2287 3894 volunt
2315 3839 2691 3911 abjudicatum.
2714 3835 2923 3891 Etenim
2939 3838 3056 3908 jam
3084 3835 3207 3890 inde
3243 3854 3275 3889 a
3303 3850 3440 3889 nono
3463 3834 3670 3889 steculu.
3698 3830 3858 3887 Hinc-

537 3957 715 3996 marus
739 3939 946 4009 (Tract.
971 3939 1036 3994 de
1064 3939 1300 3994 Divurtiu
1331 3939 1597 4006 Lotharii,
1624 3937 1780 4008 etc.),
1802 3936 2042 3993 Ecclesia
2073 3936 2440 4008 Lugdunensis
2470 3934 2644 4006 (Tum.
2680 3951 2728 3988 tv
2762 3933 2900 3988 Bibl.
2937 3931 3058 3988 PP.
3095 3941 3231 4002 part.
3265 3931 3350 4002 tl),
3373 3930 3655 3985 concilium
3680 3926 3858 3997 Aquis-

539 4050 794 4107 granense
815 4033 1024 4088 tertium
1055 4033 1218 4105 (Ann.
1250 4033 1378 4100 869.,
1411 4050 1528 4105 cap.
1557 4030 1638 4103 8),
1671 4031 1994 4096 Amalarius,
2043 4029 2391 4093 Prudentius,
2442 4027 2654 4100 Haymo
2686 4037 2733 4083 et
2759 4027 2936 4099 plures
2973 4027 3066 4080 alii
3089 4025 3325 4097 ejusdem
3355 4025 3603 4092 temporis
3629 4028 3856 4074 auctores

538 4127 704 4182 multa
730 4141 794 4180 ex
820 4125 901 4179 his
929 4123 1059 4194 ipsis
1087 4121 1488 4179 Commentariis
1519 4123 1612 4178 sub
1638 4121 1899 4177 Ambrosii
1931 4122 2138 4176 nomine
2168 4121 2524 4191 protulerunt.
2557 4119 2840 4174 Rabbanus
2870 4119 2918 4173 Η
2929 4119 3148 4174 incrnari
3180 4117 3508 4189 synchronus
3540 4116 3594 4168 in
3637 4111 3856 4182 Exposi-

537 4217 678 4273 tione
709 4213 1064 4270 Paulinarum
1093 4215 1434 4283 epistularum
1458 4231 1524 4272 ex
1545 4214 1796 4271 Patribus
1815 4214 2032 4270 collecta
2066 4214 2322 4285 plurimos
2347 4215 2487 4271 locus
2516 4216 2570 4269 in
2597 4216 2826 4287 quinque
2849 4215 3048 4285 priores
3079 4214 3331 4285 epistolas
3355 4211 3573 4266 adducit
3599 4219 3854 4277 tamquam

539 4326 658 4367 uere
703 4306 1078 4366 Ambrosianus
1103 4348 1118 4375 ,
1149 4309 1240 4380 qui
1267 4324 1322 4363 re
1343 4324 1463 4364 vera
1493 4317 1699 4364 exstant
1745 4309 1799 4364 in
1825 4307 1906 4363 his
1935 4308 2129 4362 nostris
2157 4305 2574 4363 Commentariis.
2609 4305 2744 4361 Inde
2770 4322 2968 4376 quoque
2998 4304 3252 4359 nonnulla
3279 4304 3332 4357 in
3359 4302 3594 4372 priorum
3631 4297 3855 4372 ejusdem

544 4403 704 4461 Pauli
729 4403 1072 4476 epistularum
1095 4403 1498 4474 explicationem
1519 4402 1784 4457 transtulit
1814 4401 2086 4468 Sedulius,
2121 4399 2381 4456 Ambrosii
2421 4402 2630 4456 nomine
2659 4401 2814 4456 semel
2853 4399 3105 4469 ascripta.
3135 4395 3468 4467 Lanfrancus
3499 4393 3653 4448 etiam
3685 4394 3736 4446 in
3764 4406 3854 4444 sua

539 4499 920 4572 Compilatiune
956 4508 1137 4554 sancto
1185 4496 1406 4553 Ductori
1457 4496 1692 4552 attribuit
1738 4512 1800 4552 ea
1830 4501 2126 4569 fragmenta
2151 4537 2168 4564 ,
2197 4511 2315 4566 qua:
2339 4511 2402 4549 ex
2428 4495 2525 4549 huc
2557 4494 2727 4565 Opere
2755 4500 3018 4547 mutuatus
3058 4500 3153 4546 est.
3187 4487 3423 4560 Denique
3454 4487 3549 4542 hoc
3581 4485 3725 4556 Opus
3764 4498 3854 4553 pro

539 4591 881 4648 Ambrosiauu
907 4592 1191 4648 admissum
1221 4591 1321 4662 fuit
1345 4607 1377 4645 a
1403 4591 1676 4657 Gratiano,
1713 4589 1782 4644 P.
1815 4588 2134 4658 Lumbardu,
2165 4587 2327 4644 lvune
2353 4588 2661 4644 Carnutensi
2685 4629 2701 4654 ,
2723 4587 2942 4657 aliisque
2971 4585 3273 4640 innumeris.
3331 4581 3697 4637 Verumtamen
3741 4595 3853 4633 cum

541 4697 648 4742 tam
668 4687 979 4743 uniuersalis
1008 4688 1188 4758 opinio
1217 4686 1442 4742 Erasmu
1466 4729 1483 4757 ,
1515 4686 1798 4754 Turriano,
1830 4685 2051 4757 aliisque
2081 4701 2185 4741 non
2232 4701 2390 4755 usque
2419 4683 2549 4739 adeo
2571 4691 2712 4738 certa
2738 4682 2848 4737 visa
2875 4690 3030 4747 esset,
3056 4680 3202 4734 illam
3236 4679 3506 4748 deinceps,
3539 4692 3595 4730 re
3635 4673 3853 4745 penitius

540 4781 860 4848 examinata,
885 4796 988 4836 uno
1017 4781 1223 4837 calculo
1246 4797 1420 4836 omnes
1445 4781 1816 4850 proscripsere.

614 4873 962 4942 Quamobrem
986 4885 1160 4930 actum
1187 4891 1341 4947 agere
1386 4873 1531 4930 nobis
1557 4873 1874 4940 videremur,
1903 4873 1949 4928 si
1972 4873 2174 4945 longius
2195 4872 2249 4926 in
2279 4872 2550 4943 probanda
2576 4888 2632 4926 re
2656 4886 2781 4927 sane
2807 4885 2962 4940 quam
2987 4867 3407 4939 expluratissima
3432 4865 3851 4920 immoraremur.

544 4968 668 5026 Non
691 4968 954 5024 silebimus
981 4979 1154 5024 tamen
1184 4969 1376 5040 stylum
1408 4953 1597 5039 Operis
1619 4979 1884 5038 tantupere
1904 4969 2184 5025 abhorrere
2210 4970 2273 5024 ab
2305 4970 2646 5025 Ambrosiano
2666 5009 2682 5036 ,
2713 4977 2771 5021 ut
2794 4966 2950 5037 plane
2968 4965 3156 5018 mirum
3175 4963 3240 5019 sit
3265 4972 3369 5018 tam
3399 4959 3550 5016 tarde
3569 4957 3853 5031 deprehen-

517 5079 652 5118 ~sam
673 5077 784 5116 esse
803 5060 951 5116 illam
971 5061 1342 5117 diversitatem.
1379 5060 1488 5118 Sed
1515 5078 1608 5118 nec
1629 5063 1792 5118 leuius
1821 5064 1955 5117 inter
1988 5063 2257 5131 utriusque
2291 5062 2519 5116 aucturis
2560 5060 2851 5114 doctrinam
2878 5056 3155 5110 dissidium
3183 5068 3256 5111 est
3280 5073 3298 5122 ;
3319 5056 3508 5127 quippe
3543 5055 3598 5108 in
3630 5051 3849 5107 Ambro-

537 5155 729 5210 siastro
750 5169 854 5208 non
877 5153 1048 5209 solum
1077 5163 1354 5208 occurrunt
1383 5156 1622 5225 quwdam
1651 5155 1840 5225 placita
1886 5155 2304 5210 extraordinaria
2324 5195 2340 5220 ,
2372 5163 2418 5209 et
2457 5171 2488 5208 a
2515 5154 2621 5208 ueri
2660 5151 2920 5206 Ambrosii
2955 5149 3286 5218 opinionibus
3327 5149 3556 5204 immane
3601 5155 3849 5217 quantum

540 5247 927 5320 discrepantia;
966 5264 1140 5303 verum
1171 5249 1326 5303 etiam
1371 5249 1424 5302 in
1456 5248 1743 5304 assereudis
1773 5249 2101 5320 dogmatibus
2136 5251 2364 5305 maxime
2390 5248 2659 5304 catholicis
2684 5247 2818 5302 inter
2838 5253 3114 5314 utrumque
3141 5261 3245 5298 non
3271 5245 3396 5298 satis
3419 5243 3689 5305 conuenit,
3722 5251 3768 5297 et
3790 5239 3850 5294 ii8

542 5343 842 5415 refellendis
871 5358 988 5414 qua:
1010 5341 1192 5397 Ariani
1221 5341 1445 5413 ubjicere
1465 5341 1714 5407 solebant,
1745 5342 1924 5398 abillo
1947 5343 2260 5398 adhibentur
2280 5360 2340 5397 ea
2365 5357 2613 5414 responsa
2629 5381 2645 5408 ,
2682 5337 2868 5409 quibus
2891 5335 3157 5406 neglectis,
3182 5335 3390 5390 omnino
3420 5334 3627 5389 diuersa
3657 5349 3850 5408 propo-

543 5437 617 5491 nit
642 5445 851 5492 sanctus
897 5436 1112 5492 Doctor.
1142 5435 1225 5491 Ad
1263 5436 1371 5491 haec
1398 5435 1581 5490 inutile
1610 5437 1764 5507 fuerit
1793 5437 1850 5491 id
1873 5479 1888 5503 ,
1911 5439 2048 5509 quod
2076 5437 2266 5492 nemini
2297 5453 2397 5492 nun
2425 5446 2501 5492 est
2531 5435 2756 5500 obvium,
2780 5430 3053 5486 obseruare
3076 5469 3092 5496 ,
3117 5428 3363 5484 nimirum
3391 5430 3447 5484 in
3471 5444 3646 5503 graeca
3673 5429 3850 5502 lingua

545 5545 756 5601 prorsus
781 5533 1109 5605 peregrinum
1161 5529 1419 5586 exstitisse
1460 5531 1609 5585 illum
1653 5532 1980 5602 scriptorem.
2013 5531 2151 5599 Quid
2195 5546 2313 5587 vero
2343 5532 2388 5586 si
2416 5530 2792 5604 subjungamus
2821 5541 2924 5581 non
2954 5532 3110 5579 tanta:
3138 5524 3523 5596 perspicuitatis
3551 5540 3695 5589 esse,
3725 5538 3848 5578 num

542 5623 756 5681 omnino
783 5621 1235 5681 Cummentariain
1263 5623 1490 5680 Paulum
1515 5625 1691 5695 fecerit
1716 5623 2055 5681 Ambrosius?
2097 5624 2280 5682 Verum
2303 5635 2357 5680 ut
2377 5627 2599 5680 maxime
2629 5619 2931 5696 hujusmudi
2959 5620 3335 5688 expositionem
3365 5619 3442 5673 vir
3473 5619 3705 5674 Sanctus
3732 5617 3843 5672 edi-

541 5715 699 5781 derit,
730 5714 914 5771 saltem
940 5718 1221 5773 admudum
1253 5716 1498 5773 credibile
1519 5723 1591 5770 est
1615 5731 1730 5771 eam
1772 5714 2070 5772 Cassiuduri
2101 5715 2412 5789 imparibus
2429 5719 2546 5790 jam
2577 5715 2823 5786 periisse;
2851 5713 2948 5766 hoc
2972 5711 3105 5765 enim
3136 5713 3325 5783 conjici
3363 5719 3530 5782 potest
3567 5726 3596 5765 e
3623 5728 3842 5782 sequen-

545 5811 680 5874 tibus
731 5811 964 5886 ejusdem
1005 5811 1170 5869 verbis
1197 5829 1217 5870 :
1241 5812 1452 5870 Dicitur
1477 5811 1664 5882 etiam,
1689 5811 1877 5884 inquit,
1907 5810 2128 5870 beatum
2159 5810 2511 5872 Ambrosium
2539 5810 2890 5866 subnotatum
2933 5803 3181 5864 codicem
3207 5805 3564 5877 epistularum
3593 5806 3842 5866 omnium
