4120 6316
257 227 319 281 ιι
987 235 1480 300 COMMENTARIA
1527 241 1589 299 IN
1634 243 2010 302 EPISTULAS
2050 248 2108 304 Β.
2151 247 2378 307 PAULI.
2418 254 2815 313 ADMONITIO.
2900 275 2909 284 *
3157 325 3159 328 ,
3492 262 3559 315 42

255 343 433 442 sancti
459 343 617 401 Pauli
646 347 966 420 reliquisse,
1005 355 1330 412 suavissima
1361 357 1714 430 expositione
1741 359 2074 428 completum
2102 381 2115 429 ;
2142 379 2302 435 quem
2339 376 2518 424 tamen
2567 370 2747 428 adhuc
2794 371 3040 428 invenire
3079 384 3189 428 non
3228 373 3412 442 potui,
3457 385 3556 429 etc.

255 436 394 508 (Lib.
421 438 489 493 de
517 439 654 497 Inst.
683 445 847 499 divin.
882 447 1042 504 litter.
1072 467 1189 521 cap.
1221 451 1300 521 8).

324 529 390 586 In
417 549 479 587 eo
503 550 627 629 ergo
655 546 765 592 tota
787 538 1063 610 difficultas
1084 551 1180 608 est,
1209 553 1265 598 ut
1282 561 1431 600 verus
1463 562 1650 616 parens
1675 549 1832 620 hujus
1864 547 2049 620 Operis
2079 549 2428 625 investigetur.
2457 552 2668 608 Placuit
2695 555 2959 612 nonnullis
2985 559 3371 625 compilatorem
3403 560 3562 629 fuisse

247 622 423 724 illum,
441 627 534 724 qui
558 629 733 684 scissis
755 648 819 686 ex
839 631 1206 705 Chrysostomo
1220 646 1266 691 et
1283 635 1604 710 Hieronymo
1632 639 1837 694 laciniis
1861 651 2126 696 centonem
2155 622 2281 697 inde
2299 645 2594 714 confecerit.
2634 645 2824 701 Volunt
2845 648 2937 702 alii
2957 622 3202 724 prologos
3231 622 3453 724 singulis
3473 669 3562 707 ex—

248 717 592 807 positionibus
617 723 863 791 pra’ﬁxos
889 725 1052 796 inepti
1080 728 1515 782 consarcinatoris
1536 745 1665 794 esse,
1701 730 2028 800 potissintum
2054 748 2116 786 ex
2148 732 2468 805 Hieronymo
2498 737 2722 804 frustula
2745 739 2910 793 multa
2941 717 3209 807 sulf'urati.
3242 717 3477 798 Attamen
3507 744 3561 797 in

252 802 486 871 Operum
512 811 811 866 earumdem
842 811 1065 868 Patrum
1094 814 1374 870 collatione
1412 817 1509 872 hoc
1549 834 1873 890 nequaquam
1923 802 2377 891 deprehendimus.
2432 802 2625 881 Contra
2672 843 2792 884 vero
2817 831 2943 884 satis
2980 802 3274 902 frequenter
3314 835 3560 889 animad-

247 901 493 999 uertimus
518 903 584 958 ab
617 906 828 962 illorum
857 911 1182 980 opinionibus
1211 911 1351 967 hunc
1396 913 1669 981 dissidere,
1716 915 1851 970 alias
1885 917 2258 986 explicationes
2308 918 2519 986 afferre,
2559 922 2818 977 interdum
2856 941 2959 980 non
2983 901 3188 982 eodem
3228 928 3383 983 modo
3410 970 3422 994 ,
3455 945 3557 999 quo

245 995 326 1050 illi
352 997 541 1067 solent,
576 1001 929 1072 Apostolicum
961 1015 1157 1063 textum
1186 1008 1346 1063 citare
1370 1049 1386 1075 ,
1417 1026 1479 1064 ac
1517 1011 1724 1066 tandem
1743 1012 1910 1067 sicubi
1952 1030 2068 1067 cum
2099 1016 2226 1084 ipsis
2253 1019 2547 1086 conveniat,
2571 1020 2628 1073 id
2649 1021 2770 1078 inde
2790 1022 3009 1092 factum,
3033 1025 3172 1094 quod
3199 1042 3284 1079 eos
3306 1026 3392 1094 qui
3414 995 3554 1079 com-

245 1096 504 1149 mentaria
533 1095 809 1155 lucubrant
837 1102 888 1157 in
913 1104 1151 1159 eumdem
1177 1105 1390 1172 librum,
1421 1107 1610 1178 ubique
1639 1109 1936 1178 discrepare
1957 1112 2275 1179 impossibile
2303 1115 2390 1169 sit.
2430 1114 2612 1187 Neque
2641 1128 2810 1173 tamen
2839 1118 3028 1173 ibimus
3063 1119 3266 1188 inﬁcias
3297 1129 3561 1174 auctorem

242 1198 480 1246 nostrum
503 1191 566 1246 ab
602 1192 922 1268 Hieronymo
951 1208 1245 1254 mutuatum
1273 1202 1513 1271 quaedam
1539 1203 1724 1269 videri,
1760 1205 1850 1259 sed
1878 1222 1994 1259 eum
2019 1216 2292 1277 propterea
2313 1211 2724 1278 compilatorem,
2757 1228 2858 1283 quo
2879 1211 3084 1283 quidem
3115 1229 3269 1266 sensu
3297 1213 3374 1266 illi
3404 1214 3559 1267 intel-

241 1283 435 1356 ligunt,
469 1285 768 1342 habendum
795 1305 902 1345 esse
927 1307 1030 1346 non
1049 1292 1384 1347 arbitramur.
1415 1291 1499 1348 Ex
1522 1294 1643 1349 aliis
1663 1303 1832 1349 autem
1854 1297 1942 1366 qui
1973 1297 2159 1351 horum
2192 1296 2690 1355 Commentariorum
2720 1311 2982 1356 auctorem
3001 1319 3179 1357 eruere
3216 1304 3388 1357 conati
3418 1313 3557 1371 sunt,

239 1381 327 1449 qui
358 1382 542 1436 eadem
581 1381 822 1456 Remigio
860 1385 1227 1455 attribuerunt,
1261 1388 1458 1457 frustra
1487 1392 1650 1459 fuere.
1683 1387 1889 1443 Etenim
1925 1406 2040 1443 cum
2078 1391 2132 1444 in
2181 1389 2502 1446 Bibliotheca
2546 1391 2791 1460 Patrum,
2822 1403 2930 1448 tum
2970 1395 3023 1448 in
3054 1397 3422 1465 manuscriptis
3457 1413 3562 1451 ntn

240 1480 425 1552 paucis
455 1479 765 1553 Remigiana
811 1493 1015 1538 exstant
1053 1485 1115 1538 ab
1156 1485 1239 1538 his
1277 1485 1468 1540 nostris
1497 1485 1650 1555 plane
1690 1485 1916 1540 diversa.
1975 1484 2101 1541 Non
2137 1487 2416 1557 defuerunt
2457 1489 2612 1544 etiam
2657 1489 2745 1560 qui
2793 1490 2928 1544 hanc
2956 1491 3436 1547 commentationem
3478 1492 3557 1548 vel

239 1570 447 1627 Iuliani
491 1574 570 1629 vel
617 1575 829 1630 alterius
858 1577 1150 1648 cujuspiam
1201 1575 1478 1648 Pelagiani
1513 1594 1621 1632 esse
1665 1578 2053 1633 contenderent.
2095 1578 2203 1634 Sed
2232 1580 2424 1634 inventi
2450 1589 2572 1634 sunt
2609 1581 2847 1635 similiter
2867 1582 3144 1652 scriptores
3166 1624 3180 1648 ,
3206 1583 3393 1654 quibus
3419 1585 3558 1642 illius

238 1673 419 1718 auctor
447 1664 710 1720 videretur
739 1666 1034 1722 liberandus
1061 1667 1125 1721 ab
1157 1667 1258 1722 ista
1281 1676 1425 1735 nota,
1461 1679 1508 1722 et
1539 1667 1584 1722 si
1619 1669 1746 1738 quid
1775 1672 1910 1738 forte
1933 1668 2072 1739 quod
2091 1669 2201 1722 illis
2221 1669 2478 1724 Itcereticis
2504 1671 2678 1741 favere
2707 1683 2909 1741 posset,
2937 1673 3046 1727 illic
3075 1685 3348 1740 occurrat,
3374 1675 3468 1730 hoc
3497 1693 3557 1732 eo

239 1758 594 1827 referendum,
625 1760 763 1831 quod
792 1776 909 1814 cum
934 1769 1056 1815 ante
1079 1769 1312 1815 exortam
1339 1759 1638 1814 eorumdem
1669 1760 1906 1815 haeresim
1929 1761 2018 1815 ille
2058 1760 2335 1826 scriberet,
2359 1762 2527 1815 minus
2552 1770 2700 1815 caute
2728 1762 3152 1832 considerateque
3177 1773 3306 1819 esset
3332 1764 3553 1820 locutus.

244 1850 444 1906 Ultima
488 1852 729 1920 tandem,
776 1868 894 1919 qua:
939 1861 987 1907 et
1040 1852 1383 1916 communior,
1427 1868 1606 1906 eorunt
1651 1851 1828 1923 Opinio
1866 1862 1962 1918 est,
1998 1852 2088 1921 qui
2133 1851 2403 1906 Hilarium
2445 1852 2698 1908 Romana:
2727 1851 2979 1909 Ecclesia:
3005 1856 3305 1925 diaconum,
3327 1859 3416 1927 qui
3439 1875 3560 1913 cum

241 1945 582 2015 Luciferiano
608 1946 875 2001 schismati
901 1945 1221 2010 adlttesisset,
1252 1945 1318 1998 ab
1339 1942 1663 2015 Hieronymo
1694 1953 1797 1997 tant
1827 1960 2013 2016 aspero
2034 1944 2167 2014 stylo
2207 1954 2451 2016 exceptus
2476 1945 2576 2016 fuit
2611 1944 2781 2015 (Dial.
2823 1945 2943 2000 adv.
2975 1945 3205 2019 Lucifer.
3233 1959 3348 2020 post
3371 1950 3555 2022 med.),

239 2057 416 2096 verum
445 2039 672 2115 hujusce
703 2041 888 2114 Operis
924 2041 1199 2096 Auctorem
1225 2039 1425 2094 dicunt.
1460 2039 1524 2093 At
1553 2055 1669 2094 cum
1691 2038 1791 2093 sint
1822 2055 2023 2110 quoque
2048 2055 2082 2093 a
2105 2039 2290 2108 quibus
2318 2039 2436 2093 huic
2466 2039 2734 2094 sententia:
2757 2041 3162 2107 contradicatur,
3195 2040 3328 2095 illud
3347 2057 3565 2097 accura-

242 2136 341 2190 tius
368 2135 797 2205 perpendendum
819 2144 914 2191 est.

312 2228 710 2285 Observabimus
733 2232 787 2285 in
807 2231 990 2301 primis
1021 2231 1107 2286 vix
1136 2230 1301 2285 ullum
1322 2230 1427 2285 veri
1453 2228 1713 2284 Ambrosii
1739 2228 1886 2299 Opus
1909 2243 2021 2283 esse
2041 2269 2055 2294 ,
2089 2232 2242 2302 cujus
2269 2228 2423 2300 plura
2451 2228 2774 2300 exemplaria
2805 2228 3036 2282 omnium
3065 2237 3273 2283 aetatum
3303 2227 3368 2280 ab
3397 2229 3562 2283 octin-

241 2322 405 2393 gentis
453 2323 609 2375 annis
637 2321 989 2390 reperiantur,
1021 2338 1175 2392 quam
1223 2320 1384 2395 hujus
1424 2320 1796 2376 Ambrosiastri
1829 2337 1856 2400 q:
1898 2321 1990 2374 sed
2016 2336 2194 2376 eorum
2223 2322 2478 2375 nonnulla
2505 2322 2569 2375 ab
2597 2322 2718 2377 aliis
2752 2321 3006 2376 dissidere
3032 2320 3176 2375 haud
3208 2321 3555 2377 mediocriter.

243 2411 525 2468 Enimvero
551 2415 604 2468 in
658 2413 964 2469 bibliotheca
1013 2412 1315 2472 Corbeiensi
1367 2430 1529 2468 unum
1572 2412 1795 2468 habetur
1824 2413 1976 2468 tomis
2005 2413 2206 2468 duobus
2229 2415 2684 2484 comprehensum,
2710 2432 2809 2483 quo
2842 2414 3048 2469 nullum
3069 2415 3220 2469 aliud
3239 2457 3254 2482 ,
3286 2417 3392 2470 sive
3416 2419 3557 2470 anti-

241 2505 511 2570 quitatem,
563 2504 668 2558 sive
716 2504 1077 2559 characterum
1105 2504 1415 2576 elegantiam
1445 2509 1658 2574 spectes,
1693 2504 2024 2574 praestantius
2055 2503 2228 2558 videre
2261 2503 2413 2559 nobis
2455 2505 2623 2559 licuit.
2659 2507 2725 2558 At
2763 2523 2879 2559 cum
2913 2507 2966 2560 in
2994 2523 3051 2559 eo
3086 2504 3470 2561 Commentario
3510 2509 3568 2561 in

244 2614 418 2652 omnes
447 2595 612 2652 Pauli
641 2598 884 2670 epistolas
903 2639 918 2664 ,
965 2597 1063 2652 illa
1087 2607 1299 2670 excepta
1337 2612 1453 2667 qute
1477 2596 1547 2650 ad
1591 2594 1645 2650 Η
1649 2595 1843 2651 ebrteos
1871 2593 2196 2663 inscribitur,
2222 2596 2318 2649 sub
2344 2594 2552 2648 nomine
2584 2595 2846 2650 Ambrosii
2875 2596 3271 2662 contineantur,
3301 2613 3416 2651 cum
3442 2597 3562 2650 aliis

244 2690 509 2746 codicibus
554 2692 766 2761 scriptis
814 2702 966 2763 atque
993 2692 1148 2747 editis
1174 2690 1528 2746 tantummodo
1575 2688 1629 2743 in
1680 2689 1880 2760 priores
1919 2697 2020 2742 tres
2049 2687 2299 2758 epistolas
2329 2689 2604 2754 consentit,
2633 2687 2892 2760 discrepat
2917 2703 3035 2743 vero
3066 2690 3119 2744 in
3146 2700 3381 2744 caeteras.
3415 2686 3563 2742 Rab-

245 2781 404 2836 banus
434 2781 657 2839 Maurus
681 2785 736 2838 in
761 2783 1146 2840 Commentario
1173 2800 1269 2839 suo
1324 2799 1388 2838 ex
1413 2780 1663 2836 Patribus
1709 2780 1926 2835 collecto
1956 2780 2178 2834 ulterius
2209 2796 2535 2851 progressus,
2566 2796 2629 2835 ea
2669 2781 2844 2835 omnia
2865 2782 3072 2835 nomine
3092 2781 3350 2837 Ambrosii
3377 2781 3562 2851 donat,

243 2889 351 2943 qua:
395 2890 463 2928 ex
505 2874 886 2930 Ambrosiastro
913 2875 969 2929 in
995 2875 1246 2945 epistolas
1273 2875 1502 2945 quinque
1531 2874 1729 2938 priores
1761 2873 1925 2942 petita
1952 2872 2116 2926 citat:
2136 2872 2225 2927 sed
2249 2872 2304 2926 in
2343 2873 2567 2942 reliquas
2596 2873 2850 2943 quidquid
2879 2875 3062 2929 inserit
3085 2875 3178 2928 sub
3212 2875 3364 2930 titulo
3394 2877 3566 2931 sancti

247 2962 516 3036 Doctoris,
547 2985 606 3023 ea
637 2969 692 3023 in
730 2968 843 3023 solo
875 2967 1174 3034 Corbeiensi
1223 2965 1398 3022 codice
1441 2965 1666 3036 reperire
1695 2973 1791 3019 est.
1823 2961 2062 3019 Citantur
2101 2979 2303 3034 quoque
2334 2963 2398 3016 ab
2435 2961 2598 3016 Ivone
2637 2961 2950 3018 Carnutensi
2976 2962 3223 3034 (Decret.
3258 2975 3398 3037 part.
3431 2982 3520 3022 xv:
3541 3004 3583 3032 ,ι

244 3077 354 3132 cap.
386 3059 481 3132 84)
504 3077 571 3116 ex
599 3060 815 3132 prologo
844 3058 1188 3131 expositionis
1231 3058 1467 3129 epistolte
1517 3057 1587 3112 ad
1636 3054 2001 3112 Philemonem
2025 3055 2176 3110 verba
2200 3056 2457 3111 nonnulla
2477 3097 2494 3124 ,
2522 3071 2636 3125 qua:
2662 3072 2763 3111 non
2796 3057 2898 3111 nisi
2918 3059 3062 3129 apud
3097 3059 3402 3116 liabbanum
3432 3073 3479 3118 et
3508 3062 3564 3115 in

247 3151 543 3209 Corbeiensi
572 3153 751 3210 codice
781 3154 1033 3228 reperias.

314 3243 508 3300 lsthcec
537 3246 712 3300 omnia
753 3245 989 3317 quisquis
1041 3251 1237 3300 attente
1281 3243 1724 3309 consideraverit,
1781 3244 1898 3313 jant
1948 3243 2128 3296 mirari
2181 3242 2376 3298 desinet
2417 3244 2585 3298 multa
2641 3245 2697 3297 in
2740 3233 2964 3301 Auctore
3010 3257 3188 3302 nostro
3237 3249 3563 3318 desiderari,

245 3357 354 3411 qute
377 3357 411 3393 a
440 3339 742 3412 Lanfranco
787 3348 1051 3410 tamquam
1081 3354 1146 3393 ex
1180 3335 1538 3392 Ambrosianis
1587 3332 1983 3391 Commentariis
2026 3336 2081 3388 in
2111 3334 2420 3406 Apostolum
2466 3336 2808 3406 proferuntur
2830 3353 2849 3390 :
2881 3337 3140 3409 facileque
3187 3339 3567 3396 animadvertet

246 3432 395 3485 variis
427 3429 780 3484 Paulinorum
829 3430 1169 3501 epistolarum
1223 3425 1635 3482 enarrationibus
1684 3424 1947 3479 Ambrosii
1976 3440 2160 3478 nomen
2187 3425 2250 3479 ab
2280 3426 2594 3495 antiquariis
2623 3425 2846 3480 inditunt
2876 3445 3006 3484 esse.
3046 3427 3196 3484 Illud
3225 3431 3440 3503 insuper
3465 3433 3560 3486 ad-

235 3524 521 3596 jiciendum
551 3534 626 3579 est
651 3523 854 3578 eosdem
880 3523 1128 3578 librarios
1175 3538 1368 3595 magna
1396 3520 1608 3576 licentia
1646 3521 1830 3574 saltem
1855 3519 1912 3572 in
1942 3526 2043 3572 tres
2071 3518 2272 3588 priores
2296 3519 2542 3589 epistolas
2566 3519 2755 3575 abusos
2781 3537 2921 3588 esse;
2950 3523 3368 3593 quandoquidem
3397 3525 3460 3581 ab
3489 3530 3562 3581 eis

242 3634 340 3673 non
365 3633 486 3672 raro
515 3617 673 3688 longa
686 3620 980 3688 fragmenta
1008 3613 1198 3668 ibidem
1222 3613 1415 3668 inserta
1445 3610 1609 3680 fuisse
1637 3609 1904 3679 probabile
1929 3617 2028 3677 est,
2059 3625 2174 3677 qua:
2197 3610 2253 3663 in
2282 3609 2642 3664 vetustioribus
2671 3611 3040 3682 manuscriptis
3070 3631 3173 3668 non
3206 3616 3562 3685 inveniuntur,

242 3723 294 3768 ut
323 3715 377 3767 in
403 3713 564 3767 variis
591 3712 896 3767 lectionibus
922 3707 1278 3764 annotabitur.
1311 3705 1543 3775 Indeque
1574 3704 1697 3758 duci
1732 3711 1897 3773 potest
1933 3704 2202 3757 vehemens
2239 3702 2536 3770 conjectura
2579 3711 2758 3757 contra
2790 3703 2949 3775 hujus
2993 3703 3180 3772 Operis
3214 3707 3562 3778 integritatem

237 3823 297 3862 ac
322 3808 710 3873 sinceritatem;
734 3820 827 3861 nec
847 3802 1078 3874 expediti
1089 3799 1288 3874 judicii
1308 3815 1418 3854 rem
1438 3812 1546 3854 esse
1570 3795 1921 3868 cognoscitur,
1946 3801 2118 3848 utrum
2143 3794 2301 3848 unius
2325 3809 2392 3847 an
2414 3793 2647 3864 plurium
2673 3803 2943 3848 auctorum
2979 3794 3269 3849 lucubratio
3294 3797 3390 3864 sit,
3417 3800 3560 3867 afﬁr-

242 3919 402 3959 mare.

309 3995 570 4048 Cceterum
593 3995 640 4048 si
667 3991 968 4064 negabimus
992 3989 1223 4060 plurium
1268 4003 1377 4042 esse
1403 4027 1417 4053 ,
1448 3984 1607 4040 simul
1647 3983 1798 4038 etiant
1834 3980 2100 4052 fatendum
2125 3979 2379 4035 videbitur
2405 3980 2605 4051 antiqui
2631 3996 2744 4036 esse
2776 3983 3212 4037 commentatoris.
3252 3984 3404 4052 Quod
3425 3987 3561 4039 enim

240 4085 311 4140 ait
329 4082 422 4157 (In
457 4083 628 4154 Epist.
659 4083 683 4138 ι
715 4082 784 4138 ad
834 4081 1066 4137 Timoth.
1092 4096 1212 4150 cap.
1239 4075 1324 4150 ιιι)
1355 4078 1418 4132 de
1442 4074 1699 4142 Ecclesia,
1726 4073 1884 4144 cujus
1908 4072 2071 4128 hodie
2097 4082 2284 4128 rector
2299 4083 2384 4130 est
2404 4073 2690 4139 Damasus,
2711 4083 2800 4128 aut
2824 4075 3189 4146 interpolatori
3233 4076 3398 4131 tribui
3413 4079 3562 4135 debet

239 4181 306 4250 (et
333 4195 464 4235 sane
488 4179 704 4234 illorum
736 4187 1023 4247 tentporum
1051 4189 1202 4229 usum
1228 4187 1329 4226 non
1351 4169 1512 4242 sapit,
1543 4184 1706 4239 neque
1723 4166 1898 4222 sensui
1929 4166 2278 4222 necessarium
2294 4166 2418 4237 est),
2439 4174 2532 4219 aut
2552 4165 2768 4236 planunt
2789 4166 2879 4236 ﬁet
2896 4167 3131 4222 euntdent
3151 4177 3414 4224 auctorem
3442 4179 3562 4225 ante

236 4285 432 4324 annum
457 4268 585 4337 584,
613 4285 714 4340 quo
745 4268 882 4322 idem
928 4281 1068 4336 papa
1103 4265 1270 4318 vivere
1297 4260 1470 4328 desiit,
1502 4257 1888 4314 Commentaria
1915 4273 2011 4312 sua
2050 4255 2341 4327 scripsisse.
2373 4254 2518 4310 Hinc
2557 4256 2713 4310 etiant
2757 4267 2924 4326 potest
2967 4259 3022 4312 id
3049 4261 3372 4330 conﬁrmari,
3419 4262 3562 4334 quod

238 4362 604 4418 marcionistas
643 4360 814 4414 adhuc
843 4373 1111 4428 superesse
1137 4355 1247 4410 illic
1291 4363 1551 4422 testatur;
1579 4352 1854 4424 quamvis,
1888 4351 2058 4422 inquit
2084 4348 2290 4421 (Ibid.,
2314 4367 2438 4421 cap.
2466 4349 2565 4422 4),
2596 4365 2736 4422 pene
2764 4351 3091 4410 defecerint.
3118 4355 3324 4411 Certum
3349 4357 3558 4430 quidem

237 4468 309 4512 est
335 4471 403 4510 ex
433 4454 738 4526 Epiphanio
761 4450 994 4524 (Haeres.
1019 4449 1112 4522 42)
1142 4465 1205 4504 ac
1229 4447 1557 4503 Theodoreto
1587 4445 1730 4518 (Lib.
1757 4461 1772 4500 ι
1800 4443 2005 4501 Hteres.
2031 4444 2203 4516 fabul.
2237 4461 2358 4514 cap.
2384 4443 2477 4515 24)
2506 4444 2654 4500 tarde
2685 4445 2972 4502 admodum
2999 4450 3277 4506 exstinctos
3322 4469 3435 4508 esse
3461 4453 3555 4508 hos

237 4550 508 4606 hcereticos
540 4563 560 4602 :
591 4546 680 4602 sed
706 4555 907 4601 constat
932 4545 1089 4600 etiam
1117 4542 1355 4612 pluribus
1381 4540 1508 4596 locis
1537 4538 1679 4593 haud
1704 4553 1840 4608 cegre
1859 4537 1980 4591 illos
2010 4536 2064 4590 in
2098 4534 2545 4601 Manichaeorum,
2582 4537 2669 4607 qui
2703 4538 3025 4608 frequentius
3061 4539 3145 4593 hic
3177 4554 3557 4611 memorantur,

235 4654 410 4714 partes
433 4643 704 4698 transisse.
739 4639 918 4695 Obiter
955 4653 1158 4709 quoque
1204 4635 1578 4692 observandum
1628 4631 1834 4686 videtur
1876 4632 1929 4684 in
1969 4629 2068 4684 hoc
2116 4627 2285 4701 Opere
2329 4631 2642 4685 mentionem
2681 4631 2838 4702 ﬁeri(
2851 4630 2920 4686 In
2948 4631 3127 4702 Epist.
3158 4633 3204 4689 ll
3225 4636 3294 4689 ad
3322 4635 3554 4695 Timoth.

236 4756 354 4808 cap.
385 4736 468 4808 ιιι)
499 4737 628 4807 legis
649 4734 926 4808 cujusdam
954 4731 1199 4788 adversus
1217 4745 1304 4786 eos
1333 4746 1367 4784 a
1393 4725 1697 4783 Domitiano
1728 4723 2105 4796 promulgataz,
2135 4739 2292 4793 quant
2321 4723 2375 4776 in
2401 4723 2514 4778 sola
2539 4722 2878 4780 Collectioue
2907 4726 3088 4797 legum
3117 4727 3477 4787 Mosaicarum
3500 4744 3560 4791 ct

236 4829 612 4884 Romanarum
647 4827 897 4882 invenias.
928 4823 1078 4879 Illud
1111 4822 1286 4878 adhuc
1323 4820 1562 4874 Auctoris
1591 4817 1955 4888 antiquitatem
1981 4816 2149 4890 magis
2180 4817 2460 4886 designat,
2483 4817 2622 4888 quod
2649 4819 2969 4889 patricianos
2993 4819 3083 4894 (In
3103 4820 3248 4894 Epit.
3283 4824 3299 4879 Ι
3325 4827 3395 4880 ad
3421 4827 3556 4884 Tim.

235 4939 354 4994 cap.
387 4923 487 4993 tv),
517 4937 736 4990 quorum
763 4918 1088 4974 Philastrius
1111 4915 1252 4989 (Lib.
1280 4915 1344 4969 de
1373 4912 1697 4983 Haeresibus)
1740 4910 2164 4982 Augustinusque
2193 4911 2528 4978 superstitum
2550 4913 2826 4968 meminere
2844 4955 2860 4981 ,
2899 4930 3003 4968 non
3028 4919 3372 4985 praetermittit
3395 4939 3414 4988 ;
3439 4939 3562 4978 cum

236 5021 376 5073 ultra
404 5017 654 5074 swculum
690 5015 930 5086 quintum
957 5012 1254 5081 neutiquam
1281 5008 1625 5081 pervenerint.
1663 5003 1932 5060 Prteterea
1959 5010 2263 5058 cxterorunt
2291 5003 2648 5058 ha’reticorum
2668 5046 2683 5071 ,
2717 5021 2845 5076 quos
2867 5007 3168 5080 aggreditur
3209 5011 3362 5087 longe
3389 5017 3561 5085 plum;

235 5129 345 5168 mos
363 5153 378 5180 ,
397 5112 578 5167 nullus
602 5114 824 5182 refertur
848 5106 1006 5178 paulo
1027 5104 1302 5160 recentior.
1326 5101 1552 5171 Cumque
1580 5099 1636 5153 in
1662 5097 1974 5164 Donatistis,
2005 5094 2342 5162 Novatianis,
2361 5096 2569 5152 Arionis
2590 5107 2637 5156 et
2667 5096 3000 5154 Photiniunis
3019 5101 3316 5172 refellendis
3330 5109 3559 5164 crebrius

234 5219 389 5281 atque
413 5206 686 5279 operosius
710 5219 865 5276 quam
884 5203 935 5257 in
961 5201 1080 5256 aliis
1116 5198 1401 5261 incumbat,
1431 5195 1486 5250 id
1517 5193 1658 5249 haud
1679 5192 1832 5248 dubie
1861 5191 2056 5246 indicio
2088 5199 2163 5246 est
2187 5189 2496 5260 posteriores
2517 5189 2808 5260 haereticos,
2839 5203 2967 5264 puta
2987 5191 3332 5253 Nestorianos
3357 5211 3403 5254 et
3435 5204 3557 5258 reli-

230 5321 359 5376 quos
389 5299 717 5371 sequentium
744 5308 1031 5368 temporum
1063 5292 1283 5348 necdum
1309 5288 1606 5353 emersisse,
1635 5285 1726 5342 sed
1757 5299 1958 5350 eorum,
1981 5298 2112 5349 quos
2139 5282 2294 5336 modo
2320 5281 2736 5352 nominabamus,
2759 5286 2979 5344 haereses
3005 5297 3126 5343 tunc
3155 5291 3397 5361 viguisse.
3433 5292 3554 5350 Huc

233 5373 369 5454 adde
389 5395 451 5450 ab
483 5411 542 5448 eo
573 5393 825 5463 scriptore
852 5398 1047 5444 textum
1071 5383 1307 5458 Apostoli
1333 5379 1552 5438 subinde
1577 5378 1731 5434 citari
1774 5391 1838 5432 ex
1884 5375 1994 5431 alia
2018 5373 2271 5444 versione,
2299 5389 2454 5444 quam
2474 5389 2580 5442 qua
2619 5391 2762 5430 nunc
2791 5377 2986 5433 utimur
3027 5394 3046 5433 :
3071 5389 3120 5435 et
3159 5382 3341 5436 veteris
3369 5381 3556 5441 Testa-

234 5489 397 5544 menti
427 5484 721 5541 testimonia
745 5498 809 5537 ex
831 5481 1066 5536 versione
1095 5474 1240 5530 LXX
1270 5473 1466 5530 Senum
1486 5470 1647 5544 petita
1674 5485 1803 5524 esse.
1838 5464 1987 5521 Illud
2013 5465 2171 5522 etiam
2191 5465 2372 5520 eodem
2399 5475 2618 5538 spectat,
2658 5469 2798 5538 quod
2828 5486 2892 5524 ex
2918 5470 3218 5525 auctoribus
3248 5476 3558 5534 ecclesiasti-

232 5585 308 5638 cis
335 5597 438 5635 non
461 5578 563 5632 nisi
585 5574 917 5636 Tertulliani,
952 5569 1224 5642 Cypriani,
1249 5584 1310 5621 ac
1338 5564 1599 5620 Victorini
1620 5563 1763 5618 locos
1784 5559 2036 5628 adhibet,
2066 5575 2287 5631 quorum
2316 5559 2531 5615 ultimus
2560 5559 2850 5618 Damasum
2877 5564 3098 5634 wquavit
3123 5567 3448 5638 antiquitate.
3473 5575 3557 5629 Ad

242 5681 565 5746 postremum
589 5665 709 5721 inde
736 5663 976 5720 similiter
1003 5661 1169 5717 astrui
1197 5666 1368 5731 potest
1389 5656 1569 5713 eadem
1592 5663 1742 5723 tetas,
1773 5653 1913 5724 quod
1939 5651 1994 5706 in
2016 5649 2384 5722 cgrotantium
2402 5649 2729 5723 baptismate,
2759 5655 2979 5725 aliisque
3007 5657 3270 5727 capitibus
3292 5680 3394 5720 non
3425 5683 3561 5736 pau-

242 5769 342 5832 cis,
370 5761 771 5821 ecclesiasticam
799 5757 1017 5814 illorum
1044 5765 1338 5826 temporum
1366 5749 1702 5822 disciplinam
1732 5746 1948 5820 pulchre
1972 5753 2326 5818 reprtesentet.

483 5857 766 5921 ΡΔτιιοι..
805 5849 1011 5915 XVII.
3020 5851 3060 5913 2
