4082 6306
497 231 569 289 ιδ
1501 232 1594 290 ΔΙ)
1629 230 1861 289 OPERA
1900 233 1958 290 S.
2004 233 2109 289 AM}

2204 230 2324 290 [)Sll
2367 223 2736 290 APPENDIX.
3746 225 3816 284 44

567 348 767 402 Omnia
787 363 824 401 α
845 348 986 402 nobis
1015 347 1101 401 hic
1125 355 1408 402 memorata
1442 348 1677 402 videntur
1715 348 1996 421 suffragari
2025 364 2203 402 eorum
2235 349 2524 414 sententitc,
2554 349 2642 419 qui
2672 347 2784 400 htec
2810 344 3190 399 Commentario
3222 342 3284 397 ab
3312 332 3525 397 Hilario
3552 337 3701 394 edita
3729 354 3822 390 ro—

493 442 606 495 luut
632 457 651 495 :
680 442 733 494 in
764 457 920 510 quam
947 441 1243 508 opinionem
1265 440 1476 493 adducti
1506 444 1652 511 fuere
1675 440 1951 511 Augustini
1978 440 2295 504 testimonio,
2327 449 2505 493 contra
2529 436 2844 509 Pelagianos
2875 438 2948 490 ita
2973 437 3238 490 scribentis
3265 434 3401 506 (Lib.
3436 448 3492 487 IV
3512 440 3658 485 cont.
3681 432 3821 484 duas

494 531 672 605 Epist.
711 533 896 604 Pelag.
929 550 1045 604 cap.
1069 533 1128 604 4)
1155 551 1168 585 :
1198 532 1332 588 Nam
1361 540 1418 588 ct
1433 534 1511 588 sic
1550 541 1774 588 sanctus
1806 533 2042 589 Hilarius
2072 533 2342 589 intellexit
2368 531 2512 602 quod
2543 534 2806 601 scriptum
2831 539 2918 586 est
2945 529 3035 584 ειη
3062 542 3170 600 quo
3200 541 3392 584 omnes
3417 531 3819 597 peccaverunt,

491 629 567 683 ait
593 629 743 682 enim
779 645 791 680 :
826 627 884 681 In
915 642 1046 698 quo,
1078 627 1133 684 id
1161 636 1266 695 est,
1301 631 1353 681 in
1376 627 1572 693 Adam,
1605 637 1652 681 et
1671 636 1857 682 ccetera
1886 643 1999 697 qute
2019 628 2089 680 ad
2113 628 2285 696 apices
2309 626 2364 679 in
2409 627 2506 679 hoc
2549 624 2717 696 Opere
2743 626 2908 694 legere
2939 625 3074 678 licet.
3106 624 3260 693 Atqui
3293 624 3502 684 istlucc,
3532 619 3820 689 inquiunt,

486 718 750 786 quadrare
777 727 1036 786 nequeunt
1061 719 1163 772 nisi
1192 718 1247 773 in
1281 718 1545 772 Hilarium
1569 717 1883 782 Diaconum,
1912 720 2000 788 qui
2031 734 2086 772 se
2114 715 2342 772 Damaso
2369 717 2528 788 fuisse
2552 732 2781 772 coaevum
2808 717 2919 784 ipse
2948 717 3226 787 significat.
3256 715 3376 770 illis
3404 713 3615 784 quidem
3645 712 3823 780 objec-

484 821 591 864 tum
618 813 716 882 fuit
738 811 1122 878 rebaptiaantes
1141 812 1328 866 acriter
1354 812 1529 884 urgeri
1564 809 1625 863 ab
1664 811 1758 864 hoc
1791 812 2055 873 Auctore;
2082 825 2198 863 cum
2220 809 2401 864 eodem
2445 809 2660 863 crimine
2693 807 2936 863 Hilarius
2981 809 3200 877 infestus
3232 817 3407 861 esset:
3443 821 3506 859 ac
3557 812 3823 876 prieterea

483 919 766 976 numquam
792 905 1139 976 Augustinum
1169 906 1539 960 attributurum
1584 906 1742 974 fuisse
1770 905 1890 958 huic
1924 903 2136 958 Hilario
2157 903 2364 957 titulum
2388 903 2576 971 sancti,
2608 918 2760 972 quem
2783 907 2920 974 facto
2951 901 3248 968 schismate,
3277 900 3342 954 ab
3374 898 3620 954 Ecclesia
3641 913 3821 952 τρι-ρει

480 998 609 1052 sisse
634 1013 739 1052 non
767 1000 1065 1069 ignorabat.
1097 1001 1203 1056 Sed
1230 1001 1578 1070 respondetur
1607 1015 1724 1054 eum
1753 1016 1853 1054 non
1883 1015 2059 1054 omnes
2079 998 2351 1054 hereticos
2378 999 2779 1069 rebaptizandos
2808 1000 3120 1052 arbitratum
3145 1013 3278 1064 esse,
3307 1007 3363 1051 at
3390 997 3529 1051 solos
3557 995 3818 1056 Arianos,
3913 1056 3916 1057 ν

475 1104 638 1160 eaque
667 1091 1006 1149 distinctione
1048 1095 1235 1165 ipsum'
1271 1095 1526 1150 indicasse
1560 1094 1614 1147 in
1643 1111 1756 1148 eam
1799 1094 2095 1167 opinionem
2121 1109 2226 1147 non
2253 1095 2360 1147 alia
2391 1110 2447 1147 re
2474 1106 2585 1148 sese
2613 1094 2896 1148 adductum
2923 1131 2938 1161 ,
2970 1107 3126 1164 quam
3147 1094 3268 1162 quia
3297 1092 3455 1146 iidem
3485 1089 3724 1144 hccretici
3755 1089 3823 1142 de

481 1182 525 1238 Τ
525 1186 741 1240 rinitate
772 1203 878 1242 non
901 1198 1037 1242 recte
1066 1190 1360 1254 sentientes,
1389 1193 1558 1260 forma
1582 1189 1739 1242 etiam
1770 1204 1872 1243 non
1895 1189 2130 1261 legitima
2157 1189 2211 1242 in
2241 1189 2550 1259 baptismate
2575 1197 2876 1257 uterentur;
2909 1200 3060 1260 atque
3080 1189 3210 1244 adeo
3241 1189 3374 1242 nihil
3402 1189 3658 1250 vetuisse,
3683 1201 3820 1257 quo-
3883 1212 3898 1221 -

433 1316 435 1319 -
478 1279 654 1334 minus
681 1279 974 1349 ha'reticos,
1000 1284 1088 1352 qui
1117 1284 1402 1338 catholicos
1429 1283 1854 1355 rebaptizabant,
1886 1284 1929 1335 is
1957 1283 2249 1351 iMpeteret.
2285 1281 2545 1337 Secunda:
2571 1282 2851 1356 objectioni
2881 1283 3180 1353 satisfacere
3198 1282 3295 1337 sibi
3321 1282 3586 1348 videntur,
3621 1281 3668 1334 si
3697 1296 3815 1334 nie-

476 1385 745 1428 moratum
777 1376 994 1431 honoris
1023 1379 1234 1432 titulum
1264 1386 1570 1450 argumento
1596 1393 1707 1432 esse
1732 1374 2036 1446 negaverint
2061 1383 2298 1428 sanctum
2326 1374 2674 1446 Augustinum
2698 1375 2763 1429 de
2793 1375 3006 1430 Hilario
3037 1375 3369 1446 Luciferiano
3394 1375 3768 1444 accipiendum
3793 1407 3813 1444 ε

471 1466 564 1520 sed
595 1468 772 1536 potius
817 1468 1050 1524 indidem
1080 1470 1468 1543 conjiciendum
1500 1485 1608 1524 esse
1635 1480 1725 1523 aut
1755 1468 2040 1522 diaconum
2078 1468 2232 1522 illum
2258 1470 2600 1523 secessionem
2628 1483 2909 1540 numquam
2943 1471 3126 1541 fecisse
3163 1470 3225 1523 ab
3256 1471 3496 1524 universa
3529 1467 3814 1532 Ecclesia,

470 1571 679 1615 servata
711 1563 960 1618 nimirum
992 1580 1108 1618 cum
1140 1564 1372 1637 ejusdem
1414 1564 1580 1636 capite
1608 1564 1752 1617 beato
1802 1561 2034 1615 Damaso
2065 1577 2190 1632 pace
2217 1572 2264 1615 et
2294 1565 2657 1617 communione
2679 1579 2697 1616 :
2721 1572 2811 1616 aut
2839 1565 3011 1632 ipsum
3041 1563 3246 1617 tandem
3278 1564 3588 1633 priusquam
3629 1578 3658 1616 e
3680 1563 3816 1616 uicis

471 1654 750 1726 encederet
771 1695 784 1720 ,
814 1657 871 1709 in
896 1659 1125 1723 gratiam
1156 1657 1374 1710 rediisse
1419 1671 1535 1710 cum
1564 1655 1856 1710 catholicis.
1895 1653 2088 1709 Verum
2137 1656 2439 1729 hujusmodi
2482 1669 2730 1726 responso
2774 1659 2931 1728 plane
2979 1658 3274 1712 contrarius
3301 1667 3377 1712 est
3410 1657 3816 1728 Hieronymus;

469 1747 662 1818 quippe
687 1750 775 1816 qui
805 1749 868 1802 de
893 1749 1104 1804 Hilario
1124 1765 1224 1805 non
1253 1760 1513 1821 tamquam
1537 1751 1600 1804 ab
1623 1750 1883 1821 episcopis
1905 1749 2129 1818 aliquot,
2154 1758 2245 1802 aut
2276 1758 2477 1802 tantum
2504 1749 2574 1802 ad
2606 1759 2827 1820 tempus,
2859 1752 2948 1806 sed
2971 1751 3034 1805 ab
3066 1753 3206 1805 omni
3235 1751 3496 1806 catholica
3521 1752 3776 1805 societate
3799 1787 3815 1815 ,

471 1851 534 1893 ac
561 1856 655 1908 per
693 1843 990 1898 universum
1017 1845 1136 1899 vita:
1182 1844 1505 1897 curriculum
1533 1853 1774 1913 separato
1801 1842 2046 1912 loquatur
2076 1839 2313 1913 (Dialog.
2342 1842 2462 1894 adv.
2499 1840 2731 1912 Lucifer.
2759 1850 2876 1909 post
2899 1841 3088 1914 med.).
3119 1843 3310 1898 Contra
3338 1843 3473 1896 hanc
3503 1842 3817 1914 opinionem

465 1928 523 1983 id
551 1934 709 1986 etiam
750 1937 900 2005 facit,
921 1937 1068 2006 quod
1095 1935 1356 2003 Hilarius,
1389 1943 1565 2007 utpote
1597 1935 1848 1990 Romana:
1873 1929 2126 1988 Ecclesia:
2157 1932 2411 1987 diaconus
2437 1974 2451 1998 ,
2479 1935 2544 1987 de
2567 1933 2747 1987 eadem
2781 1951 2885 1989 non
2926 1937 3074 2006 quasi
3114 1936 3419 2008 peregrinus
3454 1946 3545 1990 aut
3597 1936 3815 1997 alienus

470 2017 675 2077 locutus
703 2035 855 2079 esset.
891 2025 1007 2094 Quo
1045 2029 1180 2081 enim
1206 2037 1355 2098 pacto
1383 2029 1447 2082 de
1463 2041 1558 2082 sua
1589 2025 1826 2082 Ecclesia
1849 2027 2103 2096 potuisset
2128 2026 2349 2080 scribere
2377 2042 2396 2078 :
2423 2025 2574 2081 Nunc
2606 2036 2816 2098 septem
2848 2028 3114 2085 diaconos
3156 2045 3276 2085 esse
3307 2039 3568 2100 Oportet,
3603 2039 3660 2084 et
3697 2028 3815 2083 ali-

422 2153 425 2156 -
468 2124 710 2186 quantos
739 2119 1115 2191 presbyteros,
1146 2128 1207 2176 ut
1229 2122 1342 2176 bini
1371 2121 1483 2177 sint
1529 2137 1625 2192 per
1673 2121 1954 2177 Ecclesias
1980 2120 2072 2195 (In
2095 2121 2265 2190 Epist.
2301 2121 2370 2174 ad
2401 2119 2632 2174 Timoth.
2665 2138 2784 2190 cap.
2810 2121 2918 2195 1n)?
2938 2122 3148 2177 Etenim
3176 2140 3326 2192 cum,
3348 2126 3644 2197 imperante
3677 2123 3812 2177 Dio-

469 2209 696 2264 cletiano
723 2212 932 2284 (Optat.
964 2215 1054 2268 lib.
1089 2214 1172 2284 ιι),
1195 2216 1316 2280 jam
1345 2215 1574 2271 basilica:
1601 2217 1956 2288 quadraginta
1983 2224 2148 2271 essent
2173 2215 2228 2268 in
2261 2211 2422 2281 Urbe,
2456 2227 2558 2268 non
2589 2214 2906 2286 aliquantos
2923 2217 3296 2287 presbyteros,
3322 2218 3412 2274 sed
3439 2227 3500 2273 ut
3525 2220 3812 2273 minimum

468 2305 737 2374 octoginta
767 2306 881 2361 illic
903 2309 1138 2363 ordinari
1161 2325 1366 2364 necesse
1388 2318 1520 2364 erat.

535 2395 651 2451 Nec
678 2399 899 2454 dubium
927 2412 1002 2456 est
1029 2403 1154 2473 quin
1181 2404 1262 2457 hw
1289 2404 1417 2476 ipsa?
1437 2415 1608 2457 causa!
1638 2403 1850 2459 Petavio
1877 2403 1930 2457 in
1953 2403 2511 2469 menteminduxerint,
2534 2413 2590 2457 ut
2610 2405 2790 2458 eadem
2817 2401 3201 2462 Commentario
3224 2403 3440 2462 Hilario
3463 2408 3676 2478 quidem
3711 2425 3812 2463 ar;

458 2498 702 2558 rogaret,
736 2493 830 2544 sed
869 2492 962 2546 alii
988 2509 1018 2545 a
1051 2492 1666 2565 Luciferiano,quisquis
1690 2493 2003 2548 demumille
2033 2495 2210 2565 fuerit.
2237 2493 2451 2548 Etsane
2471 2492 2754 2567 (Ughellus
2784 2495 2909 2551 Ital.
2936 2505 3072 2555 sacr.
3104 2511 3227 2555 tom.
3253 2516 3290 2566 ι,
3324 2510 3462 2570 part.
3490 2517 3550 2567 ιι,
3583 2518 3708 2572 pag.
3744 2503 3810 2557 6)

456 2587 514 2632 ut
541 2577 808 2635 Hilarium
835 2582 932 2636 sub
967 2582 1195 2636 Damaso
1213 2599 1315 2636 non
1341 2581 1648 2636 haberemus
1677 2583 1990 2654 Papiensem
2019 2585 2341 2654 episcopum,
2371 2586 2649 2638 sanctitate
2672 2595 2716 2640 et
2744 2587 2854 2642 seio
2880 2589 2933 2642 in
2955 2591 3177 2646 Arianos
3195 2593 3417 2658 clarum,
3441 2596 3528 2648 eui
3550 2597 3687 2665 forte
3707 2595 3815 2647 illa

460 2683 678 2740 possunt
707 2675 927 2739 ascribi,
960 2684 1242 2742 supersunt
1264 2673 1440 2728 adhuc
1470 2676 1647 2729 multa:
1673 2677 1985 2745 scriptiones
2005 2717 2019 2740 ,
2043 2691 2259 2745 quorum
2283 2687 2524 2732 auctores
2554 2687 2756 2734 tantum
2795 2695 3176 2754 cognoscuntur
3202 2689 3412 2742 nomine
3443 2699 3614 2754 tenus,
3645 2705 3814 2760 quos-

456 2782 556 2836 que
585 2767 791 2836 penitus
835 2768 1228 2840 ignoraremus,
1277 2768 1376 2820 nisi
1409 2767 1616 2820 eosdem
1654 2769 1717 2822 ab
1767 2770 1873 2823 alio
1898 2771 2060 2824 semel
2100 2771 2357 2825 nominari
2395 2783 2518 2826 casu
2568 2776 2888 2846 contigisset.
2927 2778 3122 2835 Verum
3172 2783 3289 2839 licet
3317 2785 3598 2839 universirn
3626 2787 3818 2857 negari

454 2861 554 2916 ista
585 2871 872 2931 nequeant;
905 2870 1124 2928 possunt
1168 2869 1338 2914 tamen
1369 2861 1477 2914 illis
1512 2863 1704 2933 opponi
1735 2863 2080 2935 Augustinum
2109 2875 2288 2920 contra
2316 2864 2632 2938 Pelagianos
2672 2873 2920 2929 acerrime
2958 2877 3229 2950 originalis
3279 2879 3452 2950 culpa!
3503 2881 3813 2935 doctrinam

455 2956 828 3027 impugnantes
860 2969 967 3008 non
997 2970 1232 3021 “usurum
1270 2955 1435 3025 fuisse
1465 2956 1756 3011 testimonio
1787 2959 1901 3026 ejus
1930 2961 2182 3029 auctoris,
2234 2964 2323 3034 qui
2354 2965 2517 3020 sicubi
2544 2981 2656 3021 eam
2696 2965 2899 3022 videtur
2935 2985 3232 3042 agnoscere,
3288 2973 3582 3043 aliquando
3626 2984 3813 3031 tamen

458 3051 779 3105 contrariam
803 3063 918 3120 pra:
946 3063 1001 3102 se
1028 3051 1129 3120 fert
1160 3065 1179 3104 :
1209 3051 1400 3122 quique
1428 3062 1605 3122 aperte
1640 3051 1948 3125 Pelagianis
1979 3057 2153 3126 favere
2180 3073 2211 3110 a
2239 3059 2560 3129 gravissimis
2591 3069 2638 3116 et
2666 3062 3047 3132 probatissimis
3087 3066 3338 3138 theologis
3365 3069 3726 3139 existimatur,
3760 3081 3816 3126 et

455 3159 561 3197 uno
589 3143 775 3196 saltem
807 3143 924 3195 loco
957 3142 1229 3212 manifeste
1256 3143 1746 3216 .Semipelagianus
1779 3149 2156 3214 pronuntiatur
2187 3165 2218 3202 a
2268 3149 2568 3207 Iustiniano
2618 3172 2644 3207 e
2676 3155 2940 3212 Societate
2965 3157 3096 3214 Jestt
3126 3160 3236 3215 viro
3277 3163 3585 3219 doctissimo
3616 3162 3813 3235 (Com-

462 3243 626 3289 ment.
657 3235 714 3286 in
742 3231 916 3305 Epist.
953 3231 1066 3286 lad
1087 3232 1211 3288 Cor.
1243 3250 1362 3304 cap.
1393 3233 1533 3306 xlv).
1570 3233 1709 3301 Quid
1739 3237 1784 3290 si
1807 3239 1906 3291 huc
1937 3237 2284 3311 adjecerimus
2315 3250 2363 3295 et
2389 3242 2524 3296 alios
2557 3259 2778 3315 errares,
2806 3249 2895 3318 qui
2924 3249 3120 3319 passim
3150 3251 3336 3308 iisdem
3367 3255 3421 3308 in
3455 3231 3812 3311 Commenta-

453 3329 548 3385 riis
574 3328 1080 3398 deprehenduntur?
1107 3326 1256 3384 Certe
1280 3329 1492 3401 defendi
1527 3347 1630 3384 non
1661 3341 1826 3400 potest
1853 3348 2035 3387 eorum
2066 3345 2271 3402 auctor,
2304 3337 2429 3404 quin
2458 3351 2575 3391 cum
2609 3337 2833 3412 Origene
2863 3346 3083 3399 senserit
3114 3343 3224 3416 (Ea:
3251 3347 3389 3402 Estii
3416 3347 3718 3406 Comment.
3751 3354 3816 3407 in

456 3423 633 3492 Epist.
666 3422 735 3477 ad
762 3421 903 3493 Eph.
941 3438 1058 3492 cap.
1113 3421 1195 3494 In)
1229 3421 1281 3476 in
1313 3421 1581 3513 voluntate
1623 3422 1922 3513 daemonum
1967 3439 2077 3478 esse
2121 3425 2188 3479 ab
2215 3439 2404 3480 errore
2423 3427 2670 3485 .rcsilire.
2710 3429 3055 3502 Exploratum
3091 3451 3298 3507 quoque
3332 3438 3484 3494 ulcus
3516 3454 3628 3508 est,
3660 3443 3818 3513 quod

455 3517 644 3571 marito
658 3516 740 3586 fas
762 3530 927 3588 usque
957 3529 1068 3569 esse
1087 3515 1356 3569 contendit
1387 3511 1482 3584 (In
1510 3510 1682 3586 Epist.
1700 3511 1721 3568 l
1742 3517 1814 3568 ad
1837 3512 1962 3571 Cor.
1988 3516 2246 3587 cap.vn),
2276 3531 2438 3572 uxore
2462 3528 2677 3590 prapter
2705 3522 3028 3579 adulterium
3049 3527 3349 3598 repudiata,
3373 3531 3539 3585 aliam
3567 3510 3769 3590 dueere
3797 3551 3820 3589 :

458 3609 615 3664 uxori
653 3617 825 3662 autem
857 3607 922 3661 ab
953 3605 1196 3660 adultero
1218 3609 1445 3677 coniuge
1469 3615 1729 3674 separata:
1758 3619 1878 3660 cum
1906 3606 2012 3660 alio
2041 3606 2178 3661 inire
2206 3609 2513 3681 conjugium
2546 3609 2702 3666 licere
2733 3622 2904 3685 negat.
2927 3613 3038 3670 Sed
3065 3631 3159 3672 nec
3180 3618 3274 3672 illa
3301 3617 3462 3674 etiam
3501 3623 3637 3678 satis
3674 3640 3819 3680 sana

453 3709 603 3764 sunt,
633 3698 773 3769 quod
799 3702 997 3770 factam
1020 3695 1114 3768 (tn
1147 3693 1316 3766 Epist.
1345 3693 1454 3750 [ad
1482 3692 1606 3752 Cor.
1634 3709 1754 3765 cap.
1789 3711 1845 3750 χι
1875 3705 1925 3751 et
1953 3709 2061 3759 λιν,
2088 3695 2210 3751 etin
2234 3695 2406 3768 Epist.
2439 3699 2509 3753 ad
2534 3696 2711 3757 Colos.
2738 3719 2855 3776 cap.
2887 3702 2970 3776 tu)
2995 3706 3063 3760 ad
3085 3707 3365 3782 imaginem
3386 3708 3493 3768 Dei
3524 3719 3813 3773 mulierem

453 3805 598 3847 esse:
621 3789 895 3870 episcOpos
923 3786 1253 3858 superiorem
1272 3784 1590 3858 presbyteris
1621 3787 1842 3859 gradum
1876 3787 2108 3842 obtinere
2138 3785 2231 3859 (1η
2263 3787 2439 3862 Epist.
2471 3793 2540 3846 ad
2561 3791 2702 3865 Eph.
2735 3809 2852 3867 cap.
2887 3797 2999 3870 tv),
3033 3810 3126 3853 aut
3158 3802 3366 3859 diversa
3404 3805 3624 3866 institui
3656 3814 3812 3867 ordi-

455 3869 663 3941 natione
690 3887 983 3953 inﬁciatur;
1012 3891 1058 3937 et
1085 3882 1325 3952 qua’dam
1353 3883 1461 3935 alia
1490 3884 1754 3936 communi
1777 3883 2157 3936 catholicorum
2189 3887 2363 3937 sensui
2390 3887 2564 3940 minus
2594 3905 2826 3960 congrua
2847 3891 3067 3948 subinde
3084 3897 3262 3950 tradit.

533 3978 793 4034 Prwterea
815 3976 1023 4032 etiamsi
1051 3973 1218 4028 multa
1262 3975 1390 4040 sint,
1445 3988 1563 4042 qua:
1608 3974 1678 4028 ad
1704 3973 2078 4028 vindicandam
2111 3977 2233 4031 huic
2260 3973 2420 4058 Operi
2453 3980 2683 4034 eamdem
2720 3995 2834 4036 cum
2867 3983 3098 4042 Damasa
3130 3992 3495 4062 antiquitatem
3528 3999 3706 4068 fui-ere
3731 4002 3820 4054 vi-

457 4075 696 4139 deantur,
730 4071 784 4125 in
814 4086 873 4126 eo
895 4084 1096 4138 quoque
1118 4074 1409 4121 occurrunt
1435 4067 1564 4132 alia,
1596 4082 1662 4120 ex
1690 4065 1875 4136 quibus
1898 4068 1950 4120 in
1977 4078 2179 4123 wtatem
2199 4069 2366 4124 multo
2385 4071 2724 4139 posteriorem
2749 4077 2897 4147 rejici
2917 4081 3101 4150 possit.
3133 4077 3202 4138 Ut
3226 4087 3366 4139 enim
3383 4087 3471 4141 hic
3497 4065 3820 4149 omittamus

468 4167 672 4221 nullum
701 4163 1012 4218 Latinorum
1051 4161 1106 4215 in
1141 4156 1307 4212 Pauli
1334 4155 1605 4250 Epistolas
1647 4166 1997 4226 pra'terqnam
2041 4157 2293 4216 Victorini
2321 4159 2757 4220 Commentarium
2805 4173 3020 4239 agnosci
3057 4174 3122 4227 ab
3151 4171 3476 4250 Hieronymo
3511 4182 3564 4237 in
3597 4182 3820 4241 Aucto-

461 4257 614 4312 ribus
646 4252 1073 4316 Ecciesiasticis;
1102 4249 1315 4304 minimc
1335 4246 1578 4301 abhorret
1604 4265 1637 4302 a
1664 4248 1936 4302 verisimili
1964 4250 2192 4319 plurima
2217 4253 2273 4307 in
2305 4254 2456 4309 hosce
2479 4255 2636 4311 libros
2659 4273 2721 4312 ea:
2753 4259 3066 4331 Augustino,
3098 4246 3495 4341 Chrysostomo,
3529 4284 3584 4331 et
3613 4275 3820 4333 Hiero.

461 4364 618 4421 ngmo
644 4347 901 4401 translata
923 4360 1064 4411 esse;
1095 4343 1254 4396 immo
1285 4339 1463 4406 etiam,
1495 4341 1638 4409 quod
1670 4341 1941 4395 observata
1974 4357 2098 4398 sane
2126 4345 2345 4418 dignum
2378 4357 2472 4412 est,
2505 4365 2570 4404 ea:
2593 4349 2686 4405 illo
2710 4353 2825 4422 ipso
2853 4367 3280 4430 commentators,
3313 4339 3819 4431 cuius-lucubratio

462 4444 532 4498 ad
584 4440 781 4496 calcem
834 4454 1047 4511 aperum
1091 4433 1404 4504 Hieronymi
1434 4431 1597 4497 edita,
1636 4431 1847 4507 Pelagii
1869 4447 1978 4488 esse
2003 4452 2034 4488 a
2060 4437 2235 4492 multis
2262 4439 2583 4510 perhibetur.
2620 4437 2826 4498 Etenim
2860 4461 2976 4500 eum
3005 4451 3109 4504 sint
3135 4452 3235 4507 loci
3260 4469 3364 4510 non
3388 4461 3548 4528 pauci
3568 4465 3664 4529 qui
3690 4467 3824 4520 toti-

459 4536 572 4589 dem
601 4532 768 4587 verbis
792 4531 1030 4602 legantur
1054 4529 1106 4582 in
1129 4535 1351 4597 utroque
1374 4527 1753 4581 commentario
1772 4568 1787 4594 ,
1823 4535 1982 4597 atque
2004 4527 2136 4584 adeo
2157 4531 2384 4586 alterum
2414 4535 2478 4587 ab
2505 4533 2669 4590 altero
2699 4547 2875 4592 mutuo
2897 4543 3178 4612 sumpsisse
3205 4563 3307 4602 non
3337 4527 3407 4606 sit
3437 4527 3684 4614 dubium.
3711 4561 3820 4614 mi-

461 4643 558 4682 nus
590 4625 860 4698 probabile
879 4625 1240 4680 existimamus
1272 4616 1816 4693 Hieronymiastrum,
1846 4623 1932 4696 qui
1965 4633 2067 4677 tam
2099 4623 2264 4679 brevis
2285 4642 2344 4680 ac
2367 4629 2609 4682 concisus
2633 4639 2729 4696 est,
2754 4645 2818 4684 ex
2840 4632 3222 4694 Ambrosiastro
3248 4645 3493 4712 quaedam
3525 4601 3772 4718 petitiss;

459 4737 611 4792 quam
641 4739 666 4777 e
696 4736 958 4776 converso.
990 4718 1075 4774 Ad
1094 4719 1203 4774 haec
1232 4717 1447 4789 insuper
1479 4715 1650 4771 licebit
1682 4717 1976 4789 adiungere
2005 4719 2074 4772 ab
2095 4720 2192 4773 hoc
2222 4733 2436 4774 auctore
2481 4737 2582 4775 non
2611 4723 2808 4778 minore
2843 4727 3015 4782 studio
3060 4699 3274 4799 probari
3310 4699 3820 4803 Christum-Horn;

457 4833 582 4871 num
625 4816 902 4886 adoptione
949 4829 1048 4867 non
1100 4827 1210 4866 esse
1253 4808 1351 4863 Dei
1406 4804 1630 4874 Filium,
1692 4825 1851 4881 quam
1912 4811 1959 4863 si
1995 4819 2111 4878 post
2141 4827 2342 4866 errores
2373 4809 2571 4867 Felicis
2596 4823 2749 4882 atque
2778 4812 3032 4888 Elipandi
3057 4825 3486 4903 scripsissel(ln
3528 4831 3714 4908 Ερξδι,
3743 4843 3822 4896 σά

455 4909 722 4980 Philipp,
751 4923 870 4978 cap.
898 4906 979 4980 ιι).

520 5002 642 5058 Illis
666 5009 954 5071 teniporum
981 4995 1294 5064 differentiis
1319 4997 1364 5050 si
1391 4993 1660 5050 addideris
1691 4994 2002 5049 nonnullam
2041 4995 2098 5049 in
2131 4997 2462 5051 diversarum
2495 4998 2836 5067 epistularum
2874 5006 3291 5072 expositionibus
3321 5016 3576 5077 dictionis
3597 5041 3664 5081 ac
3694 5046 3822 5085 seu-

443 5104 618 5159 tentia:
642 5115 796 5170 super
824 5097 1002 5153 eadem
1026 5093 1242 5149 materia
1261 5093 1688 5163 discrepantiam,
1717 5106 1809 5144 nec
1831 5103 1934 5143 non
1957 5089 2257 5146 disserendi
2276 5093 2429 5145 modo
2454 5093 2737 5162 fusissime.
2758 5094 2910 5147 tnoda
2928 5107 3344 5162 contractissime
3361 5111 3787 5186 ianualitaum

440 5198 537 5250 erit
570 5192 793 5266 forsitan
823 5190 912 5260 qui
938 5183 1174 5261 ejusdem
1201 5199 1388 5238 manus
1425 5184 1600 5238 omnia
1628 5183 1743 5236 luet:
1771 5179 2162 5235 Commentario
2187 5197 2299 5235 esse
2345 5183 2651 5246 dissentiat,
2686 5194 2781 5237 aut
2830 5187 3013 5240 saltem
3055 5193 3124 5245 ad
3151 5199 3455 5270 φιεημριαηι

444 5288 835 5358 compilatorem
863 5281 1132 5353 referenda
1156 5287 1410 5343 autumet,
1438 5277 1526 5347 qui
1552 5277 1605 5330 in
1632 5273 1889 5328 metendis
1918 5273 2078 5327 variis
2102 5271 2386 5342 Operibus,
2417 5287 2634 5342 quorum
2683 5275 2847 5330 multa
2875 5278 3240 5341 int‘erciderint
3259 5330 3273 5353 ,
3309 5293 3520 5364 aliqua;
3551 5271 3826 5375 ξρητρογε,

443 5383 764 5454 singulorum
793 5391 939 5433 notas
962 5379 1035 5430 ita
1069 5374 1386 5439 retinuerit,
1421 5383 1477 5427 ut
1520 5373 1602 5427 sui
1644 5373 1846 5444 pariter
1875 5371 1972 5443 teri
1998 5370 2285 5424 nonnullas
2315 5371 2587 5439 adiecerit.
2632 5367 2819 5424 Verum
2860 5383 3134 5442 quantavis
3179 5385 3476 5458 difﬁcultas
3523 5399 3594 5452 sit
3625 5367 3682 5456 in
3725 5419 3821 5462 as-

433 5474 691 5546 signanda
735 5471 840 5526 sive
886 5467 1162 5533 Auctoris,
1195 5467 1297 5520 sive
1331 5464 1513 5540 Op‘eris
1566 5464 1902 5536 antiquitate,
1939 5479 2096 5517 manu
2137 5470 2357 5518 exarata
2390 5461 2689 5514 corumdem
2727 5463 3228 5529 Commentariorum
3260 5481 3562 5557 volumina,
3595 5461 3823 5554 sicut

435 5569 710 5638 scriptores
741 5563 972 5634 aquibus
1000 5563 1160 5618 citata
1184 5562 1472 5642 earpilatave
1499 5561 1858 5632 reperiuntur,
1899 5556 2118 5626 planum
2150 5554 2353 5622 faciunt
2390 5553 2585 5607 eisdem
2619 5560 2817 5624 tempus
2851 5563 3043 5617 sceculo
3076 5577 3257 5625 octaro
3291 5553 3558 5643 posterius
3590 5588 3827 5662 adjudi-

444 5657 563 5711 εανῖ
585 5657 881 5726 neutiquam
904 5674 1071 5729 posse.
1645 5725 1655 5731 .
1817 5721 1841 5735 Γ
2161 5717 2176 5727 η

460 5745 464 5750 ’
515 5751 636 5807 Non
661 5750 876 5805 deerunt
903 5756 1156 5824 fortasse,
1193 5751 1276 5819 qui
1315 5749 1617 5806 sententiam
1664 5757 1902 5802 nostram
1950 5743 2081 5798 scire
2110 5748 2298 5795 m-eant
2337 5739 2400 5791 de
2431 5739 2658 5793 .‘iuctore
2682 5739 3054 5807 Quaestionum
3102 5757 3226 5814 novi
3271 5771 3324 5816 ct
3365 5772 3581 5830 veteris
3606 5769 3820 5837 Testa-
