4082 6306
441 321 508 374 47
1516 300 1608 357 AD
1645 298 1876 357 OPERA
1919 299 1976 353 ὃ.
2021 294 2349 353 AMBROSII
2389 291 2760 351 APPENDIX.
3680 279 3755 338 48

438 436 507 490 ab
538 431 692 486 initio
719 441 889 499 genus
937 423 1213 478 hominum
1246 419 1470 491 physica
1510 416 1752 480 ratione;
1801 413 1854 468 hi
1886 411 2032 468 enim
2062 423 2111 484 Α
2141 410 2257 479 ipse
2321 409 2650 465 tentationes
2701 420 2893 478 passus
2945 413 3029 461 est
3083 411 3299 475 propter
3338 415 3528 471 spem,
3580 411 3751 469 quam

437 534 601 594 caput
621 528 747 577 sunt
771 515 1012 573 omnium
1041 513 1283 584 gentium
1309 552 1322 576 ,
1345 519 1406 565 ut
1427 510 1482 564 in
1509 509 1592 563 his
1614 508 1828 563 discant
1854 502 2034 559 cmteri

441 614 788 683 universique
815 609 1068 681 gentiles.
1117 605 1332 660 Primus
1363 601 1553 658 modus
1581 609 1661 655 est
1683 641 1698 664 ,
1721 615 1829 668 quo
1860 611 1920 652 se
1949 610 2038 649 os-

437 709 616 767 tendit
646 704 774 778 quid
803 704 912 768 sit,
943 711 999 758 et
1028 698 1156 771 quid
1204 697 1402 762 fuerit,
1433 704 1489 750 ct
1526 692 1680 763 cujus
1708 691 1812 756 sit,
1845 703 1956 760 quo
1983 696 2037 743 ct

436 803 676 858 lnereses
707 795 966 868 percutit.
999 791 1284 850 Secundus
1333 787 1526 844 modus
1559 795 1679 852 est,
1723 799 1832 854 quo
1860 781 2040 852 arguit

2139 510 2265 557 ante
2313 517 2499 558 amore
2544 501 2807 557 Judaismi
2847 509 3090 570 negarat.

2228 597 2458 653 Servum
2485 605 2670 652 autem
2720 593 2922 650 Christi
2962 591 3090 648 Jesu
3127 605 3187 647 se
3214 589 3478 662 profiteris
3499 628 3513 654 ,
3547 601 3580 640 a
3601 585 3754 657 Lege

2138 705 2198 746 se
2242 701 2467 746 exutum
2514 690 2777 746 ostendit.
2829 689 2896 743 Et
2951 686 3072 744 ideo
3099 696 3392 757 utrumque
3443 682 3662 755 posuit,
3697 679 3750 736 id

2137 792 2254 850 est,
2285 783 2414 841 Jesu
2461 781 2665 838 Christi
2708 801 2722 836 :
2763 791 2822 836 ut
2850 790 2905 837 et
2950 780 3047 836 Dei
3096 790 3149 836 et
3181 777 3420 834 hominis
3451 787 3754 848 personam

435 894 579 968 quod
610 901 820 948 naturae
853 889 1073 945 ratione
1105 900 1214 942 non
1241 899 1302 940 se
1326 881 1660 954 subjecerint
1685 879 1778 933 uni
1809 878 1951 943 Deo,
1982 885 2037 931 et
2136 877 2408 946 signaret:
2458 875 2581 944 quia
2633 875 2686 930 in
2741 881 2972 941 utroque
3021 880 3108 927 est
3159 869 3455 936 Dominus,
3501 868 3651 924 sicut
3696 872 3757 921 et

430 1004 552 1061 qua:
597 986 888 1044 inhonesta
925 991 982 1037 et
1023 979 1195 1051 turpia
1243 976 1455 1049 egerint
1497 974 1762 1038 invicem,
1793 968 2036 1040 deSpecti

433 1083 504 1137 ob
534 1082 638 1135 hoc
668 1095 699 1134 a
725 1079 875 1144 Deo;
900 1083 958 1131 ut
979 1073 1321 1146 gratulentur
1343 1068 1652 1126 credentes.
1678 1065 1897 1121 Tertius
1922 1079 2038 1119 mo-

433 1175 536 1229 dus
566 1181 683 1238 est,
708 1169 856 1242 quod
883 1169 1081 1238 Legem
1113 1173 1441 1236 spreverunt
1467 1161 1688 1228 datam;
1719 1157 1861 1214 unde
1887 1167 2038 1212 ante-

435 1269 589 1338 ponit
618 1265 824 1321 Grmcis
849 1261 1087 1317 Judteos.
1113 1259 1350 1327 Quartus
1375 1253 1574 1311 modus
1602 1261 1716 1321 est,
1743 1266 1851 1323 quo
1878 1248 2038 1306 docet

435 1363 660 1420 Judaeos
687 1358 1026 1416 exorbitasse
1059 1365 1084 1391 ³
1121 1370 1150 1409 a
1181 1354 1325 1422 Lege
1353 1362 1408 1407 et
1448 1347 1816 1420 promissione
1842 1345 1936 1401 Dei
1983 1345 2038 1400 in

434 1473 599 1515 causa
625 1455 825 1511 Christi
855 1496 868 1519 ,
903 1453 1188 1521 factosqne
1219 1449 1428 1504 similes
1455 1444 1786 1517 gentilibus;
1822 1451 1880 1498 ut
1907 1441 2041 1498 utri-

436 1567 542 1622 que
571 1549 850 1620 indigeant
880 1541 1256 1600 misericordia
1281 1540 1378 1596 Dei
1405 1582 1420 1606 ,
1457 1555 1562 1594 non
1599 1553 1693 1606 per
1720 1536 1920 1607 Legem
1955 1549 2041 1590 sa-

435 1647 609 1700 lutem
633 1637 938 1712 Sperando,
963 1635 1056 1692 sed
1087 1649 1182 1705 per
1211 1631 1374 1687 fidem
1407 1629 1609 1686 Christi
1641 1628 1791 1684 Jesu.

510 1737 647 1792 Hinc
672 1741 756 1790 est
803 1731 945 1787 unde
992 1729 1141 1784 omni
1175 1724 1440 1781 industria
1469 1723 1523 1779 id
1550 1723 1692 1792 agit,
1728 1728 1787 1776 ut
1823 1736 1853 1774 a
1899 1720 2044 1790 Lege

2139 967 2335 1024 Petrus
2381 967 2666 1038 apostolus
2716 974 2950 1022 testatur
2987 964 3210 1020 dicens:
3241 962 3344 1018 Hie
3389 971 3496 1029 est,
3530 959 3752 1030 inquit,

2140 1061 2370 1115 omnium
2417 1058 2690 1115 Dominus.
2724 1059 2860 1128 Quia
2891 1073 3020 1130 ergo
3061 1066 3115 1113 et
3163 1055 3425 1112 Dominus
3452 1096 3468 1121 ,
3515 1061 3575 1108 et
3605 1053 3757 1108 Deus

2140 1164 2246 1221 est,
2297 1154 2520 1211 dicente
2564 1153 2770 1209 David:
2824 1154 2962 1222 Quia
3012 1152 3268 1208 Dominus
3320 1151 3432 1221 ipse
3488 1159 3564 1203 est
3608 1147 3757 1203 Deus

2143 1246 2339 1320 (Psal.
2387 1263 2542 1313 xcrx,
2587 1246 2693 1317 5):
2739 1245 2882 1318 quod
2938 1246 3175 1302 haereses
3213 1253 3437 1316 negant.
3483 1241 3757 1298 Marcioni

2141 1342 2286 1396 enim
2335 1339 2556 1396 videtur
2598 1339 2728 1396 odio
2754 1339 2916 1411 Legis
2957 1337 3237 1394 Christum
3284 1345 3342 1394 et
3381 1351 3590 1406 corpus
3631 1333 3760 1405 ejus

2144 1448 2345 1504 negare
2370 1473 2387 1500 ,
2419 1432 2607 1489 Jesum
2644 1432 2928 1504 proﬁteri:
2972 1431 3173 1487 Judaeis
3213 1437 3393 1487 autem
3425 1438 3482 1485 et
3512 1427 3762 1483 Pbotino

2147 1539 2370 1600 propter
2407 1528 2586 1584 zelum
2627 1527 2787 1600 Legis
2807 1569 2823 1594 ,
2852 1526 3037 1584 Jesum
3071 1540 3275 1598 negare
3303 1523 3451 1595 quod
3482 1523 3633 1580 Deus
3662 1521 3758 1577 sit.

2144 1629 2172 1666 ιι
2202 1629 2336 1684 Nam
2359 1629 2809 1699 quotiescumque
2837 1635 2931 1681 aut
2956 1625 3143 1682 Jesum
3171 1622 3304 1679 dicit
3330 1631 3426 1678 aut
3445 1618 3758 1683 Christum;

2147 1720 2441 1793 aliquando
2499 1721 2712 1785 Deum,
2759 1718 3053 1790 aliquando
3103 1716 3380 1773 hominem
3438 1713 3760 1786 signiﬁcat,

437 1848 534 1888 eos
576 1830 766 1894 tollat;
796 1826 921 1898 quia
968 1823 1080 1880 Lex
1111 1831 1167 1878 et
1217 1819 1500 1892 propheta:
1545 1832 1716 1887 usque
1761 1815 1829 1870 ad
1880 1814 2043 1870 Joan—
2072 1815 2120 1875 B
2147 1815 2288 1872 sicut
2312 1815 2413 1870 hoc
2441 1815 2564 1870 loco
2592 1814 2736 1870 inter
2764 1823 3000 1870 caetera:
3031 1811 3098 1866 Et
3123 1828 3258 1867 unus
3280 1853 3295 1878 ,
3326 1809 3540 1881 inquit,
3576 1807 3764 1862 Domi-

438 1940 564 1981 netn
592 1921 759 1994 (Luc.
783 1935 893 1984 xvr,
920 1918 1024 1988 l6)
1048 1934 1060 1969 :
1084 1925 1138 1972 et
1169 1915 1222 1969 in
1253 1913 1369 1968 sola
1403 1912 1524 1966 illus
1549 1909 1655 1964 fide
1674 1906 1879 1964 Christi
1912 1922 2042 1962 con-

439 2019 661 2083 stituat,
689 2025 746 2071 et
769 2013 924 2084 quasi
965 2018 1154 2066 contra
1205 2007 1400 2078 Legem
1425 2048 1440 2072 ,
1466 2004 1495 2043 b
1530 2002 1883 2074 Evangelium
1927 2001 2043 2055 vin-

436 2111 619 2175 dicat,
657 2122 764 2164 non
795 2105 1089 2161 destructis
1129 2102 1332 2171 Legem
1359 2141 1373 2166 ,
1402 2099 1499 2155 sed
1543 2097 1842 2168 praeferens
1869 2095 2046 2151 chris-

438 2203 777 2259 tianismum.
812 2203 836 2232 ο
866 2197 1080 2254 Asserit
1109 2194 1257 2251 enim
1286 2195 1364 2249 sic
1384 2191 1662 2248 Christum
1690 2190 2041 2260 promissum,

437 2308 494 2352 ut
525 2296 824 2369 prmdicato
853 2307 919 2348 eo
945 2298 1188 2347 cessaret
1215 2287 1362 2342 Lex:
1395 2299 1508 2340 non
1537 2292 1682 2349 tota,
1708 2283 1831 2353 quia
1854 2282 2048 2339 abbre-

439 2389 610 2446 viatio
633 2389 773 2443 facta
801 2385 962 2455 Legis
982 2391 1086 2449 est,
1110 2396 1230 2452 quae
1253 2376 1584 2448 compendio
1610 2375 1767 2432 daret
1793 2375 2046 2438 salutem;

438 2484 614 2540 multa
642 2481 788 2537 enim
821 2478 931 2551 26
959 2475 1243 2532 veteribus
1291 2471 1488 2527 tradita
1534 2481 1662 2526 sunt
1701 2477 1924 2539 propter
1951 2469 2051 2524 du-

438 2579 620 2634 ritiam
652 2572 835 2630 cordis
885 2570 1106 2625 illorum
1130 2609 1144 2634 ,
1166 2575 1226 2622 ut
1257 2565 1414 2621 oneri
1444 2570 1629 2629 esset,
1671 2576 1795 2632 qua:
1839 2559 2052 2616 miseri-

441 2670 630 2727 cordia
659 2669 751 2722 Dei
783 2661 1131 2720 abbreviavit
1160 2676 1255 2732 per
1284 2657 1561 2716 Christum
1593 2655 1722 2710 data
1753 2653 2052 2724 praeterito-

444 2779 567 2819 rum
592 2759 941 2817 remissione.
975 2757 1222 2824 Ingratus
1246 2761 1330 2808 est
1355 2766 1486 2821 ergo
1509 2744 1906 2804 misericordiae
1936 2743 2051 2809 Dei,

449 2857 540 2928 qui
579 2855 702 2911 vult
738 2867 863 2909 esse
908 2849 1008 2905 sub
1034 2848 1212 2917 Lege;
1247 2861 1369 2902 nam
1413 2844 1635 2899 dixerat
1674 2839 1928 2911 Moyses:
1964 2837 2056 2894 Sic

447 2951 706 3004 timentes
735 2941 763 2982 ἀ
797 2941 1008 2999 facietis
1054 2940 1191 2994 filios
1234 2937 1403 2992 lsrael
1443 2935 1644 3006 (Leuit.
1679 2949 1748 2987 xv
1772 2973 1786 2997 ,
1820 2929 1964 3003 31);
2001 2941 2059 2986 ut

445 3058 784 3117 quacumque
829 3056 889 3095 se
914 3045 1232 3104 verterent,
1261 3035 1460 3104 Legem
1504 3029 1809 3090 haberent,
1844 3033 1902 3080 ut
1937 3023 2059 3080 sine

450 3134 820 3192 sollicitudine
847 3132 1071 3188 omnino
1101 3144 1211 3185 non
1235 3134 1441 3184 essent.
1471 3124 1641 3196 Igitur
1670 3130 1731 3175 ut
1755 3120 1808 3174 in
1840 3117 2059 3175 Christo

2147 1927 2246 1966 nus
2274 1908 2454 1978 Jesus,
2486 1926 2575 1978 per
2602 1924 2752 1980 quem
2779 1908 2952 1964 omnia
2981 1908 3036 1978 (ι
3062 1906 3182 1962 Cor.
3209 1922 3326 1974 vm,
3351 1905 3447 1977 6),
3480 1905 3629 1976 quod
3655 1905 3767 1961 uti—

2145 2018 2252 2074 que
2272 2001 2340 2057 ad
2372 2002 2466 2058 Dei
2496 2001 2694 2057 Filium
2723 2001 2992 2073 pertinet,
3022 2000 3171 2070 juxta
3203 1998 3349 2069 quod
3375 1998 3524 2054 Deus
3552 2007 3660 2055 est.
3693 1997 3770 2054 Et

2148 2096 2256 2151 alio
2289 2095 2446 2150 loco:
2479 2093 2632 2150 Iesus
2679 2103 2889 2162 autem,
2937 2093 3146 2163 inquit,
3182 2091 3487 2162 proﬁciebat
3532 2101 3689 2146 estate
3715 2101 3768 2146 et

2150 2188 2407 2255 sapientia
2436 2186 2603 2260 (Luc.
2637 2203 2694 2254 ιι,
2731 2187 2862 2259 52),
2894 2185 3037 2258 quod
3079 2184 3265 2256 utique
3297 2184 3509 2240 homini
3536 2199 3771 2256 compe-

2154 2284 2238 2336 tit.

2232 2372 2461 2430 Vocatus
2484 2374 2771 2444 apostolus.
2797 2373 3024 2444 Propter
3049 2371 3191 2444 quod
3221 2372 3393 2429 Deum
3424 2371 3686 2442 cognovit
3711 2379 3774 2428 et

2154 2467 2374 2534 fatetur,
2425 2468 2601 2523 factus
2632 2467 2862 2522 idoneus
2894 2465 2908 2504 ί
2943 2481 3136 2524 servus
3159 2508 3175 2534 ,
3217 2473 3532 2536 promotum
3574 2481 3638 2522 se
3675 2479 3775 2521 os-

2159 2560 2334 2616 tendit
2357 2559 2546 2616 dicens
2570 2577 2584 2614 :
2621 2559 2844 2615 Vocatus
2869 2560 3168 2632 apostolus,
3201 2559 3305 2615 hoc
3330 2568 3447 2625 est,
3473 2573 3504 2612 a
3533 2558 3775 2614 Domino

2158 2653 2358 2708 missus
2380 2651 2446 2707 ad
2478 2667 2568 2707 res
2587 2651 2709 2722 ejus
2735 2652 2996 2724 agendas.
3020 2652 3126 2708 Per
3145 2651 3289 2722 quod
3312 2651 3554 2708 ostendit
3579 2652 3594 2702 i
3625 2651 3778 2707 hunc

2161 2743 2414 2798 meritum
2447 2741 2654 2799 habere
2682 2742 2825 2814 apud
2867 2743 3034 2799 Deum
3058 2785 3073 2810 ,
3116 2741 3207 2812 qui
3238 2743 3408 2799 servit
3451 2757 3562 2798 non
3605 2742 3775 2813 Legi,

2160 2836 2257 2892 sed
2280 2835 2534 2902 Christo;
2573 2836 2832 2892 Dominus
2856 2845 2938 2892 est
2958 2836 3107 2893 enim
3138 2835 3306 2893 Filius
3332 2835 3576 2892 hominis
3604 2834 3776 2892 etiam

2161 2930 2373 2986 sabbati
2402 2929 2634 2999 (Matth.
2669 2947 2768 2998 xu,
2798 2930 2886 3002 8).

2237 3021 2551 3094 Segregtttus
2573 3023 2626 3076 in
2659 3023 3001 3097 Euangelium
3027 3023 3144 3079 Dei.
3173 3024 3532 3096 Evangelium
3564 3024 3666 3080 Dei
3691 3033 3786 3082 est

2165 3115 2369 3172 bonum
2401 3116 2651 3172 nuntium
2698 3117 2830 3185 Dei,
2863 3133 2970 3188 quo
3021 3127 3341 3188 peccatores
3371 3117 3439 3173 ad
3487 3117 3789 3189 indulgeu-

450 3233 570 3288 sine
591 3229 735 3300 Lege
763 3241 916 3298 spem
942 3224 1067 3280 vita:
1092 3222 1389 3292 salutisque
1431 3214 1742 3290 ponendam
1772 3210 1976 3277 tradat,
2005 3220 2060 3268 et
2085 3207 2131 3271 C
2167 3211 2297 3266 tiam
2345 3219 2717 3268 convocantur
2745 3230 2757 3268 :
2787 3213 3088 3282 Apostolus
3131 3220 3312 3269 autem
3336 3253 3352 3278 ,
3398 3211 3666 3283 quoniam
3722 3210 3786 3267 in

457 3323 747 3381 Dominum
775 3323 952 3393 ipsum
983 3334 1108 3376 esse
1136 3319 1380 3373 omnium
1419 3313 1614 3370 doceat
1641 3352 1656 3378 ,
1688 3309 1768 3366 sic
1799 3306 2021 3378 incipit:

978 3453 1206 3512 CAPUT
1247 3450 1536 3509 PRIMUM.

533 3602 724 3672 (Vers.
760 3598 836 3669 1.)
872 3595 1077 3651 Paulus
1118 3609 1295 3649 servus
1323 3590 1518 3646 Christi
1548 3587 1696 3642 Jesu.
1732 3582 1892 3654 Apud
1921 3591 2067 3638 vete-

459 3715 548 3754 res
601 3705 818 3750 nostros
861 3703 883 3730 °
927 3691 1141 3748 ratione
1193 3688 1414 3744 nomina
1461 3679 1959 3753 componebantur,
2011 3684 2071 3731 ut

459 3791 612 3845 Isaac
641 3795 864 3859 prepter
890 3785 1060 3840 risum
1083 3825 1097 3849 ,
1151 3791 1207 3837 et
1242 3779 1416 3836 Jacob
1454 3784 1682 3848 propter
1711 3772 2024 3827 calcaneum
2051 3785 2066 3834 ;

460 3884 531 3938 ita
561 3891 617 3937 et
647 3880 751 3935 iste
786 3888 1008 3949 propter
1038 3872 1471 3945 inquietudinem
1526 3866 1723 3923 Saulus
1753 3872 1838 3919 est
1864 3876 2072 3917 nuneu-

464 3982 663 4040 patus:
697 3978 982 4040 postquam
1023 3976 1205 4021 autem
1237 3960 1519 4026 credidit,
1557 3957 1573 3996 ί
1609 3972 1676 4011 ex
1719 3953 1886 4008 Saulo
1934 3953 2073 4007 Pau-

459 4067 572 4120 lum
602 4077 662 4118 se
690 4061 856 4125 dicit,
886 4060 990 4113 hoc
1016 4067 1128 4123 est,
1164 4057 1537 4110 immutatum.
1593 4049 1662 4102 Et
1716 4045 1842 4115 quia
1874 4044 2072 4100 Saulus

464 4157 768 4217 secundum
842 4151 1220 4222 supradictum
1288 4160 1548 4208 sensum,
1602 4137 1925 4210 inquietudo
1977 4155 2076 4194 seu

468 4251 700 4309 tcutatio
732 4249 1148 4317 interpretatur,
1181 4242 1269 4296 hic
1290 4255 1416 4295 cum
1453 4237 1521 4292 ad
1554 4233 1721 4290 [idem
1751 4229 1953 4287 Christi
1983 4247 2074 4288 ac-

465 4345 677 4409 cessit,
710 4341 936 4397 Paulum
960 4355 1020 4394 se
1049 4337 1213 4402 dicit,
1245 4334 1298 4390 id
1326 4341 1411 4389 est
1439 4374 1454 4398 ,
1487 4329 1650 4402 quasi
1687 4343 1756 4382 ex
1807 4334 2077 4383 tentatore

472 4442 676 4497 factum
706 4436 951 4505 quietum
977 4473 992 4498 ,
1026 4429 1406 4499 humilemque
1426 4467 1442 4492 ,
1476 4424 1563 4479 vel
1595 4419 1920 4493 parvulum;
1951 4421 2078 4491 quia

470 4551 573 4607 pax
619 4541 705 4587 cst
744 4527 881 4583 ﬁdes
923 4531 1132 4579 nostra.
1181 4517 1318 4576 Cum
1365 4518 1517 4589 prius
1563 4513 1712 4571 enim
1755 4513 2080 4572 tentationes

2167 3303 2448 3360 Judaismo
2467 3304 2653 3360 locum
2676 3304 2917 3360 doctoris
2943 3303 3206 3373 habebat,
3238 3313 3428 3375 utpote
3445 3305 3788 3376 pharisaeus,

2169 3398 2294 3455 ideo
2321 3415 2350 3453 a
2379 3398 2645 3454 Judaismi
2679 3398 3070 3468 praedicatione
3092 3407 3441 3471 segregatum
3471 3413 3536 3455 se
3561 3398 3701 3454 dicit
3728 3398 3791 3453 in

2171 3491 2526 3560 Evangelium
2559 3491 2693 3558 Dei;
2727 3500 2786 3546 ut
2833 3505 2863 3545 a
2896 3491 3036 3563 Lege
3066 3491 3450 3557 dissimulans,
3497 3489 3790 3545 Christum

2171 3585 2518 3657 pradicaret,
2539 3586 2630 3657 qui
2657 3585 2802 3657 quod
2830 3586 2942 3642 Lex
2974 3602 3083 3642 non
3112 3587 3321 3657 potuit,
3346 3588 3451 3659 27
3484 3585 3794 3642 credentes

2174 3679 2226 3735 in
2256 3694 2316 3734 se
2343 3679 2364 3714 κ
2388 3677 2738 3748 justiticaret.
2779 3678 2887 3734 Sed
2914 3694 3022 3733 non
3051 3687 3242 3734 contra
3272 3678 3511 3750 Legem,
3550 3678 3652 3735 sed
3689 3693 3797 3750 pro

2173 3772 2318 3843 Lege
2342 3782 2456 3828 est:
2487 3771 2605 3843 ipsa
2631 3772 2776 3828 enim
2803 3770 2910 3828 hoc
2933 3771 3067 3828 dicit
3093 3771 3361 3841 futurum,
3378 3772 3602 3829 dicente
3626 3772 3798 3828 Esaia

2174 3867 2438 3940 propheta
2465 3884 2476 3918 :
2521 3866 2693 3922 Veniet
2719 3883 2780 3922 ea:
2810 3867 2974 3934 Sion,
3008 3869 3097 3938 qui
3125 3867 3310 3939 eripiat
3339 3877 3390 3922 et
3429 3875 3630 3922 avertat
3663 3884 3801 3938 cap-

2175 3957 2426 4010 tiuitatem
2465 3954 2529 4008 ab
2570 3953 2768 4022 Jacob;
2817 3965 2865 4010 et
2898 3955 2996 4010 hoc
3042 3957 3152 4012 illis
3185 3974 3218 4012 a
3259 3973 3338 4012 me
3383 3966 3798 4026 testamentum,

2177 4064 2297 4102 cum
2325 4048 2585 4102 abstulero
2623 4057 2837 4118 peccata
2873 4065 3072 4104 eorum.

2252 4140 2420 4212 Igitur
2453 4141 2500 4195 si
2538 4141 2625 4197 lex
2650 4141 2746 4197 Dei
2791 4141 2920 4197 data
2949 4150 3035 4198 est
3063 4157 3160 4214 per
3193 4143 3420 4215 Moysen
3441 4184 3456 4209 ,
3488 4153 3545 4201 et
3572 4144 3806 4216 praedi—

2179 4233 2323 4289 catio
2350 4249 2505 4289 novae
2525 4232 2682 4306 Legis
2710 4233 2803 4290 Dei
2835 4244 2950 4304 est;
2974 4235 3102 4305 quid
3123 4244 3208 4291 est
3233 4235 3381 4306 quod
3421 4235 3645 4304 dill‘ert,
3669 4247 3736 4294 ut
3768 4254 3804 4293 a

2180 4327 2326 4399 Lege
2357 4342 2521 4398 quam
2550 4327 2692 4383 Deus
2719 4326 2900 4394 dedit,
2927 4329 3246 4385 translatum
3275 4345 3337 4386 se
3358 4329 3502 4388 dicat
3531 4331 3587 4386 in
3616 4330 3806 4387 Evan-

2181 4421 2382 4494 gelium
2419 4420 2548 4476 Dei?
2577 4420 2669 4477 Sic
2707 4431 2791 4476 est
2838 4419 2979 4486 hoc,
3026 4421 3301 4492 quomodo
3354 4423 3446 4494 qui
3477 4439 3508 4479 a
3547 4424 3810 4482 secundo

2180 4515 2355 4587 gradu
2383 4515 2593 4572 accedit
2611 4514 2679 4571 ad
2712 4514 2984 4585 primum,
3009 4523 3065 4572 et
3091 4531 3121 4570 a
3147 4515 3292 4572 bono
3319 4516 3389 4572 ad
3419 4517 3647 4575 melius.
3682 4518 3810 4576 Lex

473 4606 497 4677 ὲ
531 4644 600 4684 ex
624 4618 1004 4694 inquietudine
1033 4613 1300 4672 Judaismi
1333 4612 1428 4669 Dei
1462 4608 1644 4667 servis
1674 4606 1934 4675 inferret,
1960 4624 2055 4679 pos

2183 4609 2329 4667 enim
2374 4624 2404 4665 a
2435 4610 2547 4666 Deo
2593 4609 2719 4666 data
2761 4617 2844 4665 est
2891 4607 2958 4663 ad
2995 4609 3396 4666 correctionem
3442 4610 3805 4684 disciplinas;

471 4787 601 4842 utin
632 4783 712 4836 Itis
734 4781 934 4834 discant
965 4770 1159 4832 cazleri,
1189 4786 1408 4842 arguens
1446 4769 1510 4822 ab
1542 4765 1709 4842 initio_
1721 4779 1882 4834 genus
1909 4765 2073 4820 homi-

625 4833 812 4925 partini
839 4845 1053 4925 physica
1080 4833 1313 4924 ratione,
1343 4844 1655 4925 partiatper
1676 4833 1866 4925 Legem
1888 4850 1907 4888 ε
1939 4854 2070 4919 [ηξδθ

623 4907 1155 4980 ἦοϋὶεθιὶητΤειοὶυηῑ,
1186 4913 1287 4968 nisi
1311 4907 1455 4983 quod
1480 4907 1574 4966 alii
1599 4907 1860 4971 retiucnt,
1888 4911 2073 4977 partim

471 5018 560 5071 per
586 4997 795 5071 Legem,
829 4991 920 5046 alii
953 4986 1394 5071 praetermittunt.
1687 5049 1814 5071 Hm.

541 5050 686 5122 ὶιίΙιιῖ
726 5050 892 5120 Carn.
926 5050 983 5117 e't
1007 5059 1098 5113 alii
1126 5067 1360 5125 quatuor
1407 5068 1571 5125 mss.;
1613 5050 1978 5125 reliquivero
2022 5061 2075 5105 et

469 5121 687 5207 edit.,a
712 5136 846 5205 Lege
874 5142 922 5189 et
954 5121 1217 5207 prophetis
1243 5129 1303 5207 in
1317 5121 1713 5207 causai-Christi.

538 5194 742 5267 isi-C(ltt.
776 5194 922 5263 lirat.
953 5194 1008 5258 et
1037 5194 1240 5274 Genu,
1260 5198 1600 5274 Evangelium
1624 5194 1819 5274 pingat.

539 5297 564 5326 ε
605 5265 807 5340 Dmnes
834 5278 993 5342 edit.,
1026 5265 1332 5329 Ostendit...
1354 5265 1536 5326 ut'illo
1563 5265 1908 5322 adveniente:
1941 5279 2069 5321 mss.

467 5373 597 5414 vero
628 5356 806 5423 plures
827 5393 842 5418 ,
873 5359 934 5423 ut
962 5348 1018 5403 in
1046 5354 1217 5423 textu.

537 5411 768 5482 ElCorb.
799 5411 970 5478 codex
993 5461 1008 5487 ,
1043 5418 1247 5490 facietis
1277 5415 1376 5485 ﬁlii
1395 5411 1595 5490 ‘Israel.

453 5507 458 5512 “
542 5512 564 5537 ο
606 5477 763 5551 Doni.
795 5477 1245 5559 edit.,oc5:asione
1265 5477 1927 5559 nominaimpanebantur.

543 5570 562 5608 ί
599 5548 981 5629 Ετξιόειιιίθάὶιί,
1013 5579 1078 5616 ea:
1102 5560 1272 5615 Saulo
1303 5557 1532 5611 Paulum
1559 5548 1943 5629 nuncupatum,
1978 5548 2072 5602 hoc

465 5654 572 5706 est,
968 5617 1088 5688 alia:
1114 5631 1246 5687 edit.
1264 5646 1328 5684 ac
1351 5642 1496 5706 tt|s§_._
1518 5623 1810 5706 nobiscum
1830 5617 2069 5706 faciunt,

594 5691 735 5781 quod
767 5721 862 5776 pro
888 5708 1214 5781 immutatum
1233 5743 1248 5769 ,
1272 5701 1396 5758 cod.
1431 5693 1596 5752 Mich.
1630 5691 1797 5759 legit,
1826 5691 2072 5744 imminu-

460 5800 592 5850 tum;
614 5775 728 5836 non
770 5775 1134 5850 incommode.

533 5840 734 5913 s'Edit.
764 5849 893 5908 Gill.
926 5849 979 5904 in
999 5861 1172 5917 marg.
1202 5853 1259 5903 et
1289 5844 1448 5900 Rom.
1487 5840 1539 5895 in
1570 5841 1757 5899 textu,
1785 5843 1907 5884 cum
1936 5845 2066 5888 mss.

2179 4765 2542 4892 gpibusdam,
2574 4781 2639 4820 ea:
2667 4765 2996 4822 wmulatione
3023 4765 3210 4837 Legis;
3242 4767 3340 4822 hoc
3377 4779 3487 4836 est,
3530 4773 3807 4844 inquietu-

2221 4855 2324 4892 me.
2356 4857 2385 4891 (⁸
2413 4854 2458 4892 C.

2221 4841 2324 4900 ine,
2356 4846 2458 4892 (διε.

2251 4908 2276 4944 1'
2308 4909 2386 4963 Ita
2407 4909 2542 4964 edit.
2574 4907 2796 4980 Amerb.
2828 4918 2882 4964 et
2903 4906 3060 4966 Eras.
3092 4925 3218 4965 cum
3250 4927 3421 4980 mss.;
3451 4914 3584 4970 Gill.
3611 4924 3808 4974 autem

2183 4990 2238 5035 et
2264 4981 2424 5035 Rom.
2449 4980 2606 5042 cdit.,
2640 4977 2789 5052 Nam,
2809 4980 3226 5052 quotiescumque
3250 4977 3560 5051 Scriptura.
3592 4988 3709 5045 Sed
3747 4992 3810 5045 in

2181 5053 2488 5127 aliisrecte
2517 5051 2944 5127 subintelligitur
2975 5050 3204 5127 Paulus,
3236 5054 3324 5108 vel
3354 5050 3666 5127 Apostolus.

2261 5129 2272 5164 ί
2301 5123 2433 5178 Mss.
2465 5122 2713 5178 nonnulli
2737 5164 2752 5187 ,
2781 5139 2957 5176 seruus
2998 5126 3190 5192 primo,
3219 5133 3329 5179 tum
3355 5122 3414 5184 se
3443 5131 3704 5187 ostendit.

2260 5201 2273 5249 ι
2322 5193 2486 5249 Corb.
2521 5193 2720 5258 codex,
2753 5192 2850 5246 hoc
2878 5196 3117 5248 meritum
3146 5212 3200 5250 se
3221 5195 3438 5254 habere.

2254 5265 2279 5301 ιί
2298 5265 2472 5340 ilum.
2498 5265 2630 5321 edit.
2662 5279 2783 5340 cum
2809 5278 2941 5340 mss.
2971 5267 3252 5340 nonnullis
3273 5263 3542 5340 quidquid
3569 5288 3600 5328 a
3627 5275 3814 5332 verbo

2169 5337 2486 5418 jitstiﬁcaret
2509 5334 2786 5418 usque_ad
2818 5333 2994 5418 Igitur
3015 5338 3172 5418 silex
3193 5333 3690 5412 Dei—interﬁcitur,
3716 5347 3813 5418 ju-

2178 5405 2466 5479 gulaverat
2495 5449 2509 5474 ,
2561 5405 2707 5477 quod
2741 5421 2841 5460 nos
2880 5421 2911 5460 e
2943 5407 3190 5479 pluribus
3220 5423 3357 5465 mss.
3396 5405 3621 5470 et'ant.
3661 5405 3809 5474 edit.

2177 5478 2537 5533 restituimus.
2582 5480 2791 5531 ltursus
2837 5491 2971 5532 vero
3021 5478 3210 5534 eadem
3243 5481 3383 5537 edit.
3417 5484 3588 5541 Rom.
3625 5497 3814 5546 totum

2175 5549 2312 5604 illud
2342 5549 2485 5620 quod
2513 5549 2588 5620 ab
2609 5547 2814 5602 eisdem
2847 5550 3072 5604 vocibus
3103 5549 3279 5620 Igitur
3323 5555 3370 5607 si
3413 5557 3500 5611 lea:
3531 5556 3636 5613 Dei
3667 5562 3815 5617 inci-

2176 5622 2355 5690 piens.
2400 5619 2523 5674 aliis
2574 5618 3097 5690 istisﬂterminatur,
3126 5618 3174 5676 et
3217 5639 3371 5690 quem
3402 5629 3817 5689 misistiJesum

2177 5689 2463 5753 Christum,
2489 5706 2555 5745 ex
2588 5689 2755 5744 variis
2778 5689 3106 5748 lectionibus
3136 5693 3268 5748 Gill.
3303 5696 3358 5750 in
3387 5708 3601 5756 textum
3638 5706 3815 5760 resti.

2178 5763 2300 5843 luit,
2332 5760 2476 5843 quod
2529 5776 2628 5843 nos
2673 5761 2987 5843 earumdem
3043 5764 3340 5821 lectionum
3382 5783 3450 5826 ac
3476 5787 3587 5829 ms.
3630 5774 3814 5836 Corb.

2175 5840 2500 5890 auctoritate
2527 5840 2871 5890 retinuimus.
3053 5845 3055 5847 ’
