4082 6306
315 274 389 330 ts
1120 279 1626 340 COMMENTARIA
1664 283 1731 342 IN
1770 253 2165 348 EPISTULAM
2205 293 2296 348 so
2336 295 2687 357 ROMANOS.
3566 318 3637 372 so

322 387 696 493 Evangelium
724 402 904 452 autem
932 396 1020 450 Dei
1047 405 1158 462 est,
1186 412 1280 467 per
1307 398 1452 470 quod
1481 401 1800 472 mysterium
1837 403 1929 460 Dei
1959 406 2005 466 Λ
2037 405 2138 462 hoc
2180 417 2293 475 est,
2329 419 2517 467 natus:
2547 423 2606 469 ut
2634 421 2940 476 reverentia
2981 422 3031 477 ei
3073 437 3350 482 reservata
3377 471 3391 493 ,
3431 444 3499 486 ex
3533 430 3638 487 ιιοο

322 484 737 556 manifest-itur,
763 489 906 560 quod
931 489 1088 545 latuit
1113 505 1140 544 a
1167 492 1381 547 seculis
1412 492 1465 548 in
1500 493 1639 548 Deo:
1675 495 1819 566 quod
1843 506 1928 552 est

321 573 602 636 Christus.
631 580 715 635 Ad
746 582 887 653 quod
919 598 1106 638 omnes
1138 583 1346 640 invitati
1390 584 1728 657 apophoreta
1753 588 1931 660 dupli-

322 669 409 724 cia
438 684 886 743 consequuntur;
923 677 1200 730 remissam
1228 676 1371 731 enim
1414 687 1759 747 peccatorum
1787 680 1930 735 acci-

320 763 515 835 piunt,
560 778 616 821 et
665 765 764 820 lilii
811 766 907 821 Dei
956 767 1120 821 liunt:
1155 776 1214 822 ut
1246 769 1355 838 jam
1405 770 1542 824 mori
1577 786 1684 825 non
1719 771 1928 841 possint

320 857 565 912 secunda
584 867 780 913 morte.
810 859 946 914 lliuc
966 870 1051 916 est
1077 861 1220 930 quod
1250 862 1507 917 Dominus
1535 864 1587 918 in
1608 864 1921 934 Evangelio:

323 948 452 1006 llaec
485 961 596 1021 est,
627 953 823 1023 inquit,
853 955 954 1008 vita
993 965 1184 1010 teterna
1205 999 1218 1024 ,
1263 967 1320 1010 ut
1345 969 1654 1026 cognoscant
1684 969 1732 1013 te
1759 960 1924 1014 solum

318 1060 494 1100 verum
522 1045 724 1117 Deum,
758 1058 806 1103 et
827 1065 974 1120 quem
1014 1051 1203 1105 misisti
1230 1051 1409 1107 Jesum
1437 1051 1697 1108 Christum
1729 1053 1920 1125 (Joan.

319 1156 451 1206 xvtt,
484 1141 576 1212 5).

391 1233 578 1305 (Vers.
607 1233 692 1306 2.)
725 1235 880 1304 Quod
905 1247 1024 1292 ante
1064 1240 1390 1309 promiserat.
1429 1239 1495 1296 Ut
1523 1241 1720 1311 probet
1749 1251 1920 1297 ratam

319 1337 344 1365 ⁸
375 1337 434 1384 et
462 1328 728 1400 integram
758 1329 882 1386 ﬁdei
914 1345 1067 1402 spem
1105 1346 1226 1387 esse
1257 1331 1310 1386 iu
1342 1331 1595 1398 Christo,
1615 1333 1728 1405 jam
1773 1334 1924 1405 prius

317 1420 681 1491 Evangelium
727 1421 848 1492 ejus
889 1421 1022 1478 dicit
1050 1439 1077 1476 a
1126 1424 1236 1479 Deo
1277 1425 1638 1495 promissum:
1665 1435 1721 1480 et
1769 1436 1829 1482 ut
1856 1441 1922 1482 ex

315 1528 385 1569 eo
420 1513 680 1570 idoneum
724 1514 880 1570 illum
925 1529 1252 1587 sponsorem
1300 1517 1426 1570 vita:
1469 1515 1712 1582 doceret,
1747 1519 1924 1589 prius-

312 1624 477 1680 quam
509 1611 755 1677 veniret,
781 1609 1154 1665 testimonium
1183 1610 1231 1665 ei
1257 1609 1440 1664 datum
1474 1611 1732 1677 ostendit,
1771 1609 1919 1680 paria

316 1709 613 1756 attestante
636 1701 796 1756 l’etro
819 1702 1101 1772 apostolo:
1136 1700 1248 1756 Nec
1266 1703 1402 1756 enim
1429 1703 1580 1757 aliud
1608 1703 1788 1758 datum
1810 1713 1885 1757 est
1902 1743 1918 1767 ,

2035 501 2173 557 ultra
2207 502 2480 562 hominem
2512 523 2968 582 cognosceretur;
3001 518 3126 587 quia
3159 519 3228 574 ah
3273 522 3524 579 humanae
3557 525 3638 579 le—

2031 595 2114 665 gis
2163 596 2450 656 nativitate
2496 600 2754 671 distaret,
2791 607 2932 662 sicut
2977 610 3293 679 praedictum
3344 612 3520 670 fuerat
3563 617 3635 672 ab

2031 687 2189 744 Esaia
2219 690 2484 762 propheta
2512 711 2524 748 :
2555 693 2688 749 Ecce
2715 697 2857 768 uirgo
2884 699 2937 753 in
2979 712 3124 756 utero
3163 705 3419 778 concipiet
3446 707 3465 779 (
3483 705 3635 762 Esai.

2030 794 2125 844 vn,
2160 781 2223 836 ll
2245 781 2359 850 ),ut
2399 798 2522 838 cum
2557 800 2760 841 novum
2794 787 2998 844 factum
3049 793 3346 863 videretur,
3379 812 3443 853 ac
3474 798 3638 854 laude

2028 869 2250 942 dignum
2270 916 2284 940 ,
2319 876 2664 944 providentia
2693 880 2942 949 quaedam
2974 882 3066 937 Dei
3094 886 3235 941 circa
3261 887 3632 945 visitationem

2030 965 2249 1022 humani
2281 969 2500 1039 generis
2529 971 2704 1026 futura
2737 972 3172 1044 dignosceretur.

2101 1061 2292 1133 (Vers.
2326 1065 2411 1134 εἰ.)
2443 1064 2546 1132 Qui
2572 1068 2968 1135 prcedestinatus
3012 1079 3086 1125 est
3115 1069 3290 1128 Filius
3317 1072 3414 1128 Dei
3444 1076 3496 1129 in
3523 1077 3632 1130 vir-

2027 1164 2132 1209 tute
2151 1157 2433 1210 secundum
2456 1159 2698 1227 spiritum
2726 1163 3154 1231 sanctiﬁcationis
3179 1182 3244 1220 ea:
3261 1170 3634 1223 resurrectione

2028 1256 2356 1304 mortuorum
2407 1249 2537 1306 Jesu
2568 1253 2761 1308 Christi
2803 1254 3017 1311 Domini
3061 1261 3244 1315 nostri.
3294 1261 3487 1316 Filium
3537 1263 3634 1317 Dei

2026 1339 2249 1408 dicens,
2310 1343 2524 1399 Patrem
2580 1344 2912 1416 signiﬁcavit
2960 1349 3170 1415 Deum;
3224 1351 3410 1409 addito
3447 1361 3632 1408 autem

2025 1434 2217 1505 spiritu
2271 1436 3026 1505 sanctiﬁcationis,ostendit
3077 1443 3394 1514 mysteriqu
3445 1445 3635 1500 Trini-

2026 1530 2173 1585 tatis.
2200 1529 2299 1586 Hic
2329 1547 2462 1602 ergo
2491 1543 2514 1570 θ
2540 1534 2629 1604 qui
2661 1535 2998 1605 incarnatus,
3024 1539 3152 1610 quid
3184 1551 3361 1606 esset,
3395 1542 3629 1609 latebat;

2026 1631 2152 1679 tunc
2186 1625 2605 1694 praedestinatus
2635 1637 2720 1684 est
2748 1631 3044 1686 secundum
3096 1633 3349 1702 spiritum
3383 1638 3631 1690 sanctili-

2022 1717 2252 1774 cationis
2303 1720 2355 1774 in
2397 1720 2596 1777 virtute
2641 1723 2976 1779 manilestari
3008 1725 3177 1782 Filius
3227 1728 3355 1794 Dei,
3390 1745 3511 1784 cum
3543 1747 3631 1786 re-

319 1794 528 1864 iuquit,
563 1810 748 1848 nomen
797 1794 888 1848 sub
915 1793 1072 1860 cwlo,
1115 1795 1168 1848 in
1209 1810 1308 1864 quo
1349 1805 1583 1866 oporteat
1620 1812 1712 1849 nos
1751 1796 1917 1851 salvos

2032 1812 2199 1881 surgit
2224 1827 2254 1866 a
2286 1815 2544 1878 mortuis,
2579 1814 2722 1870 sicut
2748 1815 3008 1887 scriptum
3041 1829 3127 1874 est
3153 1821 3204 1874 in
3240 1821 3451 1890 psalmo
3479 1833 3633 1877 octo-

315 1887 436 1956 fieri
468 1886 620 1957 (Act.
652 1902 726 1954 tv,
763 1885 889 1956 12).

388 1979 496 2034 Per
525 1981 806 2051 prophetas
835 1996 980 2034 suos.
1017 1980 1083 2036 Ut
1109 1979 1450 2036 manifestius
1476 1983 1765 2036 salutarem
1799 1998 1917 2039 esse

310 2070 606 2128 adventum
638 2072 842 2128 Christi
885 2073 1255 2146 signiﬁcaret,
1287 2075 1450 2130 etiam
1492 2091 1756 2146 personas
1778 2119 1792 2143 ,
1822 2093 1918 2148 per

312 2182 454 2238 quas
508 2168 928 2240 promissionem
993 2169 1321 2240 signaverit,
1379 2171 1804 2226 demonstravit:
1861 2180 1919 2227 ut

314 2275 481 2331 quam
507 2275 635 2316 vera
667 2270 720 2316 et
750 2261 1033 2332 magnifica
1062 2263 1133 2318 sit
1175 2262 1465 2334 promissio
1491 2279 1557 2319 ex
1589 2263 1673 2319 his
1701 2263 1915 2321 videre-

320 2363 432 2409 tur.
475 2353 646 2410 Nemo
669 2357 814 2410 enim
874 2371 986 2411 rem
1029 2355 1188 2411 vilem
1241 2357 1450 2428 magnis
1484 2357 1915 2428 praecursoribus

318 2447 559 2504 nuntiat.

309 2596 312 2598 γ
389 2543 458 2598 1η
489 2542 780 2616 Scripturis
825 2547 1038 2600 sanctis.
1074 2545 1188 2600 lloc
1213 2546 1279 2601 ad
1313 2547 1589 2602 cumulum
1622 2562 1766 2602 verae
1794 2562 1915 2618 pro-

317 2635 626 2691 testationis
656 2635 882 2706 adjecit,
919 2645 976 2691 ut
998 2637 1262 2708 majorem
1291 2636 1539 2692 liduciam
1566 2638 1918 2694 credentibus

314 2729 558 2796 laceret,
589 2739 644 2784 et
671 2729 869 2801 Legem
900 2731 1344 2797 commendaret;
1375 2740 1577 2787 sanctae
1617 2733 1765 2787 enim
1793 2743 1921 2787 sunt

314 2824 640 2894 scriptum,
671 2840 790 2895 qua:
834 2832 891 2879 et
921 2823 1050 2879 vitia
1091 2823 1382 2879 damnant:
1413 2833 1471 2879 et
1517 2834 1916 2880 sacramentum

317 2917 436 2972 illic
467 2916 626 2972 unius
675 2918 808 2987 Dei,
832 2925 888 2973 et
908 2916 1302 2973 incarnationis
1329 2918 1644 2972 continetur
1675 2917 1790 2973 Filii
1824 2918 1916 2973 Dei

317 3026 423 3083 pro
452 3012 626 3068 salute
655 3012 913 3082 humana,
943 3013 1168 3069 testibus
1185 3012 1467 3083 signorum
1496 3011 1776 3083 prodigiis.

391 3107 590 3178 (νει-ε.
621 3107 702 3181 5.)
730 3106 810 3164 De
836 3109 948 3178 ﬁlio
977 3125 1092 3162 suo.
1123 3108 1350 3178 Dignum
1377 3107 1505 3172 luit,
1532 3118 1591 3163 ut
1623 3108 1747 3178 quia
1779 3107 1918 3162 Deus

2019 1906 2229 1974 gesimo
2251 1917 2476 1977 quarto:
2508 1905 2712 1963 Veritas
2725 1910 2788 1965 de
2817 1920 2957 1964 terra
2978 1921 3091 1966 orta
3113 1922 3185 1967 est
3210 1912 3384 1984 (Psal.
3402 1931 3629 1979 Lxxxtv,

2022 1999 2145 2070 12).
2173 1999 2362 2056 Omnis
2389 2002 2536 2056 enim
2575 2003 2899 2073 ambiguitas
2930 2014 2985 2060 et
3015 2005 3317 2062 difﬁdentia
3348 2022 3632 2065 resurrec-

2021 2093 2168 2148 tione
2189 2093 2305 2164 ejus
2335 2094 2543 2150 calcata
2567 2105 2650 2150 est
2669 2137 2684 2162 ,
2715 2106 2767 2152 et
2789 2111 3134 2167 compressa;
3160 2100 3430 2170 siquidem
3455 2101 3631 2158 adhuc

2018 2186 2069 2241 in
2121 2202 2282 2243 cruce
2327 2189 2599 2259 positum,
2633 2192 2884 2246 centurio
2931 2193 3120 2247 videns
3172 2194 3475 2264 ntagnalia,
3531 2195 3627 2250 Dei

2020 2276 2212 2331 Filium
2263 2280 2552 2334 coalitetur
2609 2281 2834 2350 (Matth.
2885 2299 3064 2351 xxvn,
3119 2284 3232 2356 54).
3265 2287 3374 2358 28
3411 2285 3542 2341 Nam
3574 2298 3632 2340 et

2018 2371 2268 2442 discipuli
2303 2374 2355 2428 in
2389 2385 2566 2430 morte
2599 2376 2714 2446 ejus
2760 2376 3172 2445 dubitaverunt,
3202 2379 3419 2435 dicente
3458 2378 3626 2435 Cleo-

2021 2464 2126 2534 pha
2153 2465 2205 2520 in
2239 2465 2532 2521 Emmaus:
2565 2466 2681 2522 Nos
2711 2469 3017 2539 putabamus
3061 2473 3184 2541 quia
3232 2473 3344 2540 ipse
3370 2483 3512 2540 erat,
3537 2476 3626 2543 qui

2019 2556 2297 2626 incipiebat
2325 2558 2548 2614 liberare
2577 2557 2748 2616 Israel
2779 2560 2930 2632 (Luc.
2960 2577 3116 2629 xxxv,
3146 2562 3269 2634 ‘21).
3294 2564 3360 2618 Et
3392 2564 3508 2634 ipse
3530 2565 3630 2621 Do-

2022 2649 2202 2705 minus
2249 2651 2355 2706 ait:
2389 2651 2517 2706 Cum
2568 2654 2915 2709 cxaltareritis
2956 2652 3158 2709 Filium
3201 2657 3461 2723 hominis,
3505 2669 3628 2712 tunc

2021 2744 2338 2814 cognoscetis
2367 2745 2490 2815 quia
2515 2747 2626 2816 ipse
2652 2762 2746 2818 ego
2772 2763 2884 2801 sum
2915 2745 3106 2819 (Joan.
3139 2765 3253 2815 vut,
3281 2749 3410 2820 28);
3443 2760 3496 2804 et
3525 2752 3629 2807 ite-

2023 2853 2142 2893 rum
2171 2856 2183 2890 :
2215 2837 2346 2892 Cum
2385 2839 2642 2894 excitatus
2669 2843 2816 2913 [uero
2849 2859 2879 2894 a
2914 2851 3083 2905 terra,
3115 2842 3290 2896 omnia
3319 2843 3518 2896 traham
3558 2845 3627 2898 ad

2023 2950 2105 2988 me
2136 2932 2320 3006 (Joan.
2351 2950 2448 3000 xu,
2481 2933 2586 3004 '52)
2611 2977 2624 3001 ,
2655 2935 2704 2990 id
2731 2946 2814 2991 est
2837 2976 2852 3000 ,
2885 2943 3013 2990 tunc
3054 2951 3356 3007 cognoscar
3382 2938 3625 2992 omnium

2022 3038 2143 3079 esse
2172 3025 2453 3079 Dominus.
2483 3025 2608 3082 ldeo
2629 3035 2808 3082 autem
2841 3043 2944 3083 non
2973 3027 3109 3083 dixit
3133 3044 3196 3083 ex
3225 3031 3626 3086 resurrectione

2025 3117 2154 3173 Jesu
2183 3116 2383 3173 Christi
2403 3162 2416 3186 ,
2447 3120 2542 3175 sed
2565 3136 2635 3174 ex
2669 3120 3076 3176 resurrectione
3106 3130 3476 3188 mortuorum;
3500 3124 3626 3193 quia

315 3198 519 3256 Filium
549 3216 706 3256 suum
737 3200 1015 3271 proprium
1046 3201 1249 3257 mundo
1271 3200 1658 3271 promittebat,
1684 3214 1780 3270 per
1805 3199 1917 3254 cla-

2032 3213 2354 3267 resurrectio
2373 3211 2573 3266 Christi
2593 3214 2903 3282 generalem
2935 3214 3114 3269 tribuit
3142 3215 3625 3270 resurrectionem.

317 3309 416 3352 ros
442 3296 594 3351 viros
625 3296 776 3352 illum
804 3297 1182 3368 promitteret;
1211 3305 1266 3350 ut
1293 3311 1356 3351 ex
1387 3295 1453 3350 iis
1481 3310 1639 3365 quam
1659 3295 1917 3365 potentis-

316 3388 491 3444 simus
514 3397 678 3458 esset,
700 3389 793 3460 qui
824 3388 1240 3460 przedicabatur,
1269 3398 1454 3459 posset
1484 3387 1632 3453 sciri,
1653 3399 1709 3442 ut
1734 3386 1918 3456 Scrip-

319 3482 462 3538 turis
488 3483 694 3539 sanctis
721 3481 1013 3537 adventum
1042 3481 1163 3552 ejus
1191 3481 1427 3536 futurum
1459 3480 1755 3544 insereret,
1781 3489 1835 3533 et
1862 3487 1919 3532 ut

316 3572 517 3630 falsum
550 3589 659 3630 non
708 3584 892 3644 posset
923 3572 1125 3639 videri,
1169 3572 1313 3644 quod
1352 3587 1381 3626 a
1422 3573 1622 3626 sanctis
1667 3570 1918 3642 pra-dica-

319 3676 435 3724 tum
474 3677 558 3724 est
585 3667 908 3738 Scripturis.

396 3761 501 3829 Qui
524 3761 696 3832 factus
716 3771 788 3816 est
814 3761 862 3814 ei
882 3777 949 3815 ea:
976 3761 1167 3815 semine
1187 3759 1354 3814 David
1375 3757 1658 3814 secundum
1688 3771 1914 3810 carnem.

321 3855 463 3912 Eum
496 3857 588 3927 qui
629 3865 746 3911 erat
780 3855 875 3911 Dei
908 3855 1079 3910 Filius
1119 3853 1414 3911 secundum
1461 3852 1726 3923 Spiritum
1757 3865 1916 3906 sanc-

321 3959 436 4006 tum
456 3993 469 4017 ,
496 3950 551 4006 id
572 3959 687 4019 est,
711 3950 1010 4006 secundum
1041 3949 1205 4006 Deum
1229 3948 1372 4021 (quia
1395 3949 1536 4004 Deus
1562 3947 1786 4019 Spiritus
1813 3955 1917 4012 est,

319 4053 377 4099 et
399 4047 520 4100 sine
546 4043 713 4099 dubio
732 4051 954 4099 sanctus
977 4045 1105 4112 est).
1138 4042 1338 4120 factum
1363 4041 1665 4111 dicitjuxta
1696 4054 1918 4095 carnem

320 4134 350 4175 ι’
383 4136 478 4192 Dei
507 4135 706 4192 Filium
737 4152 800 4192 ex
834 4135 1042 4191 semine
1084 4135 1282 4200 David,
1304 4134 1456 4205 juxta
1499 4133 1658 4188 illud:
1692 4131 1758 4185 Et
1794 4131 1920 4186 Ver-

321 4233 444 4287 bum
483 4249 605 4287 caro
637 4236 833 4303 factum
880 4240 954 4285 est
996 4229 1190 4302 (Joan.
1224 4247 1262 4296 ι,
1305 4230 1435 4298 li):
1467 4239 1524 4284 ιιι
1551 4230 1661 4300 jam
1691 4243 1828 4283 unus
1855 4228 1924 4282 sit

325 4323 420 4381 Dei
452 4332 508 4378 et
530 4322 764 4378 hominis
786 4324 953 4379 Filius
976 4324 1224 4380 Christus
1251 4321 1432 4384 Iesus.
1465 4333 1485 4361 ο
1513 4332 1571 4377 ut
1598 4323 1739 4378 sicut
1764 4335 1924 4378 verus

324 4417 471 4474 Deus
501 4427 619 4485 est,
666 4433 829 4474 verus
871 4427 1020 4475 esset
1063 4427 1117 4474 et
1146 4419 1344 4474 homo:
1376 4434 1537 4473 verus
1587 4427 1767 4472 autem
1815 4431 1922 4472 non

323 4516 462 4583 erit,
486 4517 588 4572 nisi
622 4516 692 4571 sit
718 4532 784 4571 ex
812 4531 975 4571 carne
1005 4526 1064 4572 et
1090 4515 1298 4581 anima;
1326 4523 1384 4568 ut
1403 4515 1475 4569 sit
1504 4513 1794 4584 perlectus.
1822 4511 1924 4580 Qui

2025 3303 2153 3360 Haec
2181 3305 2327 3360 enim
2361 3305 2532 3375 major
2561 3306 2775 3361 videtur
2806 3307 2977 3362 virtus
3025 3308 3077 3362 in
3105 3307 3326 3364 Chrism
3355 3319 3411 3364 et
3453 3307 3628 3364 victo-

2022 3397 2102 3452 ria
2128 3440 2141 3463 ,
2175 3406 2231 3452 ut
2259 3413 2320 3452 ea
2354 3407 2624 3468 potestate
2651 3409 2976 3470 operaretur
2999 3411 3246 3456 mortuus
3264 3444 3276 3463 ,
3302 3418 3405 3472 qua
3435 3417 3629 3472 opera-

2025 3500 2112 3543 tus
2151 3488 2323 3546 fuerat
2351 3499 2406 3545 et
2427 3492 2600 3546 vivus.
2625 3491 2743 3557 Quo
2772 3490 2916 3546 facto
2943 3493 3192 3562 apparuit
3221 3492 3463 3548 illusisse
3487 3508 3624 3548 mor-

2027 3593 2161 3645 tem,
2206 3590 2267 3637 ut
2311 3582 2608 3638 redimeret
2637 3598 2772 3646 nos;
2821 3584 2965 3638 unde
3026 3583 3318 3639 Dominum
3374 3591 3622 3639 nostrum

2023 3675 2167 3730 hunc
2193 3685 2372 3730 vocat.

2097 3766 2281 3837 (Vers.
2311 3767 2390 3836 5.)
2424 3766 2526 3822 Per
2545 3783 2692 3837 quem
2713 3769 3005 3838 accepimus
3026 3770 3248 3841 gratiam
3277 3778 3327 3821 et
3355 3770 3629 3836 apostola-

2026 3871 2134 3913 tum
2164 3861 2231 3914 ad
2258 3860 2593 3914 obedientium
2620 3860 2742 3930 ﬁdei
2763 3862 2816 3914 in
2844 3862 3084 3916 omnibus
3113 3861 3347 3934 gentibus
3392 3877 3488 3930 pro
3531 3878 3626 3914 no-

2029 3954 2166 4009 mine
2189 3957 2324 4027 ejus.
2358 3953 2487 4010 Post
2514 3955 2980 4011 resurremionem
3020 3956 3399 4012 manilestatus
3451 3955 3624 4011 Filius

2028 4047 2124 4103 Dei
2157 4047 2210 4102 in
2241 4048 2464 4112 virtute,
2489 4049 2718 4118 gratiam
2743 4049 2917 4116 dedit,
2943 4051 3250 4121 justihcans
3279 4063 3620 4122 peccatores,

2035 4139 2053 4178 τ
2079 4153 2134 4196 et
2190 4142 2470 4211 apostolos
2518 4143 2850 4211 nominavit,
2897 4159 3130 4220 quorum
3180 4161 3240 4201 se
3286 4145 3375 4200 hic
3415 4145 3622 4200 socium

2030 4235 2193 4300 dicit;
2239 4247 2296 4292 ut
2321 4237 2661 4306 apostolatus
2694 4253 2817 4293 cum
2842 4239 3011 4307 gratia
3039 4248 3186 4295 esset
3215 4239 3344 4295 doni
3373 4239 3489 4304 Dei,
3516 4253 3622 4293 non

2031 4332 2174 4388 sicut
2195 4331 2508 4388 Judaeorum
2539 4342 2664 4388 sunt
2693 4334 2951 4404 apostoli.
2983 4333 3028 4388 Α
3057 4334 3165 4389 Deo
3193 4349 3324 4404 ergo
3348 4334 3510 4389 Patre
3530 4349 3628 4403 per

2031 4424 2313 4482 Christum
2365 4427 2647 4483 dominum
2706 4428 2847 4483 hanc
2896 4439 3222 4498 acceperunt
3270 4435 3626 4498 potestatem,

2036 4528 2094 4573 ut
2125 4519 2247 4575 vice
2275 4519 2489 4575 Domini
2531 4520 2700 4590 signis
2731 4520 3038 4575 doctrinam
3074 4521 3408 4576 Dominicam
3437 4534 3630 4589 accep-

324 4615 473 4668 enim
503 4628 570 4668 ex
602 4621 810 4667 aeterno
833 4611 930 4667 Dei
960 4611 1130 4666 Filius
1167 4619 1312 4674 erat,
1347 4608 1696 4679 ignorabatur
1723 4624 1751 4662 a
1774 4623 1926 4664 crca-
1951 4593 2006 4652 D
2034 4611 2254 4666 labilem
2301 4612 2572 4676 facerent;
2620 4622 2678 4666 ut
2722 4613 2998 4680 virtutem,
3055 4629 3217 4683 quam
3265 4613 3316 4668 in
3341 4613 3630 4670 Salvatore

328 4715 483 4762 tura:
515 4706 644 4761 dum
673 4705 789 4760 vult
835 4713 1014 4759 autem
1067 4701 1395 4758 manilestari
1423 4716 1524 4772 pro
1562 4701 1797 4756 humana
1843 4715 1930 4754 sa-

329 4798 474 4865 lute,
506 4797 736 4852 visibilis
765 4795 952 4852 debuit
990 4803 1046 4849 et
1071 4808 1368 4862 corporeus
1397 4791 1548 4857 ﬁeri;
1591 4792 1716 4861 quia
1747 4801 1801 4848 et
1835 4805 1929 4846 co-

327 4890 522 4961 gnosci
550 4905 612 4946 se
642 4889 809 4944 voluit
841 4903 934 4956 per
961 4888 1240 4952 virtutem,
1268 4886 1616 4940 ethominem
1638 4901 1666 4938 a
1690 4884 1929 4954 peccatis

325 4984 553 5039 abluere
586 4983 642 5037 in
674 4997 840 5036 carne
864 5022 878 5045 ,
907 4988 1081 5034 morte
1111 4977 1347 5034 devicta.
1380 4977 1446 5032 Et
1477 4976 1602 5032 ideo
1629 4991 1695 5031 cx
1720 4976 1930 5031 semine

333 5078 503 5134 David
535 5076 624 5143 lit,
670 5086 729 5131 ut
758 5076 898 5132 sicut
922 5074 992 5131 de
1023 5075 1134 5131 Deo
1181 5070 1205 5110 ἀ
1237 5089 1332 5129 rex
1361 5082 1488 5128 ante
1535 5072 1735 5128 saecula
1775 5080 1932 5127 natus

332 5183 449 5237 est;
479 5172 552 5226 ita
581 5180 638 5226 et
664 5167 964 5225 secundum
991 5183 1210 5223 carnem
1251 5183 1314 5223 ex
1347 5181 1474 5237 rege
1513 5175 1692 5221 ortum
1724 5166 1930 5236 regium

333 5274 590 5338 caperet,
635 5264 807 5319 lactus
852 5277 1019 5331 opere
1069 5261 1303 5332 Spiritus
1352 5260 1525 5315 sancti
1571 5259 1642 5314 de
1674 5259 1934 5330 Virgine,

408 5421 434 5447 ει
465 5406 667 5464 Eadem
696 5406 856 5461 Rom.
899 5405 1196 5476 editusola,
1227 5415 1275 5459 et
1302 5405 1558 5476 integram
1587 5404 1738 5473 ﬁdem
1767 5419 1892 5458 esse.

411 5483 438 5520 δ
472 5480 606 5536 Mss.
639 5479 867 5547 aliquot,
895 5475 993 5530 Dei
1021 5475 1220 5530 Filium
1256 5493 1320 5531 ea:
1353 5475 1542 5547 Mariti.

413 5566 434 5592 ο
465 5551 536 5608 Ut
591 5545 744 5604 sicut
773 5565 1013 5602 νεῖαι...
1059 5563 1123 5601 ea:
1168 5564 1325 5602 carne
1349 5545 1398 5600 et
1424 5547 1626 5612 anima,
1659 5562 1724 5602 ex
1775 5546 1939 5600 variis

344 5631 470 5684 lect.
495 5622 629 5679 Gill.
658 5635 687 5674 a
719 5619 880 5674 Rom.
911 5619 1041 5673 edit.
1071 5620 1122 5673 in
1148 5629 1354 5674 textum
1383 5619 1621 5673 admissa
1643 5627 1806 5683 sunt,
1839 5617 1936 5670 sed

342 5699 541 5756 omissa
573 5693 686 5752 illa.
718 5699 776 5744 ut
796 5691 843 5744 si
872 5691 1150 5758 perfectus,
1176 5706 1295 5759 quae
1343 5706 1440 5744 nos
1470 5704 1535 5743 ex
1572 5689 1777 5745 eisdem
1805 5686 1932 5742 Gill.

344 5765 674 5827 lectionibus
702 5773 756 5818 et
786 5761 911 5816 cod.
944 5762 1107 5816 Corb.
1141 5771 1196 5817 et
1219 5761 1432 5829 Remig.
1458 5761 1812 5815 restituimus.

412 5849 440 5887 «ι
469 5839 547 5894 lta
573 5849 708 5892 mss.
737 5847 931 5901 magno
945 5846 1211 5888 consensu
1245 5851 1259 5888 :
1289 5832 1424 5887 edit.
1449 5839 1630 5886 autem
1665 5830 1798 5884 Deus
1823 5837 1939 5883 ante

2029 4704 2342 4761 zelarentur
2371 4703 2558 4775 perlidi
2590 4703 2789 4772 Juda-i,
2823 4707 2962 4760 hanc
3010 4707 3062 4760 in
3091 4706 3267 4762 servis
3296 4706 3415 4777 ejus
3444 4723 3474 4760 a
3519 4716 3631 4760 tur-

2033 4796 2116 4852 bis
2143 4797 2400 4852 admirari
2456 4796 2729 4864 videntes.
2780 4799 3167 4853 vehementius
3220 4806 3628 4869 torquerentur.

2031 4889 2216 4944 Testis
2241 4891 2385 4944 enim
2417 4889 2682 4946 doctrina:
2725 4890 2893 4945 virtus
2930 4900 3045 4955 est,
3078 4899 3133 4944 ut
3169 4890 3294 4960 quia
3323 4891 3466 4962 quod
3496 4905 3633 4960 prac-

2034 4980 2270 5046 dicatur,
2300 4980 2621 5036 incredibile
2671 4980 2877 5035 mundo
2904 4990 3030 5048 est,
3063 4982 3235 5049 gestis
3269 4982 3424 5037 lieret
3456 4978 3635 5036 credi-

2039 5072 2225 5128 dibile.
2253 5082 2278 5119 8
2307 5073 2502 5128 Missos
2541 5073 2706 5143 igitur
2744 5075 3023 5143 apostolos
3061 5081 3258 5139 vocat,
3287 5085 3344 5128 ut
3375 5071 3635 5141 pradica-

2042 5173 2163 5221 rent
2192 5164 2350 5219 ﬁdem
2375 5164 2631 5219 omnibus
2653 5164 2926 5236 gentibus,
2954 5174 3016 5217 ut
3039 5163 3351 5230 obedirent,
3375 5172 3430 5218 et
3461 5163 3638 5216 salva-

2041 5268 2269 5322 rentur;
2306 5266 2364 5311 ut
2387 5257 2591 5313 donum
2622 5257 2716 5314 Dei
2749 5272 2854 5313 non
2891 5257 3004 5326 jam
3034 5256 3168 5311 solis
3190 5255 3415 5321 Judaeis,
3449 5268 3639 5308 verum

2041 5403 2230 5457 saecula
2261 5413 2413 5458 natus
2434 5413 2530 5457 est.

2122 5484 2144 5511 ε’
2177 5475 2306 5529 Mss.
2345 5475 2588 5543 aliquot,
2624 5475 2711 5544 qui
2737 5474 3036 5525 incarnatus
3071 5467 3280 5536 quidem
3309 5479 3420 5534 est,
3450 5479 3494 5524 et
3523 5469 3650 5523 late-

2044 5545 2148 5654 bml.
2169 5616 2428 5671 Nonnulli
2455 5631 2611 5679 mss.,
2641 5627 2690 5670 et
2710 5610 2971 5684 apostotos
2996 5607 3341 5684 conﬁrmauit.

2120 5698 2144 5732 κ
2179 5687 2344 5741 Rom.
2372 5687 2531 5750 edit.,
2564 5681 2752 5739 Mittit'
2777 5682 2932 5750 igitur
2974 5682 3270 5744 apostolos.
3302 5693 3356 5736 ut
3400 5681 3654 5754 pradica-

2048 5769 2174 5813 rent.
