4082 6306
440 285 502 340 Μ
1493 279 1582 338 AD
1620 281 1848 338 DI’EBA
1891 283 1948 340 S.
1989 279 2318 341 AMBROSII
2365 279 2732 344 APPENDIX.
3669 286 3740 343 52

433 401 597 458 etiam
652 401 906 457 omnibus
950 400 1204 472 gentibus
1256 411 1576 454 concessum
1622 397 1899 454 videretur
1928 416 1941 451 :
1973 401 2026 454 et
2057 401 2106 462 Α
2133 398 2259 470 quia
2291 399 2467 454 adhuc
2496 400 2714 455 illorum
2749 416 2854 455 non
2883 411 2997 454 erat
3030 401 3224 472 p'ene;
3258 401 3382 473 quia
3412 418 3473 458 es
3507 403 3624 473 ipso
3655 415 3742 458 est

434 497 576 551 hanc
618 510 746 550 esse
785 494 882 549 Dei
937 495 1298 559 voluntatem,
1355 501 1408 546 ut
1438 492 1493 545 in
1529 489 1788 554 Christo.
1827 499 1880 544 et
1939 503 2035 560 per

435 587 715 644 Christum
767 587 1020 642 omnibus
1049 587 1398 648 misereatur,
1433 584 1654 639 vicariis
1701 583 1817 653 ejus
1841 583 2036 653 prredi‘

432 679 706 745 caulibus,
753 679 857 735 hoc
904 691 990 734 est
1019 699 1031 733 ;
1071 677 1177 733 Pro
1204 677 1412 732 nomine
1440 679 1595 748 ejus;
1625 675 1772 732 sicut
1800 675 1928 730 stibi
1955 675 2037 729 (ἥδ

429 775 506 830 cit
533 792 546 828 :
581 773 690 829 Pro
715 791 817 843 quo
844 775 1103 846 legatione
1128 773 1395 845 fungimur
1427 771 1495 845 (Il
1524 771 1644 826 Cor.
1674 787 1725 836 v,
1754 771 1869 843 20).

502 866 683 940 (Vers.
719 867 800 939 6.)
831 866 899 921 In
923 868 1107 937 quibus
1134 866 1259 922 estis
1287 877 1335 922 et
1354 882 1444 921 vos
1472 867 1638 920 vocati
1664 865 1792 922 Jestt
1819 865 2032 922 Christi.

431 963 547 1020 Hoc
579 971 685 1030 est,
735 963 1012 1034 legatione
1060 961 1218 1016 nobis
1269 960 1619 1030 ingentibus
1667 961 1724 1015 in
1782 961 2036 1016 omnibus

431 1055 686 1128 gentibus
741 1071 839 1124 pro
887 1055 1111 1110 nomine
1136 1053 1267 1110 issu
1293 1053 1536 1119 Christi,
1569 1053 1711 1108 inter
1735 1067 1876 1123 quos
1902 1053 2036 1109 estis

430 1162 488 1208 et
512 1166 611 1208 vos
639 1151 814 1206 vocati
839 1167 854 1214 ;
885 1151 1018 1221 quia
1033 1150 1239 1206 donum
1261 1149 1356 1205 Dei
1381 1148 1642 1204 omnibus
1666 1149 1894 1204 missum
1925 1156 2032 1213 est,

430 1253 490 1300 ut
517 1259 642 1298 cum
676 1242 903 1298 audiunt
931 1243 1154 1298 seinter
1192 1250 1421 1298 estteros
1454 1251 1708 1307 vocatos,
1739 1242 1939 1298 scirent
1975 1255 2036 1298 se

430 1337 536 1393 sub
579 1337 724 1407 Lege
756 1351 918 1406 agere
974 1345 1081 1391 non
1137 1336 1374 1402 debere,
1406 1336 1530 1406 quia
1559 1336 1680 1391 sine
1713 1335 1830 1407 iege
1860 1335 2034 1407 Moysi

431 1439 796 1500 susceperunt
826 1438 1040 1484 cmtera-
1070 1438 1264 1500 gentes
1292 1430 1464 1500 legem
1497 1429 1720 1485 Christi.

505 1520 686 1591 (Vera.
715 1521 794 1590 7.)
823 1520 1076 1576 Omnibus
1104 1522 1192 1590 qui
1239 1530 1358 1576 sunt
1382 1529 1407 1558 ⁸·
1435 1521 1648 1588 Homer,
1679 1523 1883 1579 dilectis
1912 1520 2034 1587 Dei,

432 1617 628 1672 vocatis
656 1619 870 1671 sanctis.
893 1617 1156 1684 Quamvis
1185 1617 1445 1673 Romanis
1472 1620 1696 1687 scribat,
1727 1619 1832 1676 illis
1855 1631 2034 1678 tamen

435 1711 680 1766 scribere
707 1726 766 1766 se
791 1711 1078 1782 significat,
1113 1713 1203 1782 qui
1233 1713 1286 1767 in
1331 1714 1597 1771 eharitate
1627 1715 1724 1771 Dei
1752 1725 1896 1771 sunt.
1931 1717 2034 1784 Qui

2137 494 2318 549 Omnis
2355 495 2655 565 paternitas
2699 491 2917 566 (Ephes.
2964 511 3054 562 ιιι,
3101 495 3224 567 i5).
3269 496 3376 552 Sed
3407 494 3527 568 quia
3561 497 3741 551 mitis

2137 585 2426 658 dispositio
2472 587 2664 643 salutis
2710 597 2911 642 nostra:
2963 603 2992 642 a
3042 588 3154 645 Deo
3193 589 3445 660 quidem,
3493 589 3590 645 sed
3641 601 3742 661 per

2135 677 2410 735 Christum
2452 687 2576 746 est,
2619 696 2724 736 non
2776 697 2874 752 per
2909 682 3128 752 Legem,
3171 698 3348 753 neque
3378 697 3474 752 per
3501 682 3740 753 aliquem

2139 775 2493 844 prophetam,
2527 775 2732 844 gratias
2765 775 2980 844 quidem
3013 789 3174 843 agere
3203 785 3262 829 se
3300 772 3428 828 dicit
3468 772 3612 838 Deo,
3644 773 3742 828 sed

2139 875 2238 936 per
2264 865 2559 930 Christum,
2590 867 2712 938 quia
2747 866 2884 922 fama
2912 866 3042 922 'tidei
3073 866 3293 921 illorqu
3319 873 3435 921 erat
3467 865 3743 936 profectus

2139 959 2470 1025 multorum;
2501 968 2557 1013 ut
2599 958 2704 1016 hoc
2735 959 2910 1031 ipsum
2941 959 3008 1014 ad
3047 958 3141 1015 Dei
3179 958 3572 1030 providentiam
3600 957 3746 1013 refe-

2137 1064 2223 1108 rat
2253 1067 2350 1124 per
2369 1052 2666 1108 Christum.
2702 1054 2809 1108 Aut
2836 1054 2983 1109 enim
3012 1051 3321 1123 gaudebant
3348 1049 3620 1118 rubenti,
3649 1050 3742 1121 qui

2141 1145 2487 1202 crediderant
2521 1164 2533 1198 :
2564 1147 2772 1213 caeteri,
2807 1147 2930 1216 quia
2964 1146 3223 1200 videbant
3258 1156 3278 1180 ο
3311 1144 3584 1214 principes
3613 1155 3746 1198 suos

2139 1238 2312 1294 factos
2338 1255 2352 1292 :
2384 1248 2477 1293 aut
2505 1247 2658 1294 certe
2680 1241 2774 1312 qui
2804 1253 2914 1295 non
2942 1239 3316 1305 crediderant,
3345 1245 3594 1308 poterant
3615 1251 3742 1293 cre-

2137 1333 2270 1390 dere
2322 1333 2516 1388 ltorum
2562 1335 2833 1406 exempla.
2883 1334 3068 1391 Facile
3118 1334 3263 1390 enim
3317 1331 3443 1389 facit
3492 1333 3742 1398 interior,

2137 1426 2280 1499 quod
2313 1426 2430 1483 ﬁeri
2465 1427 2662 1483 viderit
2689 1443 2718 1483 a
2753 1430 2953 1500 priore.

2211 1519 2396 1591 (Vera.
2429 1519 2512 1592 9.)
2553 1519 2717 1575 Testis
2757 1523 2891 1575 enim
2925 1521 3052 1576 mibi
3076 1531 3151 1576 est
3185 1521 3343 1587 Dens,
3376 1521 3461 1576 cui
3484 1522 3651 1576 servio
3690 1521 3747 1574 in

2137 1616 2329 1686 spiritu
2368 1631 2509 1682 meo,
2539 1617 2593 1670 in
2635 1615 2917 1688 Evangelia
2947 1615 3077 1673 Filii
3117 1622 3248 1692 ejus,
3275 1617 3414 1688 quod
3441 1617 3553 1672 sine
3585 1617 3753 1671 inter—

2139 1711 2384 1764 missione
2412 1712 2712 1765 memoriam
2750 1711 2902 1767 vrstri
2939 1713 3076 1784 facio
3104 1727 3304 1783 semper
3334 1713 3385 1766 in
3429 1705 3752 1767 orationibus

431 1814 558 1860 sunt
597 1805 674 1868 hi,
728 1805 829 1859 nisi
878 1805 967 1875 qui
1008 1804 1078 1860 de
1109 1805 1206 1860 Dei
1250 1805 1390 1860 Filio
1421 1816 1569 1864 recte
1611 1810 1895 1864 sentiunt?
1944 1809 2037 1866 isti

2149 1801 2289 1856 meis.
2330 1801 2399 1858 Ut
2433 1802 2660 1858 suadeat
2683 1803 3030 1870 charitatem,
3063 1804 3232 1860 Deum
3266 1814 3459 1860 testem
3489 1803 3617 1872 dat,
3661 1803 3753 1859 cui

433 1897 609 1950 sancti
660 1906 786 1951 sunt
817 1937 832 1962 ,
883 1904 939 1950 et
988 1900 1162 1952 vocati
1215 1897 1500 1965 dicuntur;
1550 1900 1651 1956 sub
1698 1901 1844 1973 Lege
1889 1904 2037 1957 enim

433 2001 662 2060 agentes
691 1989 833 2046 male
865 1990 1175 2062 intelligunt
1203 1989 1482 2047 Christum
1509 2009 1522 2046 :
1549 2002 1604 2049 et
1628 1994 1882 2065 lnjuriam
1929 1995 2040 2050 Deo

436 2083 585 2138 Patri
621 2084 845 2150 iaciunt,
874 2097 996 2138 eum
1020 2098 1088 2139 sn
1113 2086 1163 2139 in
1190 2084 1408 2140 Christo
1430 2085 1668 2155 perfecta
1695 2102 1820 2159 spes
1852 2087 2040 2145 salutis

433 2178 529 2242 sit,
555 2177 823 2233 dubitant.
860 2177 986 2233 Ideo
1014 2178 1187 2234 sancti
1231 2193 1338 2234 non
1368 2189 1518 2246 sunt,
1549 2193 1728 2251 neque
1755 2182 1930 2236 vocati
1955 2181 2038 2236 di-

438 2279 662 2324 Cllﬂlili'.

507 2363 693 2419 Gratia
717 2364 856 2418 vobis
879 2372 927 2419 et
952 2363 1070 2419 Pas:
1099 2382 1128 2418 a
1156 2362 1269 2419 Deo
1304 2363 1463 2419 Patre
1492 2372 1671 2420 nostra
1693 2408 1706 2433 ,
1738 2377 1783 2421 ct
1817 2365 2041 2422 Domino

431 2454 559 2510 Iesu
595 2456 817 2511 Christo.
853 2455 1093 2513 Gratiam
1141 2467 1196 2512 et
1227 2472 1414 2529 pacem
1446 2471 1569 2513 eum
1604 2459 1671 2514 iis
1709 2460 1843 2515 dicit
1884 2475 2040 2528 esse,

435 2549 526 2619 qui
566 2558 714 2606 recte
743 2550 1000 2607 credunt.
1030 2551 1215 2608 Gratia
1246 2560 1351 2619 est,
1383 2552 1511 2622 quia
1541 2569 1568 2606 ει
1612 2556 1853 2623 peccatis
1882 2555 2044 2612 abso-

435 2642 534 2695 luti
571 2652 697 2696 sunt
731 2657 744 2696 :
776 2657 878 2713 pax
933 2657 1101 2709 vero,
1153 2645 1278 2714 quia
1319 2657 1385 2699 es
1431 2645 1667 2701 inimicis
1707 2647 2042 2702 reconciliati

433 2745 562 2789 sunt
593 2737 849 2803 creatori,
882 2736 1021 2792 sicut
1051 2733 1184 2792 dicit
1228 2737 1490 2792 Dominus
1520 2754 1534 2793 :
1561 2737 1630 2791 In
1669 2753 2046 2810 quamcumque

436 2831 647 2884 domum
676 2829 998 2894 introieritis.
1028 2841 1076 2883 et
1099 2832 1382 2902 receperint
1417 2847 1524 2895 ros,
1554 2833 1746 2886 dicite:
1772 2829 1893 2887 Pna:
1925 2834 2046 2889 huic

441 2921 616 2975 domui
649 2920 897 2993 (an..x,
927 2921 1010 2993 5).
1045 2922 1113 2977 Et
1161 2933 1221 2977 ut
1276 2925 1399 2979 sine
1439 2923 1658 2980 Christo
1689 2925 1893 2980 nullam
1925 2941 2045 2983 esse

443 3030 629 3084 pacem
646 3023 701 3070 et
720 3029 873 3085 spem
894 3015 1145 3081 doceret,
1175 3017 1372 3086 adjecit
1399 3019 1626 3087 gratiam
1652 3028 1706 3074 et
1730 3035 1914 3089 pacem
1936 3037 2043 3077 non

441 3108 620 3163 solum
675 3122 703 3161 a
769 3107 879 3161 Deo
933 3107 1096 3164 Patre
1126 3122 1286 3177 esse,
1342 3109 1438 3164 sed
1479 3119 1589 3165 cta
1642 3109 1864 3166 Christo
1890 3114 2041 3170 Jesu.

2142 1894 2333 1958 servit,
2357 1894 2422 1949 ad
2451 1911 2610 1966 quem
2640 1907 2694 1951 et
2724 1912 2944 1966 precem
2975 1913 3073 1967 pro
3100 1899 3183 1954 his
3213 1898 3357 1964 facit,
3384 1913 3489 1952 non
3519 1897 3572 1952 in
3607 1896 3754 1968 Lege

2145 1985 2452 2055 serviendo,
2481 1987 2578 2042 sed
2605 1988 2658 2043 in
2693 1987 2992 2061 Evangelia
3022 1989 3146 2046 Filii
3173 1989 3310 2062 ejus,
3347 1989 3451 2046 hoc
3489 2001 3602 2056 est,
3638 2004 3751 2046 non

2144 2077 2200 2132 in
2240 2093 2308 2134 eo
2341 2078 2488 2150 quod
2524 2079 2734 2152 Moyses
2771 2095 2964 2138 servus
3005 2082 3253 2149 tradidit,
3286 2081 3380 2138 sed
3420 2081 3473 2136 in
3506 2098 3574 2138 eo
3605 2081 3754 2152 quod

2147 2171 2316 2228 Filius
2363 2173 2749 2230 dilectissimus
2796 2175 3019 2243 docuit;
3073 2185 3336 2248 quantum
3389 2175 3533 2232 enim
3584 2175 3757 2231 distat

2146 2279 2338 2322 servus
2363 2281 2393 2321 a
2421 2267 2662 2338 domino,
2695 2277 2903 2325 tantum
2935 2270 3098 2326 distat
3126 2269 3471 2342 evangelium
3498 2283 3527 2325 a
3560 2268 3704 2339 Lege
3738 2284 3755 2322 :

2145 2371 2256 2416 non
2283 2361 2426 2432 quod
2455 2361 2592 2416 maia
2625 2362 2696 2418 sit
2722 2362 2854 2428 Lex,
2882 2363 2976 2418 sed
3006 2363 3129 2434 quia
3168 2363 3361 2418 melius
3396 2369 3482 2419 est
3510 2361 3761 2433 Evange-

2146 2457 2301 2512 iium.
2338 2457 2448 2512 Deo
2479 2457 2658 2527 itaque
2691 2459 2859 2513 servit
2899 2461 2953 2514 in
2996 2458 3291 2530 Evangelia
3331 2457 3460 2512 Filii
3499 2455 3655 2529 ejus,
3699 2465 3760 2512 ut

2147 2548 2402 2606 ostendat
2435 2549 2527 2604 Dei
2561 2563 2684 2606 esse
2714 2550 3068 2617 voluntatem,
3102 2558 3162 2606 ut
3187 2549 3445 2606 credatur
3474 2548 3527 2604 in
3561 2547 3759 2605 Chris-

2148 2651 2282 2696 ιιιηι.

2223 2733 2322 2789 Cui
2364 2744 2412 2788 et
2457 2736 2639 2789 servio.
2682 2735 3008 2805 Quomodo?
3041 2735 3104 2790 In
3146 2738 3333 2808 spiritu
3369 2751 3508 2803 mea,
3542 2735 3762 2807 inquit,

2152 2844 2260 2883 non
2287 2830 2340 2884 in
2363 2829 2776 2886 circumcisione
2800 2833 3125 2898 manutat-ta,
3146 2845 3323 2902 neque
3339 2831 3396 2886 in
3427 2831 3762 2899 ncomeniis,

2151 2934 2205 2978 et
2237 2923 2484 2990 sabbato,
2521 2934 2569 2978 ct
2613 2925 2944 3003 discretione
2984 2937 3266 2988 escarum;
3299 2925 3394 2981 scd
3435 2926 3490 2981 in
3533 2927 3764 2998 spiritu,

2153 3019 2202 3072 id
2233 3026 2341 3084 est,
2371 3017 2421 3070 in
2455 3029 2658 3074 mente.
2692 3019 2824 3086 Quia
2859 3019 3002 3073 Deus
3033 3013 3258 3087 Spiritus
3282 3023 3400 3084 est,
3443 3019 3640 3090 spiritu
3678 3021 3767 3076 "el

2152 3110 2335 3165 animo
2369 3111 2549 3180 potius
2575 3110 2736 3166 debet
2768 3112 2842 3165 iiii
2875 3113 3104 3170 serviri:
3136 3113 3222 3168 cui
3253 3113 3398 3167 enim
3429 3112 3612 3167 animo
3644 3129 3771 3169 scr-

449 3201 618 3256 Deum
653 3200 872 3257 Patrem
905 3214 1152 3257 nostrum
1185 3203 1319 3258 dicit
1342 3214 1566 3275 propter
1589 3207 1878 3277 originem,
1912 3210 2036 3280 quia

2149 3201 2322 3263 vitur,
2350 3216 2414 3255 ex
2449 3201 2554 3255 fide
2585 3203 2662 3256 illi
2694 3203 2949 3256 servitur.
2984 3203 3108 3258 ila'c
3134 3212 3188 3259 et
3214 3204 3473 3259 Dominus
3505 3202 3652 3259 fatus
3682 3217 3773 3262 est

441 3296 511 3348 ab
553 3293 671 3364 ipso
729 3305 852 3348 sunt
913 3297 1093 3350 omnia
1129 3311 1142 3352 :
1174 3293 1450 3354 Christum
1497 3310 1679 3356 autem
1729 3301 2040 3372 Dominum,

439 3391 566 3460 quia
590 3389 706 3460 ejus
741 3391 1005 3462 sanguine
1029 3393 1318 3460 redempti,
1356 3393 1482 3449 l‘uctt
1515 3407 1706 3451 sumus
1737 3398 1830 3451 [iiii
1865 3400 1979 3455 Dei.

517 3483 698 3553 (Vcrs.
733 3477 814 3553 8.)
841 3483 1076 3539 Primum
1107 3487 1309 3556 quidem
1335 3492 1532 3559 gratias
1559 3505 1657 3562 ago
1691 3491 1797 3545 Deo
1819 3509 1929 3547 meo
1955 3512 2046 3564 per

438 3578 620 3633 Jesttnt
653 3577 914 3634 Christum
945 3593 1039 3645 pro
1078 3583 1311 3636 omnibus
1353 3583 1524 3650 tabis;
1556 3586 1677 3656 quia
1713 3586 1841 3656 ﬁdes
1882 3597 2044 3642 t'cstra

438 3675 774 3727 annuntiatur
797 3675 848 3726 in
874 3674 1104 3729 universa
1132 3677 1342 3730 munda.
1373 3675 1542 3732 Finita
1572 3677 1891 3748 praefatione
1919 3687 2044 3737 ante

439 3769 625 3822 omnia
653 3768 910 3840 gaudium
940 3775 1098 3823 suum
1129 3779 1252 3825 csse
1286 3775 1535 3837 testatur,
1562 3779 1749 3842 utpote
1797 3776 2042 3844 gentium

441 3861 734 3928 Apostolus
765 3901 780 3925 ,
813 3860 959 3931 quod
997 3871 1118 3915 cum
1145 3861 1378 3916 Romani
1413 3869 1701 3933 regnarent
1730 3863 1784 3917 in
1818 3865 2043 3932 mundo,

441 3952 778 4021 subjecerint
803 3967 863 4009 se
879 3952 1004 4008 ildei
1022 3941 1487 4024 christianae,qua:
1507 3953 1870 4025 prudentibus
1890 3955 1917 3993 ι’
1943 3969 2044 4013 sa:-

440 4043 550 4099 culi
606 4044 832 4100 humilis
886 4054 943 4100 et
1000 4043 1161 4100 stulta
1223 4046 1458 4101 videtur.
1514 4045 1650 4101 Cum
1699 4062 1829 4117 ergo
1876 4049 2044 4105 multa

443 4143 630 4191 essent
650 4145 714 4190 ex
739 4136 940 4205 quibus
968 4135 1231 4205 gauderet
1263 4136 1317 4190 in
1348 4135 1615 4190 Romanis
1637 4136 1685 4208 (ε
1715 4147 1874 4193 erant
1899 4141 2043 4196 enim

441 4227 690 4282 doctrina
722 4227 1109 4282 memorabiles
1146 4237 1202 4282 et
1225 4227 1352 4282 boni
1375 4225 1560 4298 operis
1589 4229 1806 4299 cupidi,
1839 4233 2048 4289 studio-

442 4324 599 4393 stque
631 4322 803 4394 magis
829 4319 1024 4392 agendi
1051 4321 1220 4389 bene,
1245 4332 1410 4393 quam
1442 4323 1738 4389 sermonis,
1762 4325 1907 4394 quod
1937 4338 2044 4384 non

444 4419 605 4486 longe
635 4424 721 4470 est
743 4429 772 4469 a
801 4414 1071 4484 religione
1097 4413 1346 4484 divina),
1381 4414 1434 4469 in
1467 4414 1568 4470 hoc
1601 4423 1781 4472 tmen
1809 4420 2042 4489 primum

440 4509 680 4579 gaudere
729 4520 791 4564 se
821 4508 977 4572 dicit,
1009 4509 1133 4578 quia
1189 4507 1323 4564 tldes
1368 4509 1585 4564 illorum
1619 4509 1673 4564 in
1713 4513 1862 4566 omni
1924 4515 2044 4573 loco

2151 3295 2218 3349 ad
2251 3295 2652 3361 Samaritidem,
2686 3307 2962 3365 putantem
2990 3297 3131 3365 quod
3160 3299 3211 3350 in
3237 3306 3425 3352 mante
3453 3297 3676 3352 adorari
3709 3313 3773 3354 se

2151 3391 2297 3445 Deus
2328 3389 2452 3444 velit
2485 3391 2670 3445 dicens
2703 3407 2715 3444 ε
2759 3390 2906 3445 Venit
2936 3391 3092 3459 hara,
3138 3402 3185 3447 et
3228 3409 3368 3446 nunc
3400 3402 3478 3448 est
3503 3437 3516 3457 ,
3549 3394 3774 3464 quando

2151 3485 2260 3540 veri
2286 3485 2587 3538 attaratares
2611 3484 2899 3539 adorabunt
2929 3485 3134 3540 Patrem
3159 3487 3212 3540 in
3242 3487 3429 3552 spiritu
3452 3495 3502 3541 et
3524 3489 3768 3543 veritate.

2153 3577 2358 3634 Etenim
2394 3578 2552 3633 Pater
2582 3581 2708 3635 tales
2737 3583 2919 3652 qua‘rit
2939 3625 2954 3646 ,
2985 3582 3074 3652 qui
3103 3583 3318 3636 adorent
3348 3598 3484 3636 eum.
3525 3580 3774 3654 Spiriqu

2149 3683 2225 3729 est
2261 3673 2398 3727 Deus
2427 3673 2604 3744 (Jaan.
2637 3689 2710 3740 tv,
2741 3676 2830 3740 ‘25,
2863 3672 2985 3746 24).
3021 3673 3325 3729 Adorantes
3357 3687 3513 3745 ergo,
3547 3674 3604 3729 in
3650 3677 3772 3745 spi-

2149 3767 2257 3822 ritu
2289 3771 2342 3821 et
2369 3767 2594 3822 veritate
2625 3775 2842 3836 Oportet
2869 3765 3128 3833 adorare;
3159 3775 3210 3821 ct
3243 3783 3349 3824 non
3379 3769 3534 3825 locus
3558 3772 3777 3825 oratio-

2151 3874 2277 3914 nem
2319 3861 2689 3924 commendet,
2731 3859 2826 3916 sed
2870 3862 3097 3917 devotus
3126 3863 3360 3919 animus.
3409 3863 3524 3920 Hoc
3565 3876 3676 3931 est,
3717 3867 3776 3922 in

2151 3953 2384 4007 veritate
2421 3951 2650 4008 adorare
2687 3953 2741 4008 in
2773 3955 2965 4024 spiritu
2996 3955 3162 4012 Deum
3195 3957 3446 4028 spiritum
3487 3969 3544 4016 et
3572 3959 3779 4016 Chris-

2153 4054 2289 4108 tum,
2319 4059 2486 4098 unum
2523 4059 2590 4100 ex
2633 4061 2740 4116 quo
2776 4048 2978 4114 omnia,
3019 4057 3072 4104 et
3103 4065 3266 4106 unum
3300 4067 3401 4122 per
3429 4069 3595 4125 quem
3644 4071 3777 4110 orn-

2151 4137 2241 4193 nia
2284 4135 2340 4209 (l
2378 4134 2499 4190 Car.
2536 4153 2662 4205 vm,
2697 4137 2776 4210 6).
2826 4139 2933 4195 Hos
2973 4142 3170 4212 quaerit
3207 4143 3534 4202 adoratorcs
3579 4146 3774 4204 Pater.

2151 4228 2450 4285 Memorem
2483 4244 2613 4301 ergo
2651 4245 2712 4286 se
2752 4232 2963 4288 illorum
2997 4233 3049 4288 in
3094 4235 3433 4293 orationibus
3461 4239 3576 4293 suis
3605 4239 3776 4311 tingi-

2151 4331 2260 4390 tat,
2297 4331 2355 4378 ut
2385 4325 2618 4380 seminet
2656 4323 2709 4380 iu
2754 4325 2861 4381 illis
2899 4325 3255 4394 charitatem;
3289 4327 3424 4386 facit
3460 4335 3614 4388 enim
3661 4335 3777 4391 illis

2148 4415 2481 4475 desiderium
2515 4419 2619 4473 sui.
2649 4417 2781 4486 Quis
2811 4417 2956 4474 enim
2985 4433 3092 4474 non
3125 4430 3270 4477 amet
3296 4437 3446 4492 eum,
3473 4440 3643 4496 quem
3677 4443 3779 4484 au-

2148 4511 2231 4568 dit
2259 4525 2554 4568 memorem
2585 4510 2666 4565 sui
2698 4512 2854 4567 esse?
2879 4512 2935 4568 Si
2973 4512 3117 4568 enim
3145 4515 3216 4568 ab
3246 4515 3312 4570 iis
3339 4517 3431 4587 qui
3466 4520 3624 4576 missi
3659 4535 3776 4580 non

344 4611 353 4621 '
442 4601 733 4667 currebat;
786 4599 1089 4670 dquamvis
1149 4616 1257 4655 non
1319 4602 1624 4657 secundum
1677 4605 1921 4676 regulam
1969 4609 2037 4667 ab
2068 4596 2346 4671 Der-ant,
2389 4601 2624 4658 libenter
2669 4611 2990 4673 acceperant
3030 4603 3334 4661 doctrinam
3385 4609 3492 4663 sub
3541 4614 3777 4671 nomine

439 4694 998 4752 auctorihustraditm
1020 4694 1290 4760 Veritatis,
1325 4702 1508 4750 tamen
1530 4695 1654 4766 quia
1683 4698 1828 4768 quod
1847 4701 1912 4758 ab
1933 4719 2044 4760 uno
2147 4695 2395 4765 Christi,
2443 4697 2760 4754 adulteratis
2805 4697 3022 4764 verbis;
3071 4709 3276 4770 quanto
3327 4705 3506 4774 magis
3555 4705 3627 4762 ab
3677 4723 3774 4778 eo,

445 4789 557 4843 Deo
587 4796 724 4852 erat,
765 4785 1088 4857 interposito
1115 4784 1316 4842 Clll'iSli
1349 4789 1570 4844 nomine
1595 4831 1609 4854 ,
1636 4799 1915 4861 coeperant
1945 4809 2039 4854 ve.
2145 4798 2308 4863 quem
2341 4789 2546 4844 scirent
2575 4803 2698 4844 esse
2733 4789 3037 4858 apostolum
3059 4833 3073 4858 ,
3105 4801 3159 4846 et
3197 4793 3354 4864 cujus
3388 4797 3559 4853 verba
3589 4803 3777 4859 comi-

443 4879 648 4945 net-ari,
680 4879 1019 4948 gratulatur,
1046 4879 1227 4936 sciens
1264 4878 1388 4935 illos
1425 4891 1590 4950 posse
1619 4884 1905 4952 prolicere.
1937 4887 2042 4946 Per
2145 4890 2356 4938 taretur
2382 4881 2570 4944 virtus,
2606 4877 2980 4936 desiderarent
3007 4882 3197 4939 audire
3230 4885 3242 4937 !

440 4971 584 5044 quod
623 4971 784 5026 etiam
833 4968 1154 5026 charitatem
1207 4985 1360 5027 suam
1393 4973 1537 5029 circa
1591 4974 1716 5029 illos
1760 4979 2039 5049 ostendit,
2221 4973 2405 5047 (Vers.
2434 4973 2545 5046 l0.)
2581 4973 2868 5030 Obsecrans
2894 4973 2937 5029 si
2958 4976 3213 5044 quomodo
3237 4980 3447 5036 tandem
3469 4964 3779 5054 aliquando

439 5063 658 5136 quando
685 5062 991 5132 congaudct
1023 5062 1171 5120 bono
1211 5072 1394 5135 σωριο
1424 5064 1638 5121 illorum
1667 5109 1680 5131 ,
1709 5077 1763 5122 et
1789 5061 2040 5130 hortatur
2151 5079 2459 5141 prosperum
2497 5068 2595 5121 iter
2623 5064 2836 5120 habeam
2877 5067 2931 5121 in
2965 5068 3226 5123 voluntate
3255 5069 3383 5139 Dei,
3424 5077 3671 5134 veniendi
3702 5084 3779 5137 αα

439 5157 504 5213 ad
532 5156 858 5229 proiectum.
2148 5179 2259 5220 vos.
2293 5158 2570 5217 Orationis
2598 5170 2710 5215 Sua:
2746 5173 2845 5230 pro
2880 5159 2985 5214 illis
3015 5175 3233 5217 sensum
3263 5169 3510 5223 ostendit
3536 5187 3552 5235 ;
3593 5173 3778 5232 Deum

507 5250 617 5324 29
651 5251 868 5308 Gratias
891 5257 1024 5321 ergo
1052 5259 1212 5322 agere
1237 5265 1296 5309 se
1321 5245 1452 5308 dicit
1478 5252 1590 5308 Deo
1617 5263 1716 5310 suo
1738 5254 2032 5329 dumtaxat,
2146 5258 2293 5318 enim
2326 5271 2386 5312 se
2413 5253 2545 5312 dicit
2583 5259 2791 5324 petere,
2829 5248 2849 5288 ί
2882 5259 2941 5306 ιιι
2966 5253 3176 5309 veniret
3200 5255 3266 5310 ad
3299 5255 3504 5316 Urbem
3537 5263 3606 5319 ad
3642 5277 3780 5336 pro-

511 5377 536 5404 “
560 5371 739 5425 Codex
770 5371 957 5436 .\licin.,
986 5368 1164 5424 Roma:
1194 5372 1246 5424 in
1276 5372 1528 5426 charitate
1553 5371 1674 5428 Dei.

506 5443 534 5482 ι
563 5443 719 5514 l_tom.
754 5443 887 5498 edit.
914 5443 1028 5496 sola
1047 5481 1062 5505 ,
1094 5443 1269 5514 muli
1294 5445 1454 5514 hujus
1478 5447 1638 5498 stulta
1666 5445 1884 5504 videtur.

509 5523 530 5548 ο
565 5511 1495 5589 Eadem_edit.,disciplinm_tttoraiis;
1515 5526 1622 5569 vel.
1641 5517 1836 5573 cdit.et
1849 5521 2030 5589 plures

433 5597 592 5653 mss._,
625 5582 909 5649 doctrinm;
938 5586 1184 5653 quidam.
1213 5586 1497 5652 disciptina
1517 5627 1530 5644 .
1557 5582 1930 5647 memorabiles.
1962 5599 2030 5653 At

425 5651 657 5732 otunino
689 5651 977 5732 legendum
994 5654 1298 5732 eumCarn.
1324 5651 1428 5732 ius.
1459 5657 1699 5732 doctrina
1723 5651 2027 5722 memorabi;

431 5724 530 5797 tes,
539 5723 648 5797 nisi
665 5724 787 5797 quis
789 5725 1087 5797 inalitcum
1101 5725 1222 5782 Vat.
1242 5729 1366 5784 cod.
1387 5727 1640 5783 doctrina:
1656 5737 2019 5797 memorabilis.

505 5791 530 5831 ά
561 5790 750 5850 Codex
789 5793 999 5871 Remig.
1034 5798 1133 5856 ista
1167 5801 1360 5860 inserit
1391 5819 1408 5858 :
1441 5800 1581 5864 Mira
1619 5803 1758 5860 enim
1777 5820 1860 5860 res
1883 5790 2023 5868 vide;

2144 5384 2320 5444 batur,
2373 5385 2429 5432 ut
2479 5373 2685 5430 Domini
2732 5372 2958 5442 gentium
2993 5373 3373 5432 inciinarentur
3417 5385 3782 5450 promissioni

2142 5453 2475 5509 Judwarum.

2218 5534 2242 5561 e
2287 5522 2360 5574 Ita
2402 5527 2512 5572 vet.
2559 5515 2703 5589 edit.
2735 5528 2798 5566 ac
2838 5529 2969 5589 mss.
3014 5517 3332 5586 complures
3386 5539 3400 5574 :
3453 5525 3595 5581 edit.
3634 5544 3782 5589 vero

2135 5595 2269 5655 Gill.
2305 5595 2357 5646 in
2386 5603 2558 5658 marg.
2587 5595 2641 5639 et
2674 5585 2828 5666 itam.
2858 5583 2910 5638 in
2939 5599 3090 5667 corp.
3121 5583 3247 5643 cum
3275 5591 3400 5646 aliis
3425 5603 3594 5664 mss.,
3619 5583 3782 5672 prin:

2135 5671 2276 5709 ρδηρι
2302 5676 2426 5709 suos
2452 5663 2638 5709 fratres
2663 5656 2756 5709 stbt
2782 5655 2943 5709 factas
2963 5672 3019 5709 tn
3052 5659 3220 5709 fide...
3253 5661 3442 5709 uiderit
3473 5683 3507 5709 η
3537 5675 3756 5709 "nun..-

2133 5671 2276 5738 cipes
2302 5676 2426 5716 suos
2450 5655 2638 5728 fratres
2663 5656 2756 5709 sibi
2782 5655 2943 5720 {actas
2963 5659 3019 5710 in
3051 5659 3220 5723 fide...
3253 5661 3442 5718 uiderit
3473 5683 3507 5720 a
3537 5655 3778 5738 pot'ioré,

2144 5807 2163 5814 Δ
2213 5735 2234 5776 ί
2281 5733 2431 5814 Εόίι.
2465 5728 2590 5785 Gill.
2622 5741 2684 5780 ac
2715 5726 2897 5791 item.
2945 5736 2999 5782 ut
3039 5727 3262 5788 Romam
3301 5735 3503 5792 veniret
3539 5741 3615 5794 ad
3647 5759 3782 5814 pro.

2129 5807 2348 5883 fectum,
2376 5810 2482 5860 etc.
