4082 6306
310 302 385 357 ss
1211 295 1716 356 COMMENTARIA
1748 297 1813 352 IN
1855 295 2245 356 EPtSTOLAM
2284 294 2377 356 an
2415 274 2803 362 nonanos.‘
3427 291 3432 294 '
3558 299 3628 356 st

307 419 522 476 fectum
568 417 800 474 illorum
846 429 963 470 cum
1006 411 1102 469 Dei
1140 410 1446 476 voluntate,
1473 410 1629 480 cujus
1674 409 1936 480 praedicat
1962 413 2012 486 Α
2037 426 2152 481 quia
2176 411 2392 466 invicem
2414 418 2518 475 est,
2543 410 2700 480 [idem
2725 419 2949 468 vestram
2972 420 3124 481 atque
3147 429 3331 470 ineant.
3354 413 3644 480 Consolari

311 510 551 568 donum.
589 507 754 564 Tunc
793 507 932 562 enim
980 503 1251 574 profectus
1285 501 1468 566 adest,
1501 501 1546 556 si
1585 501 1728 572 quod
1767 517 1928 573 agen-

315 600 452 658 dum
497 611 620 666 est,
669 615 796 655 cum
840 598 931 656 Dei
971 597 1248 654 voluntate
1288 605 1498 668 agatur.
1542 595 1675 658 Orat
1710 610 1842 668 ergo
1873 606 1932 653 ut

317 708 678 764 quacumque
715 709 779 748 ex
809 706 969 746 causa
991 690 1105 760 jam
1132 689 1350 746 daretur
1375 688 1612 753 occasio,
1641 705 1748 758 qua
1772 690 1928 748 veni-

321 797 406 844 ret
433 787 503 843 ad
534 786 777 852 Urbem;
809 785 934 856 quia
954 793 1250 856 occupatus
1276 781 1924 851 erataliiSprzcdicando:

320 880 402 938 sic
432 894 761 951 prosperum
794 879 896 934 iter
921 886 1202 945 reputans,
1231 874 1280 930 si
1307 875 1416 932 Deo
1446 873 1656 930 volente
1681 876 1926 943 veniret;

323 977 448 1048 quia
496 973 729 1046 provida
761 984 844 1030 est
879 971 970 1028 Dei
1005 971 1273 1027 voluntas.
1304 969 1631 1040 Prosperum
1669 984 1798 1040 ergo
1828 971 1930 1030 iter

321 1078 409 1128 est
439 1084 549 1124 non
582 1066 856 1123 incassum
884 1063 1125 1120 laborem
1156 1061 1365 1116 itineris
1390 1062 1595 1118 subire.
1629 1061 1753 1117 ΙΙὠο
1776 1069 1931 1130 rogat

325 1173 383 1218 ut
431 1163 576 1217 Deus
621 1159 873 1229 impleat,
913 1154 1164 1211 vocando
1209 1153 1333 1209 illos
1379 1153 1444 1208 ad
1485 1169 1639 1210 suam
1672 1154 1924 1224 gratiam.

322 1255 600 1313 Aviditate
623 1253 791 1310 animi
820 1251 1080 1321 loquitur;
1109 1247 1384 1304 desiderat
1403 1248 1548 1306 enim
1576 1248 1719 1315 illos,
1749 1250 1928 1305 sciens

321 1359 378 1405 et
424 1347 536 1402 illis
572 1355 629 1402 et
668 1344 772 1402 sibi
815 1342 1076 1415 prodesse
1097 1328 1126 1408 ,’
1145 1343 1286 1398 sicut
1310 1340 1440 1396 alibi
1469 1340 1640 1396 dicit:
1679 1339 1830 1406 Quod
1855 1351 1930 1398 est

320 1440 574 1512 gaudium
611 1446 844 1492 nostrum
883 1444 932 1489 et
975 1433 1207 1488 corona?
1237 1431 1426 1488 Nonne
1455 1447 1539 1488 vos
1571 1433 1624 1488 in
1653 1434 1929 1488 adventum

323 1534 539 1592 Domini
565 1531 621 1601 (l
654 1529 836 1588 Thess.
867 1543 934 1596 tt,
969 1525 1097 1598 19)?
1129 1525 1360 1584 Fructus
1391 1525 1537 1582 etiim
1567 1524 1818 1596 Apostoli
1847 1535 1930 1582 est

322 1629 569 1694 uberior,
615 1626 664 1684 si
710 1624 953 1681 lucretur
996 1621 1216 1678 multos.
1265 1619 1536 1676 Praeterea
1581 1620 1709 1691 quia
1754 1619 1929 1691 majus

320 1721 582 1796 gaudium
629 1727 751 1786 est,
800 1718 848 1773 si
895 1725 1146 1788 potentes
1199 1714 1383 1770 mundi
1431 1721 1818 1772 convertantur
1861 1714 1927 1778 ad

2033 518 2096 560 se
2124 502 2258 562 dicit
2299 517 2424 558 cum
2456 502 2568 558 illis
2589 545 2603 570 ,
2639 503 2685 558 si
2731 504 3146 574 apprehendant
3174 506 3477 575 spiritalia;
3514 509 3644 580 quia

2034 598 2280 668 quamvis
2307 597 2647 667 congaudeat
2672 595 2798 654 fidei
2829 597 3066 665 illorum,
3095 598 3279 658 doleat
3309 602 3638 671 tamenquia

2035 706 2143 748 non
2173 703 2376 754 rectam
2402 691 2749 762 accipiebant
2781 693 2961 754 fidem.
2988 692 3102 750 iloc
3132 693 3329 752 aifectu
3356 694 3456 750 fuit
3492 701 3637 765 Apo-

2036 788 2229 853 Stolns,
2265 799 2321 844 ut
2361 788 2538 848 aliena
2567 789 2698 844 vitia
2725 788 2888 859 quasi
2914 803 3010 844 sua
3036 787 3268 848 doleret.
3301 790 3379 854 Ac
3411 807 3504 860 per
3537 792 3639 868 hoc

2034 882 2402 945 consolemur,
2435 881 2632 951 inquit,
2665 897 2764 952 per
2790 897 2954 938 unam
2984 891 3149 956 atque
3173 883 3422 944 eamdem
3451 885 3636 950 fidem,

2036 984 2093 1030 ut
2120 984 2248 1032 tunc
2275 975 2580 1034 consolatio
2611 991 2718 1032 una
2750 977 2842 1045 sit,
2875 977 2920 1036 si
2952 975 3116 1034 unius
3139 976 3263 1034 ﬁdei
3291 976 3639 1036 efficerentur

2035 1069 2090 1124 in
2119 1066 2371 1133 Christo;
2413 1077 2473 1126 ut
2506 1068 2908 1128 administratio
2938 1070 3127 1139 gratia:
3159 1069 3446 1139 spiritalis,
3477 1087 3640 1128 evan-

2033 1163 2298 1234 gelisante
2327 1163 2614 1234 Apostolo,
2650 1165 2794 1219 hunc
2833 1172 3116 1233 praestaret
3143 1163 3418 1221 eiiectnm.

2108 1259 2424 1331 (Vers.15.)
2455 1259 2576 1315 Non
2597 1268 2771 1315 autem
2791 1260 3012 1314 arbitror
3035 1260 3274 1332 ignorare
3295 1276 3403 1325 nos,
3427 1265 3635 1333 fratrea,

2033 1353 2156 1423 quia
2175 1370 2311 1424 sape
2330 1355 2574 1425 proposui
2600 1354 2769 1408 venire
2792 1354 2862 1409 ad
2890 1370 2998 1416 vos,
3025 1363 3072 1409 et
3099 1355 3389 1424 prohibitus
3416 1372 3530 1410 sunt
3555 1375 3642 1412 us-

2035 1461 2133 1517 que
2158 1447 2348 1502 adhuc.
2381 1446 2724 1518 Propositum
2745 1456 2801 1502 et
2824 1457 3006 1502 votum
3028 1461 3184 1501 suum
3213 1447 3471 1513 ostendit,
3495 1451 3640 1518 quod

2035 1543 2252 1614 quidem
2285 1544 2431 1599 scire
2462 1544 2584 1598 illos
2624 1559 2734 1598 non
2770 1542 2996 1612 ambigit
3033 1557 3132 1613 per
3165 1557 3261 1598 eos
3292 1544 3520 1611 fratres,
3548 1545 3641 1614 qui

2035 1639 2104 1693 ab
2136 1636 2473 1694 Hierusalem
2507 1636 2589 1692 vel
2629 1635 2937 1691 confinibus
2973 1635 3288 1691 civitatibus
3327 1651 3490 1692 causa
3530 1650 3642 1692 sine

2034 1728 2318 1800 religionis
2347 1729 2415 1783 ad
2445 1727 2646 1784 Urbem
2672 1729 2982 1793 veniebant,
3008 1728 3150 1783 sicut
3171 1727 3388 1799 Aquilia
3418 1737 3473 1784 et
3495 1728 3643 1785 Pris.

323 1817 523 1882 Deum,
548 1813 676 1885 quia
705 1820 910 1883 quanto
943 1807 1146 1864 inimici
1176 1820 1369 1879 graves
1397 1816 1546 1874 sunt,
1580 1816 1728 1862 tanto
1757 1807 1928 1876 magis

2057 1823 2196 1888 :illa,
2225 1833 2412 1876 votum
2459 1821 2577 1892 ejus
2623 1823 2962 1880 insinuantes
3000 1822 3282 1878 Romanis.
3315 1822 3449 1878 Cum
3495 1824 3640 1878 enim

323 1908 668 1968 reconciliati
703 1905 1020 1964 necessarii.
1064 1902 1337 1958 Voluntati
1367 1901 1550 1972 itaque
1579 1900 1696 1970 ejus
1723 1900 1802 1958 sic
1840 1916 1932 1958 oc-

323 2007 474 2063 casio
517 2005 647 2060 data
686 2011 808 2069 est,
852 2010 910 2057 ut
945 2006 1166 2058 coactus
1205 1995 1504 2069 appellaret
1543 1993 1850 2061 Caesarem,
1879 2003 1934 2050 et

324 2097 657 2170 dirigeretnr
681 2112 748 2152 ex
776 2095 882 2160 alia
911 2107 1075 2152 causa
1099 2092 1168 2148 ad
1197 2091 1387 2148 urbem
1420 2090 1670 2155 Romam,
1705 2089 1814 2146 Deo
1843 2104 1934 2143 vo—

326 2191 506 2256 lente;
539 2196 601 2246 ut
629 2187 883 2258 impleret
910 2186 1250 2258 propositum
1282 2183 1578 2240 voluntatis
1606 2197 1738 2242 sum.
1775 2180 1937 2242 Deni-

329 2302 442 2358 que
491 2285 548 2342 in
596 2283 877 2354 naufragio
928 2281 1112 2351 posito
1157 2281 1327 2336 astitit
1372 2277 1638 2336 Dominus
1681 2277 1870 2334 dicens
1921 2296 1934 2334 :

338 2381 467 2438 Noli
495 2382 703 2442 lintere.
743 2377 913 2434 Paule
934 2419 948 2444 ,
980 2377 1116 2434 sicut
1146 2377 1283 2432 enim
1333 2373 1638 2441 testiﬁcatus
1668 2389 1719 2426 rs
1761 2371 1823 2427 ds
1859 2387 1939 2427 me

337 2474 741 2546 Hierosolymis,
765 2474 838 2528 ita
866 2481 913 2527 et
943 2471 1122 2526 Itonia:
1152 2468 1290 2542 (Act.
1320 2483 1466 2523 xxvii
1485 2510 1500 2532 ,
1531 2465 1647 2538 24).

409 2569 594 2639 (Vers.
628 2568 743 2638 il.)
785 2565 1032 2622 Desidero
1069 2563 1210 2619 enim
1256 2561 1429 2618 uidere
1468 2577 1586 2627 nos,
1625 2570 1678 2615 ut
1723 2560 1942 2631 gratiam

336 2661 666 2733 spiritualem
713 2659 854 2714 vobis
893 2657 1250 2713 administrent
1295 2658 1364 2712 ad
1409 2654 1791 2724 conﬁrmandos
1833 2670 1940 2710 vos.

339 2753 701 2811 Conlirmatio
743 2751 859 2809 haec
900 2762 1023 2815 tres.
1053 2765 1312 2822 personas
1354 2749 1611 2820 requirit,
1653 2749 1944 2805 annuentis

345 2850 479 2915 Dei,
539 2845 969 2904 administrantis
1021 2845 1310 2916 Apostoli,
1365 2845 1680 2914 accipientis
1736 2843 1941 2913 pepuli.

341 2941 497 2998 Nunc
531 2956 666 3011 ergo
703 2938 962 2996 desiderii
1002 2939 1086 2994 sui
1125 2938 1456 2992 voluntatem
1493 2934 1766 3001 ostendit,
1811 2951 1946 3004 quo-

344 3051 468 3092 nam
498 3043 649 3091 esset
675 3041 801 3089 voto
829 3032 975 3088 circa
1004 3031 1160 3096 illos;
1193 3044 1316 3085 cum
1349 3029 1494 3084 enim
1523 3027 1652 3082 dicit
1683 3044 1696 3080 :
1732 3023 1800 3080 Ut
1829 3041 1947 3097 gra-

343 3133 469 3186 tiam
512 3100 840 3200 ερὶττιααιειη
881 3125 1022 3181 vobis
1069 3124 1463 3187 administrent,
1508 3119 1782 3177 carnalem
1828 3119 1948 3174 illos

2036 1930 2180 1986 saepe
2215 1917 2382 1971 vellet
2410 1915 2626 1982 venire,
2657 1924 2714 1970 et
2752 1915 3160 1986 prohiberetur,
3200 1915 3280 1970 sic
3325 1913 3526 1970 factum
3559 1927 3645 1971 est

2036 2020 2094 2064 ut
2124 2009 2391 2065 scriberet
2415 2009 2702 2078 epistolam
2729 2025 2743 2074 ;
2774 2023 2840 2063 ne
2869 2008 2962 2064 diu
2991 2009 3045 2066 in
3075 2009 3216 2063 mala
3250 2009 3645 2078 exercitatione

2037 2102 2277 2168 detenti,
2309 2117 2417 2156 non
2448 2102 2605 2157 facile
2632 2101 3058 2172 corrigerentur.
3091 2099 3160 2155 Et
3193 2099 3390 2156 fratres
3426 2115 3523 2156 eos
3551 2115 3646 2156 vo-

2037 2207 2145 2262 cat,
2177 2210 2286 2252 non
2317 2196 2493 2252 solum
2521 2197 2647 2266 quia
2681 2195 2854 2251 renati
2884 2203 3081 2262 erant;
3116 2194 3214 2250 sed
3247 2204 3306 2250 et
3333 2194 3457 2264 quia
3489 2203 3649 2250 erant

2040 2290 2181 2345 inter
2225 2305 2343 2355 eos,
2395 2288 2526 2345 licet
2576 2289 2769 2358 pauci,
2817 2287 2907 2358 qui
2957 2295 3106 2343 recte
3153 2287 3444 2343 sentirent.
3492 2286 3650 2343 Unde

2041 2383 2178 2438 dixit
2206 2401 2220 2438 :
2258 2381 2464 2437 Vocatis
2493 2383 2684 2437 sanctis
2712 2380 2904 2452 (Rom.
2937 2397 2982 2444 t,
3017 2379 3096 2449 7).
3128 2379 3269 2445 Quid
3303 2389 3486 2435 tamen
3527 2390 3642 2446 est,

2051 2475 2261 2530 Vocatis
2290 2476 2519 2532 sanctis?
2552 2475 2608 2530 Si
2635 2475 2782 2530 enim
2810 2475 2919 2544 jam
2959 2473 3136 2528 sancti
3181 2481 3340 2538 sunt,
3373 2472 3650 2542 quomodo

2045 2580 2331 2635 vocantur,
2361 2580 2420 2626 ut
2450 2569 2888 2625 sanctificentur?
2913 2567 3017 2624 Sed
3046 2567 3149 2622 hoc
3180 2567 3245 2622 ad
3279 2566 3378 2622 Dei
3411 2568 3650 2636 pertinet

2045 2663 2467 2734 praescientiam,
2512 2664 2636 2733 quia
2666 2677 2805 2733 quos
2848 2663 2951 2717 scit
2989 2660 3133 2718 Dens
3164 2660 3376 2717 futuros
3407 2669 3648 2728 sanctus,

2041 2756 2151 2825 jam
2185 2755 2338 2826 apud
2359 2756 2508 2811 illutn
2541 2756 2712 2810 sancti
2741 2763 2897 2820 sunt,
2929 2762 2984 2808 et
3012 2753 3188 2807 vocati
3221 2762 3564 2822 permanent.

2119 2849 2458 2905 Prohibitnm
2489 2858 2668 2903 tamen
2709 2862 2770 2902 se
2797 2847 2932 2902 dicit
2967 2861 3137 2917 usque
3167 2845 3235 2899 ad
3271 2855 3487 2916 tempus
3511 2844 3652 2902 datin

2049 2944 2319 3014 epistolas,
2351 2959 2380 2997 a
2414 2942 2529 2998 Deo
2561 2943 2770 3013 utique,
2806 2943 2897 3012 qui
2937 2940 3121 2995 sciens
3152 2939 3329 2994 adhuc
3357 2939 3655 3008 imparatos

2050 3039 2195 3104 illos,
2224 3037 2292 3091 ad
2323 3037 2456 3091 alias
2483 3037 2646 3090 urbes
2679 3034 2878 3090 direxit
2905 3033 3229 3103 Apostolum
3249 3073 3264 3098 ,
3295 3047 3421 3102 quae
3445 3031 3556 3102 jam
3585 3032 3654 3085 ad

2052 3129 2422 3201 recipiendam
2453 3129 2736 3185 veritatem
2768 3136 2951 3184 essent
2976 3141 3240 3198 capaces;
3274 3125 3524 3197 quamvis
3553 3126 3657 3180 sub

344 3240 566 3285 sensum
589 3231 876 3279 assecutus
900 3218 1204 3291 significat;
1229 3217 1355 3289 quia
1382 3215 1484 3271 sub
1506 3212 1725 3272 nomine
1746 3211 1947 3268 Christi

2057 3225 2276 3282 nomine
2313 3235 2539 3295 agerent
2566 3225 2890 3290 Salvatoris,
2924 3223 3018 3279 sed
3054 3223 3196 3278 vitiis
3231 3221 3661 3293 prohibebantur

303 3364 312 3373 .
348 3336 456 3376 non
510 3319 605 3374 illa
638 3332 762 3388 quas
805 3314 1056 3372 Christus
1085 3313 1342 3368 docuerat
1364 3353 1379 3376 ,
1411 3308 1636 3365 fuerant
1672 3306 1947 3372 assecuti,

347 3415 442 3472 sed
473 3429 539 3470 ea
565 3428 688 3484 quas
719 3411 934 3468 fuerant
970 3426 998 3463 a
1040 3406 1243 3464 Judaeis
1275 3405 1495 3462 tradita.
1539 3402 1611 3460 Se
1647 3409 1830 3456 autem
1859 3414 1953 3454 cu-

353 3526 482 3583 pere
504 3509 668 3564 citius
689 3505 897 3573 venire,
929 3513 986 3559 ut
1010 3503 1121 3574 3o
1144 3501 1212 3556 ab
1237 3500 1338 3556 hac
1363 3498 1485 3554 illos
1513 3495 1806 3552 traditione
1829 3492 1952 3547 abs-

352 3605 626 3669 traheret,
657 3613 712 3658 et
750 3599 1032 3672 spirituale
1076 3598 1185 3653 illis
1215 3595 1457 3652 traderet
1497 3592 1702 3648 donum
1725 3631 1740 3657 ,
1777 3598 1834 3643 ut
1864 3602 1954 3642 ac-

352 3698 531 3770 quirat
557 3697 684 3752 illos
715 3695 847 3760 Deo,
878 3691 1168 3765 participes
1194 3689 1319 3745 illos
1349 3687 1551 3742 faciens
1576 3683 1765 3756 gratim
1797 3681 1956 3751 spiri-

355 3794 514 3859 talis,
555 3802 616 3848 nt
651 3793 704 3847 in
746 3789 1086 3862 professione
1128 3798 1181 3841 et
1230 3784 1336 3839 fide
1366 3797 1464 3839 sua
1495 3787 1681 3836 essent
1711 3775 1953 3848 perfecti.

429 3888 567 3944 Hinc
615 3885 774 3942 datur
812 3879 1332 3954 intelligi'snperius
1377 3891 1484 3932 non
1531 3874 1692 3929 fidem
1735 3873 1955 3927 illorum

358 3981 642 4048 laudasse,
683 3978 780 4036 sed
818 3977 1136 4034 facilitatem
1173 3983 1228 4030 et
1261 3981 1446 4028 votum
1474 3970 1619 4026 circa
1647 3965 1955 4027 Christum;

357 4076 689 4132 christianos
734 4074 878 4130 enim
924 4088 984 4128 se
1030 4070 1378 4143 profitentes,
1413 4066 1514 4122 sub
1548 4064 1692 4134 Lege
1732 4061 1958 4132 agebant

357 4171 703 4241 simpliciter,
734 4171 876 4226 sicut
904 4167 1014 4223 illis
1044 4166 1224 4222 fuerat
1253 4162 1533 4220 traditum.
1578 4159 1712 4214 Nam
1745 4153 1961 4211 miseri-

359 4266 546 4321 cordia
583 4265 677 4322 Dei
708 4265 774 4320 ad
806 4263 911 4320 hoc
931 4263 1055 4318 data
1089 4268 1194 4327 est,
1226 4258 1254 4292 ⁸
1284 4265 1343 4313 nt
1372 4255 1483 4312 Lex
1521 4259 1784 4319 cessaret,
1817 4246 1962 4320 quod

361 4377 508 4433 stepe
543 4364 653 4433 jam
687 4361 798 4417 dixi
825 4378 840 4427 ;
870 4362 998 4431 quia
1035 4358 1178 4414 Dens
1204 4353 1504 4412 consulens
1533 4345 1834 4406 inﬁrmitati
1866 4347 1964 4397 hu-

364 4474 564 4525 manae,
597 4457 713 4512 sola
747 4454 851 4511 fide
876 4453 1058 4509 addita
1098 4451 1202 4522 legi
1244 4445 1508 4512 naturali,
1556 4442 1837 4497 hominum
1875 4451 1965 4508 ge-

365 4565 469 4606 nus
499 4551 714 4606 salvare
745 4549 1012 4604 decrevit.

2054 3318 2396 3383 carnalibus;
2431 3333 2498 3373 ne
2525 3318 2670 3388 digni
2696 3317 2808 3386 jam
2839 3327 3024 3372 essent
3055 3317 3339 3372 addiscere
3369 3314 3657 3385 spiritalia.

2058 3414 2302 3484 Denique
2328 3414 2572 3466 volentes
2600 3411 2896 3479 aliquando
2927 3411 2979 3464 in
3011 3409 3318 3482 Bithyniam
3346 3409 3446 3473 ire,
3475 3404 3658 3477 probi-

2057 3509 2151 3564 biti
2187 3515 2315 3562 sunt
2345 3521 2374 3562 a
2407 3516 2599 3562 sancto
2638 3505 2841 3576 Spiritu
2878 3504 3077 3559 Paulus
3106 3513 3162 3558 et
3198 3502 3339 3559 Silus
3366 3500 3505 3573 (Act.
3540 3514 3662 3567 xvi,

2058 3601 2113 3669 7)
2153 3617 2166 3654 :
2207 3615 2328 3666 cur,
2372 3600 2475 3672 nisi
2518 3600 2682 3653 sciret
2727 3598 2901 3652 adhuc
2945 3596 3194 3652 allectum
3238 3593 3468 3650 deesse?
3505 3593 3662 3662 Apud

2057 3693 2372 3749 Corinthios
2419 3704 2601 3747 autem
2650 3702 3029 3747 commonetur
3070 3690 3404 3760 Apostolus,
3451 3689 3669 3743 dicente

2063 3785 2298 3840 Domino
2341 3803 2352 3837 :
2392 3785 2642 3855 Loquere,
2690 3801 2751 3838 ne
2799 3785 3053 3848 tacueris;
3097 3785 3218 3852 quia
3268 3780 3494 3850 papulas
3538 3780 3665 3832 mihi

2061 3877 2255 3931 multus
2281 3887 2356 3932 est
2382 3879 2435 3931 in
2464 3877 2559 3931 hac
2589 3879 2789 3931 civitate
2819 3878 2958 3946 (Act.
2983 3892 3109 3930 xvttt
3129 3917 3143 3939 ,
3167 3874 3224 3941 9,
3250 3873 3362 3945 l0).
3386 3872 3506 3928 Non
3535 3886 3668 3942 ergo

2061 3971 2238 4026 otiose
2269 3971 2603 4038 prohibitum
2635 3986 2694 4025 se
2723 3969 2891 4034 dicit,
2923 3970 3017 4024 sed
3059 3977 3115 4024 et
3155 3981 3349 4022 causas
3390 3979 3664 4021 morarum

2063 4061 2354 4130 discrevit,
2383 4072 2437 4118 et
2468 4062 2566 4118 hos
2597 4073 2652 4118 ut
2679 4077 2740 4118 se
2781 4068 3155 4133 praepararent
3188 4060 3509 4115 adhortatus
3545 4066 3629 4112 est
3656 4074 3670 4120 ;

2065 4165 2124 4210 nt
2164 4155 2446 4218 audientes
2487 4155 2592 4211 sibi
2638 4155 2864 4226 gratiam
2908 4152 3210 4223 spiritalem
3256 4148 3673 4206 ministrandarn

2066 4250 2202 4319 fore,
2238 4251 2432 4320 dignos
2472 4265 2533 4306 se
2561 4249 2866 4316 efficerent,
2913 4263 2941 4302 a
2975 4247 3122 4303 vitiis
3153 4244 3459 4301 carnalibus
3499 4241 3671 4297 absti-

2067 4353 2281 4410 nentes,
2313 4344 2379 4398 atl
2408 4343 2787 4414 excipiendam
2818 4357 2962 4398 eam.

2145 4439 2213 4495 Ut
2253 4440 2472 4509 aliquem
2506 4441 2731 4508 fructum
2767 4438 2983 4492 habeant
3019 4448 3063 4489 et
3102 4437 3157 4488 in
3196 4433 3354 4498 nobis,
3387 4431 3518 4486 sicut
3543 4438 3590 4484 et
3621 4430 3674 4484 in

2072 4534 2270 4588 cwterts
2300 4532 2553 4603 gentibus.
2596 4531 2701 4587 Pro
2730 4530 2964 4585 utilitate
3003 4525 3279 4584 communi
3316 4523 3574 4596 cupidum
3617 4536 3680 4577 se

437 4644 577 4714 Quid
608 4651 693 4700 est
725 4655 902 4698 tamen
933 4651 990 4696 ut
1019 4655 1139 4696 cum
1169 4636 1388 4709 scriptis
1419 4635 1539 4690 illos
1562 4633 1818 4702 corrigat,
1851 4640 1904 4684 et
1940 4643 1965 4680 a
1999 4626 2047 4684 D
2075 4627 2325 4684 veniendi
2357 4626 2421 4680 ad
2454 4626 2552 4680 hos
2579 4625 2855 4690 declarat,
2885 4631 2944 4678 ut
2972 4631 3026 4678 et
3051 4621 3105 4675 hi
3141 4620 3376 4674 salutem
3416 4615 3681 4688 spiritalis

366 4740 570 4796 carnali
602 4754 769 4795 sensu
795 4737 1108 4801 abstrahat,
1142 4733 1487 4805 prtesentiam
1529 4743 1682 4783 suam
1714 4740 1966 4782 necessa-

368 4837 504 4891 riam
537 4834 714 4899 dicat,
746 4841 806 4887 ut
840 4832 1064 4901 gratiam
1107 4827 1214 4884 illis
1258 4824 1558 4897 spiritalem
1597 4821 1967 4879 ministraret;

370 4947 494 4987 cum
524 4946 587 4988 ea
612 4945 733 5002 quae
757 4927 969 4992 scribit,
1000 4923 1269 4996 spiritalia
1298 4924 1409 4976 sint
1439 4939 1451 4974 :
1485 4919 1587 4974 nisi
1623 4925 1842 4988 propter
1872 4915 1973 4968 hoc

370 5027 496 5096 quis
525 5025 688 5078 aliter
708 5023 853 5076 dicta
879 5020 945 5074 ad
981 5019 1125 5073 aliud
1152 5017 1331 5073 solent
1365 5014 1512 5084 rapi,
1536 5013 1677 5067 sicut
1707 5009 1774 5065 ab
1801 5009 1972 5063 haere—

373 5122 497 5176 ticis
558 5119 662 5174 tit?
714 5117 843 5172 ideo
893 5115 1171 5170 desiderat
1234 5120 1292 5166 ut
1359 5123 1602 5181 praesens
1667 5104 1972 5161 doctrinam

373 5212 745 5284 evangelicam
777 5224 941 5265 sensu
971 5222 1079 5278 quo
1121 5205 1348 5269 scribit,
1381 5203 1464 5257 his
1510 5200 1722 5262 tradat;
1768 5213 1837 5252 ne
1877 5194 1978 5251 sub

373 5307 702 5364 auctoritate
730 5305 1032 5361 litterarum
1064 5301 1180 5371 ejus
1211 5313 1314 5353 non
1348 5295 1655 5351 auferretur
1678 5305 1853 5355 error,
1883 5288 1978 5346 sed

375 5399 692 5456 firmaretur
718 5415 730 5451 :
755 5397 954 5467 quippe
976 5409 1098 5450 cum
1130 5405 1368 5462 ρτωεειιδ
1395 5404 1515 5457 qua:
1539 5385 1720 5444 verbis
1747 5381 1981 5441 suadere

379 5509 481 5547 non
526 5500 772 5563 poterat,
807 5488 1064 5544 suaderet
1098 5485 1330 5548 virtute,
1363 5494 1421 5537 ut
1464 5483 1636 5552 magis
1668 5480 1776 5536 illis
1818 5476 1980 5549 proli-

379 5584 484 5640 ciat
514 5583 704 5638 aditis.

289 5707 336 5836 it.

460 5871 484 5899 ι
552 5861 692 5916 Mss.
720 5857 948 5928 aliquot,
980 5864 1037 5912 ut
1065 5862 1317 5910 cessarent
1347 5868 1502 5908 onera
1531 5853 1678 5925 tegis,
1707 5851 1850 5922 quia,
1873 5860 1982 5904 etr.

450 5679 634 5754 (Vers.
675 5674 787 5747 12.)
829 5672 896 5736 Id
926 5685 1020 5744 est,
1053 5673 1206 5730 simul
1233 5668 1488 5726 consolari
1517 5670 1569 5724 in
1592 5667 1732 5723 vobis
1765 5680 1983 5737 peream

2074 4721 2261 4792 gratiae
2290 4726 2716 4788 consequantur,
2745 4727 2917 4771 ratam
2951 4715 3215 4769 habentes
3245 4710 3369 4766 fidei
3399 4725 3510 4764 sua:
3555 4720 3681 4778 pro-

2076 4814 2407 4879 fessionem;
2433 4821 2490 4866 ut
2514 4812 2603 4866 hic
2629 4810 2862 4865 fructum
2891 4808 3086 4862 haheat
3112 4805 3252 4876 apud
3291 4805 3460 4859 Deum
3491 4800 3681 4855 minis-

2080 4907 2201 4962 terii
2241 4906 2357 4971 sui,
2394 4920 2489 4976 per
2525 4902 2669 4974 quod
2713 4902 2932 4956 lacessit
2973 4899 3096 4954 illos
3141 4899 3206 4953 ad
3256 4895 3416 4952 fidem
3451 4901 3677 4954 rectam,

2079 5001 2329 5070 exemplo
2367 5007 2686 5054 caeterarum
2734 4994 2976 5065 gentium
3022 5012 3035 5045 :
3089 4989 3392 5062 promptior
3431 4986 3576 5042 enim
3627 4982 3684 5035 fit

2080 5096 2203 5164 quis
2231 5093 2297 5147 ad
2336 5108 2448 5146 rent
2493 5091 2593 5145 sibi
2637 5087 2920 5150 traditam,
2951 5087 2997 5140 si
3030 5085 3110 5139 illi
3151 5084 3357 5140 multos
3389 5079 3568 5134 videat
3599 5089 3688 5128 as—

2083 5187 2294 5243 sentiri.

2153 5284 2337 5354 (Vers.
2371 5278 2486 5352 Μ.)
2528 5279 2722 5334 Graecis
2754 5287 2799 5332 et
2833 5275 3097 5335 Barbaris,
3138 5266 3451 5341 sapientibus
3482 5271 3527 5316 et
3560 5259 3690 5314 insi-

2086 5377 2339 5450 pientibus
2387 5372 2585 5430 debitor
2630 5387 2761 5426 sum.
2815 5368 3127 5424 Debitorem
3180 5376 3239 5418 se
3285 5357 3418 5418 dicit
3465 5354 3686 5434 horum,

2088 5445 2225 5543 quos
2255 5475 2544 5532 memorat,
2578 5464 2701 5534 quia
2730 5463 2795 5518 ad
2823 5463 2927 5515 hoc
2955 5456 3152 5512 missus
3183 5460 3302 5522 est,
3347 5458 3412 5543 ut
3433 5445 3691 5543 omnibus

2089 5537 2416 5637 praedicaret
2447 5578 2459 5613 :
2502 5575 2599 5631 per
2632 5555 2777 5630 quod
2814 5551 2976 5607 etiam
3017 5558 3208 5600 omnes
3238 5539 3512 5632 significat
3539 5537 3696 5594 debi-

2096 5635 2273 5723 tores;
2307 5653 2556 5711 conﬁteri
2588 5651 2730 5707 enim
2763 5651 3069 5702 creatorem
3105 5635 3276 5694 Deum
3297 5679 3312 5702 ,
3339 5651 3407 5704 ex
3434 5647 3544 5710 quo
3573 5647 3696 5692 um-
