4082 6306
501 303 570 358 55
1529 295 1618 350 AD
1655 295 1889 351 Ol’ERA
1927 295 1984 351 S.
2030 294 2354 350 AMBROSII
2395 293 2758 351 APPENDIX.
3742 289 3814 344 56

494 419 605 484 nia,
635 428 688 473 et
716 431 815 488 per
839 429 1000 484 quem
1029 411 1234 478 omnia,
1264 419 1319 465 et
1346 409 1560 466 debitus
1591 411 1766 467 honor
1791 418 1896 476 est,
1927 420 1981 466 et
2011 423 2098 464 sa-
2126 417 2180 477 Α
2204 423 2269 463 es
2298 423 2498 480 genere
2547 408 2708 463 fuerit
2752 406 3015 462 Abrahae.
3063 405 3195 461 Nam
3229 405 3400 461 Judaei
3445 420 3511 461 es
3558 416 3812 474 tempore

492 510 578 566 lus
607 509 942 566 conlitentis.
971 506 1194 561 Crtecos
1220 519 1352 574 ergo
1380 506 1616 575 gentiles
1647 507 1849 575 posuit,
1883 505 1977 561 sed
2003 522 2098 560 eos

489 602 579 669 qui
612 600 839 655 Romani
872 598 1125 653 dicantur
1165 597 1278 652 sive
1322 598 1572 661 natione,
1612 597 1728 653 sive
1758 597 2049 666 adoptione
2084 614 2095 648 :

494 691 762 747 Barbaros
800 705 933 745 vero
963 703 1060 744 eos
1102 689 1192 759 qui
1240 688 1470 742 Romani
1510 703 1618 742 non
1663 700 1823 754 sunt,
1867 703 2097 758 quorum

491 801 666 857 genus
706 784 994 840 adversum
1026 793 1140 850 est,
1175 783 1202 810 “
1247 792 1305 839 et
1347 793 1473 839 sunt
1517 783 1774 854 gentiles.
1813 781 2101 852 Sapientes

491 889 672 935 autem
709 879 835 935 illos
862 878 1034 944 dixit,
1060 878 1165 949 31
1193 877 1284 948 qui
1320 876 1608 931 mundanis
1641 875 1944 930 rationibus
1973 890 2097 930 eru-

489 973 610 1037 diti,
640 974 918 1041 sapientes
943 981 1206 1026 vocantur
1230 969 1284 1024 in
1311 969 1546 1034 smculo;
1577 969 1704 1024 dum
1737 977 1830 1022 aut
1857 967 2096 1023 siderum

487 1064 865 1134 Speculatores
898 1073 1056 1127 sunt,
1091 1073 1182 1117 aut
1225 1061 1529 1127 mensuris,
1562 1069 1655 1114 aut
1692 1059 1962 1124 numeris,
2004 1069 2099 1114 aut

487 1155 593 1210 arti
629 1153 999 1224 grammatica:
1040 1152 1290 1216 student,
1339 1151 1669 1216 rhetoricaa,
1714 1160 1806 1205 aut
1852 1151 2092 1204 musicm.

489 1247 585 1302 llis
615 1246 872 1301 omnibus
909 1244 1148 1300 ostendit
1179 1244 1309 1298 nihil
1355 1243 1471 1298 haec
1503 1243 1799 1315 prodesse,
1844 1259 1942 1299 nec
1970 1259 2098 1298 vcrc

491 1341 770 1411 sapientes
813 1355 973 1407 esse,
1007 1339 1108 1394 nisi
1149 1338 1377 1393 credant
1419 1339 1474 1392 in
1515 1336 1796 1392 Christum
1845 1354 1856 1390 :
1900 1337 2096 1391 stultos

491 1447 622 1488 vero
666 1433 765 1488 hos
790 1431 959 1498 dixit,
993 1433 1084 1502 qui
1116 1431 1521 1500 simplicitatem
1552 1440 1870 1500 sequentes,
1901 1429 2092 1484 harum

492 1543 674 1584 rerum
715 1527 951 1596 imperiti
989 1534 1136 1582 sunt.
1187 1525 1280 1579 llis
1309 1524 1562 1580 omnibus
1610 1525 1836 1579 missum
1869 1540 1927 1579 se
1957 1540 2095 1595 pra:-

489 1621 675 1677 dicare
716 1628 968 1675 testatur.
1006 1618 1083 1674 De
1111 1618 1315 1673 Judaais
1350 1626 1532 1673 autem
1578 1619 1780 1684 tacuit,
1808 1618 1932 1688 quia
1975 1634 2092 1671 tua-

484 1715 659 1783 gister
683 1713 923 1784 gentium
956 1721 1058 1766 est.
1092 1711 1169 1765 Ac
1217 1726 1310 1780 per
1338 1711 1440 1764 hoc
1477 1709 1785 1765 debitorem
1828 1725 1888 1764 se
1931 1709 2094 1779 proﬁ-

2202 500 2357 555 Jndae
2391 500 2682 555 Machabrei
2727 499 2833 555 dit-.i
2861 507 3148 570 rmperunt
3170 540 3183 563 ,
3224 501 3318 570 qui
3352 499 3404 553 in
3435 513 3601 554 causa
3633 498 3815 553 cladis

2205 594 2405 650 restitit
2453 593 2753 664 sacrilegiis
2798 593 3040 664 gentium
3067 635 3082 660 ,
3129 601 3186 648 et
3218 592 3410 647 liducia
3446 592 3543 647 Dei
3589 590 3808 662 collegit

2204 686 2462 756 populum
2491 727 2506 751 ,
2549 696 2604 740 et
2632 685 2876 740 defendit
2907 701 3078 756 genus
3116 700 3293 740 suum.
3350 685 3474 740 Fuit
3511 694 3699 746 autem
3743 699 3811 740 ex

2205 780 2332 834 ﬁliis
2360 786 2563 835 Aaron.
2591 779 2854 848 Quamvis
2875 795 3008 850 ergo
3034 790 3318 852 praeponat
3356 780 3609 836 Judaeum
3645 796 3808 836 causa

2208 872 2456 936 Patrum,
2487 882 2666 928 tamen
2702 872 2956 927 similiter
2994 873 3158 928 etiam
3193 874 3369 944 ipsum
3401 873 3650 944 indigere
3678 873 3811 928 dicit

2204 963 2350 1018 dono
2379 963 2656 1035 Evangelii
2680 963 2906 1020 Christi.
2934 965 2990 1019 Si
3017 980 3149 1036 ergo
3179 976 3230 1020 et
3252 965 3480 1021 Judarus
3514 982 3622 1022 non
3651 966 3810 1036 justi-

2206 1056 2428 1121 licatur,
2483 1057 2586 1111 nisi
2618 1072 2716 1128 per
2746 1057 2904 1112 ﬁdem
2951 1058 3150 1112 Christi
3184 1058 3312 1114 Jesu
3341 1075 3354 1116 :
3382 1059 3512 1130 qttid
3553 1074 3695 1131 opus
3727 1070 3812 1114 est

2201 1163 2324 1204 esse
2353 1149 2454 1204 sub
2484 1149 2668 1221 Lege?

2273 1241 2456 1312 (νει-ε.
2489 1241 2603 1313 17.)
2629 1240 2848 1298 Iustitia
2871 1245 3006 1299 enim
3049 1244 3148 1299 Dei
3171 1246 3428 1300 revelalur
3452 1245 3507 1300 in
3530 1262 3592 1301 eo
3621 1263 3686 1300 ex
3708 1246 3813 1314 ﬁde

2200 1336 2253 1388 in
2282 1335 2458 1403 ﬁdem.
2493 1333 2605 1390 Hoc
2631 1335 2786 1402 dicit,
2818 1340 2945 1407 quia
2978 1340 3029 1391 in
3075 1339 3171 1393 illo
3200 1339 3292 1409 qui
3323 1338 3535 1403 credit,
3566 1339 3689 1395 sive
3718 1338 3811 1393 Ju-

2197 1429 2351 1486 dzeus
2377 1433 2470 1496 sit,
2494 1431 2609 1486 sive
2639 1430 3110 1501 Graecus,justitia
3149 1433 3539 1489 lteirevelatur
3568 1432 3804 1507 (ﬂabat.

2201 1540 2260 1589 tt,
2292 1522 2370 1593 4).
2411 1522 2685 1579 Justitiam
2732 1523 2828 1580 Dei
2861 1525 3013 1589 dicit,
3045 1527 3170 1596 quia
3220 1527 3390 1596 gratis
3415 1527 3687 1597 justilicat
3712 1527 3806 1581 im-

2199 1616 2346 1685 pium
2379 1632 2476 1686 per
2509 1616 2671 1672 ﬁdem
2695 1659 2708 1682 ,
2741 1618 2863 1673 sine
2895 1619 3154 1688 operibus
3181 1619 3362 1690 Legis,
3393 1621 3537 1676 sicut
3565 1621 3697 1675 alibi
3729 1621 3813 1674 di-

2197 1709 2312 1764 cit:
2357 1709 2425 1764 Ut
2464 1711 2772 1766 inveniarin
2815 1713 2906 1766 illo
2941 1731 3042 1767 non
3091 1714 3282 1769 habens
3322 1731 3488 1769 meam
3516 1718 3810 1788 justitiam,

489 1815 664 1869 tetur;
699 1806 824 1875 quia
856 1804 924 1858 ad
957 1805 1060 1863 hoc
1088 1801 1304 1873 accepit
1330 1801 1663 1865 doctrinam,
1696 1810 1754 1854 ut
1786 1799 1963 1854 tradat
1993 1818 2006 1856 :
2039 1810 2093 1855 et
2125 1818 2171 1876 Β
2197 1820 2311 1872 qua:
2342 1820 2406 1858 ea:
2435 1803 2572 1875 Lege
2603 1815 2697 1868 est,
2731 1806 2824 1859 sed
2853 1806 3022 1870 illaut,
3055 1823 3170 1875 quin
3198 1824 3262 1860 ex.
3289 1808 3393 1874 ﬁde
3431 1820 3506 1862 est
3537 1807 3712 1879 (Phil.
3734 1824 3806 1871 ιιι,

491 1913 614 1954 cum
648 1897 844 1964 tradit,
875 1897 1142 1968 acquirat.

570 1989 754 2061 (νει-ε.
788 1989 906 2058 15.)
929 1987 1261 2060 Itaquequod
1285 1989 1336 2042 in
1354 2003 1435 2041 me
1464 1998 1560 2054 est,
1588 1997 1860 2057 promptus
1882 2004 2017 2052 sum,
2045 1999 2091 2041 et

490 2085 630 2137 vobis
655 2085 742 2153 qui
770 2082 951 2138 Romae
989 2085 1110 2138 estis
1135 2125 1149 2148 ,
1181 2082 1552 2152 euangelizare.
1588 2079 1846 2148 Quamvis
1877 2097 1934 2135 se
1963 2081 2090 2135 mis-

493 2191 613 2231 sum
657 2175 958 2246 prmdicare
1004 2174 1260 2229 omnibus
1289 2173 1436 2229 dicat
1462 2173 1738 2243 gentibus,
1785 2181 2090 2242 promptum

496 2282 679 2324 tamen
702 2283 764 2324 se
786 2267 1048 2323 Romanis
1069 2269 1268 2324 asserit
1295 2265 1508 2322 tradere
1532 2265 1882 2345 Evangelium
1907 2265 2093 2335 gratia:

497 2362 615 2429 Dei,
650 2361 791 2432 apud
820 2376 956 2431 quos
982 2360 1010 2398 ι)
1044 2361 1199 2431 regni
1230 2358 1462 2414 Romani
1502 2368 1661 2428 caput
1701 2367 1756 2414 et
1797 2357 1956 2413 sedes
1983 2367 2089 2412 est.

494 2456 576 2511 Ad
609 2457 979 2512 membrorum
1028 2455 1175 2510 enim
1211 2453 1498 2508 utilitatem
1527 2451 1609 2508 vel
1654 2451 1895 2521 requiem
1927 2451 2092 2520 perti-

492 2557 606 2613 net,
637 2548 681 2602 si
708 2555 872 2617 caput
892 2547 1191 2616 inquietum
1220 2562 1326 2601 non
1354 2545 1540 2600 fuerit.
1566 2544 1691 2600 Ideo
1721 2543 2090 2602 Romanorum

500 2651 690 2709 pacem
718 2648 892 2708 optat,
928 2647 986 2693 ut
1020 2654 1126 2694 non
1179 2637 1408 2693 multum
1441 2653 1502 2694 se
1527 2637 1697 2706 jactet
1745 2637 1997 2702 Satanas,
2038 2646 2093 2690 et

494 2730 777 2786 uberiores
809 2729 1014 2785 fructus
1045 2731 1240 2786 habeat
1269 2731 1450 2801 operis
1473 2733 1580 2785 sui.

568 2820 748 2892 (Vers.
785 2821 897 2892 l6.)
931 2821 1054 2876 Non
1081 2823 1218 2877 enim
1243 2823 1486 2877 erubesco
1512 2822 1896 2896 Evangelium;
1933 2823 2094 2877 virtus

489 2912 628 2966 enim
655 2910 752 2966 Dei
780 2923 855 2966 est
883 2913 936 2966 in
965 2913 1190 2968 salutem
1219 2913 1360 2968 omni
1380 2915 1627 2968 credenti.
1660 2913 1771 2969 Hoc
1791 2913 1941 2969 dicto
1972 2913 2096 2968 illos

493 3001 688 3074 tangit,
711 3020 741 3057 a
777 3004 976 3075 quibus
1002 3016 1331 3075 acceperant
1357 3021 1464 3061 non
1496 3015 1700 3061 rectam
1733 3005 1934 3073 ﬁdem,
1965 3023 2096 3077 ape—

493 3097 762 3153 stolorum
787 3108 966 3155 tamen
998 3099 1304 3154 doctrinam
1337 3100 1510 3155 virtus
1534 3099 1996 3166 commendabat;
2039 3109 2096 3155 ut

2197 1896 2280 1967 9).
2313 1897 2445 1964 Quae
2474 1913 2540 1951 ex
2576 1896 2688 1952 Deo
2723 1907 2804 1952 est
2832 1897 3040 1968 justitia
3073 1901 3122 1953 in
3156 1899 3293 1964 ﬁde,
3331 1900 3508 1970 ipsam
3537 1900 3812 1969 justitiam

2196 1987 2329 2042 dicit
2351 1989 2580 2043 revelari
2616 1989 2666 2042 in
2697 1989 3028 2061 Evangelio;
3062 1990 3190 2046 dum
3215 1991 3384 2046 donat
3406 1993 3615 2048 homini
3648 1992 3812 2048 fidem

2197 2093 2296 2148 per
2323 2094 2484 2149 quam
2521 2079 2869 2148 justiﬁcetnr.
2887 2081 3210 2139 Ostenditur
3244 2085 3390 2139 enim
3421 2087 3474 2140 in
3507 2100 3576 2141 eo
3601 2087 3814 2141 veritas

2198 2171 2494 2241 etjustitia
2524 2171 2641 2238 Dei,
2670 2173 2796 2226 dum
2829 2174 3007 2229 credit
3031 2184 3085 2229 et
3121 2176 3442 2244 profitetur:
3473 2177 3690 2246 justitia
3725 2191 3811 2232 εει

2199 2261 2320 2327 Dei,
2343 2262 2467 2332 quia
2481 2263 2622 2333 quod
2647 2265 3094 2332 promisit,dedit.
3114 2266 3242 2323 Ideo
3263 2268 3500 2325 credens
3519 2267 3538 2306 ί
3557 2270 3665 2325 Ιιοε
3686 2285 3814 2325 esse

2197 2371 2258 2410 se
2280 2367 2656 2424 consecutum,
2687 2359 2829 2428 quod
2862 2362 3191 2430 promiserat
3217 2362 3356 2417 Deus
3381 2378 3480 2434 per
3505 2365 3815 2435 prophetas

2199 2462 2347 2515 suos,
2367 2448 2576 2518 justum
2611 2449 2777 2504 Deum
2812 2451 3028 2518 probat,
3053 2461 3107 2507 et
3131 2454 3291 2508 testis
3309 2463 3393 2509 est
3419 2454 3637 2525 justitia
3664 2455 3812 2526 ejus.

2272 2539 2355 2595 Ea:
2378 2540 2482 2610 ﬁde
2508 2542 2561 2594 in
2614 2541 2787 2609 ﬁdem.
2819 2541 2959 2610 Quid
3003 2544 3149 2599 aliud
3179 2555 3284 2612 est,
3315 2562 3379 2600 ex
3407 2547 3514 2615 ﬁde
3543 2548 3597 2600 in
3628 2548 3809 2617 ﬁdem,

2198 2633 2304 2689 nisi
2333 2634 2458 2705 quia
2491 2633 2628 2690 ﬁdes
2660 2636 2750 2690 Dei
2783 2646 2866 2692 est
2895 2637 2949 2692 in
2978 2652 3068 2704 eo,
3096 2639 3240 2708 quod
3266 2641 3335 2696 de
3361 2657 3422 2696 se
3455 2642 3814 2711 repromisit;

2198 2736 2254 2783 et
2282 2725 2416 2783 ﬁdes
2441 2727 2698 2794 hominis,
2722 2729 2811 2798 qui
2864 2729 3038 2786 credit
3069 2733 3433 2801 promittenti;
3483 2744 3543 2790 ut
3586 2749 3653 2789 ex
3706 2734 3817 2791 ﬁde

2203 2819 2297 2873 Dci
2349 2819 2716 2890 promittentis
2754 2819 2808 2875 in
2882 2822 3040 2878 fidem
3091 2823 3330 2879 hominis
3379 2825 3662 2881 credentis
3716 2827 3815 2882 Dei

2193 2911 2403 2982 justitia
2462 2912 2770 2968 reveletur?
2820 2912 2876 2967 lu
2907 2915 3166 2971 credente
3213 2916 3359 2972 enim
3412 2917 3597 2988 justus
3670 2919 3818 2974 Deus

2199 3013 2458 3074 apparet:
2479 3005 2533 3060 in
2550 3020 2617 3060 eo
2635 3016 2817 3062 autem
2835 3008 2926 3078 qui
2954 3024 3059 3062 non
3079 3010 3276 3075 credit,
3294 3009 3552 3101 injustui
3565 3012 3814 3077 videtur;

2200 3107 2364 3166 negat
2389 3097 2534 3152 enim
2567 3113 2819 3155 vcracem
2872 3101 3078 3169 Deum,
3151 3105 3245 3173 qui
3271 3119 3377 3159 non
3427 3097 3608 3161 credit
3638 3106 3816 3162 Deum

492 3189 623 3260 quia
646 3189 964 3248 incredibile
989 3191 1300 3260 videbatur,
1327 3192 1469 3263 quod
1497 3191 1914 3263 prmdicabatur,
1935 3183 2090 3262 'sigua
2121 3206 2166 3269 ρ
2199 3191 2415 3247 dedisse
2459 3192 2605 3263 quod
2639 3195 2903 3263 promisit.
2927 3196 3038 3252 Hoc
3077 3206 3267 3253 contra
3293 3198 3513 3256 .lndazos
3542 3201 3814 3272 loquitur,

488 3299 547 3340 et
571 3284 815 3355 prodigia
837 3285 906 3340 ab
929 3285 1193 3355 apostolis
1223 3285 1364 3341 facta
1397 3285 1708 3341 testimonio
1729 3295 1913 3341 essent
1934 3326 1950 3350 ,
1985 3300 2091 3340 non

491 3375 852 3431 difﬁdendum
882 3377 950 3432 de
976 3377 1041 3431 iis
1062 3393 1186 3447 quae
1215 3377 1285 3432 ab
1313 3377 1417 3433 illis
1445 3377 1782 3443 dicebantur,
1817 3380 1868 3431 in
1894 3376 2094 3446 quibus

495 3476 645 3522 tanta
667 3467 840 3524 virtus
869 3469 1069 3524 inesset
1098 3468 1256 3538 (nulli
1285 3471 1430 3524 enim
1456 3469 1682 3524 dubium
1714 3468 1879 3523 verba
1909 3469 2093 3523 virtuti

491 3557 694 3616 cedere
721 3601 734 3624 ,
785 3575 848 3614 ac
890 3574 986 3630 per
1025 3560 1130 3614 hoc
1176 3561 1430 3630 quoniam
1462 3560 1679 3615 illorum
1729 3570 1750 3597 ε
1802 3559 1949 3614 nulla
1984 3559 2094 3613 visa

495 3658 656 3705 erant
701 3659 947 3720 portenta
973 3691 988 3719 ,
1013 3650 1329 3722 praedicatio
1361 3652 1577 3706 illorum
1609 3649 1728 3706 sine
1761 3650 1956 3705 virtute
2003 3650 2094 3704 Dei

495 3740 682 3812 erat),
722 3741 951 3813 ideoque
983 3758 1091 3798 non
1120 3757 1180 3799 se
1205 3743 1340 3798 dicit
1381 3744 1710 3799 erubescere
1741 3744 2093 3814 Evangelium

496 3833 618 3898 Dei,
666 3832 791 3887 illos
819 3845 999 3890 autem
1038 3835 1403 3900 erubescere;
1436 3836 1562 3904 quia
1587 3832 1613 3872 ἀ
1645 3836 1787 3907 quod
1821 3836 1900 3890 illi
1931 3835 2097 3891 tradi-

489 3925 731 3988 derant,
773 3925 827 3979 in
859 3925 1342 3995 reprehensionem
1377 3927 1663 3995 veniebat,
1695 3943 1796 3983 nec
1825 3943 2094 3998 quoquam

497 4015 817 4070 testimonio
861 4017 1218 4081 ﬁrmabatur,
1271 4027 1327 4072 et
1367 4017 1719 4074 discordabat
1767 4035 1795 4072 a
1845 4021 2093 4075 doctrina

497 4106 818 4176 apostolica.
878 4105 1057 4161 Virtus
1087 4108 1249 4178 igitur
1293 4108 1386 4164 Dei
1413 4119 1516 4175 εει,
1546 4125 1666 4180 quae
1697 4109 1890 4166 invitat
1937 4112 2002 4167 ad
2035 4111 2096 4166 ﬁ-

497 4200 647 4265 dem,
673 4208 726 4254 et
754 4198 846 4254 dat
873 4201 1104 4256 salutem
1131 4202 1277 4256 omni
1305 4202 1573 4270 credenti,
1605 4204 1731 4259 dum
1755 4214 1975 4274 peccata
1999 4205 2096 4261 do-

500 4303 616 4358 nat,
651 4303 702 4348 ει
732 4294 1027 4362 justiﬁcat;
1071 4305 1129 4350 ut
1165 4310 1196 4349 a
1239 4297 1480 4352 secunda
1514 4305 1689 4354 morte
1718 4298 1953 4355 detineri
1987 4316 2093 4356 uon

496 4387 672 4456 possit
690 4388 931 4458 signatus
958 4391 1219 4462 mysterio
1242 4393 1440 4448 crucis.
1465 4392 1783 4450 Praedicatio
1805 4397 1950 4451 enim
1972 4411 2094 4452 cru-

493 4479 574 4534 cis
593 4479 791 4535 Christi
817 4489 840 4516 θ
865 4481 1125 4539 indicium
1152 4496 1235 4539 est
1269 4486 1458 4540 mortis
1479 4487 1668 4542 evicta:
1687 4530 1701 4554 ,
1727 4486 1944 4546 dicente
1964 4507 2094 4562 apo-

2199 3283 2291 3353 qui
2322 3295 2520 3354 negant
2547 3285 2688 3340 hunc
2719 3287 3328 3362 esseCltristum,quem
3357 3292 3617 3364 promisit
3648 3294 3819 3350 Deus.

2273 3377 2426 3431 Sicut
2474 3379 2720 3450 scriptum
2767 3391 2841 3436 est
2892 3399 2908 3435 :
2957 3383 3146 3439 Justus
3195 3395 3368 3441 autent
3417 3405 3484 3442 ex
3537 3388 3650 3458 ﬁde
3698 3391 3825 3445 vivit

2199 3469 2428 3539 (Habac.
2460 3487 2516 3537 ιι,
2543 3471 2624 3542 4).
2656 3472 2944 3544 Propterea
2967 3477 3032 3531 ad
3057 3479 3369 3548 exemplum
3393 3481 3683 3552 propheta:
3707 3483 3824 3538 lla-

2202 3565 2370 3619 bacuc
2399 3579 2458 3620 se
2486 3567 2778 3631 convertit,
2809 3577 2867 3623 ut
2893 3569 3195 3627 declararet
3220 3573 3328 3645 32
3368 3575 3498 3630 olim
3524 3585 3822 3632 ostensum

2195 3658 2403 3729 justum
2444 3675 2510 3716 ex
2551 3659 2680 3726 ﬁde,
2713 3677 2821 3717 non
2863 3678 2928 3718 ex
2973 3662 3114 3735 Lege
3139 3667 3358 3728 vivere,
3392 3666 3497 3724 hoc
3537 3679 3662 3736 est,
3709 3687 3824 3726 non

2196 3749 2481 3821 justiﬁcari
2516 3753 2792 3831 hominem
2818 3755 2956 3823 apud
2983 3755 3150 3811 Deum
3186 3773 3282 3826 per
3303 3758 3508 3830 Legem
3535 3801 3552 3826 ,
3587 3761 3689 3816 sed
3724 3777 3828 3832 per

2203 3841 2364 3896 ﬁdem
2401 3861 2414 3898 :
2445 3843 2552 3898 vita
2577 3845 2722 3899 enim
2750 3862 2817 3900 ex
2849 3846 2953 3902 ﬁde
2990 3862 3097 3902 non
3142 3848 3259 3905 haec
3287 3867 3535 3922 praesens
3566 3862 3690 3922 est,
3723 3854 3826 3910 sed

2203 3934 2414 3998 futura;
2447 3935 2572 4004 quia
2598 3937 2778 4006 justus
2809 3953 2876 3992 ex
2905 3939 3009 3994 lide
3033 3940 3189 4006 vivit,
3221 3941 3318 3998 sed
3350 3944 3494 4014 apud
3528 3944 3725 4001 Deum.

2273 4028 2452 4100 (Vers.
2487 4029 2602 4102 18.)
2637 4030 2910 4087 Revelatur
2939 4034 3072 4087 enim
3101 4034 3180 4088 ira
3213 4034 3307 4089 Dei
3345 4037 3410 4090 de
3439 4041 3569 4093 calo
3613 4040 3670 4094 in
3709 4057 3830 4094 om-

2201 4140 2314 4178 nem
2355 4124 2669 4192 impietatem
2707 4133 2754 4178 et
2797 4126 3111 4196 injustitiam
3152 4128 3421 4183 hominum
3465 4147 3688 4196 eorum,
3735 4137 3830 4205 qui

2199 4217 2468 4272 veritatem
2494 4215 2590 4272 Dei
2619 4217 2673 4271 in
2702 4218 2956 4289 injustitia
2986 4219 3230 4274 detinent.
3264 4221 3424 4279 Sicut
3447 4225 3598 4282 enim
3630 4227 3688 4282 iu
3725 4229 3829 4284 illo

2199 4310 2290 4380 qtti
2314 4309 2510 4375 credit,
2537 4311 2748 4379 justitia
2779 4311 2872 4366 Dei
2904 4313 3198 4382 revelatur,
3214 4315 3359 4371 sicut
3387 4333 3560 4387 supra
3595 4335 3822 4376 memo-

2201 4404 2312 4457 ravi
2339 4421 2352 4469 ;
2383 4403 2452 4458 ita
2481 4412 2536 4458 et
2567 4402 2618 4457 in
2645 4417 2713 4458 eo
2733 4405 2821 4474 qui
2848 4418 2958 4458 non
2979 4406 3154 4460 credit
3184 4398 3438 4478 impietas
3464 4419 3520 4465 et
3548 4413 3828 4482 injustitia

2201 4496 2496 4552 revelatur.
2527 4498 2602 4552 Ex
2633 4500 2748 4568 ipsa
2769 4497 2912 4553 enim
2941 4497 3065 4553 caeli
3097 4498 3301 4555 fabrica
3331 4502 3508 4558 iratus
3539 4505 3654 4560 illis
3679 4507 3831 4562 licus

493 4574 639 4630 stolo
660 4572 989 4631 Joanneutd
1007 4579 1105 4633 hoc
1132 4581 1266 4634 enim
1291 4582 1426 4635 venit
1453 4579 1499 4634 F
1500 4581 1624 4636 ilius
1655 4581 1770 4649 Dei,
1793 4594 1847 4637 ut
1869 4587 2084 4641 solveret
2114 4599 2166 4660 ι)
2192 4590 2439 4655 videtur;
2473 4589 2672 4646 idcirco
2697 4591 2842 4647 enim
2875 4600 2983 4645 tam
3015 4591 3240 4660 pulchra
3271 4603 3417 4649 astra
3451 4598 3726 4666 condidit,
3767 4613 3830 4656 ιιι

491 4684 651 4737 opera
689 4669 882 4725 diaboli
910 4670 952 4743 (l
972 4669 1313 4745 Joan.nt,9),
1341 4684 1398 4728 ut
1453 4675 1632 4730 omnis
1685 4676 1922 4732 credens
1977 4696 2083 4734 non

493 4771 748 4821 teneatur
799 4781 829 4818 a
875 4775 1072 4830 morte;
1117 4767 1242 4837 quia
1285 4767 1499 4838 signum
1541 4768 1708 4826 habet
1757 4771 1901 4840 quod
1945 4772 2084 4827 victa

491 4873 642 4914 mors
684 4869 789 4936 εει.

557 4951 749 5005 Judteo
780 4951 1028 5020 primum,
1059 4963 1108 5006 et
1134 4952 1333 5008 Grazco.
1369 4955 1423 5009 ld
1456 4964 1539 5011 est
1565 4997 1578 5020 ,
1615 4957 1739 5011 huic
1779 4957 1870 5026 qui
1900 4973 1968 5012 ex
1993 4974 2084 5028 ge-

483 5057 617 5098 nere
642 5050 728 5095 est
755 5041 1014 5110 Abrahae,
1039 5050 1096 5097 et
1118 5042 1243 5098 huic
1269 5045 1359 5114 qui
1389 5061 1453 5101 ex
1482 5048 1735 5116 gentibus
1761 5064 1774 5111 ;
1809 5049 1862 5102 in
1896 5049 2084 5106 Graeco

483 5137 630 5190 enim
661 5132 920 5204 gentilem
953 5135 1265 5205 signiﬁcat:
1311 5137 1361 5191 in
1395 5138 1583 5194 ,Ιυάωο
1619 5155 1750 5196 vero
1790 5157 1945 5208 eum,
1988 5145 2078 5214 qui

555 5305 579 5330 ιι
622 5293 1014 5366 Edit.Amerb.
1034 5301 1200 5366 atque
1221 5293 1382 5366 Ernst.
1412 5310 1474 5350 ac
1507 5298 1686 5365 plures
1714 5314 1870 5366 mss.,
1895 5313 1943 5357 et
1974 5321 2075 5360 non

482 5375 598 5417 sunt
630 5365 847 5433 gentiles
883 5381 902 5420 :
943 5365 1136 5420 melius
1168 5365 1298 5419 edit.
1338 5364 1470 5420 Gill.
1501 5364 1556 5420 et
1597 5369 1752 5423 Rom.
1786 5364 1908 5426 cum
1948 5377 2070 5430 cod.

482 5433 643 5506 Mieh.
669 5444 724 5488 et
745 5434 882 5490 Vall.
915 5437 1256 5506 negationem
1290 5437 1608 5492 excludunt.

555 5503 582 5541 ι)
625 5503 838 5579 Itauvet.
875 5503 1008 5563 edit:
1048 5522 1113 5579 ac
1161 5522 1291 5561 mss.
1333 5507 1437 5562 ttisi
1465 5509 1610 5578 quod
1642 5526 1740 5579 pro
1773 5513 1994 5569 Romani
2025 5518 2095 5572 in'

483 5575 761 5701 nguqullis
789 5574 952 5695 ιξοηια
974 5577 1299 5646 ponitur;at
1328 5574 1520 5634 neutra
1545 5574 1724 5637 vox'in
1755 5583 1910 5638 Rom.
1939 5587 2070 5642 edit.

483 5663 510 5701 a
559 5658 720 5700 missa
747 5657 805 5696 es
838 5685 850 5697 .

481 5647 720 5701 admissa
747 5654 850 5697 est.

553 5716 748 5795 0_Mss.
783 5713 942 5795 lor.
983 5727 1040 5772 et
1081 5719 1268 5786 \'ind.,
1295 5723 1460 5795 nulla
1505 5725 1610 5778 visa
1656 5732 1762 5777 erat
1809 5729 2072 5795 potentia:

475 5787 668 5850 Corb.,
701 5785 846 5841 nulla
872 5786 945 5841 vis
971 5798 1080 5842 erat
1110 5785 1366 5858 potentiae.

2195 4704 2263 4743 ex
2306 4687 2372 4741 iis
2411 4694 2648 4756 quantus
2686 4693 2742 4738 et
2777 4699 2937 4754 quam
2979 4684 3318 4742 admirabilis
3357 4687 3582 4747 creator
3621 4709 3826 4751 eorum

2195 4791 2299 4847 est,
2334 4779 2503 4850 possit
2531 4778 2783 4849 agnosci,
2815 4786 2871 4832 et
2898 4777 3048 4832 solus
3075 4777 3315 4833 adorari.
3346 4778 3508 4838 Unde
3543 4787 3828 4858 scriptum

2194 4886 2280 4931 est
2320 4876 2374 4929 in
2420 4873 2628 4944 psalmo
2661 4889 2674 4924 :
2706 4869 2831 4925 Caeli
2859 4881 3097 4925 enarraut
3135 4871 3360 4942 gloriam
3391 4873 3531 4942 Dei,
3567 4889 3615 4933 et
3659 4897 3830 4953 opera

2195 4983 2440 5022 manuum
2467 4969 2578 5037 ejus
2604 4965 2879 5018 annuntiat
2904 4965 3288 5032 ﬁrmamentum
3321 4967 3500 5039 (Psal.
3531 4989 3668 5030 xvttt
3692 5018 3708 5041 ,
3736 4977 3826 5050 2).

2195 5059 2298 5113 Ρει·
2328 5055 2639 5112 naturalem
2670 5069 2802 5125 ergo
2833 5055 3006 5126 legem
3052 5072 3208 5112 reum
3249 5058 3381 5116 facit
3413 5078 3594 5132 genus
3622 5067 3831 5124 huma-

2191 5166 2354 5216 num;
2387 5157 2678 5220 potuerunt
2706 5149 2854 5204 enim
2901 5149 2952 5202 id
3001 5165 3096 5220 per
3126 5152 3304 5222 legem
3353 5164 3569 5213 naturze
3616 5177 3829 5234 appre-

2255 5306 2280 5342 d
2331 5305 2613 5385 \‘et.__edit.
2650 5313 2707 5360 et
2736 5305 2937 5385 plu_res_
2955 5323 3112 5373 mss.,
3144 5312 3283 5385 quod
3322 5313 3433 5368 illis
3479 5319 3825 5385 tradiderat;

2184 5379 2344 5432 Rom.
2388 5376 2520 5432 edit.
2566 5391 2688 5430 cum
2739 5377 2859 5431 cod.
2906 5379 3051 5434 Prat.
3093 5376 3167 5434 et'
3189 5381 3349 5438 Gem.
3394 5387 3606 5456 aptius,
3657 5401 3717 5446 ιιι
3766 5376 3823 5449 in

2411 5465 2464 5501 u.

2183 5459 2508 5574 coglilxridex
2551 5517 2713 5572 Mich.
2743 5530 2796 5572 et
2838 5521 3084 5590 quaedam
3127 5523 3259 5579 edit.
3298 5525 3501 5594 l’aris.,
3547 5532 3821 5596 iudicium

2185 5601 2278 5645 est.

2258 5662 2276 5698 ί
2323 5662 2455 5735 Mss.
2483 5659 2638 5715 Gem.
2667 5675 2738 5735 ac
2780 5660 2948 5730 Prat.,
2991 5665 3086 5718 hoc
3117 5682 3225 5721 esse
3254 5672 3624 5728 constitutum.
3663 5675 3822 5735 Infra

2186 5730 2456 5813 vero,_ttbi
2486 5731 2745 5813 vet..edit.
2777 5747 2897 5813 cum
2930 5739 3250 5813 mss_.,_quod
3281 5742 3346 5794 de
3373 5758 3428 5796 se
3464 5730 3821 5813 repromisit:-

2181 5802 2311 5857 edit.
2347 5802 2504 5860 Rom.
2539 5802 2676 5868 sola,
2699 5805 2839 5858 quod
2870 5802 3140 5862 oromittit‘.
