4082 6306
261 280 327 335 57
1129 277 1628 338 COMMENTARIA
1671 279 1735 336 IN
1783 278 2174 338 EPISTOLAM
2217 281 2308 337 AD
2346 281 2694 340 ROMANOS.
3507 289 3574 343 58

260 393 538 466 bendere,
573 397 783 454 fabrica
815 397 995 453 mundi
1029 394 1366 463 testiﬁcante,
1397 403 1674 452 auctorem
1704 395 1871 452 Deum
1901 402 1955 464 Α
1979 395 2215 453 rioribus
2247 396 2504 468 loquitur,
2530 407 2590 454 ιιι
2621 411 2918 470 praesentes
2945 411 3002 458 et
3032 401 3238 459 futuros
3262 404 3520 477 corrigat.

257 489 440 544 solum
498 490 886 562 diligendum,
938 489 1079 562 quod
1134 490 1346 562 Moyses
1401 490 1601 545 litteris
1656 489 1875 546 tradidit

259 580 447 654 (Deut.
474 598 564 651 vt,
592 585 652 656 5)
687 601 701 639 :
730 584 825 640 sed
856 584 1000 653 impii
1033 582 1154 638 lacti
1185 591 1312 637 sunt
1335 598 1442 638 non
1471 581 1702 638 colendo
1723 596 1875 637 crea-

260 687 436 732 torem
463 719 478 741 ,
521 689 578 733 et
627 679 890 748 injustitia
933 679 988 733 in
1037 677 1116 733 eis
1161 688 1427 748 apparet,
1465 678 1591 734 dum
1625 677 1873 734 videntes

259 768 618 824 dissimulant
649 786 678 824 a
709 770 958 836 veritate,
990 770 1016 798 ‘1
1047 784 1152 824 non
1184 770 1414 826 fatentes
1446 786 1608 825 unum
1643 770 1832 825 Deum.

332 861 520 934 (Vers.
557 863 672 934 19.)
714 862 851 929 Quia
876 863 1011 932 quod
1048 872 1224 918 notum
1263 873 1338 917 est
1370 863 1465 917 Dei
1494 906 1508 929 ,
1542 863 1870 936 manifestum

253 971 332 1016 est
371 961 430 1014 in
473 961 600 1015 illis.
637 959 835 1015 Notitia
879 959 973 1014 Dei
1010 958 1297 1015 manifesta
1332 969 1414 1014 est
1455 973 1521 1014 ex
1567 957 1754 1013 mundi
1795 959 1870 1013 fa-

261 1053 449 1120 brica;
502 1061 558 1106 ιιι
604 1053 748 1107 ειιὶιιι
802 1052 986 1119 Deus,
1031 1053 1123 1122 qui
1171 1060 1362 1107 natura
1411 1051 1701 1108 invisibilis
1744 1062 1866 1118 est,

257 1148 425 1201 etiam
455 1145 764 1201 visibilihus
807 1147 982 1217 possit
1025 1146 1196 1212 sciri,
1242 1161 1380 1218 opus
1426 1145 1628 1201 factum
1674 1155 1758 1202 est
1801 1147 1868 1202 ab

257 1254 347 1305 eo,
389 1239 536 1310 quod
579 1239 831 1312 opiﬁcem
871 1238 1184 1294 visibilitate
1227 1253 1324 1295 sua
1364 1237 1766 1304 manifestaret,
1812 1249 1868 1296 ut

259 1348 356 1404 per
382 1343 593 1390 certum
624 1335 892 1390 incertum
925 1341 1111 1403 posset
1148 1331 1278 1388 sciri
1315 1350 1326 1385 :
1356 1347 1420 1387 ac
1452 1346 1548 1403 per
1589 1331 1690 1388 hoc
1721 1331 1865 1403 quod

257 1429 477 1484 caeteris
508 1427 847 1498 impossibile
873 1438 976 1494 est,
1007 1428 1100 1483 ille
1135 1444 1257 1484 esse
1297 1426 1440 1484 Deus
1466 1427 1707 1482 omnium
1747 1443 1865 1483 cre-

259 1521 508 1589 deretur,
539 1521 630 1592 qui
672 1521 776 1577 hoc
819 1537 956 1593 opus
1001 1522 1149 1578 fecit.

331 1613 473 1670 Deus
503 1615 641 1670 enim
667 1615 778 1670 illis
809 1616 1180 1687 manifestavit,
1215 1613 1241 1653 δ
1271 1614 1373 1671 Ιιοε
1399 1624 1513 1681 est,
1543 1629 1678 1686 opus
1705 1614 1861 1681 lecit,

258 1723 359 1778 per
385 1709 532 1779 quod
561 1711 734 1780 possit
763 1712 985 1782 agnosci
1017 1725 1112 1780 per
1137 1709 1324 1765 ﬁdem.

2048 490 2157 546 Sed
2193 502 2504 547 evanuerunt
2552 492 2606 548 in
2645 496 3041 565 cegitationibus
3081 500 3213 552 suis.
3261 508 3282 535 (³
3326 497 3579 555 Evanue-

1974 593 2138 649 runt;
2171 583 2418 640 videntes
2461 587 2606 640 enim
2640 588 2897 644 mundum
2931 588 3067 644 miro
3098 599 3295 646 ornatu
3328 599 3572 662 aptatum

1970 675 2040 730 ah
2074 690 2163 743 eo,
2192 693 2351 748 quem
2394 678 2512 749 ejus
2551 679 2803 750 opiﬁcem
2834 693 3223 753 cognoverant,
3258 684 3572 742 dissimula-

1973 779 2186 824 verunt.

2047 863 2109 918 Et
2149 865 2472 920 obscuratum
2501 879 2574 922 est
2611 869 2861 941 insipiens
2901 886 2989 924 cor
3018 887 3212 926 eorum.
3249 872 3456 930 Ncbula
3487 890 3576 930 er-

1971 961 2111 1015 roris
2141 960 2274 1015 texit
2312 977 2408 1017 cor
2448 962 2662 1018 illorum
2685 1005 2700 1030 ,
2731 965 2856 1035 quia
2890 979 3012 1022 eum
3042 976 3343 1022 creatorem
3377 983 3443 1023 ex
3487 970 3570 1032 iis,

1970 1069 2089 1124 qua:
2137 1053 2266 1109 fecit
2308 1055 2556 1126 pulchra,
2589 1057 2820 1126 amplius
2861 1057 3220 1114 honoriﬁcare
3251 1058 3570 1128 debuerint,

1969 1147 2152 1202 obtusi
2182 1158 2330 1217 sunt,
2362 1150 2554 1206 relicto
2585 1151 2699 1217 illo,
2731 1151 2844 1207 haec
2869 1154 2985 1208 sola
3012 1152 3256 1210 dicentes
3283 1154 3384 1209 sibi
3411 1155 3564 1210 sulti-

1967 1255 2093 1297 cere
2119 1241 2187 1296 ad
2216 1243 2507 1309 culturam,
2536 1259 2655 1315 qua:
2682 1244 2958 1302 videntur.

2043 1334 2226 1404 (Vers.
2255 1335 2376 1407 22.)
2416 1335 2660 1392 Dicentes
2690 1339 2823 1391 enim
2862 1355 2917 1393 se
2955 1355 3066 1394 esse
3101 1339 3396 1409 sapientes,
3431 1341 3574 1394 stulti

1966 1428 2095 1498 facti
2125 1437 2262 1482 sunt.
2291 1428 2583 1498 Sapientes
2608 1431 2750 1485 enim
2779 1445 2838 1486 se
2865 1431 3232 1497 arbitrantur;
3255 1433 3384 1503 quia
3411 1431 3573 1486 ratio-

1969 1536 2065 1575 nes
2104 1521 2361 1594 physicas
2392 1525 2752 1595 investigasse
2782 1541 2840 1580 se
2870 1535 3080 1596 putant,
3113 1535 3422 1582 scrutantes
3451 1541 3574 1582 cur-

1966 1629 2063 1670 sus
2103 1616 2367 1684 siderum,
2399 1627 2453 1673 et
2493 1619 2789 1689 qualitates
2828 1619 3249 1687 elementorum,
3292 1621 3572 1678 dominum

1966 1719 2146 1765 autem
2177 1711 2366 1767 horum
2397 1725 2761 1782 spernentes;
2796 1713 2918 1770 ideo
2945 1715 3052 1787 33
3082 1715 3234 1770 stulti
3260 1724 3418 1778 sunt;
3449 1731 3571 1771 cum

325 1801 512 1875 (Vers.
541 1803 664 1873 20.)
700 1801 993 1859 Invisibilia
1037 1804 1172 1858 enim
1201 1805 1318 1870 ejus
1348 1821 1379 1858 a
1411 1813 1650 1858 creatura
1681 1805 1858 1857 mundi
1892 1801 1938 1861 B
1963 1805 2008 1860 si
2040 1804 2156 1860 hanc
2186 1806 2453 1862 laudanda
2481 1808 2610 1873 sint,
2643 1819 2846 1872 quanto
2875 1808 3048 1880 magis
3075 1817 3292 1864 creator
3319 1809 3566 1864 illorum!

256 1913 350 1964 per
376 1913 438 1952 ea
472 1913 590 1968 qua:
619 1902 756 1969 facta
793 1908 943 1964 sunt,
974 1899 1230 1954 intellecta
1272 1901 1683 1972 conspiciuntur.
1719 1899 1861 1955 Idem

253 2004 452 2047 sensus
480 2001 596 2058 est,
622 2007 781 2062 quem
814 1991 1046 2062 repetit;
1083 2002 1139 2047 ιιι
1179 1991 1481 2048 absolutius
1521 1993 1713 2048 doceat
1737 1994 1860 2063 quia

252 2098 378 2140 cum
413 2101 512 2156 per
533 2100 592 2142 se
625 2086 864 2156 potentia
893 2095 948 2140 et
979 2087 1229 2156 tnajestas
1265 2085 1356 2142 Dei
1387 2095 1656 2143 creaturae
1686 2087 1862 2142 oculis

252 2178 428 2249 aspici
458 2193 567 2233 non
607 2179 832 2248 possint,
871 2189 891 2217 ο
927 2193 1092 2248 opere
1122 2178 1305 2234 mundi
1338 2179 1610 2234 intellecta
1644 2180 1862 2250 conspi-

251 2271 500 2327 ciuntur.
535 2271 650 2327 Hoc
681 2272 848 2342 igitur
886 2287 1086 2342 genere
1126 2287 1249 2328 reos
1294 2273 1423 2328 facit
1463 2289 1577 2338 eos,
1608 2275 1698 2345 qui
1742 2274 1861 2330 sine

256 2363 384 2435 lege
408 2364 655 2419 vixerunt
675 2374 730 2420 et
756 2374 962 2420 natura:
988 2375 1042 2421 et
1065 2365 1267 2438 Moysi;
1292 2366 1685 2422 consuetudine
1711 2367 1858 2422 enim

255 2461 518 2532 peccandi
541 2462 844 2517 obruerunt
866 2462 1037 2533 legem
1065 2469 1294 2526 naturas,
1317 2457 1344 2496 ιι
1371 2460 1631 2531 oblitique
1654 2477 1861 2516 memo-

255 2554 394 2608 riam
421 2553 540 2624 ejus
569 2569 583 2607 :
618 2553 794 2625 legem
819 2563 1000 2610 autem
1027 2569 1146 2624 qua:
1173 2553 1238 2608 ad
1269 2553 1712 2609 reformationem
1736 2554 1858 2609 data

254 2643 457 2712 fuerat,
484 2646 768 2717 percipere
795 2648 1110 2715 noluerunt,
1138 2656 1196 2701 ιιι
1218 2645 1421 2717 duplici
1452 2645 1616 2702 modo
1637 2647 1857 2703 obnoxii

253 2735 453 2793 ﬁerent
492 2738 850 2795 damnationi.

327 2831 662 2903 Sempiterna
693 2850 890 2903 quoque
929 2839 1041 2908 ejus
1079 2837 1239 2891 virtus
1283 2848 1333 2890 et
1370 2837 1654 2904 diuinitas,
1686 2837 1756 2890 ita
1802 2847 1858 2892 ut

252 2927 358 2979 sint
395 2926 789 2983 inexcusabiles.
821 2927 891 2984 Ut
920 2930 1141 2984 omnino
1169 2935 1417 2985 excusari
1461 2931 1712 3000 impietas
1749 2947 1856 2986 non

251 3022 449 3091 possit,
477 3021 680 3092 adjecit
717 3023 878 3078 etiam
921 3024 1180 3081 virtutem
1233 3027 1324 3081 Dei
1351 3068 1366 3093 ,
1419 3035 1474 3080 et
1517 3025 1855 3082 divinitatem

253 3116 644 3185 sempiternam
689 3118 960 3188 cognitam
997 3133 1119 3174 esse
1161 3119 1229 3175 ab
1268 3118 1601 3186 hominibus,
1643 3129 1700 3175 et
1745 3132 1859 3176 stn-

1967 1895 2162 1953 Solent
2207 1909 2386 1954 tamen
2431 1899 2692 1969 pudorem
2743 1902 2919 1970 passi,
2955 1900 3185 1971 neglecti
3231 1901 3324 1956 Dei
3374 1901 3572 1957 misera

1967 1990 2041 2043 uti
2087 1992 2476 2058 excusatione,
2525 1993 2770 2064 dicentes
2825 2007 2922 2063 per
2974 1993 3107 2047 istos
3158 2007 3320 2063 posse
3371 1993 3452 2048 ire
3503 1993 3570 2048 ad

1965 2083 2162 2149 Deum,
2193 2083 2332 2139 sicut
2370 2099 2468 2156 per
2497 2085 2728 2140 comites
2757 2085 3072 2156 pervenitur
3097 2085 3164 2140 ad
3197 2100 3401 2156 regem.
3433 2084 3570 2156 Age,

1967 2178 2227 2249 numquid
2271 2188 2377 2234 tam
2420 2180 2648 2235 demens
2689 2192 2768 2235 est
2821 2179 3042 2250 aliquis,
3084 2191 3172 2234 aut
3222 2179 3418 2235 salutis
3460 2193 3572 2234 suae

1965 2271 2274 2339 immemor,
2307 2283 2364 2328 ut
2405 2273 2872 2329 honoriﬁcentiam
2905 2275 3050 2344 regis
3075 2273 3312 2330 vindicet
3343 2274 3527 2330 comiti
3554 2291 3566 2336 ;

1963 2380 2086 2418 eum
2114 2365 2181 2425 de
2211 2366 2312 2420 hac
2346 2381 2406 2420 re
2435 2369 2481 2418 si
2515 2367 2603 2435 qui
2637 2367 2802 2420 etiam
2834 2377 3064 2422 tractare
3095 2365 3301 2422 fuerint
3331 2367 3566 2432 inventi,

1957 2455 2082 2525 jure
2113 2467 2169 2510 ιιι
2197 2457 2274 2511 rei
2304 2456 2632 2512 damnentur
2660 2458 2995 2526 majestatis?
3025 2460 3090 2514 Et
3128 2458 3218 2514 isti
3243 2472 3302 2513 se
3329 2474 3434 2513 non
3466 2474 3561 2530 pu-

1965 2558 2083 2605 tant
2113 2567 2270 2620 reos,
2309 2554 2400 2622 qui
2432 2552 2694 2608 honorem
2731 2555 2965 2609 nominis
3001 2555 3096 2610 Dei
3126 2554 3382 2610 delerunt
3409 2567 3565 2609 crea-

1965 2650 2132 2709 turae,
2177 2655 2232 2699 et
2271 2646 2466 2700 relicto
2498 2645 2752 2710 Domino,
2783 2661 3084 2702 conservos
3116 2646 3386 2714 adorant;
3417 2648 3570 2717 quasi

1961 2739 2034 2792 sit
2072 2739 2271 2810 aliquid
2305 2741 2453 2810 plus,
2485 2742 2627 2812 quod
2672 2752 2981 2797 reservetur
3023 2742 3151 2797 Deo.
3197 2742 3330 2798 Nam
3361 2755 3412 2798 et
3447 2743 3570 2798 ideo

1960 2831 2027 2888 ad
2061 2848 2242 2904 regem
2278 2849 2376 2904 per
2407 2834 2655 2890 tribunos
2681 2844 2774 2889 aut
2804 2835 3036 2890 comites
3077 2836 3214 2899 itur;
3241 2838 3365 2906 quia
3408 2837 3572 2890 homo

1960 2927 2149 2995 utique
2179 2934 2264 2981 est
2292 2940 2412 2990 rex,
2437 2936 2491 2980 et
2522 2926 2692 2982 nescit
2723 2925 2924 2996 quibus
2949 2925 3146 2981 debeat
3176 2925 3569 2996 rempublicam

1959 3017 2211 3072 credere.
2250 3015 2331 3072 Ad
2370 3016 2540 3072 Deum
2588 3025 2793 3085 autem,
2825 3032 2986 3086 quem
3026 3015 3215 3086 utique
3257 3015 3392 3072 nihil
3439 3016 3572 3071 latet

1962 3106 2228 3178 (omnium
2257 3107 2404 3162 enim
2433 3108 2628 3163 merita
2661 3106 2862 3178 novit),
2893 3106 3344 3176 promerendum,
3367 3107 3565 3162 suffra-

253 3221 384 3277 pore
407 3209 644 3278 quodam
675 3210 964 3267 hebetasse
985 3212 1050 3268 ad
1078 3212 1452 3268 honorandum
1479 3213 1671 3279 Deum,
1694 3230 1854 3285 quem

1964 3208 2152 3270 gatore
2188 3215 2295 3256 non
2329 3215 2467 3270 opus
2494 3209 2600 3267 est,
2631 3200 2726 3255 sed
2762 3208 2946 3254 mente
2971 3200 3190 3256 devota.
3228 3199 3566 3273 Ubicumque

250 3312 304 3356 et
341 3318 487 3370 esse,
526 3313 578 3360 et
611 3306 828 3376 operari
863 3306 931 3361 ad
963 3306 1254 3362 utilitatem
1286 3323 1438 3362 suam
1486 3323 1593 3363 non
1636 3310 1855 3377 ignora-

249 3407 406 3465 rent;
453 3415 514 3454 ea
562 3401 708 3454 enim
751 3418 870 3470 qum
918 3402 1174 3458 humanis
1215 3403 1405 3459 usibus
1446 3404 1666 3459 evoluto
1712 3418 1855 3458 anno

246 3492 561 3563 gignuntur,
597 3494 775 3564 ipsum
805 3493 1117 3551 decrevisse
1157 3495 1291 3551 nulli
1339 3496 1390 3550 in
1430 3495 1652 3552 dubium
1683 3497 1850 3550 venit.

246 3584 480 3642 )Eterna
511 3601 644 3658 ergo
686 3589 856 3644 virtus
887 3590 1004 3661 ejus
1034 3590 1284 3646 Christus
1311 3601 1393 3646 est
1414 3633 1429 3657 ,
1462 3606 1557 3661 per
1579 3606 1742 3661 quem
1772 3591 1852 3646 in-

246 3681 452 3749 stituit,
493 3699 613 3754 qua:
656 3699 763 3738 non
805 3693 1069 3751 erant,et
1108 3695 1328 3742 manent
1367 3685 1419 3740 in
1465 3699 1552 3740 eo.
1599 3684 1764 3754 Cujus
1807 3685 1852 3740 si

243 3773 450 3830 dudum
491 3790 722 3844 persona
753 3779 932 3848 agnita
981 3796 1087 3834 non
1117 3788 1200 3836 est
1223 3821 1238 3846 ,
1270 3795 1437 3850 opera
1471 3789 1650 3834 tamen
1680 3779 1855 3835 mani-

242 3867 381 3924 festa
410 3880 538 3925 sunt
568 3889 581 3924 :
615 3871 873 3928 Divinitas
893 3888 1046 3939 vero,
1072 3875 1194 3945 quia
1229 3874 1278 3929 in
1308 3889 1476 3945 opere
1502 3875 1605 3931 sibi
1629 3876 1850 3932 decreto

242 3960 542 4030 perdurant
570 3967 838 4020 elementa
867 3982 1076 4022 rerum.

315 4051 385 4109 Ut
421 4056 524 4110 sint
561 4057 955 4114 inexcusabiles.
999 4059 1178 4115 Multis
1216 4061 1362 4116 enim
1391 4061 1567 4117 modis
1592 4064 1681 4134 qui
1725 4077 1849 4117 reus

237 4147 586 4204 convincitur
611 4152 860 4207 excusari
892 4167 997 4208 non
1030 4161 1228 4224 potest.

311 4239 500 4309 (Vers.
531 4241 652 4314 21.)
696 4244 955 4310 Quoniam
993 4261 1107 4299 cum
1137 4247 1493 4318 cognouissent
1513 4245 1716 4315 Deum;
1745 4264 1847 4302 non

233 4333 368 4388 sicut
396 4332 568 4390 Deum
597 4339 1076 4408 magniﬁcaverunt,
1107 4349 1196 4393 aut
1237 4339 1430 4410 gratias
1472 4349 1701 4410 egerunt.
1741 4341 1844 4396 Us-

234 4444 342 4498 que
367 4429 509 4484 adeo
538 4445 643 4485 non
671 4429 1084 4502 ignoravernnt,
1114 4441 1170 4487 ιιι
1200 4431 1500 4488 faterentur
1527 4449 1692 4488 unum
1722 4447 1845 4488 esse

235 4521 588 4592 principium,
619 4538 648 4577 a
677 4539 782 4593 quo
811 4526 994 4579 omnia
1023 4525 1233 4580 initium
1262 4526 1451 4582 sortita
1485 4526 1624 4592 sint,
1649 4528 1844 4583 coales-

238 4613 309 4668 tia
350 4625 403 4667 et
439 4617 712 4671 terrestria
744 4626 801 4672 et
831 4618 1041 4674 inferna
1075 4636 1088 4672 :
1132 4628 1187 4675 et
1231 4621 1372 4675 hunc
1401 4636 1566 4675 unum
1599 4636 1721 4676 esse
1750 4623 1838 4692 qtti

237 4707 494 4762 omnibus
523 4707 824 4766 decreverit
871 4712 1230 4781 proprietates
1271 4723 1323 4766 et
1357 4711 1535 4767 ofﬁcia
1581 4714 1842 4768 naturali-

238 4809 350 4860 ter;
381 4809 440 4856 et
479 4801 594 4858 hcce
625 4802 860 4859 scientes
904 4819 1012 4860 non
1045 4816 1270 4876 egerunt
1309 4806 1532 4878 gratias.
1570 4807 1644 4861 De
1689 4819 1839 4863 ante-

308 4987 334 5016 ⁸
379 4987 520 5062 Edit.
555 4988 779 5044 Amerb.
809 4989 1060 5062 et_Eras.
1090 5005 1212 5046 cum
1259 5006 1392 5046 mss.
1432 4992 1573 5048 haud
1617 4993 1832 5062 paucis,

237 5076 339 5112 non
379 5060 627 5128 facientes
669 5077 826 5114 unum
856 5058 1025 5116 Deum
1053 5079 1072 5117 :
1111 5062 1242 5117 edit.
1275 5062 1401 5119 Gill.
1431 5080 1494 5120 ac
1522 5058 1682 5120 Rom.
1713 5058 1834 5121 cuin

237 5133 456 5202 czcteris
488 5147 645 5196 mss.,
679 5148 780 5186 non
811 5136 1048 5202 fatentes,
1079 5142 1185 5189 etc.

307 5201 333 5239 ιι
378 5203 450 5256 lta
482 5214 589 5259 vet.
620 5204 754 5275 edit.
783 5201 848 5275 ac
879 5219 1009 5258 mss.
1045 5205 1144 5260 nisi
1179 5205 1326 5275 quod
1358 5207 1413 5261 in
1445 5208 1553 5262 illis
1585 5207 1834 5270 habetur,

237 5275 446 5348 agnosci
471 5275 622 5344 fides,
654 5277 719 5348 in;
737 5274 845 5342 his,
873 5277 1080 5348 agnosci
1110 5274 1210 5348 per,
1228 5277 1416 5343 ﬁdem;
1440 5279 1678 5334 at’Rom.
1703 5280 1834 5333 edit.

236 5347 314 5397 sic
361 5345 540 5400 locum
583 5346 804 5417 prrcfert
838 5364 850 5399 :
888 5345 1329 5418 Manifeslavitise
1367 5348 1502 5403 Deus
1543 5351 1681 5414 illis,
1715 5349 1838 5402 dum

238 5430 363 5483 opus
386 5418 530 5488 fecit,
553 5434 643 5485 per
657 5417 794 5478 quod
816 5419 973 5488 possit
992 5420 1223 5488 agnosci.
1246 5417 1536 5474 Iut'isibilia
1556 5423 1713 5485 enim,
1728 5429 1834 5476 etc.

309 5495 331 5522 ο
373 5486 501 5542 Gill.
534 5503 600 5542 ac
630 5487 802 5561 Rom.
817 5486 953 5543 edit.
982 5486 1106 5561 cum
1139 5505 1270 5544 mss.
1299 5492 1626 5561 quibusdam
1657 5508 1841 5561 opere;

239 5570 396 5629 mss.,
423 5574 606 5625 opera,
641 5559 917 5612 mundana:
946 5559 1191 5629 fabricae;
1216 5559 1440 5617 Amerb.
1470 5574 1525 5618 et
1554 5559 1837 5618 Gill.-cum

237 5627 464 5703 reliquis
487 5629 640 5696 cod.,
673 5646 862 5696 opere;
895 5627 1078 5703 plures
1105 5627 1264 5694 mss.,
1297 5650 1474 5703 opera,
1505 5634 1705 5688 mundi.

307 5697 332 5736 (³
359 5697 452 5757 Sic
483 5703 622 5771 edit.
653 5697 960 5756 Amerbfet
993 5702 1147 5762 Eros.
1175 5721 1297 5759 cum
1328 5697 1511 5762 inultis
1526 5721 1680 5771 mss.;
1710 5704 1835 5760 Gill.

235 5774 364 5825 vero
399 5785 454 5828 et
485 5767 653 5829 Rom.
684 5773 819 5829 edit.
851 5787 974 5827 cum
1005 5773 1144 5841 aliis,
1165 5774 1511 5830 oblitterando
1542 5767 1841 5831 memoriam
1882 5822 1885 5826 ,

233 5844 362 5912 ejus.

1958 3295 2102 3350 enim
2139 3294 2262 3349 talis
2290 3295 2509 3350 locutus
2534 3294 2695 3350 fuerit
2724 3293 2804 3361 ei,
2839 3294 3191 3365 respondebit
3224 3295 3322 3350 illi.

2029 3409 2212 3482 (Vers.
2247 3409 2366 3482 25.)
2395 3408 2466 3464 Et
2506 3422 2828 3465 mutaverunt
2872 3413 3094 3483 gloriam
3152 3413 3569 3483 incorruptibilis

1956 3500 2056 3556 Dei
2087 3504 2141 3556 in
2186 3503 2580 3559 similitudinem
2619 3505 2863 3576 imaginis
2911 3505 3264 3576 corruptibilis
3317 3507 3563 3561 hominis.

1956 3595 2045 3651 Sic
2084 3597 2420 3652 obcaecatum
2445 3607 2528 3652 est
2558 3613 2653 3651 eor
2680 3597 2936 3663 illorum,
2972 3609 3027 3652 ιιι
3054 3599 3391 3669 majestatem
3425 3600 3564 3654 invi-

1955 3688 2130 3744 sibilis
2156 3689 2281 3752 Dei,
2314 3705 2474 3760 quem
2507 3707 2574 3745 εκ
2603 3689 2686 3744 bis
2706 3692 2862 3746 factis
2890 3704 3246 3760 agnoverant,
3283 3692 3300 3730 ί
3329 3707 3433 3748 non
3459 3695 3558 3749 ho-

1955 3781 2210 3848 rninibus,
2237 3781 2334 3838 sed
2365 3781 2508 3852 quod
2534 3783 2688 3852 pejus
2715 3792 2818 3849 est,
2839 3792 2893 3837 et
2916 3784 3288 3839 inexcusabile
3315 3785 3547 3851 crimen,

1956 3875 2008 3929 in
2040 3875 2454 3930 similitudinem
2487 3875 2763 3930 hominum
2792 3885 3097 3943 mutarent;
3133 3888 3189 3930 ιιι
3221 3876 3390 3931 forma
3431 3892 3556 3932 eor-

1955 3966 2227 4038 rnptibilis
2255 3966 2492 4023 hominis
2517 3967 2662 4023 Deus
2687 3967 2756 4022 ab
2789 3967 2874 4022 his
2899 3977 3161 4035 vocetur,
3195 3968 3299 4023 hoc
3331 3978 3446 4032 est,
3475 3970 3555 4024 si-

1952 4061 2250 4116 mulacrum
2285 4062 2524 4117 hominis
2559 4078 2571 4115 :
2607 4072 2662 4117 ιιι
2700 4078 2836 4134 quos
2890 4062 3043 4118 vivos
3074 4061 3177 4119 hoc
3205 4063 3424 4119 nomine
3451 4063 3554 4119 do-

1954 4170 2085 4209 nare
2108 4170 2214 4210 non
2259 4155 2498 4222 audent,
2552 4167 2890 4211 mortuorum
2943 4158 3210 4227 imagines
3243 4159 3296 4211 in
3319 4157 3552 4228 gloriam

1952 4248 2047 4304 Dei
2070 4249 2356 4318 recipiant.
2394 4249 2653 4318 BQuanta
2711 4249 3012 4316 hebetudo,
3064 4259 3268 4320 quanta
3301 4251 3557 4317 stultitia,

1953 4342 2051 4395 hos
2081 4342 2356 4410 sapientes
2381 4341 2659 4412 appellare
2686 4341 2752 4396 ad
2785 4357 2936 4396 suam
2963 4342 3390 4408 damnationem,
3413 4343 3557 4414 apud

1947 4452 2084 4508 quos
2120 4437 2241 4506 plus
2270 4445 2450 4507 potest
2480 4437 2660 4506 imago
2689 4453 2850 4507 quam
2875 4438 3110 4503 veritas;
3140 4449 3194 4494 et
3223 4441 3422 4494 mortui
3456 4455 3558 4510 po-

1951 4531 2116 4584 tiores
2140 4541 2265 4584 sunt
2291 4529 2461 4584 vivis!
2496 4528 2540 4584 A
2576 4532 2695 4584 vivo
2721 4530 2866 4584 cnim
2900 4530 3014 4584 Deo
3038 4531 3383 4598 recedentes,
3414 4548 3558 4588 mor-

1949 4623 2056 4677 tuis
2082 4622 2286 4688 favcnt,
2327 4622 2382 4677 in
2410 4638 2642 4694 quorum
2676 4639 2904 4678 numero
2933 4632 3060 4678 sunt
3083 4665 3098 4692 ,
3124 4626 3548 4695 sicutscriplnm

1948 4725 2030 4770 est
2063 4717 2116 4770 in
2144 4717 2408 4786 sapientia
2440 4717 2748 4773 Salomonis
2781 4735 2794 4772 :
2827 4715 3072 4772 Mortalis
3114 4719 3261 4790 ﬁngit
3290 4729 3551 4774 mortuum

1946 4807 2186 4863 manibus
2209 4808 2400 4879 iniquis
2441 4809 2599 4879 (Sap.
2635 4825 2725 4877 xv,
2753 4809 2872 4880 27).

2018 4996 2041 5022 °
2085 4993 2214 5049 Mss.
2246 4993 2493 5048 nonnulli
2520 5003 2575 5048 et
2601 4992 2729 5050 Gill.
2763 4995 2815 5048 in
2846 4995 3012 5050 variis
3041 4996 3190 5063 lect.,
3219 5013 3330 5052 rere
3356 4999 3554 5052 t'anita-

1941 5067 2019 5138 lis
2043 5076 2121 5138 est
2143 5063 2262 5130 Itoc,
2295 5074 2351 5118 ut
2383 5076 2745 5138 cognoscentes
2776 5069 3060 5134 veritatem,
3091 5072 3375 5138 cogitarent
3406 5069 3552 5121 aliud

1941 5137 2229 5197 colendum,
2256 5137 2391 5204 quod
2417 5137 2708 5191 nesciebant
2730 5154 2906 5191 rerum
2927 5156 3069 5203 esse;
3089 5137 3548 5194 ut’dissimulantes

1942 5207 2004 5261 ab
2033 5223 2112 5268 eo.
2143 5206 2363 5261 colerent
2392 5207 2559 5262 idola.
2594 5209 2659 5262 Et
2691 5211 3106 5264 contenebratum
3144 5219 3238 5271 est,
3268 5220 3376 5263 etc.

2021 5279 2038 5314 τ
2072 5279 2228 5331 llum.
2260 5278 2393 5332 edit.
2423 5295 2485 5333 ac
2512 5282 2664 5348 pauci
2698 5297 2831 5336 mss.
2855 5322 2870 5342 ,
2911 5297 3012 5332 non
3038 5281 3090 5331 in
3112 5279 3364 5333 homines.
3399 5277 3545 5333 Infra

1945 5365 2074 5402 vero
2103 5351 2195 5404 ubi
2223 5350 2414 5404 eadem
2463 5366 2588 5404 cum
2632 5353 2756 5406 aliis
2793 5351 2923 5404 edit.
2957 5365 3020 5402 ac
3051 5363 3181 5401 lllSS.
3225 5349 3458 5418 aliquot,
3492 5362 3546 5404 ut

1947 5421 2116 5491 forma
2142 5422 2495 5488 corruptibilis
2523 5420 2782 5486 hominis;
2835 5435 2967 5474 tuss.
3011 5419 3258 5491 nonnulli
3284 5420 3541 5474 omittunt

1947 5489 2193 5564 hominis,
2216 5492 2306 5546 alii
2331 5493 2563 5546 efferunt
2595 5504 2650 5546 ut
2680 5498 2849 5564 forma
2882 5498 3127 5555 corrupta
3159 5489 3258 5557 ﬁlii
3282 5491 3541 5564 'hotninis.

2021 5573 2046 5610 8
2084 5563 2204 5618 νει.
2240 5564 2372 5618 edit.
2403 5579 2466 5618 ac
2504 5563 2899 5633 propemodum
2927 5573 3122 5633 omnes
3155 5576 3312 5624 mss.,
3341 5563 3546 5629 Quanta

1948 5635 2272 5708 wgriludo...
2304 5636 2447 5703 apud
2470 5631 2740 5708 quos-plus
2762 5631 2948 5708 mortui
2973 5643 3207 5708 possunt,
3235 5649 3389 5708 quam
3420 5636 3542 5698 vivi;

1949 5699 2216 5761 et'mortui
2242 5699 2465 5777 potiores
2483 5699 2780 5777 'sunt'vivis.
2814 5701 3028 5771 Optime
3053 5699 3213 5757 Rom.
3248 5699 3382 5759 edit.
3417 5721 3541 5759 cum

1953 5793 2086 5836 mss.
2115 5775 2342 5848 aliquot.
2374 5787 2432 5832 ut
2457 5791 2557 5832 nos
2580 5775 2632 5829 in
2664 5781 2832 5827 textu.
