4082 6306
529 285 597 342 59
1488 277 1582 337 AD
1617 277 1850 336 OPERA
1891 279 1946 338 S.
1992 278 2147 336 ΑΜΒΙ

2261 278 2321 337 ιιι
2361 279 2731 340 ΑΡΡΕΝΜΧ.

3755 286 3826 341 σο

605 402 673 456 Ει
704 402 983 462 uoluerunt,
1010 405 1057 452 et
1079 397 1495 468 quadrupedum,
1530 407 1579 450 et
1607 397 1942 467 serpentium.
1972 404 2000 434 ι
2023 395 2120 451 His
2147 402 2197 463 Α
2223 396 2480 452 dicuntur
2508 396 2887 462 dehonestari;
2917 413 3119 469 quare,
3151 399 3254 453 nisi
3282 399 3407 468 quia
3451 401 3667 455 macula
3696 416 3825 455 cor-

529 494 790 564 subjectis
813 491 1110 548 cumulavit
1142 490 1208 544 ad
1244 505 1457 560 pronam
1485 487 1835 545 hebetudinis
1855 530 1868 555 ,
1897 499 1957 543 ut
1979 488 2121 544 ultra

530 589 819 644 stultitiam
839 596 896 642 et
924 587 1219 642 vanitatem
1253 586 1360 641 sint
1387 585 1718 655 hujusmodi.
1744 585 1833 642 Sic
1860 585 2008 642 enim
2028 585 2122 642 Dei

527 681 866 750 majestatem
897 687 952 734 et
987 678 1220 749 gloriam
1250 681 1599 744 minuerunt,
1630 687 1690 733 ut
1732 679 1923 734 horum
1943 677 1972 717 ιι
2002 693 2126 750 quas

532 773 751 830 minima
795 781 849 829 et
885 786 1049 844 parva
1071 781 1219 837 sunt,
1252 771 1601 826 similitudini
1631 771 1723 826 Dei
1759 771 2125 827 honoriﬁcen-

532 869 659 923 tiam
685 866 910 931 darent;
938 867 1097 934 primi
1124 867 1265 922 enim
1290 865 1571 938 Babylonii
1593 865 1764 922 Deum
1791 875 2127 922 vocaverunt

535 962 851 1030 ﬁgmentum
880 957 993 1014 Beli
1019 957 1300 1028 cujusdam
1325 957 1595 1028 quondam
1626 957 1861 1013 hominis
1883 959 2083 1014 mortui
2107 1001 2122 1027 ,

533 1053 624 1126 qui
650 1054 1020 1122 principatum
1073 1053 1127 1107 in
1165 1067 1260 1107 eos
1283 1051 1483 1108 dicitur
1509 1053 1713 1123 egisse.
1745 1051 2044 1109 Coiuerunt
2073 1062 2128 1110 et

532 1157 845 1218 serpentem
905 1146 1220 1213 draconem,
1266 1160 1428 1217 quem
1473 1145 1674 1201 occidit
1734 1147 1922 1203 Daniel
1963 1147 2130 1203 homo

536 1241 630 1296 Dei
683 1240 858 1314 (Dan.
891 1238 1158 1310 xw,26),
1217 1239 1374 1310 cujus
1429 1239 1841 1296 similitudinem
1901 1239 2128 1296 habent.

539 1333 780 1406 Egyptii
822 1341 1002 1390 autem
1030 1331 1284 1390 colebant
1324 1333 1756 1404 quadrupedem,
1793 1349 1954 1404 quam
1977 1335 2129 1391 diee-

540 1425 666 1481 bant
695 1424 862 1494 Apin,
925 1425 980 1479 in
1032 1425 1448 1480 similitudinem
1500 1441 1715 1493 vaccae;
1766 1426 1910 1498 quod
1933 1428 2133 1485 malum

541 1519 815 1574 rimitatus
841 1527 927 1575 est
950 1519 1274 1574 Hieroboam
1307 1519 1374 1592 (li
1401 1519 1533 1591 Reg.
1568 1536 1664 1586 xu,
1696 1520 1812 1592 28),
1842 1523 2134 1578 vaecasin-

539 1623 752 1669 struens
767 1615 817 1667 in
834 1613 1098 1680 Samaria,
1117 1614 1314 1684 quibus
1343 1613 1715 1672 sacriﬁcarent
1735 1614 1938 1679 Judaei;
1963 1625 2017 1672 et
2042 1629 2136 1670 vo-

543 1707 740 1772 lucres,
774 1707 896 1776 quia
917 1706 1177 1766 Coracine
1201 1723 1357 1764 sacra
1387 1707 1658 1764 habebant
1687 1709 1899 1781 pagani.
1935 1709 2135 1766 Harum

2229 489 2379 560 poris
2410 489 2674 545 indicium
2693 499 2774 545 est
2797 491 3010 560 peccati
3039 493 3237 547 animm
3255 491 3425 548 ?Cum
3448 495 3594 549 enim
3627 509 3834 562 corpus

2225 584 2654 650 contaminatur,
2686 599 2851 640 nemo
2895 585 3124 655 ambigit
3145 585 3344 640 animus
3371 601 3497 642 esse
3518 597 3829 658 peccatum.

2299 677 2482 747 (Vers.
2512 677 2631 748 25.)
2677 678 2782 746 Qui
2835 687 3277 734 commutaverunt
3325 681 3586 734 veritatem
3635 678 3736 734 Dei
3777 680 3834 734 iss

2230 771 2576 836 mendacium,
2609 779 2655 826 et
2681 771 2951 827 coluerunt
2976 781 3028 829 et
3063 775 3353 828 seruierunt
3381 785 3636 828 creatum
3661 775 3836 845 potius

2229 865 2385 939 quam
2430 865 2686 934 Creatori,
2737 867 2827 939 qui
2866 877 2943 922 est
2969 867 3268 923 benedictus
3314 870 3370 923 in
3404 869 3616 924 secula.
3648 873 3828 922 Amen.

2230 958 2720 1015 Commutavernnt
2767 959 3054 1016 veritatem
3091 960 3185 1017 Dei
3228 961 3282 1016 in
3331 960 3698 1027 mendacium,
3731 961 3838 1016 hoc

2232 1065 2315 1111 est
2345 1069 2545 1110 nomen
2587 1053 2682 1108 Dei
2713 1053 2802 1120 qui
2835 1069 2998 1109 verus
3025 1065 3128 1118 est,
3186 1054 3461 1111 dederunt
3484 1056 3575 1120 iis,
3603 1055 3694 1126 qui
3727 1068 3836 1108 non

2231 1154 2359 1203 sunt
2403 1145 2499 1201 dii.
2535 1145 2828 1215 Lapidibos
2855 1147 3000 1201 enim
3028 1157 3083 1201 et
3115 1147 3308 1218 lignis,
3342 1147 3426 1200 vel
3462 1146 3683 1202 caeteris
3710 1162 3828 1202 me-

2236 1240 2379 1296 tallis
2393 1237 2865 1310 aulerentesquod
2884 1247 3032 1302 sunt,
3061 1240 3230 1294 Odant
3259 1240 3372 1295 illis
3398 1239 3543 1310 quod
3561 1255 3668 1294 non
3683 1249 3835 1306 sunt,

2235 1340 2290 1388 et
2319 1331 2424 1388 hoc
2461 1341 2545 1387 est
2592 1331 2886 1388 immutare
2935 1347 3122 1387 verum
3176 1333 3229 1388 in
3263 1332 3484 1388 falsum.
3534 1332 3655 1388 Non
3687 1333 3839 1391 enim

2241 1434 2510 1482 vocantur
2531 1425 2643 1494 jam
2675 1424 2814 1495 lapis
2854 1433 2948 1479 aut
2987 1425 3193 1496 lignum
3220 1466 3236 1491 ,
3276 1425 3374 1481 sed
3407 1427 3550 1482 Deus
3581 1441 3598 1481 :
3630 1427 3732 1480 hoc
3756 1433 3842 1481 est

2237 1519 2446 1574 servire
2493 1518 2673 1588 potius
2713 1527 2984 1573 creaturae
3011 1533 3172 1588 quam
3217 1519 3475 1574 creatori.
3540 1517 3661 1576 Non
3690 1519 3840 1574 enim

2240 1622 2440 1683 negant
2473 1611 2663 1678 Deum,
2723 1611 2820 1665 sed
2847 1611 3094 1666 serviunt
3135 1621 3406 1667 creaturas
3435 1630 3447 1666 :
3473 1626 3588 1681 quo
3619 1625 3724 1666 non
3749 1626 3843 1666 ex-

2240 1715 2520 1770 cusantur,
2547 1704 2642 1760 scd
2670 1715 3000 1761 accusantur
3025 1706 3198 1777 magis
3223 1722 3238 1772 ;
3263 1706 3386 1776 quia
3416 1714 3841 1777 cognoscentes,

543 1809 722 1855 tamen
765 1800 1004 1854 omnium
1027 1815 1206 1858 rerum
1225 1814 1360 1870 quas
1388 1802 1706 1868 memoravi,
1730 1801 2020 1859 simulacra
2037 1817 2132 1859 co-
2167 1814 2215 1874 Β
2243 1815 2350 1856 non
2381 1800 2654 1854 honorant
2683 1799 2874 1856 Deum.

543 1896 761 1952 luerunt
787 1894 1047 1969 Egyptii,
1066 1908 1120 1953 et
1146 1897 1249 1952 alia
1279 1914 1398 1967 quae
1430 1914 1576 1955 nunc
1602 1899 1784 1955 dicere
1811 1914 1917 1954 non
1939 1909 2019 1955 est
2043 1913 2136 1955 ne-

545 2005 722 2046 cesse.
746 1991 872 2046 Haec
899 1992 967 2048 ab
989 1990 1072 2046 his
1093 1991 1227 2046 laeta
1254 2000 1400 2056 sunt,
1425 1991 1514 2062 qui
1541 2006 1601 2047 se
1615 1991 1888 2062 sapientes
1903 1991 2138 2046 testimo-

551 2091 742 2139 verunt
759 2083 813 2138 in
834 2083 1068 2148 mundo;
1090 2085 1214 2154 quia
1237 2085 1382 2140 enim
1403 2083 1728 2140 invisibilem
1754 2084 1925 2139 Deum
1943 2097 2136 2155 agnos-

550 2185 735 2233 centes
768 2192 874 2233 non
901 2177 1306 2234 lionoraverunt
1331 2178 1430 2233 ista
1451 2178 1719 2246 iaciendo,
1742 2194 1843 2236 nec
1866 2179 1918 2234 in
1939 2180 2004 2235 iis
2021 2193 2141 2250 quas

557 2271 791 2328 visibilia
819 2282 974 2338 sunt,
1025 2288 1218 2342 sapere
1259 2282 1571 2345 potuerunt.
1618 2273 1845 2330 Difﬁcile
1869 2275 2013 2330 enim
2035 2273 2063 2314 δ
2089 2275 2140 2332 in

554 2367 852 2437 majoribus
878 2366 1147 2438 prudens,
1187 2367 1239 2422 in
1269 2369 1568 2425 minoribus
1599 2385 1704 2424 non
1736 2370 1894 2439 sapit.

623 2463 802 2533 (Vers.
829 2463 951 2536 24.)
977 2462 1196 2536 Pr0pter
1224 2467 1360 2534 quod
1373 2462 1594 2518 tradidit
1619 2463 1740 2518 illos
1767 2462 1905 2518 Deus
1930 2463 1984 2518 in
2006 2464 2144 2519 desi-

555 2555 698 2610 derio
727 2557 898 2610 cordis
925 2555 1140 2611 illorum
1166 2599 1181 2624 ,
1209 2557 1264 2610 in
1291 2557 1711 2624 immunditiam,
1742 2567 1799 2612 ut
1821 2557 2145 2614 contumeliis

551 2647 790 2717 afﬁciant
820 2664 1038 2718 corpora
1062 2664 1157 2702 sua
1202 2649 1256 2702 in
1284 2649 1592 2720 semetipsis.
1619 2647 1912 2717 Quoniam,
1946 2649 2142 2719 inquit,

553 2739 620 2793 ad
647 2740 901 2809 injuriam
951 2741 1224 2795 creatoris
1255 2740 1349 2795 Dei
1381 2740 1636 2812 ﬁgmenta
1668 2749 1723 2796 et
1761 2740 2146 2798 similitudines

552 2846 734 2886 rerum
763 2831 1180 2896 deiﬁcaverunt,
1234 2833 1419 2889 traditi
1450 2832 1913 2900 suntilludendi;
1959 2842 2016 2891 et
2039 2845 2148 2891 tra-

555 2926 650 2981 diti
681 2943 786 2982 non
817 2937 876 2982 ut
921 2928 1012 2982 illa
1043 2937 1292 3000 agerent,
1340 2945 1460 3000 qua:
1487 2928 1782 2996 nolebant;
1840 2929 1934 2984 sed
1967 2937 2028 2986 ut
2057 2929 2149 2985 illa

555 3020 904 3090 perlicerent,
963 3036 1084 3091 qua:
1119 3020 1526 3078 desiderabant.
1581 3021 1650 3076 Et
1683 3021 1772 3077 hic
1803 3022 2017 3078 bonitas
2051 3022 2147 3078 Dci

557 3121 674 3180 est;
715 3129 840 3170 cum
871 3115 1015 3171 enim
1045 3114 1265 3186 dignum
1293 3114 1482 3171 luisset
1507 3115 1702 3186 subjici
1733 3115 1878 3182 illos,
1913 3123 1970 3170 ut
1996 3114 2148 3170 lace-

2317 1891 2417 1960 Qui
2435 1892 2818 1950 estbenedictus
2843 1895 2898 1948 in
2924 1893 3303 1948 steculaArnen
3319 1910 3339 1960 ;
3369 1892 3470 1948 hoc
3497 1901 3600 1960 est,
3627 1909 3843 1952 verum.

2240 1987 2385 2041 D:-us
2416 1999 2547 2040 vero
2577 1985 2653 2040 ait
2680 2002 2694 2040 :
2718 1984 3016 2040 benedictus
3042 1987 3093 2040 in
3125 1985 3354 2050 secula;
3405 1985 3528 2056 quia
3558 1995 3849 2056 permanet

2242 2080 2422 2144 Deus;
2467 2079 2572 2134 diis
2600 2088 2786 2136 autem
2814 2079 3062 2151 gentium
3084 2079 3151 2134 ad
3182 2090 3394 2150 tempus
3423 2079 3722 2150 impietatis
3749 2082 3848 2136 dat

2244 2173 2542 2237 honorem;
2574 2172 2699 2228 ideo
2736 2189 2845 2228 non
2875 2183 2962 2230 est
2982 2189 3178 2228 verum.
3212 2173 3266 2228 In
3301 2173 3415 2229 Deo
3444 2182 3628 2230 autem
3662 2183 3849 2232 manet

2243 2268 2465 2324 veritas.
2499 2266 2651 2322 Hanc
2680 2266 3116 2324 benedictionem
3138 2267 3250 2323 alio
3275 2267 3396 2324 loco
3414 2266 3555 2322 Filio
3586 2268 3681 2324 Dei
3713 2269 3849 2324 assi-

2243 2371 2394 2433 gnat,
2420 2361 2562 2417 inter
2579 2371 2781 2418 castora
2806 2361 3024 2418 dicens:
3048 2361 3114 2415 Et
3131 2378 3194 2416 ea:
3213 2362 3396 2428 quibus
3420 2360 3656 2416 Christus
3669 2378 3851 2416 secun-

2245 2457 2370 2512 dum
2398 2473 2625 2524 carnem,
2663 2457 2751 2527 qui
2802 2467 2876 2510 est
2910 2473 3064 2529 super
3090 2457 3264 2512 omnia
3291 2455 3431 2511 Deus
3467 2456 3765 2510 benedictus
3798 2458 3849 2510 in
3908 2470 3915 2478 '

2244 2551 2454 2608 saecula.
2489 2549 2847 2621 Ameanom.
2874 2565 2950 2616 is,
2981 2548 3060 2622 5).
3095 2549 3443 2620 Autntcrque
3477 2547 3544 2604 ad
3571 2547 3850 2603 Christum

2249 2645 2562 2715 pertinens;
2587 2651 2681 2698 aut
2707 2643 2899 2700 eadem
2919 2643 3061 2699 dixit
3081 2643 3150 2699 de
3172 2643 3333 2707 Filio,
3359 2658 3480 2714 qum
3501 2643 3645 2698 etde
3667 2642 3851 2698 Patre.

2321 2738 2501 2810 (Vers.
2548 2737 2668 2806 26.)
2720 2739 3008 2808 Propterea
3051 2739 3268 2792 tradidit
3309 2739 3431 2793 illos
3465 2737 3603 2792 Deus
3644 2739 3698 2791 in
3731 2755 3855 2809 pas-

2248 2831 2415 2886 siones
2443 2830 2758 2902 ignominia.
2793 2830 2932 2886 Nant
2978 2834 3186 2904 femina
3219 2848 3399 2888 eorum
3449 2833 3857 2888 immutaverunt

2249 2925 2538 2979 naturalem
2565 2941 2712 2978 usum
2759 2925 2813 2979 in
2841 2941 2954 2979 eum
2987 2941 3138 2979 usum
3161 2925 3250 2994 qui
3275 2934 3353 2979 est
3378 2934 3560 2978 contra
3586 2937 3855 2980 naturam.

2251 3019 2377 3076 Haec
2408 3022 2550 3074 irato
2593 3020 2705 3076 Deo
2739 3031 2961 3092 propter
2986 3021 3356 3078 idololatriam
3400 3021 3639 3076 humano
3664 3024 3862 3093 generi

2254 3114 2572 3184 provenisse
2603 3122 2867 3180 testatur,
2911 3124 2966 3168 ut
2995 3114 3194 3170 mulier
3227 3114 3509 3170 mulierem
3547 3115 3689 3180 turpi
3713 3114 3860 3170 desi-

559 3215 678 3260 rent
716 3222 837 3277 qua:
869 3206 1127 3261 nolebant
1182 3216 1237 3262 et
1277 3208 1694 3275 cruciarentur;
1725 3208 1849 3279 quia
1883 3208 2012 3264 licet
2048 3208 2147 3264 ho-
2176 3214 2220 3276 ε
2253 3205 2409 3263 derio
2456 3206 2524 3260 ad
2567 3221 2721 3261 usum
2767 3216 3075 3278 appeteret.
3122 3207 3279 3274 Quod
3311 3207 3534 3279 quidam
3579 3208 3743 3262 aliter
3775 3208 3860 3261 in-

557 3316 706 3362 num,
737 3301 782 3354 si
815 3309 1007 3355 contra
1049 3301 1388 3358 voluntatem
1433 3301 1540 3369 ﬁat,
1592 3316 1836 3358 amarum
1865 3311 1919 3358 et
1949 3303 2148 3358 malum

555 3403 660 3450 est.
693 3394 781 3449 isti
810 3405 990 3450 autem
1019 3403 1331 3451 avertentes
1361 3410 1422 3452 se
1447 3411 1478 3451 a
1505 3396 1637 3460 Deo,
1671 3396 1853 3453 traditi
1882 3405 2009 3453 sunt
2035 3397 2151 3453 dia-

561 3485 706 3542 bolo.
737 3485 980 3542 Tradere
993 3498 1176 3543 autem
1199 3497 1283 3544 est
1307 3489 1644 3558 permittere,
1677 3506 1786 3546 non
1812 3492 2040 3547 incitare
2062 3501 2157 3547 aut

563 3580 889 3647 immittere;
924 3592 982 3637 ut
1008 3597 1074 3638 ea
1100 3599 1221 3655 quae
1254 3584 1306 3638 in
1338 3584 1629 3641 desideriis
1656 3587 2156 3658 conceperant,ada

553 3676 655 3747 juti
684 3692 712 3731 a
741 3676 962 3733 diabolo
1017 3679 1307 3749 explerent
1363 3679 1414 3734 in
1446 3695 1659 3750 opere:
1693 3695 1793 3738 nec
1845 3681 1991 3738 enim
2031 3696 2158 3753 pos-

555 3779 676 3826 sent
702 3770 1011 3841 hujusmodi
1043 3772 1242 3827 bonum
1272 3773 1567 3845 cogitatum
1604 3773 1825 3830 habere.

629 3865 834 3921 Traditi
875 3881 1007 3937 ergo
1037 3877 1168 3924 sunt
1211 3870 1264 3922 in
1296 3869 1712 3936 immunditiam,
1744 3879 1801 3924 ut
1833 3872 2157 3927 contumeliis

561 3957 793 4027 afﬁciant
820 3975 1042 4030 corpora
1065 3961 1234 4015 suain
1261 3965 1569 4030 semetipsis.
1605 3964 1741 4018 Cum
1765 3965 2044 4034 prasterita
2071 3980 2159 4024 re-

562 4049 906 4116 colat,etiam
929 4051 1038 4124 3‘.
1068 4055 1355 4122 praisentis
1383 4056 1650 4126 temporis
1681 4056 1824 4110 mala
1853 4057 2160 4126 signiﬁcat;

563 4143 688 4213 quia
717 4144 1006 4200 traduntur
1057 4161 1200 4202 nunc
1222 4163 1397 4218 usque
1438 4157 1499 4204 ut
1536 4149 1890 4205 contumeliis
1920 4149 2160 4208 afﬁciant

563 4249 790 4306 corpora
841 4251 961 4293 sua.
1013 4239 1250 4310 Originis
1298 4241 1442 4296 enim
1475 4242 1620 4298 illius
1640 4256 1785 4298 nunc
1813 4257 1988 4314 usque
2030 4252 2162 4300 sunt

567 4328 817 4386 homines
837 4332 929 4401 qui
953 4330 1211 4388 dicuntur
1229 4347 1460 4404 corpora
1491 4349 1588 4390 sna
1617 4333 1989 4392 dehonestare
2015 4337 2161 4392 invi-

567 4437 708 4478 cem.
737 4423 872 4478 Cum
900 4425 1158 4496 cogitatio
1184 4426 1382 4482 animas
1418 4428 1492 4483 sit
1535 4427 1588 4483 in
1619 4429 1872 4499 crimine,
1926 4443 2160 4502 corpora

2255 3309 2646 3371 terpretantur,
2696 3315 2802 3356 non
2856 3302 3251 3372 perspicientes
3275 3301 3382 3356 vim
3412 3301 3564 3356 dicti.
3608 3299 3749 3368 Quid
3775 3310 3864 3356 est

2252 3396 2396 3452 enim
2426 3396 2716 3450 immutare
2737 3396 3040 3450 naturalem
3064 3411 3220 3450 usum
3250 3395 3303 3450 in
3328 3411 3453 3451 cum
3477 3410 3634 3450 usum
3664 3395 3758 3464 qui
3781 3403 3866 3450 est

2255 3500 2446 3546 contra
2490 3490 2805 3556 naturam,t
2839 3491 2942 3544 nisi
2975 3489 3192 3544 sublato
3235 3503 3500 3546 concesso
3559 3503 3662 3544 usu
3703 3487 3867 3544 aliter

2257 3585 2356 3652 uti,
2380 3596 2434 3638 ut
2464 3598 2567 3639 una
2592 3592 2754 3655 atque
2780 3583 2974 3640 eadem
3000 3599 3128 3655 pars
3153 3584 3407 3655 corporis
3437 3582 3868 3652 uniuscujusque

2253 3680 2400 3736 inter
2427 3696 2486 3734 se
2515 3679 2752 3735 invicem
2797 3694 2968 3735 sexus
2996 3679 3162 3735 aliter
3195 3693 3256 3733 se
3286 3678 3353 3733 ad
3397 3693 3554 3733 usum
3597 3676 3866 3748 praebeat,

2257 3790 2418 3847 quam
2447 3788 2770 3830 concessum
2802 3774 2922 3831 est?
2953 3783 2978 3821 ε
3016 3772 3151 3829 Nam
3175 3773 3220 3828 si
3254 3772 3346 3828 illa
3387 3781 3473 3828 est
3502 3787 3633 3843 pars
3665 3783 3872 3842 corpoo

2258 3869 2336 3925 ris
2356 3883 2517 3939 quam
2548 3876 2772 3937 putant,
2815 3867 3094 3938 quomodo
3125 3867 3550 3922 immolaverunt
3577 3880 3736 3919 usum
3769 3878 3872 3918 na-

2264 3970 2416 4028 turm,
2466 3975 2589 4016 cum
2645 3975 2752 4016 non
2805 3959 3038 4016 habeant
3063 3957 3378 4030 huiusmodi
3427 3973 3583 4012 usum
3613 3957 3805 4012 datum
3838 3969 3868 4010 a

2266 4045 2497 4110 natura?
2528 4053 2794 4125 Superius
2834 4053 2940 4114 iam
2968 4053 3190 4109 dixerat
3217 4053 3449 4110 traditos
3484 4053 3536 4108 in
3575 4050 3878 4108 immundi-

2265 4149 2419 4215 tiam,
2444 4165 2550 4203 non
2569 4158 2749 4204 tamen
2763 4148 3080 4219 qualitatem
3105 4149 3288 4218 aperis
3305 4147 3668 4204 immunditize
3697 4147 3878 4219 ipsius

2267 4241 2613 4308 ostenderat,
2646 4256 2744 4313 pro
2771 4257 2878 4312 quo
2904 4256 3052 4296 nunc
3074 4241 3317 4297 declarat
3344 4261 3356 4296 :
3520 4308 3527 4311 _

2340 4335 2521 4406 (Vere.
2548 4335 2667 4405 27.)
2695 4334 2954 4391 Similiter
2978 4344 3145 4390 autem
3171 4344 3219 4389 et
3244 4335 3482 4400 masculi,
3513 4334 3693 4390 relicto
3715 4345 3882 4389 natu-

2267 4429 2368 4484 rali
2399 4445 2496 4484 usu
2526 4429 2752 4500 femina,
2785 4441 3092 4487 exarserunt
3131 4433 3186 4487 in
3219 4432 3490 4487 desideriis
3514 4432 3622 4485 suis
3652 4431 3707 4484 in
3737 4432 3882 4485 insi-

644 4574 676 4643 8_
699 4565 774 4643 ita
805 4574 934 4643 vet._
967 4566 1098 4643 ed_it.
1143 4583 1206 4624 ac
1236 4584 1366 4624 mss.
1413 4569 1516 4643 nisi
1539 4569 1684 4642 quod
1729 4569 1784 4626 in
1832 4570 2159 4643 quibusdam
2188 4575 2240 4635 D
2269 4571 2404 4643 lapis
2451 4570 2642 4624 dicitur
2668 4567 2846 4636 Deus;
2892 4572 3100 4641 quando
3139 4572 3338 4640 factum
3368 4570 3540 4643 pulsat
3569 4568 3764 4636 Deum,
3793 4571 3885 4640 qui

571 4637 841 4692 omittitur
867 4637 934 4691 ad
964 4653 980 4693 :
1012 4639 1175 4694 Rom.
1208 4650 1388 4696 autem
1421 4637 1660 4698 cditfsic
1683 4637 1987 4699 immutavit
2015 4661 2028 4696 :
2065 4642 2164 4700 His

571 4711 800 4764 cumulat
831 4725 1008 4764 eorum
1037 4711 1418 4778 hebetudinem,
1453 4723 1530 4778 ut,
1562 4725 1668 4770 etc.

647 4780 672 4819 δ
698 4782 853 4835 liora.
881 4782 1040 4843 edit.,
1076 4799 1189 4853 qua:
1213 4785 1422 4844 inimica
1447 4796 1494 4842 et
1526 4801 1683 4854 praua
1702 4795 1818 4844 sunt
1847 4804 1867 4846 .'
1897 4795 2008 4846 vet.
2033 4803 2167 4848 vero

574 4852 704 4909 edit.
749 4861 806 4906 ut
849 4854 899 4906 in
933 4852 1235 4919 contextu,
1282 4856 1387 4912 nisi
1438 4852 1582 4925 quod
1641 4857 1797 4914 Eras.
1841 4868 1897 4914 et
1942 4859 2076 4914 Gill.
2113 4861 2163 4914 in

579 4938 750 4999 marg.
778 4933 832 4999 et
859 4939 960 4979 ms.
986 4926 1241 4999 l20r_b.jin
1275 4943 1426 4996 corp.
1462 4929 1729 4994 scribunt,
1761 4942 1806 4984 et
1838 4947 1995 4999 prava
2024 4941 2164 4986 sunt.

656 5005 679 5033 ο
702 4995 866 5048 Corb.
901 4996 1051 5062 cod.,
1084 4997 1309 5052 imitatus
1332 4995 1644 5055 llieroboam
1669 4995 1850 5056 uaccas
1880 5002 2098 5056 instituit
2121 5010 2170 5054 et

577 5067 630 5120 in
665 5064 799 5132 Dan,
833 5077 878 5119 et
901 5065 1080 5122 Bethel
1106 5084 1123 5122 :
1150 5072 1336 5125 eteteri
1368 5085 1433 5127 ac
1461 5072 1596 5128 edit.
1623 5073 1904 5128 nobiscum
1939 5071 2168 5137 faciunt,

580 5137 855 5215 nisi‘quod
900 5139 1116 5215 in-mss.
1165 5157 1270 5196 non
1302 5143 1492 5215 paucis
1543 5145 1748 5215 legitur
1785 5145 2044 5198 instruens
2083 5151 2176 5198 aut

579 5211 798 5284 instituit
834 5225 932 5279 pro
962 5211 1251 5268 instituens.
1303 5211 1453 5268 infra
1485 5211 1623 5269 vero'
1652 5231 1750 5284 pro
1789 5216 2040 5270 Coracine
2079 5223 2172 5269 aut

579 5283 818 5365 coronica
844 5299 1014 5351 sacra,
1046 5284 1263 5354 quidam
1295 5284 1420 5340 cod.
1452 5283 1664 5341 habent
1685 5285 1873 5342 Latina
1897 5301 2030 5343 voce
2057 5303 2171 5342 cor-

582 5371 697 5408 mna
725 5371 896 5409 sacra.

651 5424 678 5465 ἀ
709 5425 924 5499 Ita_vct,
955 5425 1086 5480 edit.
1113 5440 1175 5480 ac
1199 5440 1328 5480 mss.
1360 5426 1521 5498 longe
1545 5429 1764 5499 plurimi
1794 5446 1806 5482 :
1831 5436 1889 5484 at
1915 5429 2004 5485 alii
2036 5444 2174 5484 non-

590 5499 718 5571 nulli
750 5497 981 5571 elTerunt
1003 5499 1104 5571 ,in
1134 5499 1421 5571 majoribus
1444 5497 1762 5569 imprudens,
1810 5504 1862 5557 in
1887 5503 2174 5560 minoribus

587 5569 758 5649 sapit;
784 5569 937 5620 Rom.
964 5570 1095 5649 edit.
1121 5569 1263 5649 sola,
1297 5571 1348 5624 in
1377 5573 1662 5628 minoribus
1692 5575 1954 5646 prudens,
1988 5575 2038 5628 in
2060 5591 2176 5628 ma-

579 5640 784 5706 joribus
806 5655 905 5692 non
935 5641 1090 5709 sapit,
1120 5641 1311 5711 inepto
1339 5658 1523 5698 sensu.

679 5711 869 5792 °_Qn:e
913 5716 1336 5792 subsequuntur,
1371 5718 1493 5774 eod.
1540 5716 1728 5786 Corb.,
1756 5717 1992 5792 Bemig.,
2020 5716 2179 5774 Coll).

2266 4642 2415 4698 uerus
2444 4651 2553 4706 est;
2602 4650 2656 4695 ut
2684 4643 2810 4710 quia
2837 4644 3098 4696 communi
3145 4643 3354 4696 nomine
3400 4642 3726 4696 arbitrantur
3759 4643 3887 4709 falsi

2268 4726 2312 4768 et
2335 4715 2462 4778 ueri,
2519 4712 2680 4767 simili
2735 4713 2888 4767 modo
2919 4729 3072 4768 verus
3126 4713 3266 4769 Deus
3293 4713 3575 4780 habeatur,
3604 4724 3658 4766 ut
3684 4713 3885 4781 falsus.

2270 4787 2388 4842 Hoc
2430 4793 2501 4840 est
2553 4787 2830 4842 immutare
2881 4801 3052 4840 verum
3097 4787 3151 4842 in
3187 4787 3404 4858 falsum.
3461 4785 3557 4840 Sic
3584 4784 3888 4842 seruierunt

2271 4867 2524 4912 creaturw
2545 4858 2715 4924 potius
2743 4873 2896 4923 quam
2920 4861 3138 4912 creatori
3163 4876 3181 4923 ;
3220 4873 3320 4910 non
3346 4858 3478 4912 enim
3507 4866 3724 4926 negant,
3748 4859 3882 4924 qui-

2271 4929 2393 4983 dam
2444 4928 2684 4982 invocant
2723 4927 2888 4983 Deum
2913 4972 2926 4996 ,
2961 4928 3050 4982 sed
3088 4929 3315 4984 serviunt
3344 4937 3598 4981 creatura:
3621 4945 3638 4980 :
3666 4935 3721 4979 ut
3742 4929 3885 4984 enim

2273 5000 2567 5054 viderentur
2612 4999 2768 5069 digne
2807 4999 2918 5054 htec
2962 5001 3149 5058 colere.
3200 4999 3296 5055 Dei
3335 4997 3582 5053 honorem
3606 4998 3890 5069 hisimpo-

2278 5080 2512 5140 suerunt,
2545 5081 2601 5124 ut
2631 5067 2827 5142 injuria
2871 5071 2965 5124 0ιὶ
3007 5073 3191 5126 horum
3231 5080 3361 5124 esset
3406 5071 3630 5124 cultura.
3671 5067 3892 5124 Idcirco

2278 5143 2575 5250 adimenda:
2604 5158 2778 5196 eorum
2809 5143 3036 5212 proﬁcit.
3071 5144 3192 5211 quia
3223 5151 3606 5213 cognoscentes,
3641 5148 3752 5195 etc.

2410 5213 2481 5250 Iln
2509 5223 2592 5250 val
2651 5213 2757 5250 ιιιΙῖι
2815 5229 2876 5250 nn
2916 5215 3096 5250 nlui-ac
3119 5229 3228 5250 mea
3278 5230 3304 5250 η
3331 5215 3529 5250 “nilum
3554 5212 3690 5250 an
3745 5233 3752 5250 ι

2410 5213 2482 5267 ita
2509 5223 2619 5268 vet.
2651 5213 2784 5268 edit.
2814 5211 3098 5284 ac.’p|ures
3119 5229 3252 5268 mss.
3278 5211 3305 5266 ιι
3331 5215 3530 5280 quibus
3554 5212 3714 5266 Rom.
3745 5211 3886 5268 edit.
3967 5247 3975 5284 .~

2279 5284 2383 5339 hoc
2409 5293 2619 5338 tantum
2643 5285 3022 5355 recedit,quod
3045 5287 3217 5356 prima
3249 5285 3412 5340 verba
3446 5285 3524 5338 sic
3547 5285 3888 5352 immutavit,
3970 5287 3975 5346 ζ

2279 5357 2381 5411 nisi
2411 5356 2637 5410 naturali
2685 5372 3023 5426 concessoque
3060 5375 3156 5412 usu
3203 5357 3355 5410 aliter
3380 5356 3456 5409 uti
3487 5371 3505 5410 :
3538 5363 3709 5409 totum
3753 5369 3891 5410 vero

2278 5429 2458 5484 locum
2488 5443 2619 5482 mss.
2647 5429 2888 5482 nOnnulii
2918 5429 3021 5482 hoc
3054 5430 3216 5485 modo
3245 5426 3595 5492 contrahunt,
3632 5427 3733 5480 nisi
3760 5427 3889 5480 sub—
3970 5435 3972 5438 ’

2283 5501 2389 5554 lato
2420 5515 2658 5554 concesso
2692 5516 2785 5552 usu
2816 5499 2968 5570 aliter
2998 5517 3051 5557 se
3078 5505 3143 5555 ad
3171 5516 3320 5555 usum
3353 5500 3596 5570 prebeat.

3961 5486 3982 5568 ἐ

2361 5580 2386 5617 8
2412 5572 2538 5626 Mss.
2564 5572 2834 5642 nonnulli,
2864 5569 3001 5626 Nam
3025 5573 3188 5627 sialia
3212 5582 3284 5624 est
3317 5569 3438 5642 pars
3455 5569 3719 5642 corporis,
3735 5585 3899 5639 quam
3976 5579 3978 5584 ’

2286 5643 2592 5698 immutauit.
2628 5641 2769 5696 infra
2798 5659 2928 5697 vero
2949 5659 3139 5699 omnes
3165 5644 3298 5699 edit.
3319 5640 3445 5696 cum
3484 5640 3665 5713 habent
3699 5640 3898 5713 hujus-
3970 5653 3975 5713 ξ

2287 5715 2449 5781 modi,
2477 5715 2824 5785 reposuimus
2851 5730 2881 5771 e
2912 5715 3124 5773 cunctis
3170 5731 3304 5772 mss.
3347 5730 3460 5768 cum
3492 5727 3599 5768 non
3640 5711 3893 5782 habeant,

625 5797 678 5841 et
704 5787 832 5844 Giil.
859 5788 910 5842 in
949 5790 1113 5862 variis
1155 5791 1279 5846 lect.
1313 5793 1381 5847 ita
1419 5791 1675 5848 exhibent
1703 5809 1716 5846 :
1744 5791 1881 5846 Dant
1903 5787 2009 5846 illis
2048 5791 2186 5862 quod
2285 5795 2390 5842 etc.

612 5876 711 5914 non
750 5868 898 5928 sunt,
935 5869 1006 5913 aut
1072 5858 1168 5932 Dei
1217 5865 1404 5929 ueritas
1461 5866 1526 5920 sit
1593 5865 1942 5933 mendacium,
1975 5858 2182 5934 quando

3965 5681 3986 5758 ἃ

3910 5759 3992 5918 Α
