4082 6306
212 305 280 361 fil
1096 297 1595 360 εοιιιιειιτ.-ιιιι.ι
1640 303 1706 359 ΙΝ
1751 298 2136 362 EHSTOLAM
2179 302 2271 358 AD
2309 297 2660 362 BOMANUS.
3464 309 3536 368 (Ξ

215 435 351 484 cem,
376 434 564 476 uiuacis
573 422 612 474 li
640 421 695 476 in
713 422 969 476 tuasoulas
987 419 1355 492 turpitudinem
1373 416 1832 489 operantcs.Nutte
1855 425 1909 486 Α

219 512 608 570 manilestavit
657 516 941 587 quomodo
965 556 979 580 ,
1026 512 1170 585 quod
1210 514 1463 583 superius
1491 513 1560 568 de
1597 511 1833 568 mulieri.

219 604 328 661 ltus
345 603 480 660 dixit
513 647 530 671 ,
580 606 818 679 intelligi
847 607 1058 664 debeat.
1092 605 1322 676 Quando
1344 614 1528 660 autem
1558 603 1830 675 subjecit:

222 697 487 754 Similiter
512 708 564 754 et
584 701 837 769 masculi,
871 702 1078 767 dicens,
1108 708 1138 738 ⁸
1181 707 1490 754 exarserunt
1536 699 1590 751 in
1626 698 1831 753 deside-

219 793 363 847 rium
387 793 474 846 sui
494 807 516 857 ;
565 794 815 850 ostendit
849 807 1036 864 aperte
1075 799 1360 866 peccatum
1387 791 1699 847 mulierum.
1733 790 1836 846 Dc-

227 886 396 958 nique
427 895 542 941 non
561 885 704 942 dixit
730 886 801 942 de
831 888 966 943 viris
993 887 1135 958 quod
1162 888 1583 942 immutaverunt
1609 891 1832 939 natura-

224 977 336 1034 lem
380 991 542 1034 usum
596 979 654 1035 in
686 979 956 1046 invicem;
1007 979 1128 1051 quia
1170 977 1478 1050 hujusmodi
1528 992 1658 1034 usus
1706 976 1832 1033 huic

226 1073 366 1144 parti
397 1087 705 1130 concessus
737 1087 845 1129 non
869 1081 974 1138 est,
1001 1072 1096 1128 sed
1126 1072 1192 1127 de
1222 1070 1458 1127 t‘eminis.
1489 1070 1555 1125 Et
1581 1070 1709 1143 quid
1733 1073 1830 1125 mi-

223 1183 372 1235 rum,
421 1183 554 1224 cum
583 1169 860 1240 hodieque
880 1167 1035 1240 Italcs
1062 1167 1321 1222 mulieres
1352 1166 1736 1236 reperiantur;
1772 1173 1832 1220 ut

222 1261 367 1316 sicut
399 1261 536 1316 illud
569 1275 602 1316 a
635 1261 797 1328 viris,
832 1261 1016 1331 itaque
1036 1268 1090 1314 et
1120 1257 1223 1313 hoc
1253 1271 1282 1312 a
1311 1256 1636 1314 mulieribus
1660 1257 1729 1312 sit
1750 1257 1833 1312 in-

220 1355 492 1410 ventum?
518 1354 766 1425 Denique
791 1354 1050 1410 mulieres
1069 1353 1209 1408 inter
1233 1366 1295 1408 se
1323 1357 1612 1417 accusant,
1647 1360 1700 1406 et
1727 1351 1829 1407 viri

223 1449 513 1516 similiter;
549 1449 900 1506 manifestum
926 1457 1011 1503 est
1051 1461 1182 1518 ergo
1206 1453 1264 1500 ut
1290 1445 1380 1515 qui
1405 1444 1517 1516 jam
1546 1444 1828 1501 veritatem

225 1543 325 1599 Dei
356 1543 789 1599 immolaverunt
813 1541 866 1596 in
890 1541 1253 1604 mendacium,
1283 1538 1636 1595 immutarem
1662 1545 1718 1594 et
1737 1551 1829 1594 ua-

224 1636 460 1692 turaiem
485 1649 643 1690 usum
669 1635 722 1690 in
751 1647 872 1690 eum
897 1648 1076 1700 usum,
1106 1647 1202 1705 per
1222 1645 1384 1702 quem
1407 1631 1829 1688 dehonestaren-

225 1740 336 1796 tur,
381 1730 462 1786 rei
491 1730 620 1786 lacti
653 1731 845 1786 mortis
878 1729 1152 1786 secundat.
1193 1729 1458 1799 Quoniam
1509 1739 1641 1785 vero
1666 1725 1824 1784 aliam

2006 418 2186 489 (Vers.
2223 413 2317 485 99,
2342 419 2462 490 '50.)
2494 420 2736 490 Replctos
2763 464 2775 483 ,
2809 422 2906 488 ait,
2940 424 3080 476 muni
3117 424 3402 495 iniquitate.
3445 425 3540 479 llic

1935 512 2249 567 summatim
2283 513 2495 566 locutus
2535 522 2641 578 est,
2693 522 2746 569 et
2793 515 3013 585 snbjicit
3056 517 3298 573 membra
3337 517 3535 587 iniqni~

1936 609 2062 663 tatis
2092 606 2154 661 td
2186 606 2428 672 Malitia,
2461 608 2805 674 impudicitia,
2839 609 3036 680 inquit,
3069 613 3323 680 avaritia,
3359 612 3540 683 nequi-

1933 701 2027 766 tia,
2059 701 2238 772 plenas
2259 700 2475 764 invidia,
2513 700 2830 765 homicidiis,
2860 704 3200 768 contentione,
3234 704 3378 771 dolo,
3427 721 3540 758 nta-

1934 793 2190 863 lignitate,
2221 796 2614 860 susurratores,
2635 794 2965 874 detracturos,
2999 794 3108 850 Deo
3143 796 3378 862 odilri'es,
3414 814 3538 852 con-

1933 885 2250 949 tumeliosos,
2278 885 2549 957 superbos,
2589 887 2769 954 elatos,
2801 890 3090 943 incentor-es
3129 888 3403 944 malorum.
3435 888 3537 948 Ca-

1935 988 2028 1050 put
2070 977 2375 1049 iniquitatis
2415 978 2676 1034 malitiam
2731 979 2886 1044 dixit,
2934 981 3093 1049 cujus
3125 996 3264 1052 opus
3305 982 3542 1038 fornica-

1934 1072 2138 1127 tionem
2169 1072 2352 1144 posuit
2384 1082 2550 1144 atque
2573 1073 2880 1128 avaritiam.
2914 1074 3038 1129 Htec
3063 1074 3354 1130 loruicatio
3376 1077 3539 1135 habet

1933 1164 1990 1221 in
2012 1180 2072 1221 se
2092 1175 2148 1221 et
2167 1165 2491 1222 adulterium
2515 1182 2530 1232 ;
2555 1167 2602 1220 si
2629 1165 2774 1221 enim
2803 1165 3037 1222 dixisset
3065 1167 3417 1237 adulterinus,
3455 1172 3537 1224 vi-

1932 1259 2166 1316 debatur
2212 1275 2508 1316 excusasse
2555 1261 2994 1327 fornicationem,
3040 1262 3185 1317 sicut
3237 1263 3386 1334 leges
3432 1264 3540 1320 Ro-

1933 1368 2108 1410 mamn
2137 1373 2150 1409 :
2182 1355 2307 1411 ideo
2331 1355 2476 1427 quod
2525 1354 2702 1411 minus
2736 1364 2822 1411 est
2851 1355 3049 1427 posuit,
3095 1367 3148 1412 ut
3190 1358 3332 1429 quod
3362 1359 3538 1430 majus

1931 1458 2037 1516 est,
2069 1449 2298 1505 inultum
2333 1459 2354 1486 ε
2391 1464 2498 1505 non
2530 1449 2702 1520 possit
2735 1451 2906 1505 credi.
3415 1503 3424 1510 ,

2005 1541 2210 1598 Deinde
2251 1541 2478 1613 adjecit,
2510 1543 2759 1612 nequitia,
2800 1542 2958 1613 cujus
2998 1542 3226 1598 allectus
3271 1543 3536 1600 invidiam

1930 1638 2076 1708 parit
2118 1646 2172 1692 et
2218 1635 2531 1702 homicidia,
2580 1637 2998 1692 contentionem
3048 1652 3111 1692 ac
3141 1637 3352 1692 dolum.
3408 1639 3539 1694 Post

1930 1730 2046 1787 haec
2085 1731 2341 1801 subjecit,
2381 1731 2720 1802 malignitate,
2767 1744 2889 1802 qum
2919 1731 3087 1803 gignit
3129 1733 3535 1789 susurrationes

221 1824 403 1894 legem
448 1823 587 1880 dare
624 1837 734 1879 non
783 1830 964 1894 potest
991 1821 1240 1889 Satanas,
1291 1821 1428 1878 nihil
1459 1821 1602 1877 enim
1637 1820 1820 1889 habet,
1851 1839 1899 1900 Β
1927 1836 2091 1897 atque
2130 1825 2538 1890 detractiones;
2585 1833 2640 1882 et
2664 1825 2924 1897 quoniam
2955 1826 3067 1881 hsce
3113 1826 3224 1882 Deo
3267 1841 3374 1881 non
3415 1825 3534 1881 dis-

221 1930 490 1974 conccssa
540 1925 596 1972 et
625 1916 773 1972 licita
804 1916 858 1971 in
881 1916 1049 1971 alium
1080 1915 1324 1971 ordinem
1355 1922 1538 1970 verrat
1562 1957 1575 1981 ,
1606 1924 1660 1970 ut
1693 1913 1822 1971 dum

218 2011 384 2066 aliter
414 2011 575 2079 lium,
606 2024 767 2082 quam
798 2025 1062 2066 concessa
1085 2017 1234 2078 sunt,
1258 2011 1366 2066 sint
1389 2017 1694 2082 peccatum.

290 2103 322 2144 ιι
363 2104 433 2159 Et
461 2107 931 2175 compensationem
962 2105 1209 2161 mercedis
1245 2121 1400 2176 quant
1439 2106 1692 2176 oportuit,
1741 2119 1821 2158 er-

216 2200 356 2255 roris
377 2201 460 2255 sai
478 2201 532 2255 in
557 2209 716 2256 scatet
734 2201 862 2270 ipsis
883 2200 1208 2271 recipientes.
1239 2200 1388 2256 lianc
1418 2199 1823 2272 dicitcompz-uo

217 2293 492 2350 sationem
525 2307 647 2349 esse
670 2293 973 2364 contempti
998 2293 1112 2360 Del,
1145 2293 1196 2349 id
1225 2299 1326 2358 est,
1354 2292 1744 2362 turpitudinem
1768 2301 1822 2347 et

213 2386 744 2441 contaminatiouem
771 2401 785 2452 ;
830 2383 945 2441 lucc
966 2395 1052 2440 cst
1079 2384 1222 2439 enim
1256 2385 1428 2454 prima
1458 2397 1619 2440 causa
1660 2382 1822 2453 hujus

215 2479 454 2552 peccati.
479 2477 622 2548 Quid
672 2479 818 2534 enim
861 2475 1016 2550 pejus
1039 2520 1052 2544 ,
1087 2478 1217 2550 quid
1245 2477 1486 2534 deterius
1516 2489 1539 2518 ε
1565 2478 1667 2533 hoc
1696 2493 1822 2550 pec-

213 2570 390 2627 cato?
441 2571 712 2640 Quantum
741 2571 888 2626 enim
918 2569 1230 2626 idololatria
1254 2570 1582 2642 perimpium
1629 2569 1736 2648 35
1764 2581 1820 2629 et

212 2665 603 2738 gravissimum
652 2665 915 2722 delictum
963 2676 1082 2732 est;
1118 2675 1327 2721 tantum
1360 2675 1413 2722 et
1441 2669 1819 2739 compensatio

213 2761 338 2833 ejus
369 2761 672 2827 horrenda,
704 2770 758 2815 et
780 2761 1098 2832 persordida
1142 2763 1326 2833 passio
1353 2771 1460 2820 est.

288 2855 475 2928 (νοτε.
503 2854 624 2929 28.)
649 2853 718 2910 Et
740 2856 872 2910 sicut
896 2871 996 2910 non
1013 2855 1357 2928 probaverunt
1375 2856 1543 2912 Deum
1561 2857 1743 2913 habere
1765 2859 1818 2914 in

213 2951 425 3016 notitia,
443 2949 656 3006 tradidit
669 2950 788 3006 illos
802 2948 1002 3005 Deusin
1017 2950 1287 3021 reprobum
1302 2965 1530 3020 sensum,
1545 2960 1602 3005 ut
1623 2953 1819 3023 faciant

212 3059 277 3100 ea
301 3054 418 3115 quat
437 3059 540 3098 non
565 3044 892 3099 conueniunt.
917 3042 1148 3114 Propter
1163 3060 1382 3100 errores
1404 3045 1816 3102 simulacrorum

211 3138 402 3194 traditi
445 3145 576 3193 sunt
604 3137 671 3194 ad
718 3137 894 3209 turpia
937 3136 1182 3193 facienda
1221 3137 1476 3205 invicem,
1528 3139 1666 3193 sicut
1705 3139 1816 3210 ja'tu

1927 1921 2136 1992 plicere
2164 1935 2270 1974 non
2313 1931 2566 1992 possunt,
2595 1920 2668 1975 ait
2697 1936 2712 1972 :
2752 1917 2862 1974 Deo
2903 1920 3150 1986 odibiles;
3177 1927 3234 1976 et
3273 1919 3396 1990 quia
3429 1933 3531 1974 nec

1927 2013 2236 2070 ltotulnibtts
2268 2014 2504 2085 placent,
2553 2013 2971 2079 contumeliosos,
3007 2013 3202 2084 inquit,
3258 2013 3528 2086 superbos,

1927 2109 2110 2174 elatos,
2153 2107 2461 2173 inventores,
2513 2106 2564 2164 id
2616 2118 2722 2174 cst,
2754 2117 3033 2171 auctores,
3082 2108 3355 2161 malorum.
3410 2106 3528 2163 Non

1925 2215 2055 2274 ergo
2082 2217 2299 2273 semper
2329 2203 2551 2258 malum.
2581 2201 2672 2256 Isti
2710 2210 2889 2257 autem
2926 2201 3231 2256 imitatores
3274 2199 3398 2255 facti
3433 2215 3530 2272 pa-

1926 2298 2026 2353 tris
2066 2297 2151 2353 sui
2189 2297 2414 2364 diaboli,
2449 2297 2775 2353 idololatria:
2812 2296 3014 2350 malum
3047 2297 3394 2362 invenerunt,
3431 2309 3529 2366 per

1925 2391 2068 2463 quod
2101 2393 2280 2447 omnia
2312 2392 2441 2448 vitia
2491 2392 2545 2446 in
2577 2391 2783 2446 mundo
2826 2399 2954 2445 sunt
3001 2399 3146 2454 nata,
3200 2398 3254 2444 ct
3297 2389 3532 2459 perditio

1926 2484 2183 2540 maxima.
2217 2485 2351 2540 Nam
2395 2485 2678 2549 diabolus,
2722 2499 2883 2555 quem
2926 2483 2994 2537 ab
3042 2483 3200 2538 initio
3245 2483 3525 2553 Scriptura

1924 2593 2154 2651 peccare
2175 2587 2404 2634 testatur
2425 2577 2466 2646 (Ι
2487 2573 2644 2631 Joau.
2672 2591 2754 2644 ttt,
2779 2574 2862 2646 8),
2884 2589 3206 2646 quamquam
3230 2575 3527 2647 tyrannicae

1923 2671 2337 2745 praesumptioni
2375 2671 2610 2738 studeat,
2656 2686 2760 2726 non
2791 2677 2971 2725 tamen
3007 2669 3058 2724 id
3105 2684 3272 2724 ausus
3298 2678 3380 2724 cst
3403 2684 3530 2739 pro-

1924 2767 2085 2833 ﬂtcri,
2119 2778 2174 2822 ut
2197 2767 2341 2822 dicat
2369 2784 2381 2821 :
2416 2765 2528 2838 Ego
2557 2783 2670 2820 sum
2704 2764 2860 2820 Deus.
2892 2763 3136 2833 Denique
3164 2764 3305 2818 inter
3329 2771 3526 2818 cratera

1923 2864 2062 2919 dixit
2105 2862 2169 2917 ad
2217 2861 2508 2917 Dominum
2544 2879 2556 2916 :
2599 2861 2729 2916 Hmc
2777 2861 2950 2915 omnia
2997 2859 3124 2912 milii
3175 2857 3367 2912 tradita
3411 2869 3525 2912 sunt

1923 2955 2078 3029 (an.
2112 2972 2184 3021 tv,
2209 2953 2284 3026 6).
2345 2970 2450 3010 non
2481 2954 2616 3010 dicit
2646 2973 2657 3007 ε
2695 2956 2732 3009 Α
2768 2968 2854 3008 me
2883 2961 3036 3019 sunt;
3071 2952 3178 3016 vel,
3225 2966 3342 3005 mea
3377 2959 3527 3005 sunt.

1927 3049 1987 3105 Et
2019 3050 2069 3103 in
2097 3049 2235 3106 libro
2267 3049 2371 3105 Job
2403 3058 2728 3121 potestatem
2767 3049 2868 3103 sibi
2894 3047 3010 3103 dari
3049 3046 3067 3086 τ
3119 3046 3364 3117 exposcit
3401 3045 3526 3127 (Job

1924 3161 1962 3211 ι,
1998 3143 2111 3216 l2).
2141 3143 2508 3216 Quamobrem
2549 3148 2772 3215 pejores
2814 3145 2899 3199 isti
2929 3152 3079 3211 sunt,
3130 3143 3222 3214 qui
3251 3159 3360 3197 non
3406 3152 3524 3198 tan—

211 3232 424 3288 dicwm
457 3242 560 3288 est.
611 3232 677 3287 Ei
711 3232 834 3302 quia
875 3231 1252 3300 implmllllem
1285 3231 1476 3287 horum
1518 3233 1822 3290 ﬁliumve-
1849 3246 1894 3309 ρ
1928 3247 2039 3295 tum
2073 3238 2380 3304 elementis,
2417 3238 2508 3293 sed
2539 3248 2592 3294 et
2623 3238 2894 3310 ligmcutis
2922 3237 3165 3292 tribuunt
3195 3237 3479 3292 deitatem.

211 3337 367 3393 runt,
397 3327 730 3382 incuriosum
763 3325 929 3380 Deum
956 3323 1282 3397 judicautes,
1312 3341 1375 3381 ac
1404 3340 1497 3396 per
1528 3323 1631 3383 huc
1654 3328 1824 3398 negli-

212 3420 476 3493 gendum.
509 3421 644 3477 llinc
673 3419 914 3476 additum
945 3427 1046 3489 est,
1081 3428 1135 3476 ιιι
1168 3419 1335 3491 magis
1364 3433 1428 3475 ac
1455 3421 1623 3492 magis
1657 3420 1821 3478 hebe-

219 3516 345 3580 tati,
375 3515 440 3570 ad
467 3515 651 3570 omnia
672 3515 814 3569 mala
843 3514 1174 3571 admittenda.
1196 3515 1386 3571 tierent
1412 3519 1776 3587 promptiores
1801 3533 1816 3585 ;

211 3621 276 3666 ut
307 3611 442 3665 facta
483 3624 604 3680 qua:
630 3607 940 3664 hominibus
971 3623 1078 3666 non
1125 3608 1462 3681 ambigerem
1502 3609 1812 3682 displicere,

215 3704 390 3758 Deum
421 3702 712 3758 crederent
742 3713 847 3757 nun
871 3701 1170 3759 vindicare.
1205 3701 1357 3759 Nunc
1390 3715 1671 3761 enumerat
1701 3722 1820 3762 οιιι-

211 3795 306 3852 nia
350 3793 487 3850 mala
511 3837 525 3862 ,
557 3809 679 3867 quae
706 3795 814 3852 illis
835 3795 1183 3866 superaddita
1209 3803 1360 3863 sunt;
1391 3805 1447 3852 ut
1472 3797 1554 3854 vei
1585 3799 1662 3854 sic
1688 3814 1822 3856 cou-

209 3889 365 3945 vcrsi
407 3887 471 3943 ad
501 3889 802 3944 naturalem
837 3889 1191 3959 intellectum,
1240 3881 1658 3961 intelligerent,
1686 3873 1823 3949 irat‘o

209 3981 356 4047 Deo,
383 3978 502 4037 lucc
529 3981 634 4037 sibi
668 3981 1012 4053 provenisse.

291 4152 318 4181 ⁸
343 4142 510 4200 Pauci
535 4157 693 4205 mss.,
742 4143 922 4198 relicto
956 4145 1185 4199 naturali
1211 4160 1306 4200 usu
1334 4145 1585 4216 femineo,
1611 4145 1813 4201 accensi

209 4225 342 4271 sunt
363 4216 419 4270 in
441 4216 749 4272 desiderium
779 4216 860 4270 sui
890 4216 941 4270 in
966 4217 1204 4273 invicem.

291 4284 322 4324 δ
357 4286 456 4342 Ms.
490 4283 654 4342 Carh.
691 4283 759 4341 Et
802 4288 1120 4359 reciprocam
1162 4287 1514 4343 mercedem...
1551 4285 1813 4359 Hancﬂdi-

209 4359 284 4431 c_it
316 4361 635 4431 reciprocam
657 4357 966 4431 mercedem,
1016 4369 1146 4427 etc.;
1181 4361 1269 4415 alii
1297 4360 1543 4416 nonnulli
1572 4369 1626 4416 et
1652 4357 1810 4425 edit,

213 4428 287 4485 Et
318 4428 641 4486 mercedem:
667 4430 767 4486 βοά
819 4429 914 4486 alii
951 4431 1192 4487 omnium
1228 4433 1466 4504 optime,
1510 4442 1569 4487 ιιι
1599 4433 1651 4487 in
1679 4445 1811 4486 con-

213 4511 270 4558 te
278 4511 396 4563 Illi.

294 4586 316 4610 ο
349 4571 492 4649 idem
509 4571 703 4649 codex,
733 4571 840 4649 hoc
863 4575 1249 4649 peccato,un
1271 4573 1478 4649 diabolo
1505 4575 1808 4649 decipiente,

211 4644 474 4716 hontinent
503 4645 770 4716 mortiﬁcet
791 4641 1206 4701 obnoxiumiEt
1235 4648 1386 4712 sicut,
1414 4656 1523 4702 etc.

288 4713 317 4754 δ
353 4718 427 4772 Ita
468 4718 626 4771 ltom.
656 4713 802 4771 edit.
843 4729 966 4773 cum
1009 4731 1142 4773 mss.
1180 4717 1507 4788 quihusdam
1551 4731 1614 4774 ac
1648 4719 1812 4774 rariis

209 4791 346 4846 lect.
378 4788 507 4845 edit.
535 4789 665 4846 Gill.
692 4791 1015 4860 quibusdam
1039 4798 1219 4846 tamen
1250 4789 1452 4846 additis
1479 4802 1534 4847 et
1556 4793 1810 4846 mutatis;

213 4871 330 4930 vet.
364 4873 544 4916 autem
575 4861 708 4917 edit.
741 4876 805 4918 ac
834 4877 964 4917 mss.
991 4863 1161 4917 nostri
1179 4864 1515 4919 contractius
1529 4863 1808 4930 exhibent,

211 4928 450 5004 Malitia,
475 4931 838 5000 fornicatione.
864 4931 991 4988 Htcc
1019 4931 1314 5004 fornicatio,
1347 4944 1452 4990 etc.

293 5014 318 5041 ο
341 5003 455 5060 Vet.
474 5003 604 5077 edit.
625 5017 688 5058 ac
707 5005 884 5077 plures
901 5003 1055 5069 ms.,
1075 5017 1178 5060 non
1194 5007 1353 5077 possit
1366 5006 1526 5060 credi.
1547 5005 1612 5059 Et
1629 5015 1812 5059 cratera

207 5091 334 5150 qua:
357 5076 631 5150 manifesta
657 5075 893 5130 videntur
910 5093 932 5150 _:
952 5075 1203 5150 avaritia,
1222 5079 1467 5148 nequitia,
1485 5078 1664 5150 plenos
1680 5078 1813 5131 invi-

209 5147 328 5210 dia,
355 5147 669 5212 homicidiis,
698 5148 1036 5218 contentione,
1055 5147 1543 5218 dolo,tttalignitate,
1571 5165 1815 5203 susurra-

210 5230 377 5285 tores,
417 5219 730 5292 detractorcs
752 5258 768 5285 ,
788 5217 897 5272 Deo
931 5219 1170 5287 odiltiles,
1190 5217 1609 5288 contumeliosos,
1629 5234 1811 5292 supcr-

212 5292 328 5355 bos,
361 5293 540 5354 elatos,
574 5291 863 5344 inventores
908 5294 1183 5355 malarum,
1211 5292 1508 5358 parentibus
1547 5303 1649 5346 non
1693 5291 1813 5346 obe-

211 5363 434 5434 dientes.
447 5362 845 5434 Quantaautem
857 5363 1154 5417 insolentia.
1171 5357 1335 5419 Corb.
1353 5365 1477 5420 cod.
1505 5374 1619 5434 post
1643 5364 1700 5419 τὸ
1713 5379 1815 5419 ιιοη

212 5433 506 5488 obedientcs
549 5432 847 5506 Slllijllngli,
890 5435 1217 5504 insipientes,
1268 5432 1664 5506 incompositos,
1707 5439 1817 5491 sine

206 5507 428 5582 affectu,
459 5506 584 5582 sinc_
596 5505 971 5582 misericordia,
998 5508 1086 5577 qui
1102 5521 1217 5582 cum
1230 5509 1491 5582 justitiam
1518 5507 1609 5560 Dei
1629 5523 1816 5582 cogam

209 5578 420 5641 vissent,
443 5593 548 5631 non
561 5575 930 5651 intellexerunt
947 5575 1203 5651 quomodo
1225 5575 1312 5651 qui
1335 5582 1460 5635 talia
1475 5587 1653 5651 agunt,
1673 5575 1818 5649 digni

213 5659 335 5701 sunt
363 5658 528 5723 morte
557 5665 578 5702 :
605 5660 711 5723 non
741 5649 904 5723 solum
925 5650 1011 5723 qui
1044 5651 1139 5704 illa
1165 5649 1404 5723 faciant;
1431 5649 1520 5705 sed
1547 5653 1698 5705 etiam
1728 5652 1818 5720 qui

211 5722 548 5794 consentiunt
566 5717 1094 5794 facientiﬂsrmpttt
1111 5717 1422 5793 iniquitatis,
1446 5717 1749 5794 etAthtet‘a,
1761 5728 1820 5794 ιιι

203 5763 545 5864 ἱιῖᾖὶιῖίῗ
562 5763 881 5864 ὒὶἶιῖζᾰιῖῑ
878 5763 1180 5853 ,1ἔέἰὶὅῆἕέ
1187 5763 1250 5853 iri
1260 5763 1815 5856 ’ἑὲἱς’ἆίιῖιίῐὸἶὲιῖ’ἐᾶίῖἶ

194 5859 310 5938 jam
341 5873 607 5938 meptas
634 5859 977 5923 remittimus.

2005 3333 2182 3404 (Vers.
2201 3331 2318 3403 51.)
2341 3331 2648 3388 Parentibus
2667 3350 2767 3387 non
2785 3332 3312 3401 obedientcs.Qu:tnta
3343 3341 3521 3386 autem

1927 3424 2208 3482 insolentia
2231 3429 2432 3496 arrepti
2473 3435 2620 3492 sunt,
2653 3436 2677 3472 ε
2710 3435 2762 3481 ιιι
2787 3441 2884 3481 nec
2909 3433 3164 3496 parentes
3193 3440 3322 3481 suos
3343 3468 3356 3490 ,
3389 3437 3524 3495 quos

1927 3527 2177 3574 auctores
2200 3517 2252 3573 in
2280 3517 2562 3573 nativitate
2593 3517 3209 3588 hahengagmscercnt,
3240 3518 3442 3588 quique
3467 3531 3525 3572 sc

1925 3622 2079 3670 natos
2094 3613 2402 3686 gauderent
2430 3614 2774 3670 :lllcstamcn
2796 3629 2890 3684 per
2920 3631 3054 3685 quos
3083 3627 3205 3670 esse
3219 3624 3520 3684 cmperaut,

1923 3708 2378 3766 contemnebant!
2398 3709 2510 3765 lloc
2542 3721 2622 3765 est
2643 3725 2763 3766 cssc
2781 3710 2890 3764 sine
2919 3710 3204 3775 intellectu,
3228 3711 3338 3762 sine
3355 3708 3523 3762 citari-

1925 3813 2048 3868 tatc,
2073 3799 2166 3857 sed
2190 3800 2314 3868 Dei;
2344 3817 2467 3857 nam
2492 3811 2610 3858 erat
2635 3801 2688 3856 in
2707 3802 2831 3857 illos
2854 3801 3093 3856 Charitas
3121 3800 3321 3854 carnis.
3340 3798 3402 3854 Ili
3428 3799 3520 3853 Dei

1921 3894 2188 3966 justitiam
2219 3905 2614 3965 cognoscentes
2643 3907 2739 3964 per
2767 3893 2942 3964 lcgctu
2985 3902 3191 3949 uaturm
3219 3891 3520 3964 (sciverunt

1928 3988 2071 4045 enim
2124 3987 2242 4044 lucc
2301 3988 2411 4043 Deo
2464 3986 2797 4059 displicere,
2845 3986 2938 4042 sed
2973 3987 3024 4042 in
3077 3986 3259 4040 animo
3315 4001 3519 4057 ponere

2001 4144 2017 4184 ί
2049 4145 2148 4200 his.
2173 4145 2361 4212 Corb..
2385 4146 2637 4215 exposcit.
2665 4143 2732 4199 Et
2763 4146 2815 4199 in
2839 4144 3089 4216 praplteta
3116 4143 3377 4200 Zacltaria
3398 4161 3520 4199 con-

1918 4218 2172 4292 tradicere
2201 4234 2256 4273 se
2301 4229 2450 4292 putat
2481 4217 2766 4285 sacerdoti,
2796 4234 2897 4272 non
2921 4218 3017 4271 sibi
3049 4216 3319 4273 vindicans
3351 4229 3522 4290 potes-

1917 4297 2089 4346 tatem.
2125 4287 2378 4360 Quam'ob
2403 4308 2527 4358 rem,
2557 4300 2664 4346 etc.

1988 4391 2012 4429 κ
2044 4377 2170 4438 Gili.
2226 4383 2522 4439 varietates
2561 4399 2686 4439 cum
2739 4400 2842 4440 ms.
2886 4382 3055 4438 Corb.
3099 4392 3153 4438 et
3195 4381 3410 4451 lietnig.
3453 4383 3519 4438 ad

1917 4452 2076 4508 linem
2106 4455 2300 4525 capitis
2328 4457 2495 4510 lcrme
2521 4457 2874 4512 conveniunt.
2917 4456 3104 4510 Potior
3138 4467 3322 4509 tamen
3353 4466 3435 4509 est
3466 4465 3522 4509 et

1839 4525 1889 4586 D
1915 4527 2219 4581 correctior
2268 4527 2430 4598 hujus
2459 4529 2632 4582 series
2656 4568 2670 4590 ,
2718 4543 2880 4597 qnatu
2923 4527 3247 4582 exhibemus
3279 4544 3290 4580 :
3330 4525 3398 4580 Ut
3429 4543 3522 4581 nec

1917 4608 2153 4672 parentes
2174 4614 2300 4672 suos
2320 4608 2685 4672 cognoscerent
2715 4599 3046 4672 honorandos
3072 4617 3089 4666 ;
3121 4601 3236 4653 ideo
3266 4598 3522 4672 insipien-

1915 4680 1989 4725 tes
2017 4669 2401 4735 incompositos'
2424 4687 2530 4726 esse
2563 4671 2718 4737 dixit,
2749 4688 2841 4725 nec
2876 4669 2972 4724 Dei
3007 4687 3101 4724 nec
3133 4673 3395 4724 hominum
3425 4671 3519 4723 Ita-

1916 4741 2085 4796 bentcs
2107 4745 2355 4813 affectum
2385 4738 2524 4797 Hinc
2543 4752 2616 4796 est
2636 4743 2771 4796 unde
2799 4753 2843 4796 et
2866 4742 3304 4797 immiscricordcs
3328 4751 3515 4796 essent.

1918 4813 2021 4878 Qui
2041 4816 2174 4868 enim
2200 4816 2254 4867 in
2285 4829 2404 4868 suos
2431 4815 2652 4868 crudelis
2681 4824 2776 4879 est,
2800 4825 2991 4884 quanto
3013 4816 3178 4883 magis
3205 4816 3256 4867 in
3282 4815 3519 4867 alienos!

1917 4884 1985 4940 In
2036 4885 2119 4940 his
2177 4902 2301 4956 ergo
2343 4885 2580 4940 carnibus
2628 4897 2956 4941 contumaces
3003 4888 3212 4956 effecti,
3257 4887 3520 4954 cognitam

1917 4957 2156 5012 habentes
2207 4957 2616 5029 Dci‘jnstitiam,
2657 4961 2708 5011 in
2760 4959 2934 5012 animo
2981 4975 3170 5029 ponere
3211 4957 3516 5029 noluerunt,

1915 5031 2160 5103 quoniam
2189 5029 2274 5100 qui
2309 5025 2420 5084 litvo
2437 5039 2619 5100 agunt,
2642 5031 2786 5103 digni
2814 5041 2933 5103 sunt
2963 5025 3127 5082 morte
3160 5045 3177 5083 :
3207 5039 3252 5103 et
3295 5044 3382 5080 ncc
3425 5027 3518 5080 Iros

1916 5102 2169 5156 immunes
2198 5117 2309 5155 esse
2332 5119 2363 5155 a
2393 5112 2555 5157 morte
2582 5100 2840 5172 qui,'cum
2871 5100 2982 5155 lucc
3009 5117 3112 5154 non
3142 5102 3341 5172 faciunt
3359 5141 3374 5163 ,
3400 5114 3519 5150 cou-

1917 5173 2142 5228 sentiunt
2182 5173 2507 5244 facientibus.
2550 5171 2842 5244 Istisenim
2894 5191 2995 5225 non
3036 5171 3394 5244 horrentibus,
3427 5184 3518 5244 nec

1916 5239 2281 5320 φ’θιξεηιίωιε,
2305 5246 2387 5299 illi
2418 5249 2480 5320 illi
2509 5250 2658 5320 pejus
2687 5242 2984 5320 proﬁciunt.
3011 5243 3247 5320 Quando
3272 5242 3409 5320 enim
3441 5239 3516 5292 vi-

1918 5312 2001 5371 det
2025 5316 2269 5370 honorari
2295 5333 2348 5370 se
2374 5319 2436 5371 ab
2461 5312 2671 5382 Itisfqni
2692 5312 2796 5372 non
2818 5318 2919 5371 sint
2947 5317 3092 5378 talcs,
3123 5313 3300 5366 crescit
3324 5312 3375 5363 in
3408 5326 3516 5362 ma-

1920 5387 2063 5462 litia,
2092 5400 2138 5442 et
2183 5387 2453 5462 gloriatur
2473 5390 2584 5459 fore
2621 5408 2674 5444 se
2719 5390 2914 5453 talem;
2964 5386 3156 5439 idcirco
3197 5383 3411 5462 dignum
3445 5392 3519 5438 est

1919 5476 2022 5514 una
2045 5460 2136 5513 hos
2167 5455 2315 5530 parua
2347 5455 2657 5515 multandos.
2686 5461 2870 5514 Omnis
2903 5471 3068 5511 tamen
3090 5455 3404 5530 conscientia
3427 5470 3520 5509 no-

1919 5533 1989 5586 vit
2023 5530 2119 5586 Dei
2149 5527 2410 5602 justitiam
2449 5532 2696 5588 creditam
2734 5531 2952 5593 mundo,-
3000 5527 3198 5602 occulte
3236 5527 3371 5580 enim
3407 5543 3519 5602 qua)

1919 5597 2183 5676 punienda
2234 5613 2354 5657 sunt
2383 5646 2396 5668 ,
2451 5614 2754 5670 operantur.
2801 5597 3064 5676 Quomodo
3133 5615 3252 5676 ergo
3301 5599 3520 5676 credunt

1922 5669 2018 5731 ista
2046 5677 2259 5741 impune
2308 5669 2507 5746 futura,
2537 5689 2652 5744 qua:
2695 5689 2794 5725 non
2825 5669 3015 5746 audent
3062 5669 3268 5738 publice
3297 5688 3472 5742 gerere
3495 5669 3522 5724 3’

1927 5755 2064 5813 Cod.
2090 5751 2304 5806 Thuau.
2329 5762 2378 5808 et
2411 5752 2564 5808 Colb.
2593 5748 2712 5818 illis
2733 5745 3081 5818 consentiunt
3111 5763 3282 5818 uSque
3310 5748 3377 5802 ad
3404 5761 3526 5802 ver-

1929 5831 2020 5900 ba,
2037 5839 2225 5901 ponere
2238 5826 2512 5881 noluerunt
2529 5839 2546 5877 :
2561 5815 2759 5879 c’mtera
2782 5832 2912 5874 vero
2926 5817 3181 5876 exhibent
3197 5815 3266 5877 ἰιι
3283 5822 3334 5878 in
3359 5829 3528 5878 textu.
