4082 6306
593 205 663 264 (ιῦ
1626 214 1721 270 AD
1757 213 1990 274 OPERA
2027 216 2086 273 S.
2131 216 2458 277 AMBROSII
2501 220 2872 282 APPENDIX.
3829 232 3892 288 65

585 324 878 381 noluerunt
908 334 932 362 η
965 321 1224 392 Quoniam
1284 329 1374 399 qui
1443 329 1552 384 lucc
1603 342 1808 402 agunt,
1864 334 2008 403 digni
2063 345 2182 390 sunt
2211 341 2260 399 Α
2290 337 2596 410 hujusmodi
2633 342 3058 403 inexcusabilem
3083 348 3221 406 fore.
3245 350 3360 407 Non
3383 355 3529 408 enim
3548 351 3760 423 justum
3787 363 3889 414 est.

584 419 792 490 morte),
817 433 988 489 usque
1002 420 1140 476 adeo
1155 420 1426 492 justitiam
1455 422 1551 478 Dei
1579 436 1977 495 cognoverunt,
1997 435 2052 481 ut
2075 443 2183 483 non

583 523 783 583 negent
800 516 914 572 haec
927 517 1134 583 omnia,
1152 533 1275 590 quae
1300 517 1522 587 faciant,
1549 535 1709 590 paena
1730 520 1888 592 digna
1909 531 1964 578 et
1986 533 2184 579 morte.

581 603 651 661 Et
672 623 775 662 non
797 610 964 664 solum
990 612 1076 678 qui
1099 611 1299 682 faciunt
1334 629 1415 680 ea,
1440 614 1530 668 sed
1553 615 1711 669 etiam
1731 615 1821 686 qui
1860 617 2188 672 consentiunt

580 702 909 771 facientibus.
938 702 1216 761 Assensus
1241 707 1386 762 enim
1418 707 1767 778 participatio
1796 719 1900 764 est.

649 794 833 869 (Vers.
864 797 984 870 32.)
1015 799 1255 866 Quicum
1281 803 1538 869 iustitiam
1561 802 1661 858 Dei
1677 805 2056 875 cognovissent,
2086 823 2188 862 non

578 893 976 962 intellexerunt,
1027 897 1273 967 quoniam
1329 900 1416 970 qui
1469 900 1580 954 lucc
1638 911 1819 969 agunt,
1879 902 2023 974 digni
2072 915 2190 957 sunt

581 994 746 1040 morte
769 1003 788 1040 :
817 996 865 1041 et
895 1003 998 1042 non
1025 987 1193 1042 solum
1224 990 1420 1060 faciunt
1448 1007 1528 1056 ea,
1557 992 1650 1046 sed
1681 992 1833 1046 etiam
1861 994 2189 1049 consentiunt

582 1079 913 1149 facientibus.
945 1080 1071 1136 llrec
1095 1083 1278 1137 omnia
1305 1084 1444 1139 mala
1476 1099 1675 1156 corpus
1703 1095 1789 1142 est
1816 1096 2187 1157 peccatorum,

581 1173 668 1226 cui
712 1173 1012 1245 mancipati
1058 1174 1188 1232 facti
1224 1188 1351 1233 sunt
1393 1181 1676 1249 potestatis
1704 1181 1974 1252 ejusdem,
2009 1193 2065 1239 ut
2109 1187 2189 1239 fa-

582 1264 727 1318 ciam
757 1266 1054 1335 punienda.
1088 1268 1214 1324 Haec
1247 1271 1392 1326 enim
1432 1273 1700 1329 malorum
1739 1290 1902 1331 causa
1943 1291 1974 1332 a
2018 1277 2192 1334 Sodo-

583 1357 732 1412 mitis
769 1370 948 1430 empta
987 1371 1072 1416 est
1113 1361 1414 1420 offensione
1448 1366 1563 1433 Dei,
1606 1367 1747 1423 sicut
1784 1384 1946 1440 supra
1989 1370 2189 1427 dictum

583 1460 703 1515 est,
729 1460 784 1507 et
817 1453 870 1507 in
901 1470 1119 1510 omnem
1163 1471 1332 1529 prope
1361 1468 1568 1530 partem
1617 1463 1802 1517 mundi
1833 1477 2018 1520 ramos
2062 1481 2192 1521 suos

586 1544 852 1612 extendit,
885 1546 1019 1601 iram
1051 1549 1145 1604 Dei
1172 1549 1498 1607 idololatria:
1527 1568 1746 1610 causam
1773 1557 2046 1621 nuntians,
2071 1575 2192 1629 qua:

587 1635 764 1704 prima
796 1652 918 1707 pars
947 1649 1030 1695 est
1055 1643 1264 1698 erroris
1305 1655 1360 1700 et
1390 1645 1706 1716 impietatis,
1752 1664 1913 1720 quam
1957 1652 2190 1720 primum

2290 439 2350 486 ut
2368 431 2490 488 huic
2507 435 2729 505 impune
2749 439 3106 506 concedatur;
3128 443 3250 513 quia
3269 459 3364 514 per
3377 443 3691 517 hypocrisin
3709 454 3892 500 osten-

2288 522 2439 580 ditsc
2458 542 2563 582 non
2589 529 2904 596 talem,cum
2931 532 3086 604 pejor
3105 549 3229 590 esse
3241 535 3709 607 deprehendatur.
3731 535 3894 591 Fallit

2290 617 2458 683 enim,
2484 628 2541 674 ut
2568 619 2694 676 dum
2721 623 3022 692 puniendus
3043 627 3135 692 sit,
3162 627 3372 683 honore
3393 627 3591 699 dignus
3609 636 3891 698 appareat.

2366 709 2545 780 (Vers.
2579 710 2662 783 2.)
2697 714 2903 770 Scimus
2933 727 3102 771 autem
3127 720 3369 788 quoniam
3390 719 3653 792 judicium
3701 716 3791 772 Dei
3826 726 3898 772 est

2291 805 2570 859 secundum
2598 808 2858 864 veritatem
2902 811 2956 865 in
2997 828 3106 876 eos,
3139 815 3227 882 qui
3262 814 3390 868 talia
3427 823 3614 888 agunt.
3653 811 3766 866 Hoc
3789 820 3895 874 est,

2292 913 2399 953 non
2427 899 2739 970 ignoramus
2761 903 2930 959 Deum
2951 905 3320 974 judicaturum
3348 907 3415 963 de
3445 907 3529 962 his
3561 907 3612 961 in
3641 905 3894 968 veritate,

2290 991 2508 1059 quando
2542 1008 2640 1048 nos
2685 994 2790 1064 ipsi
2831 995 2900 1051 de
2943 996 3028 1051 his
3062 997 3395 1068 iudicamus.
3440 999 3497 1053 Si
3549 998 3698 1053 enim
3744 996 3897 1051 nobis

2291 1081 2569 1154 displicet,
2611 1070 2816 1157 quanto
2864 1090 3034 1162 magis
3074 1089 3209 1157 Deo,
3251 1093 3344 1162 qui
3397 1092 3572 1164 magis
3597 1091 3779 1162 justus
3815 1101 3901 1145 est

2292 1186 2346 1231 et
2392 1192 2532 1250 opus
2565 1194 2723 1234 suum
2766 1183 3012 1238 zelatur!
3058 1186 3112 1240 In
3155 1185 3384 1241 veritate
3432 1200 3566 1255 ergo
3600 1198 3727 1239 cum
3767 1183 3902 1237 dicit

2287 1269 2656 1340 judicaturum
2687 1273 2855 1330 Deum
2880 1275 2946 1330 de
2972 1277 3079 1345 his,
3110 1287 3374 1333 terrorem
3407 1277 3599 1332 incutit
3625 1293 3639 1342 ;
3665 1284 3724 1330 ut
3743 1289 3902 1345 quem

2295 1362 2348 1417 hi
2372 1363 2560 1433 perﬁdi
2579 1365 2911 1422 incuriosum
2929 1368 3133 1436 dicunt,
3161 1371 3265 1425 iste
3283 1371 3456 1425 malos
3479 1367 3782 1424 secundum
3813 1382 3904 1421 ve-

2293 1457 2509 1513 ritatem
2542 1458 2688 1516 dicat
2703 1461 3094 1531 judicaturum,
3115 1463 3216 1520 hoc
3237 1474 3343 1531 est,
3367 1464 3657 1520 verissime
3675 1460 3905 1518 reddere

2293 1551 2596 1608 secundum
2619 1568 2932 1610 mensuram
2961 1557 3408 1629 uniuscujusque,
3439 1567 3494 1612 et
3517 1571 3631 1612 non
3654 1569 3898 1626 parcere.

2366 1646 2550 1716 (Vcrs.
2581 1647 2658 1721 3.)
2688 1649 2975 1706 Existimas
3001 1661 3171 1707 autem
3213 1654 3331 1718 hoc,
3371 1669 3402 1706 ο
3439 1651 3622 1717 homo,
3655 1651 3746 1719 qui
3771 1649 3906 1716 indi-

583 1729 958 1797 condemnat;
1003 1744 1063 1788 ut
1111 1749 1234 1791 cum
1276 1736 1394 1792 haec
1435 1740 1721 1795 emendata
1767 1740 1990 1810 fuerint,
2034 1743 2192 1801 facile
2220 1741 2268 1802 B
2297 1755 2386 1792 cas
2411 1740 2474 1794 de
2498 1742 2583 1807 ἰὶε,
2611 1743 2700 1812 qui
2729 1743 2856 1799 ταιὶα
2883 1755 3064 1816 “gum.
3087 1745 3285 1815 ϐεῘασῖε
3313 1763 3372 1800 θα
3399 1763 3418 1811 ς
3452 1747 3579 1816 qui“
3602 1753 3658 1798 ιιι
3688 1741 3907 1816 efﬂigi“

583 1822 928 1892 corrigantur
965 1835 1020 1880 ct
1054 1842 1266 1885 morum
1309 1830 1458 1885 vitia.
1508 1829 1737 1887 Sublato
1779 1833 1925 1889 enim
1969 1837 2188 1892 malitiae

579 1913 1112 1986 semine,nequili:e
1155 1918 1362 1975 fructus
1408 1931 1694 1991 arescent;
1748 1939 1858 1979 non
1904 1926 2049 1981 enim
2098 1927 2190 1984 dat

582 2004 750 2060 arbor
779 2005 1010 2076 fructus,
1038 2011 1193 2080 cujus
1214 2014 1413 2068 excisae
1436 2025 1566 2070 sunt
1595 2013 1622 2052 ι’
1655 2016 1887 2072 radices.
1915 2018 2027 2090 36
2052 2018 2185 2076 Nam

579 2097 701 2154 ideo
754 2110 811 2156 et
862 2102 1078 2174 Moyses
1136 2103 1292 2175 (Gen.
1337 2122 1453 2170 xix.
1482 2107 1554 2163 24
1601 2119 1651 2162 et
1681 2109 1813 2180 seq.)
1850 2109 2102 2167 Sodomae
2135 2125 2190 2169 et

581 2191 906 2250 Gomorrha:
933 2206 1083 2268 gesta
1118 2202 1464 2268 memoravit,
1488 2201 1826 2274 exitiumque
1862 2222 1968 2260 non
1999 2209 2184 2274 tacuit,

579 2295 638 2340 ιιι
665 2288 916 2343 timorem
942 2301 1168 2360 poneret
1196 2289 1355 2363 hujus
1385 2295 1464 2349 rei
1497 2295 1752 2351 vitandze.
1781 2296 1898 2353 Non
1925 2314 2056 2370 ergo
2082 2300 2184 2356 hoc

578 2383 769 2439 vitium
826 2395 880 2441 et
929 2389 1320 2446 contaminatio
1375 2391 1749 2450 dehonestatre
1808 2396 1935 2454 vita:
1995 2398 2064 2454 ab
2118 2414 2185 2455 eo

572 2473 901 2544 admittitur,
931 2479 1021 2549 qui
1052 2481 1104 2536 in
1134 2482 1322 2539 animo
1349 2485 1556 2555 cogitat
1580 2487 1775 2543 Deum.

645 2568 786 2624 Sunt
811 2571 1034 2641 quidam
1073 2575 1166 2644 qui
1209 2590 1269 2630 se
1299 2592 1427 2631 reos
1455 2593 1562 2632 non
1592 2587 1806 2650 putant,
1834 2579 1879 2634 si
1914 2595 2020 2635 non
2050 2597 2182 2652 ope-

575 2671 769 2716 rentur
797 2679 917 2733 quae
949 2665 1090 2719 mala
1119 2676 1268 2733 sunt,
1299 2669 1600 2724 assentiant
1627 2678 1808 2725 autem
1838 2671 2182 2729 facientibus.

573 2753 857 2810 Assentire
897 2765 1076 2811 autem
1118 2769 1225 2824 est,
1270 2760 1338 2827 si,
1386 2775 1509 2815 cum
1541 2763 1716 2831 possit
1745 2765 2180 2834 reprehendere,

575 2853 794 2900 taceat:
845 2857 938 2901 aut
983 2848 1216 2905 audiens
1262 2850 1361 2907 has
1408 2853 1641 2920 fabulas,
1691 2855 1962 2911 aduletur.
1996 2858 2184 2914 Sciens

572 2939 719 2994 enim
754 2940 1004 3012 impurus
1030 2952 1086 2999 et
1113 2944 1379 3016 malignus
1404 2963 1512 3002 non
1541 2949 1778 3018 ignorari
1807 2966 1928 3021 qum
1963 2952 2096 3021 agit,
2129 2963 2185 3008 et

573 3031 803 3087 minime
833 3047 892 3087 se
917 3035 1101 3101 vitari,
1136 3037 1231 3091 sed
1255 3037 1420 3092 etiam
1459 3039 1654 3095 honori
1685 3055 1828 3109 csse,
1864 3053 1885 3080 ο
1917 3043 2184 3113 gloriatur

571 3123 721 3180 forte
750 3141 809 3180 se
832 3126 995 3182 talem
1033 3146 1046 3182 :

571 3218 722 3274 videt
752 3221 918 3277 faveri
946 3222 1086 3290 sibi,
1117 3233 1173 3280 et
1201 3224 1565 3282 ohsecundari
1592 3226 1770 3293 abiis,
1801 3228 1892 3298 qui
1926 3243 2030 3284 non
2059 3241 2184 3286 sunt

570 3312 741 3379 tales;
770 3323 826 3368 et
857 3314 932 3370 ita
958 3326 1060 3384 eat,
1089 3326 1149 3372 ιιι
1174 3320 1266 3388 qui
1297 3318 1539 3374 fomitem
1567 3321 1846 3391 prmbeant
1873 3321 2087 3378 delictis
2119 3325 2178 3378 il-

571 3407 752 3463 lorum
788 3428 802 3465 :
847 3410 1076 3483 ideoque
1105 3413 1329 3485 dignum
1355 3427 1440 3472 est
1472 3427 1526 3472 ut
1559 3418 1675 3488 pari
1704 3419 1934 3474 crimine
1973 3421 2049 3474 rei
2092 3421 2185 3474 ha-

571 3498 826 3556 beantur.
869 3502 1006 3558 Sunt
1048 3504 1247 3561 iterum
1289 3509 1417 3576 alii,
1477 3507 1571 3576 qui
1612 3524 1719 3565 non
1762 3511 1943 3566 solum
1981 3511 2185 3569 faciunt

572 3593 741 3657 mala,
767 3596 862 3650 sed
892 3599 1054 3653 etiam
1087 3602 1444 3658 consentiunt
1470 3602 1829 3670 facientibus;
1865 3616 1926 3661 ut
1951 3623 2057 3663 non
2097 3623 2184 3662 so-

563 3687 679 3742 lmn
708 3685 933 3755 faciant,
957 3692 1054 3746 sed
1087 3704 1142 3749 et
1173 3695 1372 3750 talibus
1401 3699 1768 3754 consentiant.
1811 3700 2022 3772 Duplex
2051 3720 2182 3774 ergo

565 3781 764 3838 horum
796 3793 880 3839 est
921 3789 1160 3858 nequitia
1197 3807 1212 3842 :
1247 3806 1355 3845 nun
1395 3794 1542 3848 enim
1589 3803 1696 3849 tam
1736 3797 1862 3851 mali
1899 3807 2047 3864 sunt,
2092 3798 2183 3866 qui

565 3875 797 3940 faciunt,
825 3886 881 3931 et
911 3877 1235 3937 facientibus
1264 3886 1686 3953 contradicunt;
1710 3886 1737 3924 ἀ
1767 3889 2010 3945 scientes
2039 3891 2181 3946 enim

569 3964 802 4032 nefaria,
830 3984 936 4022 non
968 3970 1056 4026 illa
1092 3974 1369 4030 vindicant
1404 3977 1520 4031 :illi
1550 3993 1680 4034 vero
1711 3987 1822 4034 tam
1866 3983 2182 4051 nequissimi

568 4067 720 4126 sunt,
749 4061 911 4131 quiet
930 4061 1155 4130 faciunt,
1181 4075 1235 4120 et
1256 4069 1612 4124 consentiunt
1633 4069 1978 4136 facientibus,
2001 4081 2056 4126 ut
2087 4089 2184 4128 nec

571 4153 744 4208 Deum
760 4153 1005 4222 timeant;
1019 4156 1112 4212 sed
1129 4157 1436 4215 increscere
1450 4161 1739 4231 cupientes
1752 4163 1917 4229 mala,
1936 4162 2058 4218 ideo
2072 4167 2184 4220 haec

567 4244 796 4298 minime
817 4245 1116 4317 vindicant,
1144 4259 1200 4306 ut
1221 4250 1484 4307 suadeant
1518 4269 1627 4308 non
1657 4253 1747 4308 illa
1776 4269 1900 4309 esse
1937 4255 2177 4312 vitanda.

1204 4343 1434 4401 CAPUT
1462 4346 1528 4401 11.

642 4429 824 4499 (Vers.
860 4432 911 4485 1.
941 4435 957 4500 )
987 4431 1316 4507 Quapmpter
1340 4437 1711 4494 inexcusabilis
1733 4455 1807 4506 es,
1839 4455 1869 4493 ο
1892 4439 2048 4496 homo
2070 4457 2180 4497 om-

2287 1832 2548 1904 judicium
2578 1832 2708 1888 Dei?
2738 1846 2760 1873 θ
2794 1837 2904 1893 Hoc
2930 1847 3034 1905 est,
3079 1838 3340 1909 numquid
3378 1837 3504 1908 quia
3536 1837 3636 1892 tibi
3677 1850 3906 1891 examen

2293 1924 2476 1980 datum
2504 1936 2589 1982 est
2637 1929 2924 1998 potestatis
2961 1931 3243 2001 judicandi
3277 1932 3344 1986 de
3386 1931 3547 1986 malis
3583 1939 3639 1985 et
3679 1929 3907 2000 stupris,

2291 2031 2414 2072 cum
2439 2019 2629 2074 eadem
2657 2036 2787 2093 agas
2809 2065 2824 2087 ,
2853 2034 2907 2078 et
2937 2038 3042 2078 non
3075 2032 3160 2080 est
3189 2024 3280 2092 qui
3308 2031 3360 2079 te
3386 2022 3454 2078 ad
3487 2036 3737 2093 praesens
3755 2018 3908 2090 judi-

2291 2119 2400 2177 cet,
2431 2110 2660 2182 eﬂ’ugies
2685 2114 2955 2184 judicium
3000 2116 3132 2171 Dei?
3165 2116 3279 2171 Non
3312 2117 3500 2188 utique
3527 2133 3540 2181 ;
3572 2115 3704 2186 quia
3745 2114 3789 2168 si
3816 2113 3910 2182 ju-

2291 2192 2492 2259 dicium
2525 2205 2616 2261 Dei
2651 2207 2703 2262 in
2747 2209 2948 2263 mundo
2979 2210 3232 2275 evasisti,
3266 2210 3394 2280 quia
3423 2209 3608 2264 omnis
3650 2207 3775 2261 lucc
3805 2219 3909 2276 po—

2293 2308 2461 2356 testas
2487 2310 2542 2356 et
2567 2301 2831 2370 judicium
2859 2303 2928 2359 ab
2956 2319 3022 2358 eo
3043 2313 3148 2370 est,
3177 2305 3228 2358 in
3263 2303 3505 2358 futurum
3537 2317 3647 2357 non
3676 2301 3907 2358 evades.

2290 2393 2394 2450 Per
2423 2411 2482 2452 se
2511 2397 2657 2452 enim
2681 2398 3022 2467 iudicaturus
3051 2408 3137 2456 est
3159 2399 3322 2465 Deus,
3353 2398 3500 2470 apud
3526 2412 3694 2470 quem
3724 2404 3910 2452 cessat

2290 2486 2535 2542 adulatio
2568 2498 2621 2543 et
2665 2504 3020 2560 personarum
3062 2491 3332 2560 acceptio.
3381 2492 3491 2545 Aut
3517 2497 3673 2546 certe
3707 2487 3753 2542 si
3788 2487 3911 2557 jus-

2291 2590 2404 2636 tum
2439 2582 2602 2638 alicui
2633 2583 2871 2652 videtur,
2899 2594 2961 2640 ut
3006 2585 3317 2656 hujusmodi
3358 2585 3629 2640 immunis
3671 2597 3702 2638 a
3743 2596 3912 2653 paena

2289 2673 2379 2740 sit,
2411 2673 2577 2732 dicat.
2613 2676 2768 2745 Quod
2802 2679 2847 2733 si
2874 2680 3078 2749 justum
3125 2687 3295 2735 estut
3325 2694 3433 2734 non
3460 2677 3682 2744 evadat,
3715 2675 3913 2732 credat

2292 2768 2459 2824 Deum
2487 2769 2888 2840 judicaturum;
2922 2782 2979 2828 ut
3009 2783 3065 2828 et
3094 2773 3237 2843 quod
3276 2774 3485 2843 justum
3515 2786 3644 2828 esse
3671 2770 3908 2842 judicat.

2290 2877 2480 2917 verum
2508 2864 2600 2930 sit,
2628 2874 2683 2918 et
2714 2865 3023 2935 impleatur,
3049 2876 3103 2922 et
3129 2867 3300 2922 Deum
3328 2867 3685 2922 conditorem
3715 2865 3914 2920 mundi

2289 2955 2644 3024 providenter
2687 2966 2742 3010 et
2785 2959 2999 3014 curiose
3034 2959 3217 3030 cperis
3252 2959 3337 3015 sui
3383 2960 3580 3015 merita
3619 2957 3917 3028 requirere

2291 3045 2546 3103 fateatur.
2570 3049 2627 3105 Si
2646 3049 2791 3105 enim
2811 3049 2938 3107 fecit
2956 3063 3006 3107 et
3024 3052 3272 3123 negligit,
3290 3053 3468 3109 malus
3483 3053 3668 3123 opifex
3684 3052 3916 3116 dicitur;

1096 3145 1196 3185 nec
1223 3130 1483 3187 confundi
1521 3141 1701 3203 potest
1741 3134 1796 3188 in
1831 3135 1936 3201 his,
1968 3136 2183 3205 quando
2213 3133 2258 3197 C
2289 3139 2416 3211 quia
2451 3155 2548 3211 per
2573 3141 2624 3196 id
2656 3143 2800 3214 quod
2829 3145 3084 3217 negligit,
3117 3162 3223 3201 non
3257 3147 3401 3202 bona
3439 3163 3499 3202 se
3530 3147 3758 3212 fecisse,
3789 3160 3920 3216 quae

2288 3229 2440 3298 fecit,
2493 3233 2773 3301 ostendit;
2820 3236 2914 3292 sed
2953 3238 3074 3307 quia
3121 3238 3260 3294 bona
3309 3238 3509 3294 fecisse
3560 3240 3756 3311 negari
3805 3255 3918 3293 non

2288 3325 2787 3397 potest(indignum
2812 3338 2896 3384 est
2916 3330 3062 3385 enim
3086 3340 3142 3386 et
3168 3331 3534 3401 improbabile
3559 3332 3767 3387 bonum
3795 3347 3921 3387 ma.

2289 3415 2341 3470 la
2387 3415 2656 3489 fecisse),
2711 3434 2895 3474 curam
2951 3436 3139 3478 eorum
3188 3438 3416 3480 necesse
3467 3433 3554 3480 est
3608 3435 3668 3479 ut
3701 3425 3923 3480 dicatur

2287 3521 2491 3578 agere;
2538 3510 2664 3579 quia
2709 3513 3040 3568 contumelia
3080 3514 3200 3584 ejus
3249 3516 3356 3584 erit
3393 3526 3453 3570 et
3497 3520 3808 3584 accusatio,
3869 3517 3924 3574 si

2287 3600 2558 3656 bonorum
2590 3617 2620 3656 a
2649 3618 2707 3658 se
2734 3603 2997 3661 factorum
3030 3607 3315 3680 negligens
3341 3609 3640 3666 inducatur
3669 3628 3685 3665 :
3713 3612 3926 3682 quippe

2287 3709 2413 3750 cum
2450 3697 2570 3765 ejus
2615 3706 2746 3752 nutu
2779 3713 2844 3754 ac
2875 3700 3215 3769 providentia
3255 3701 3361 3757 vita
3399 3706 3520 3775 ipsa
3569 3717 3927 3763 sustentetur

2288 3790 2600 3844 ministerio
2633 3790 3053 3859 elementorum,
3100 3796 3243 3850 sicut
3271 3797 3389 3866 ipse
3431 3798 3711 3856 Dominus
3738 3801 3875 3856 dicit
3911 3820 3923 3853 :

2293 3881 2397 3946 Qui
2425 3882 2583 3934 solem
2623 3899 2773 3936 suum
2808 3885 2935 3938 oriri
2987 3888 3110 3957 facit
3143 3903 3302 3960 super
3341 3889 3505 3944 bonos
3541 3903 3592 3945 et
3631 3894 3828 3958 malos,
3871 3903 3926 3946 et

2286 3973 2397 4044 37
2432 3973 2567 4045 pluit
2593 3991 2748 4045 super
2763 3981 2936 4049 justas
2965 3989 3014 4032 et
3041 3979 3268 4052 injustas
3311 3982 3535 4053 (Matth.
3573 4001 3629 4052 ν,
3650 3987 3773 4056 45).
3815 3987 3928 4055 Qui

2288 4079 2423 4134 ergo
2456 4075 2676 4133 priestat
2699 4082 2906 4134 curam,
2937 4085 3042 4126 non
3066 4073 3177 4142 agit
3205 4089 3548 4133 conservare
3581 4079 3735 4150 quod
3765 4080 3925 4145 fecit,

2290 4167 2349 4210 ut
2428 4165 2674 4212 amantes
2741 4175 2800 4214 SB
2868 4173 3230 4231 renumeret,
3283 4179 3743 4242 spernentesque
3786 4188 3926 4228 (2011⁸

2289 4249 2553 4305 demnet?

2363 4340 2546 4413 (Vers.
2577 4344 2658 4416 4.)
2700 4347 2778 4399 An
2823 4347 3032 4403 diuitias
3083 4351 3328 4409 bonitatis
3374 4360 3513 4429 ejus,
3544 4366 3594 4413 et
3626 4361 3924 4428 patientiae.

2289 4446 2336 4489 et
2365 4435 2768 4507 longanimitatis
2797 4443 3077 4496 contemnis
3098 4485 3113 4510 ,
3147 4446 3395 4516 ignorans
3425 4452 3681 4520 quoniam
3717 4455 3932 4510 bonitas

567 4521 671 4584 nis,
703 4522 791 4590 qui
809 4523 1040 4594 judicas.
1070 4523 1135 4579 In
1157 4529 1405 4596 quoenim
1429 4530 1642 4598 judicas
1661 4532 1907 4598 alterum,
1935 4543 1984 4587 te
2010 4534 2178 4604 ipsum
2209 4528 2262 4587 D
2294 4530 2389 4583 Dei
2426 4529 2497 4582 ad
2534 4531 2883 4599 pteut'teuliam
2928 4544 2974 4587 ιε
3019 4541 3304 4598 ιπουοεαιῖ)
3329 4540 3458 4596 Huic
3502 4545 3645 4600 dicit
3669 4588 3686 4612 ,
3721 4560 3785 4603 ιιι
3818 4565 3930 4604 non

565 4615 922 4683 condemnas;
947 4620 1126 4674 cadent
1164 4621 1302 4676 enim
1336 4624 1469 4695 agis,
1500 4641 1616 4696 qua:
1641 4627 1874 4697 judicas.
1909 4629 2175 4696 Quoniam

567 4708 861 4765 facientem
911 4713 1167 4784 maligna,
1215 4725 1272 4770 et
1333 4721 1774 4777 consentientem
1827 4722 2172 4792 facientibus,

570 4809 747 4856 morte
769 4801 962 4873 dignos
993 4807 1258 4873 ostendit;
1287 4825 1357 4865 ne
1401 4808 1544 4867 forte
1575 4812 1664 4867 hic
1689 4814 1778 4883 qui
1803 4812 1951 4880 facit,
1986 4825 2036 4870 et
2064 4831 2171 4872 non

567 4897 842 4951 consentit
860 4898 1202 4967 facientibus,
1222 4917 1483 4959 excusare
1497 4919 1558 4960 se
1583 4919 1744 4975 posse
1763 4915 1997 4978 putaret,
2013 4906 2172 4966 docet

645 5044 671 5072 ο
701 5033 931 5114 Itamss.
963 5051 1023 5092 ne
1041 5048 1152 5114 vet.
1178 5041 1313 5114 edit.
1340 5041 1443 5114 nisi
1468 5043 1612 5112 quod
1638 5045 1977 5114 praemittunt
2003 5063 2015 5098 :
2044 5045 2181 5100 Insi-

568 5106 790 5176 pientes,
811 5108 1330 5184 incompositos,sine
1345 5106 1652 5184 affectione,
1665 5116 1774 5168 sine
1797 5116 2176 5184 misericordia;

568 5191 694 5251 quae
739 5176 1072 5251 verbahcum
1122 5176 1247 5234 cod.
1279 5176 1450 5248 Flor},
1491 5176 1686 5251 Corh.,
1724 5184 1888 5240 Vind.
1923 5197 1977 5241 et
2018 5176 2176 5246 llom'.

567 5247 705 5327 edit.
769 5247 1081 5304 recidimus.
1126 5247 1465 5327 Retiunimus
1508 5247 1682 5320 vero,
1733 5255 1910 5327 Usque
1974 5259 2172 5314 adeo...

568 5317 731 5392 digna
760 5330 876 5372 sunt
912 5328 961 5373 et
987 5332 1164 5387 morte,
1194 5340 1316 5392 qum
1343 5326 1508 5379 verba
1551 5329 1602 5382 in
1633 5317 1834 5382 iisdem
1861 5328 2030 5382 tribus
2051 5333 2174 5386 cod.

566 5386 952 5465 desiderantur
978 5433 992 5456 ,
1023 5386 1252 5465 qumque
1290 5396 1341 5449 in
1377 5396 1533 5452 Rom.
1581 5399 1714 5453 edit.
1749 5401 2012 5453 rcsecatis
2055 5401 2176 5458 aliis

570 5471 747 5543 usque
773 5459 838 5543 ad
870 5461 970 5526 Qui
992 5459 1108 5543 cum
1119 5459 1390 5540 justitiam
1407 5466 1522 5535 Dei,
1555 5479 1676 5540 post
1702 5470 1959 5526 eumdem
1991 5470 2174 5543 Scrip-

565 5535 935 5603 turzetextum
959 5535 1301 5603 rejiciuntur.

645 5596 836 5681 [voci
875 5596 1074 5663 radices
1141 5625 1276 5664 mss.
1316 5611 1524 5681 aliquot
1558 5611 1861 5681 adjungunt
1894 5631 1907 5666 :
1971 5612 2046 5668 De
2092 5616 2171 5670 his

566 5672 663 5749 qui
692 5672 907 5749 faciunt,
925 5681 1371 5749 _et_contradicunt
1442 5672 1841 5748 unusfvrebis,
1873 5695 1978 5738 etc.
2011 5687 2170 5742 Simi-

559 5742 698 5801 liter
729 5742 891 5798 etiam
924 5743 1059 5803 infra
1090 5762 1216 5821 post
1244 5742 1431 5820 verba,
1465 5742 1745 5808 assentiant
1775 5742 1944 5808 autem
1975 5758 2168 5827 facien-

2280 4625 2398 4693 jam
2440 4639 2500 4678 se
2537 4633 2688 4689 putet
2725 4627 2963 4681 evasisse
2988 4668 3004 4693 ,
3035 4628 3082 4682 si
3123 4630 3272 4685 illum
3303 4632 3528 4690 bonitas
3569 4638 3670 4694 Dei
3719 4643 3932 4711 patitur

2285 4719 2378 4775 diu
2422 4729 2735 4786 peccantem
2782 4736 2796 4772 :
2838 4735 2938 4776 nec
2983 4723 3297 4790 patientiam
3329 4727 3452 4797 ejus
3477 4741 3640 4799 putet
3668 4745 3932 4792 contem-

2286 4812 2546 4877 nendam,
2570 4811 2725 4881 quasi
2756 4826 2860 4866 non
2883 4824 3164 4870 curantem
3191 4833 3280 4871 res
3304 4819 3577 4879 humanas
3606 4842 3620 4878 :
3649 4827 3932 4900 intelligat

2281 4917 2468 4963 autem
2513 4904 2690 4960 ideoa
2718 4919 2778 4960 se
2820 4905 3187 4974 dissimulari,
3233 4913 3363 4981 quia
3398 4931 3511 4970 non
3557 4918 3613 4973 in
3657 4919 3768 4976 hac
3820 4923 3930 4979 vita

2279 5049 2440 5133 tibus,
2465 5057 2791 5133 annectunt,
2821 5047 3000 5133 De_lt_is
3061 5067 3202 5133 unus
3232 5055 3326 5112 Va:
3354 5057 3476 5131 Iris)
3503 5065 3596 5133 qui
3624 5070 3934 5123 assentiunt

2283 5117 2867 5206 facientibtts1LVer-ttni
2902 5120 2954 5174 hi
3003 5117 3142 5206 tituli
3182 5138 3416 5206 su_nt,‘e
3456 5117 3929 5206 'tn'arginib‘u'smin

2286 5187 2496 5268 textum
2527 5203 2555 5240 a
2591 5187 2824 5268 librariis
2848 5192 3115 5268 incautius
3151 5187 3388 5268 trajec'ti.

2358 5269 2382 5296 ο
2423 5258 2550 5340 νιεει·ζ
2572 5258 2728 5325 edit.,
2770 5261 3026 5340 gloriatur
3060 5270 3174 5336 fore
3199 5258 3254 5322 se
3281 5273 3477 5340 talem;
3501 5273 3671 5332 Rom.
3695 5289 3755 5336 et
3781 5297 3922 5338 mss.

2284 5346 2458 5407 prope
2485 5329 2551 5382 ad
2584 5329 2781 5407 unum,
2802 5329 3070 5407 gloriatur'
3083 5341 3238 5407 forte,
3266 5351 3378 5397 etc.

2357 5400 2381 5437 ἀ
2411 5401 2581 5483 Boni:
2605 5400 3200 5483 edit.,_facientcs_en_im
3227 5400 3462 5483 nefaria,
3493 5417 3594 5473 illa
3624 5422 3930 5480 uindicant.

2359 5483 2381 5508 ρ
2411 5472 2510 5525 Ms.
2541 5470 2730 5554 Gorh.,
2755 5471 2875 5527 Non
2913 5477 3016 5529 vult
3037 5477 3196 5554 hujus
3228 5470 3306 5535 rei
3345 5470 3933 5554 rmp'ununiééifinﬁiié

2275 5543 2642 5626 sper;are,q‘uia
2656 5542 2904 5626 injustam
2918 5556 2990 5626 est
2998 5542 3725 5626 quibusexamen'potestaiis

2273 5613 2360 5702 est!
2369 5615 2434 5667 de
2453 5613 2605 5702 rnalli‘s
2619 5613 2694 5693 uel
2709 5616 2901 5702 stupris
2915 5613 3930 5702 Itujusmodijudicanemuni

2274 5689 2531 5779 effugere.
2750 5681 3183 5779 ad
3199 5681 3435 5779 premens

2274 5756 2510 5829 effugere
2543 5762 2712 5806 tamen
2741 5756 2999 5818 indicium
3027 5757 3123 5813 Dei
3150 5756 3253 5817 non
3286 5756 3487 5834 poteris
3521 5775 3577 5828 in
