4082 6306
166 283 234 338 65
985 276 1476 336 COMMENTARIA
1529 276 1594 334 IN
1636 276 2030 337 EI’IS'IOLAM
2073 282 2165 337 AD
2203 281 2556 341 ROMANOS.
3406 290 3476 348 66

153 386 421 455 judiciqu
465 395 568 452 Dei
610 397 937 469 promissum
966 405 1050 453 est
1077 395 1338 464 futurum,
1369 405 1428 451 ut
1455 396 1507 451 in
1536 404 1770 452 ventura
1801 401 1849 461 Α
1876 397 2103 467 accipit;
2135 398 2188 453 in
2218 400 2308 455 die
2350 399 2495 454 enim
2537 400 2729 470 judieii
2762 402 2856 460 Dei
2899 404 3329 476 incorruptibilis
3363 406 3479 473 jam

159 486 264 542 vita
301 487 571 555 poeniteat
600 489 759 546 illum
785 490 1021 561 judicem
1052 489 1220 546 Deum
1243 499 1268 526 ι
1299 505 1403 544 non
1430 487 1763 545 credidisse:

160 581 212 636 in
244 596 400 651 poma
427 583 578 637 enim
611 584 824 654 positus
853 584 970 639 sine
997 582 1172 638 fructu
1202 582 1556 654 pcenitentite,
1588 582 1765 653 potni-

163 675 322 740 ιοιιίι;
351 676 483 744 quia
542 691 653 732 non
698 675 929 734 credidit
963 676 1224 747 judicium
1258 676 1390 742 Dei,
1434 675 1579 746 quod
1620 675 1770 732 videt

163 783 370 824 verum.
397 768 638 826 Necesse
661 782 744 826 est
769 772 912 827 enim
938 780 995 826 ut
1024 771 1204 826 acrius
1230 770 1576 838 emendetur,
1602 771 1769 826 immo

162 865 336 937 pteuis
379 867 718 935 perennibus
763 874 1113 938 torqueatur,
1146 882 1306 936 quem
1341 867 1616 938 patientia:
1641 867 1769 924 lon-

161 960 450 1031 ganimitas
512 976 621 1016 non
679 961 1015 1018 emendavit.
1077 961 1441 1018 Severissime
1490 960 1766 1031 loquitur,

163 1055 342 1110 sciens
391 1053 686 1125 malignam
739 1065 978 1111 mentem
1025 1069 1131 1111 non
1176 1069 1338 1127 posse
1381 1056 1482 1111 nisi
1515 1055 1769 1111 timorea

166 1147 306 1202 vitiis
332 1146 493 1203 facile
524 1149 795 1204 revocari.

235 1241 417 1312 (Vers.
461 1241 521 1305 5,
554 1240 636 1313 6.)
677 1242 977 1298 Secundum
1017 1243 1266 1298 duritiam
1307 1253 1480 1300 autem
1521 1252 1692 1310 tuam,
1720 1253 1769 1298 et

163 1339 483 1410 impcenitens
507 1354 599 1393 cor
628 1338 953 1395 thesaurizas
983 1339 1073 1399 tibi
1109 1340 1240 1394 iram
1272 1342 1326 1394 iu
1357 1340 1440 1395 die
1463 1341 1574 1406 irat,
1604 1349 1654 1394 et
1683 1354 1768 1393 re-

164 1429 432 1483 uelationis
451 1431 586 1504 justi
604 1430 799 1504 judicii
830 1430 950 1498 Dei,
978 1434 1064 1502 qui
1088 1433 1267 1487 reddet
1296 1432 1568 1502 unicuique
1589 1447 1772 1487 secun-

165 1526 284 1578 dant
337 1540 499 1595 opera
543 1541 658 1579 sua.
706 1524 1086 1595 lmpunitatem
1133 1543 1362 1597 sperans
1396 1536 1767 1597 peccatorum,

167 1635 270 1673 non
299 1618 476 1672 solum
508 1617 672 1673 durat
703 1619 1137 1676 inconvertibilis
1174 1621 1628 1687 et,intraclahilis
1656 1636 1772 1676 ma-

168 1725 301 1766 nens
324 1727 342 1776 ;
369 1711 466 1766 sed
499 1710 680 1767 adhuc
705 1712 956 1768 acerbius
987 1723 1206 1784 peccat,
1236 1729 1462 1770 securus
1487 1713 1629 1785 quod
1660 1729 1769 1770 non

1871 487 2089 543 dabitur
2121 490 2295 545 honor
2322 501 2377 546 et
2403 491 2573 560 gloria
2596 533 2612 558 ,
2645 505 2704 548 ut
2746 495 2856 550 sint
2889 507 2910 533 θ
2944 505 3053 552 tota
3091 506 3292 552 a-terna
3325 516 3337 552 ε
3366 499 3480 568 ipsa

1872 582 2017 637 enim
2049 583 2444 653 gloriﬁcabitur
2481 587 2806 658 substantia,
2839 591 3071 662 quadam
3103 593 3481 648 immutatione

1872 677 2216 732 meritorum.
2263 677 2329 734 Hi
2375 695 2506 750 ergo
2554 692 2808 752 quaerunt
2853 686 3019 741 vitam
3067 698 3353 756 aeternam,
3389 689 3481 760 qui

1872 783 1978 825 non
2005 770 2182 826 solum
2212 772 2368 828 bona:
2396 773 2758 842 professionis
2784 788 2930 845 sunt,
2961 781 3057 835 sed
3085 791 3139 837 et
3171 782 3314 838 vitae.

1944 862 2131 932 (Vers.
2160 863 2242 936 8.)
2283 863 2363 919 Iis
2401 882 2522 921 vero
2547 867 2636 937 qui
2663 884 2728 923 ea:
2749 873 3073 927 contentione
3095 915 3111 940 ,
3149 885 3196 928 et
3221 877 3310 944 qui
3339 876 3485 948 dif/i-

1873 954 2002 1008 dunt
2031 956 2253 1021 veritati,
2287 957 2531 1014 obediunl
2558 968 2730 1014 autent
2753 961 3037 1032 iniquitati,
3061 965 3139 1018 ira
3155 976 3204 1020 et
3233 967 3482 1036 indigna-

1871 1047 1965 1113 tio,
2000 1047 2264 1104 tribulatio
2306 1061 2354 1104 et
2388 1051 2663 1122 angustia,
2694 1053 2798 1110 hoc
2841 1063 2928 1110 est
2961 1056 3155 1112 iterata
3205 1060 3479 1130 angustia.

1873 1137 2193 1196 Diffidentes
2239 1141 2308 1196 de
2356 1139 2541 1198 futuro
2588 1143 2685 1200 Dei
2727 1145 2934 1216 judicio
2959 1163 3058 1220 per
3084 1148 3391 1218 Christum,
3421 1168 3482 1211 ac

1873 1248 1970 1304 per
2015 1232 2117 1289 hoc
2165 1244 2218 1290 et
2260 1235 2578 1306 patientiam
2623 1237 2741 1309 ejus
2781 1251 3215 1312 contemnentes,
3250 1256 3482 1304 conten-

1871 1325 2007 1382 dunt
2049 1343 2318 1385 evacuare
2359 1330 2515 1399 illud,
2548 1347 2671 1389 cum
2706 1335 2778 1390 sit
2808 1351 2996 1392 verum
3025 1347 3080 1393 et
3109 1339 3325 1398 stabile.
3355 1341 3485 1397 Cre-

1873 1422 1999 1476 dunt
2022 1432 2194 1478 autem
2215 1426 2517 1494 iniquitati;
2545 1428 2802 1500 iniquitas
2827 1441 2917 1488 est
2939 1433 3086 1490 enim
3108 1450 3308 1507 negare
3337 1437 3485 1508 quod

1875 1517 2017 1574 Dens
2050 1520 2286 1575 futurum
2320 1522 2592 1592 praedixit.
2621 1523 2748 1582 Tria
2781 1542 2916 1599 ergo
2946 1527 3050 1584 alia
3097 1530 3276 1599 posuit
3304 1531 3488 1588 incre-

1873 1612 2088 1670 dulitati
2135 1616 2424 1688 condigna,
2454 1617 2644 1674 dicens
2685 1638 2699 1676 :
2744 1618 2839 1674 Ira
2883 1631 2931 1675 et
2974 1622 3287 1696 indignatio,
3317 1633 3365 1678 et
3394 1641 3491 1679 an-

1872 1710 2066 1776 gustia.
2102 1709 2181 1764 lra
2214 1719 2300 1765 est
2339 1711 2486 1766 enim
2521 1727 2628 1766 non
2662 1712 2735 1780 ei,
2761 1714 2852 1778 qui
2878 1714 3118 1786 judicat;
3151 1716 3247 1772 sed
3274 1716 3374 1785 illi,
3399 1718 3492 1789 qui

167 1803 234 1857 sit
288 1802 420 1857 ultio
471 1802 678 1871 futura,
724 1818 820 1860 cor
865 1804 1072 1861 habens
1104 1807 1485 1878 intptenitens,
1515 1808 1772 1878 ignorans

1899 1799 2169 1866 udicatur,
2203 1801 2330 1858 dmn
2360 1802 2418 1856 fit
2447 1819 2594 1859 reus.
2626 1805 2792 1860 Irasci
2820 1806 2965 1862 enim
2996 1806 3200 1864 dicitur
3231 1809 3374 1865 Deus
3395 1851 3411 1878 ,
3435 1818 3496 1866 ut

168 1898 286 1967 quia
318 1898 451 1952 iram
483 1897 589 1953 sibi
617 1909 909 1970 congregat
931 1901 983 1955 in
1002 1900 1090 1957 die
1111 1901 1226 1958 irae.
1256 1901 1494 1959 Necesse
1518 1913 1602 1959 est
1623 1903 1770 1959 enim

169 1992 375 2046 saeviori
411 2007 572 2062 poena
602 2002 660 2048 ut
691 1993 958 2062 plectatur
981 2036 997 2057 ,
1027 1995 1194 2050 immo
1239 1996 1472 2052 flammis
1517 1996 1774 2066 perenni-

173 2086 266 2140 bus
312 2095 664 2157 torqueatur,
695 2086 789 2156 qui
835 2087 993 2158 longa
1027 2087 1118 2144 Dei
1155 2088 1410 2158 patientia
1447 2104 1556 2144 non
1597 2089 1773 2144 solum

174 2192 231 2233 se
255 2176 550 2232 emendare
578 2177 776 2244 noluit,
806 2177 904 2234 sed
934 2177 1114 2234 adhuc
1158 2179 1365 2237 addens
1395 2179 1463 2236 ad
1489 2189 1775 2252 contemp-

175 2283 284 2328 tum
314 2272 670 2344 exaggeravit
697 2281 934 2343 peccata.
972 2273 1096 2328 Dies
1134 2274 1230 2330 irae
1259 2283 1345 2330 est
1371 2274 1777 2346 peccatoribus,

177 2380 283 2435 quo
328 2363 657 2434 punientur;
689 2363 716 2402 ι’
758 2364 882 2420 ideo
930 2364 1064 2435 ipsis
1111 2377 1195 2420 est
1240 2366 1339 2430 ira,
1369 2367 1493 2436 quia
1535 2367 1781 2423 sentiunt

181 2472 392 2527 poenam
421 2459 472 2514 in
504 2457 597 2514 die
638 2457 990 2514 revelationis
1016 2457 1146 2528 justi
1167 2458 1360 2528 judicii
1391 2459 1505 2515 Dei.
1550 2459 1780 2516 Revela-

179 2552 323 2609 bitur
352 2552 522 2618 enim,
557 2550 609 2606 id
640 2559 747 2618 est,
779 2560 1124 2621 agnoscetur,
1168 2551 1312 2622 quod
1345 2551 1508 2608 modo
1539 2551 1780 2610 futurum

182 2655 434 2716 negatur;
480 2643 718 2714 ideoque
762 2658 887 2700 cum
933 2642 1272 2710 ostenditur,
1318 2643 1462 2714 quod
1510 2658 1617 2700 non
1659 2659 1784 2701 esse

183 2737 433 2804 creditur,
467 2736 765 2792 revelatur.
797 2736 892 2792 His
918 2737 1063 2792 enim
1092 2736 1421 2806 ostenditur,
1444 2738 1539 2808 qui
1562 2748 1781 2810 negant,

184 2829 319 2901 quod
364 2829 716 2886 credentibus
763 2826 1112 2884 manifestum
1162 2817 1282 2895 est;
1317 2838 1378 2884 ut
1423 2830 1786 2885 confiteantur

185 2923 340 2980 etiam
389 2920 547 2978 inviti
587 2921 796 2991 justum
834 2921 1100 2992 judicium
1151 2921 1289 2988 Dei,
1319 2936 1442 2976 cum
1493 2922 1786 2993 unicuique

189 3019 367 3074 reddet
418 3016 727 3074 secundum
774 3031 940 3088 opera
985 3031 1103 3073 sua.
1155 3015 1428 3088 Numquid
1461 3029 1480 3054 ε
1513 3031 1619 3073 non
1670 3017 1787 3073 haec

187 3112 489 3168 fatebuntur
533 3111 682 3184 juste
730 3110 880 3178 fieri,
913 3126 1038 3168 cunt
1090 3110 1325 3168 viderint
1364 3112 1503 3166 mala
1555 3113 1785 3169 invicem

189 3206 318 3260 facta
355 3205 590 3262 ulcisci?

256 3299 424 3371 (Vers.
463 3299 547 3365 7.)
587 3297 666 3353 Iis
689 3298 774 3370 qui
803 3299 1090 3353 secundum
1116 3298 1418 3368 patientiam
1447 3297 1565 3352 boui
1596 3297 1788 3368 operis,

190 3391 398 3461 gloriam
426 3401 473 3448 et
503 3393 781 3456 honorem,
823 3401 869 3446 et
916 3392 1399 3463 incorruptionem,
1445 3390 1793 3462 qttwrentibus

197 3485 342 3538 vitam
362 3495 632 3540 teternant.
659 3485 924 3552 Quoniam
950 3483 1218 3555 judicium
1244 3485 1338 3540 Dei
1365 3481 1391 3520 ιι
1413 3484 1617 3554 justum
1652 3499 1792 3554 prte-

199 3579 424 3635 dicatum
456 3588 546 3636 est
567 3621 582 3648 ,
608 3579 768 3651 quale
797 3588 979 3634 autem
1009 3579 1170 3634 bonis
1202 3578 1442 3633 futurum
1470 3587 1554 3634 est
1573 3619 1588 3644 ,
1613 3577 1794 3634 decla-

196 3674 328 3729 ravit
352 3693 365 3730 :
391 3674 490 3729 hos
514 3673 673 3742 dicit,
704 3673 796 3744 qui
826 3673 1143 3744 patientiam
1171 3673 1266 3728 Dei
1294 3673 1565 3738 scientes,
1598 3672 1792 3742 partim

193 3768 255 3824 ad
285 3766 688 3839 corruptionem
711 3808 726 3833 ,
761 3767 954 3838 partim
985 3765 1052 3822 ad
1089 3765 1354 3835 majorem
1387 3765 1650 3820 ultionem
1683 3779 1792 3819 non

194 3876 248 3918 se
292 3861 686 3932 corrigentium
731 3859 1022 3930 protelari,
1066 3859 1307 3929 priorum
1351 3873 1580 3928 operum
1624 3855 1798 3927 paeni-

193 3965 360 4012 tentes
390 3937 536 4011 bene
577 3964 884 4020 versantur,
921 3953 1042 4010 freti
1075 3952 1268 4008 fiducia
1299 3952 1421 4008 fidei
1447 3969 1461 4018 ;
1495 3968 1560 4007 ne
1585 3951 1676 4008 diu
1705 3951 1796 4009 hic

195 4051 350 4122 positi
377 4051 642 4107 damnum
672 4050 951 4106 incurrant
983 4048 1271 4120 promissa:
1302 4049 1448 4103 vitat.
1480 4047 1637 4104 Dabit
1664 4063 1796 4120 ergo

195 4145 269 4200 eis
298 4145 522 4217 gloriam
541 4155 590 4200 et
606 4146 872 4200 honorem.
907 4143 974 4199 Et
999 4158 1068 4199 ne
1091 4157 1197 4198 non
1231 4142 1336 4198 hoc
1359 4141 1516 4198 valde
1541 4157 1796 4214 magnum

196 4237 258 4294 ad
285 4239 749 4311 comparationem
784 4237 1070 4309 praesentis
1099 4238 1225 4293 vitae
1256 4237 1556 4305 videretur,
1588 4238 1712 4309 quia
1743 4245 1799 4294 et

197 4331 281 4388 hic
309 4333 538 4404 gloriosi
575 4332 830 4388 videntur
859 4340 915 4388 et
947 4331 1226 4396 honorati,
1257 4331 1456 4401 adjecit
1482 4349 1494 4385 :
1521 4331 1588 4386 Et
1630 4332 1800 4386 incor-

197 4427 524 4498 ruptionem;
554 4434 612 4482 ut
637 4441 700 4481 es
728 4440 796 4481 eo
823 4425 928 4480 alia
969 4424 1141 4496 gloria
1171 4433 1226 4480 et
1253 4425 1392 4480 alter
1423 4425 1599 4478 honor
1633 4423 1797 4479 intel-

197 4518 456 4590 ligeretur
478 4560 494 4585 ,
527 4517 746 4589 quando
779 4517 1113 4588 incorruptio
1139 4516 1302 4571 simul
1343 4515 1709 4572 comitabitur.
1741 4514 1799 4570 In

1877 1890 2254 1949 vindicaturus
2303 1893 2594 1960 credatur;
2641 1912 2766 1951 nam
2805 1895 2901 1954 Dei
2933 1909 3124 1954 natura
3156 1899 3226 1954 ab
3255 1899 3338 1955 his
3371 1916 3496 1971 pas-

1875 1983 2123 2040 sionibus
2149 1985 2406 2042 immunis
2436 1997 2541 2044 est.
2575 1989 2641 2044 Et
2664 1997 2722 2044 ut
2743 2005 2852 2045 non
2883 1991 3059 2046 solum
3093 1992 3280 2060 irasci,
3313 1992 3408 2050 sed
3440 2001 3497 2051 et

1877 2077 2158 2135 vindicare
2178 2079 2453 2149 credatur,
2477 2082 2676 2152 adjecit
2702 2102 2715 2138 :
2741 2082 2807 2137 Et
2829 2084 3158 2156 indignatio;
3192 2085 3498 2157 indignatio

1877 2180 1983 2238 est,
2015 2186 2176 2242 quam
2213 2171 2464 2228 addendo
2504 2173 2615 2246 38
2653 2190 2819 2246 super
2852 2176 3011 2244 iram,
3042 2177 3298 2247 injuriam
3339 2194 3495 2237 suam

1880 2262 2052 2318 Deum
2084 2264 2484 2321 vindicaturum
2520 2265 2813 2338 significat.
2848 2268 3119 2340 Augustin:
3153 2285 3288 2326 vero
3326 2280 3494 2341 sunt,

1879 2358 2076 2428 quibus
2103 2359 2374 2414 sententia
2404 2358 2756 2426 constrictus,
2786 2360 3133 2416 tribulabitur
3160 2363 3214 2418 in
3238 2379 3422 2433 pwna.

1954 2450 2136 2523 (Vers.
2173 2451 2254 2522 9.)
2295 2452 2468 2523 Super
2495 2469 2697 2508 onmem
2720 2454 2946 2507 animam
2972 2455 3196 2510 hominis
3225 2460 3498 2526 operantis

1883 2547 2098 2602 malum.
2142 2545 2200 2600 In
2230 2544 2333 2602 hoc
2363 2560 2528 2616 opere
2559 2563 2667 2603 non
2699 2547 2878 2602 solum
2907 2549 3043 2603 facta
3075 2548 3371 2619 significat,
3396 2550 3499 2608 sed

1884 2648 1940 2696 et
1965 2637 2204 2710 perfidiae
2227 2637 2638 2710 professionem.
2667 2639 2744 2696 De
2771 2639 3050 2696 incredulo
3077 2642 3222 2698 enim
3245 2642 3415 2710 dicit;
3443 2652 3502 2700 et

1885 2731 2005 2788 ideo
2034 2747 2198 2802 super
2227 2731 2465 2788 animam
2506 2731 2676 2799 dixit,
2709 2743 2766 2786 ut
2791 2732 3134 2803 spiritualem
3167 2750 3382 2804 ptenam
3417 2736 3500 2794 in-

1888 2822 2135 2894 telligas,
2170 2838 2276 2878 non
2325 2823 2702 2894 corporalem;
2732 2823 2858 2895 quia
2903 2824 3084 2880 anima
3131 2827 3500 2886 iuvisibilibus

1890 2917 2067 2988 pomis
2097 2917 2420 2972 arctabitur.

1959 3008 1992 3064 J
2003 3010 2138 3065 utiuti
2167 3011 2420 3081 primum,
2444 3020 2490 3066 et
2517 3010 2706 3067 (ἔναιρε.
2739 3011 2967 3084 Semper
2995 3013 3243 3071 Judaeum
3273 3026 3501 3090 antepo-

1892 3105 1968 3160 nit
2013 3106 2370 3177 praerogativa
2417 3105 2674 3174 Patrum,
2709 3115 2768 3162 ut
2797 3119 2890 3163 aut
2920 3120 3216 3166 coronetur
3255 3114 3498 3183 primus,

1815 3207 1980 3272 Caut
2036 3199 2362 3265 damnetur;
2431 3200 2556 3270 quia
2608 3200 2842 3258 credens
2899 3202 3351 3262 honorificentior
3416 3217 3505 3266 est

1897 3302 2118 3362 propter
2148 3293 2454 3360 Abraham,
2481 3292 2738 3350 diffidens
2774 3308 2956 3352 autem
2993 3299 3149 3368 pejus
3189 3301 3502 3358 tractandus

1895 3395 2006 3452 est;
2042 3385 2164 3455 quia
2195 3385 2396 3442 donum
2428 3387 2755 3458 promissum
2794 3388 3048 3448 Patribus
3081 3393 3355 3450 refutavit.

1969 3479 2146 3552 (Vers.
2198 3481 2311 3552 10.)
2361 3479 2546 3536 Gloria
2593 3493 2763 3538 autent
2811 3493 2861 3539 et
2911 3487 3081 3542 Itonor
3123 3499 3171 3543 et
3215 3507 3321 3560 paa:
3363 3492 3505 3548 omni

1897 3575 2130 3641 aperanti
2162 3573 2371 3642 bonunt,
2403 3572 2592 3631 Judwo
2621 3577 2870 3646 primum,
2901 3588 2952 3633 et
2973 3577 3180 3636 erco.
3210 3583 3502 3651 Quomodo

1898 3661 2194 3720 incredulis
2242 3666 2342 3720 tria
2383 3667 2616 3736 poenalia
2660 3668 2864 3738 posuit,
2893 3671 2974 3726 sic
3013 3680 3069 3728 et
3118 3673 3371 3730 fidelibus
3405 3678 3506 3734 tria

1898 3758 2214 3828 magnifica,
2259 3768 2317 3812 ut
2367 3759 2630 3815 honorem
2669 3761 2952 3818 fhabeant
3005 3767 3315 3836 geminum,
3350 3771 3506 3838 quasi

1899 3853 1995 3908 filii
2029 3853 2151 3919 Dci;
2199 3853 2372 3925 gloria
2413 3855 2485 3910 sit
2525 3870 2623 3926 pro
2663 3857 3076 3926 immutatione;
3110 3875 3214 3930 pax
3245 3878 3410 3932 vero,
3439 3879 3508 3921 eo

1898 3949 2040 4021 quod
2090 3949 2226 4005 bene
2270 3949 2518 4006 viventes
2567 3949 2738 4022 quieti
2787 3961 2948 4008 erunt
2996 3952 3051 4009 itt
3105 3956 3324 4023 futuro,
3359 3958 3506 4015 nulla

1903 4042 2309 4113 perturbatione
2349 4044 2642 4109 commoti;
2675 4044 2876 4115 quippe
2917 4045 3043 4117 quia
3072 4049 3248 4105 onmis
3277 4048 3442 4108 homo
3477 4063 3501 4100 δ

1901 4154 1932 4193 a
1960 4139 2252 4194 contrariis
2289 4155 2350 4196 se
2393 4138 2706 4211 abstinens,
2735 4140 2878 4214 apud
2923 4142 3165 4214 judicem
3211 4145 3377 4205 habet
3416 4165 3510 4220 pa-

1899 4249 2016 4290 cem
2029 4273 2042 4288 .

1973 4325 2156 4396 (Vers.
2191 4323 2302 4396 ll.)
2346 4323 2471 4380 Non
2499 4329 2634 4382 enim
2652 4343 2994 4398 personarum
3013 4335 3248 4407 acceptio
3271 4347 3345 4392 est
3369 4338 3513 4410 apud

1903 4418 2088 4474 Deum.
2125 4418 2391 4486 Quoniam
2421 4420 2665 4477 ostendit
2701 4421 2949 4480 Judaeum
2982 4427 3098 4484 sive
3125 4427 3376 4486 Graecum
3402 4446 3514 4487 non

1903 4511 2110 4583 despici
2154 4529 2184 4567 a
2226 4513 2376 4581 Deo,
2409 4512 2456 4569 si
2503 4523 2686 4570 tamen
2735 4516 2924 4573 credat
2970 4519 3022 4574 in
3065 4520 3384 4591 Christum,
3417 4523 3514 4580 sed

201 4613 453 4682 prtescnti
483 4613 632 4669 enim
663 4613 836 4668 honor
863 4611 948 4668 vel
978 4611 1149 4682 gloria
1174 4611 1491 4682 frequenter
1515 4611 1801 4678 amittitur;
1832 4618 1886 4679 1)
1909 4612 2135 4675 accepto
2185 4602 2315 4659 ferri
2364 4603 2628 4662 ambObUS
2663 4605 2926 4676 iUSliliam
2979 4610 3137 4676 ﬁdei;
3189 4614 3269 4670 sic.
3315 4616 3514 4674 iterum

200 4706 319 4774 quia
359 4704 740 4776 corruptibilis
778 4714 896 4772 est,
930 4702 1022 4775 qui
1053 4703 1165 4771 dat,
1193 4713 1249 4760 et
1275 4703 1419 4775 quod
1465 4702 1581 4768 dat,
1609 4713 1664 4759 et
1707 4705 1796 4774 qui

270 4861 296 4885 ιι
337 4848 470 4903 Mss.
500 4845 737 4916 Remig.,
763 4842 954 4910 Corb.,
981 4841 1206 4916 Thuan.
1229 4849 1285 4916 et
1307 4838 1488 4916 Co_lb.,
1506 4856 1607 4916 non
1633 4839 1805 4893 credi-

202 4921 353 4985 disse,
384 4920 474 4989 qui
507 4927 564 4972 ut
607 4911 854 4972 terrorem
896 4915 1060 4989 futuri
1082 4913 1277 4989 judicii
1305 4913 1385 4989 sui
1416 4911 1736 4989 ostenderet,
1760 4920 1807 4989 et

203 4983 500 5063 patientiam
542 5005 646 5063 non
679 4983 1128 5063 contemnendam,
1171 4985 1296 5063 ait‘:
1337 4983 1527 5063 j'acui,
1561 4984 1808 5063 numquid

202 5054 396 5129 semper
423 5061 642 5116 tacebo?
670 5055 996 5132 Hujusmodi
1025 5073 1146 5132 ergo
1169 5059 1222 5110 in
1244 5056 1446 5132 judicio
1477 5062 1674 5132 positus
1702 5054 1811 5132 sine

205 5126 371 5204 [ructu
423 5133 711 5204 potnitebit,
737 5126 917 5204 videns
947 5126 1210 5204 judicium
1246 5126 1352 5204 ‘Dei
1375 5167 1392 5194 ,
1424 5127 1811 5204 quod__negav_it

207 5198 473 5273 futurum;
528 5214 582 5256 ut
633 5219 721 5257 nec
768 5198 1019 5273 pudorem
1059 5199 1240 5273 Itabeat
1289 5198 1643 5273 deprecandi,
1687 5199 1810 5273 quia

206 5268 651 5348 longanimitatent
698 5268 942 5328 bonitatis
985 5271 1078 5325 Dei
1120 5269 1392 5325 ridendum
1436 5271 1652 5340 putavit.
1698 5268 1810 5324 Ne-

204 5363 361 5403 cesse.
391 5357 500 5403 εις.

273 5390 511 5474 Vim};
541 5418 697 5483 cdit.,
721 5416 837 5471 ideo
867 5415 1028 5484 lapsis
1053 5423 1128 5468 est
1151 5414 1250 5480 ira,
1278 5415 1386 5484 qui,
1415 5422 1520 5469 etc.
1549 5412 1809 5484 Sequenti

209 5500 386 5545 autem
415 5506 582 5545 versu
613 5504 715 5544 ms.
750 5483 959 5557 Retnig.
993 5495 1050 5542 et
1068 5484 1232 5542 Corb.
1266 5486 1380 5540 hate
1408 5485 1564 5540 effert
1591 5504 1603 5537 :
1633 5483 1810 5557 Mani-

211 5561 482 5634 festabitur
516 5562 652 5615 enim
693 5560 827 5634 quod
855 5556 1007 5634 modo
1033 5559 1268 5634 futurum
1295 5568 1532 5634 negatur,
1556 5556 1808 5634 ut_conﬁ-

213 5626 418 5689 teantur
463 5636 618 5688 etiant
664 5626 808 5685 inviti
846 5626 1050 5702 justum
1085 5626 1371 5701 judiciunr
1396 5627 1536 5702 _I)ei,
1567 5626 1806 5702 ridentes

213 5706 354 5760 reddi
397 5706 675 5772 unicuique
716 5697 996 5757 secundum
1036 5697 1191 5772 opera
1238 5716 1352 5754 sua.
1386 5697 1464 5754 Iis
1489 5698 1697 5770 quidem
1724 5697 1813 5769 qui

214 5779 498 5834 secundum
525 5775 845 5848 patientiam,
881 5781 986 5828 etc.

289 5862 309 5890 ο
341 5842 608 5907 Nonnulli
636 5861 790 5915 mss.,
821 5861 923 5902 non
951 5842 1245 5912 e/Ittbuntur
1262 5846 1407 5917 juste
1435 5843 1571 5914 ﬁeri.

1908 4713 2014 4754 non
2055 4695 2345 4753 credentes
2385 4698 2591 4768 pariter
2627 4714 2752 4757 reos
2791 4717 2915 4760 esse
2936 4745 2952 4771 ,
2982 4706 3108 4776 quia
3137 4709 3313 4780 magis
3339 4711 3520 4768 oberit

1984 4833 2009 4870 ἀ
2051 4834 2208 4888 Rom.
2233 4831 2625 4910 edi_t.,‘justun_t
2655 4836 2988 4910 praedicavit,
3031 4857 3167 4895 nunc
3191 4846 3346 4910 quale
3371 4847 3518 4906 bonis

1912 4911 2145 4979 futurum
2173 4914 2270 4971 est,
2298 4903 2552 4979 declarat,
2586 4903 2663 4960 iis,
2682 4907 2938 4965 videlicet.

1989 4977 2249 5057 C__0tr.ttcs
2280 4974 2509 5057 editnac
2537 4992 2680 5057 mss._
2709 4981 2961 5057 quidam,
2992 4992 3102 5057 tota
3136 4989 3238 5043 vita
3281 5000 3474 5046 wlerna
3497 5011 3517 5045 :

1915 5051 2110 5106 melius
2149 5060 2280 5102 vero
2310 5047 2364 5100 in
2391 5047 2514 5102 aliis
2541 5051 2601 5106 τὸ
2633 5050 2736 5104 vita
2760 5047 3056 5111 omittitur.
3083 5055 3202 5114 Non
3229 5073 3410 5116 autem
3442 5067 3515 5118 ita

1914 5122 2054 5248 bzane
2084 5119 2227 5245 230d
2262 5133 2359 5188 pro
2388 5119 2767 5191 gloriﬁcabitur
2789 5165 2808 5192 ,
2838 5127 3089 5184 nonnulli
3121 5131 3246 5186 cod.
3282 5133 3515 5202 habent,

1915 5213 1946 5248 α
1973 5210 2086 5248 οντα
2163 5232 2178 5248 ο

1915 5201 2183 5342 θξίῖηἵῖἑέί
2220 5261 2362 5316 haud
2412 5263 2596 5342 pauci,
2631 5264 2852 5342 habeant
2877 5271 3196 5342 genuinum,
3224 5279 3317 5326 aut
3357 5273 3521 5330 Itono-

1915 5335 2291 5412 riﬁcentiant...
2326 5335 2626 5412 genuinam.
2657 5335 2929 5412 Continuo
2955 5357 3084 5397 vero
3111 5335 3253 5412 pust,
3285 5343 3375 5400 ubi
3404 5356 3514 5404 vet.

1916 5411 2053 5484 edit.
2093 5422 2158 5461 ac
2188 5419 2358 5484 ntss.,_
2369 5406 2539 5477 gloria
2560 5407 2625 5462 sit
2652 5425 2748 5478 pro
2774 5406 3147 5484 inmutatione,
3179 5431 3284 5484 pax
3313 5432 3431 5472 vero
3457 5437 3518 5476 eo

1914 5480 2084 5551 quod;
2113 5477 2384 5553 nonnulli.
2415 5494 2520 5553 pax
2546 5477 2663 5553 uero
2703 5492 2750 5535 et
2789 5481 2958 5536 honor
2983 5485 3158 5553 quod;
3179 5477 3347 5543 Rom.
3380 5490 3516 5548 edit.

1916 5549 2260 5623 reposuerat,
2302 5549 2524 5622 gloriam
2553 5551 2606 5605 in
2646 5549 3033 5620 immutatione,
3080 5572 3259 5625 pacem
3303 5574 3420 5618 vero
3459 5581 3520 5622 eo

1915 5628 2212 5821 qugtD‘I,‘
2240 5691 2398 5762 edi.”
2429 5693 2492 5747 ab
2521 5694 2820 5751 adversario
2836 5710 2892 5753 se
2911 5695 3247 5756 abstinens...
3273 5716 3518 5776 acceptor

1915 5778 1987 5821 est
2062 5786 2168 5821 t'tts.

1914 5778 1987 5824 est
2013 5778 2168 5824 Uctts.
