4120 6316
234 251 301 308 ιθ

1109 245 1620 307 ΟΟΜΜΕΝΤΑΒΙΑ
1651 243 1718 306 ῙνΝ
1761 240 2155 305 LPISTOLAM
2194 245 2288 301 Αῡ
2325 235 2674 303 ROMANOS.

3469 236 3535 301 to

229 368 522 424 laudantur
568 368 894 431 credentes.
943 367 1014 423 ita
1046 376 1095 423 et
1127 381 1227 437 per
1266 367 1654 423 conscientiam
1685 381 1836 420 suam
1869 368 1920 426 Α
1945 361 2184 424 Christo.
2235 375 2394 430 quem
2441 375 2631 415 omnes
2671 358 2913 429 quotidie
2953 351 3270 414 collaudant
3315 358 3369 424 ii,
3404 374 3541 430 quos

230 470 562 517 aecusentur
599 459 934 516 difﬁdentes.
982 459 1241 527 Quamvis
1267 460 1413 514 enim
1442 457 1548 514 sibi
1588 457 1840 514 videatur

231 557 460 611 minime
479 570 632 620 rens,
653 555 744 626 qui
773 569 882 610 non
906 552 1172 617 credidit;
1204 551 1329 623 quia
1349 551 1489 624 apud
1517 565 1577 608 se
1606 559 1840 607 tractare

230 651 376 706 istud
426 667 532 705 non
588 651 802 721 potuit,
845 648 1057 704 ratione
1095 660 1276 703 tamen
1307 647 1680 714 convincitur;
1711 646 1838 718 quia

230 760 341 800 non
389 744 490 800 sibi
537 747 704 800 suasit
738 755 923 800 verum
973 743 1075 798 hoc
1120 757 1244 798 esse
1265 777 1283 810 ,
1315 742 1460 814 quod
1487 751 1545 799 et
1575 743 1838 798 virtutum

233 837 562 894 testimoniis
595 836 808 892 viderat
833 835 1142 891 conlirmari
1161 875 1178 903 ,
1206 846 1260 890 et
1287 836 1489 891 multos
1513 834 1689 906 sequi;

305 931 446 986 Puto
473 932 639 986 etiam
673 931 752 987 sic
780 945 941 1002 posse
970 929 1224 1002 intelligi,
1246 929 1295 985 si
1327 937 1441 986 tota
1471 929 1700 1002 quaestio
1724 931 1751 962 ⁸
1773 929 1841 985 de

233 1026 493 1096 gentibus
541 1025 898 1082 credentibus
945 1024 1148 1081 dixisse
1205 1025 1499 1090 credatur,
1543 1025 1668 1095 quia
1717 1025 1837 1080 uit:

237 1120 380 1188 Quid
424 1121 550 1175 mihi
593 1121 657 1176 de
687 1121 781 1189 iis,
811 1121 900 1190 qui
941 1121 1070 1192 foris
1100 1127 1221 1175 sunt
1241 1161 1254 1187 ,
1276 1121 1520 1192 judicare
1548 1119 1591 1190 (l
1619 1118 1740 1174 Cor;
1786 1134 1839 1182 ν,

236 1214 370 1286 12)?
393 1214 482 1281 Et,
519 1215 623 1281 Qui
651 1230 754 1268 non
783 1213 1083 1280 crediderit,
1113 1213 1310 1285 inquit,
1331 1217 1448 1287 jam
1469 1213 1743 1288 judicatus
1765 1220 1844 1266 est

236 1309 423 1381 (Joan.
463 1324 544 1374 ιιι,
577 1309 688 1381 18).
732 1309 828 1375 Et,
870 1307 1006 1374 Quia
1035 1325 1137 1363 non
1167 1317 1440 1381 resurgunt
1480 1309 1628 1379 impii
1663 1309 1718 1362 in
1751 1311 1846 1380 ju-

234 1402 378 1457 dicio
419 1401 594 1475 (Psal.
627 1417 665 1464 ι.
710 1401 791 1473 5).
837 1402 968 1459 Sine
1011 1402 1128 1473 lege
1168 1403 1313 1457 enim
1365 1410 1694 1473 peccantes,
1721 1400 1846 1456 sine

234 1497 360 1569 lege
395 1507 451 1552 et
493 1498 782 1568 peribunt;
825 1512 890 1554 ac
928 1511 1025 1567 per
1068 1496 1171 1553 hoc
1201 1507 1328 1552 ante
1374 1495 1614 1552 tribunal
1641 1493 1845 1551 Christi

235 1601 390 1647 stare
430 1604 537 1646 non
579 1600 854 1658 poterunt,
885 1599 940 1646 et
970 1589 1200 1647 reddere
1225 1605 1450 1656 causas;
1497 1589 1623 1660 quia
1665 1603 1846 1645 resur-

233 1697 432 1756 gentes
469 1685 740 1741 ducentur
775 1685 841 1740 ad
871 1684 1200 1757 gehennam.
1250 1683 1333 1740 llli
1359 1684 1503 1742 enim
1546 1699 1684 1756 quos
1714 1683 1847 1739 dicit

1941 455 2138 510 fratres
2165 467 2296 509 suos
2323 453 2578 524 dignatus
2619 461 2702 507 est
2728 450 3026 522 appellare.
3069 450 3188 520 lpse
3219 451 3362 504 enim
3409 450 3546 504 dixit

1941 545 2262 602 mulieribus
2289 563 2300 598 :
2329 543 2429 611 Ite,
2461 555 2505 599 et
2532 544 2688 599 dicite
2718 543 2967 616 fratribus
2995 544 3143 610 nteit,
3163 544 3286 614 quia
3307 544 3543 615 ιιι-απεάο

1937 653 2027 694 vos
2053 639 2112 693 in
2137 637 2422 694 Galilaeam
2449 637 2668 709 (Matth.
2722 652 2930 702 xxvm,
2967 639 3044 709 7).
3085 637 3220 704 Quis
3248 638 3393 693 enim
3438 653 3543 692 non
3590 686 3592 688 ,

1941 731 2126 788 laudet
2149 743 2294 788 eum
2315 773 2328 798 ,
2364 731 2521 802 cuius
2554 731 2826 789 beneﬁcio
2875 729 3046 786 vivit?
3076 731 3375 802 Apostolus
3415 745 3547 802 ergo

1941 825 2042 880 sub
2091 825 2191 882 hac
2233 825 2661 896 signiﬁcatione,
2711 841 2830 896 qum
2861 826 3133 895 posterior
3172 841 3418 890 numero,
3453 825 3546 880 sed

1943 919 2239 989 perfectior
2288 920 2484 975 merito
2528 928 2650 986 est,
2681 927 2852 974 totum
2894 918 3066 974 voluit
3111 918 3546 988 comprehendi:

1944 1012 2087 1084 quod
2129 1011 2301 1069 Judaei
2353 1028 2460 1069 non
2507 1012 2914 1085 intelligentes,
2948 1027 3147 1068 nomen
3179 1011 3281 1067 sibi
3314 1011 3554 1068 carnalis

1943 1106 2097 1162 Judte
2127 1104 2444 1162 defendunt.

2019 1200 2201 1271 (Vere.
2237 1198 2352 1271 18.)
2393 1198 2460 1254 Et
2499 1200 2778 1270 requiescis
2820 1200 2876 1254 in
2920 1199 3088 1274 Lege,
3121 1210 3167 1254 et
3208 1200 3454 1272 gloriaris
3497 1201 3552 1254 in

1947 1293 2082 1360 Deo,
2117 1304 2164 1349 et
2211 1295 2348 1350 nosti
2383 1295 2702 1350 uoluntatem
2729 1296 2842 1362 eius
2865 1336 2880 1360 ,
2909 1305 2954 1350 et
2982 1295 3170 1366 probas
3202 1294 3438 1360 utiliora,
3473 1296 3556 1348 in-

1947 1397 2173 1442 structus
2201 1404 2296 1457 per
2337 1386 2544 1462 Legem.
2587 1388 2705 1443 Non
2753 1403 3004 1460 magnum
3035 1388 3192 1443 valde
3219 1388 3389 1444 videri
3418 1389 3552 1453 vult,

1945 1480 1995 1536 si
2037 1479 2260 1536 Juda'us
2307 1479 2525 1547 credat;
2573 1482 2780 1552 'quippe
2827 1496 2950 1536 cum
2996 1485 3068 1537 sit
3117 1482 3413 1537 instructus
3459 1497 3556 1551 per

1950 1573 2146 1644 Legem
2189 1591 2202 1625 :
2243 1573 2610 1642 periculost’nn
2658 1582 2839 1630 autem
2886 1574 3042 1630 valde
3084 1575 3130 1628 si
3172 1589 3278 1630 non
3325 1573 3555 1638 «edat;

1949 1666 2140 1722 ducem
2173 1668 2318 1722 enim
2344 1666 2509 1723 habet
2539 1667 2758 1739 Legem.
2805 1667 2912 1725 Sed
2954 1677 3012 1724 ut
3053 1678 3398 1739 praeponatur
3437 1685 3559 1725 cre—

237 1777 476 1834 invicem
520 1777 942 1850 cogitationibus
973 1778 1089 1833 suis
1131 1779 1378 1834 accusari
1416 1787 1506 1832 aut
1545 1775 1760 1833 delendi
1789 1777 1843 1831 in

1966 1759 2118 1828 iens,
2150 1763 2404 1816 meritum
2440 1761 2567 1817 facit
2612 1761 2863 1828 Patrum;
2911 1765 3035 1834 quin
3065 1765 3315 1833 quamvis
3361 1765 3558 1834 aliquis

233 1871 334 1927 die
371 1870 559 1941 iudicii
605 1871 724 1937 Dei,
762 1871 1046 1926 christiani
1075 1879 1205 1925 sunt
1244 1870 1304 1938 ii,
1336 1871 1425 1940 qui
1469 1868 1786 1925 discordant
1817 1884 1847 1924 ιι

233 1965 518 2021 catholica
549 1965 802 2029 veritate,
829 1964 1044 2021 diversa
1075 1963 1370 2020 sentientes
1404 1962 1473 2019 de
1495 1963 1732 2027 Christo,
1760 1971 1852 2018 aut

232 2058 311 2114 de
341 2072 506 2114 sensu
531 2057 668 2130 legis
698 2059 752 2113 in
782 2058 1077 2113 traditione
1102 2057 1388 2122 Ecclesia,
1413 2058 1530 2113 sive
1553 2055 1851 2128 Cataphry-

232 2168 346 2225 gae,
375 2153 493 2208 sive
524 2152 832 2220 Novatiani,
866 2152 983 2207 sive
1016 2151 1327 2217 Donatiani,
1370 2159 1462 2206 aut
1507 2151 1690 2207 caeteri
1731 2149 1850 2206 liten

233 2247 421 2302 retici.
457 2245 666 2301 Horum
691 2245 1052 2316 cogitationes
1081 2245 1320 2300 invicem
1349 2259 1408 2299 se
1438 2243 1772 2300 accusabunt
1798 2244 1850 2298 in

236 2338 336 2394 die
362 2337 585 2409 judicii;
615 2340 660 2393 si
710 2338 984 2394 intellexit
1011 2337 1132 2410 quis
1163 2353 1346 2393 veram
1376 2353 1496 2394 esse
1527 2337 1851 2393 catholicam

239 2432 578 2498 doctrinam,
609 2442 658 2487 et
695 2447 761 2487 ne
795 2431 1071 2488 videretur
1103 2431 1446 2496 emendatus,
1479 2432 1630 2502 sequi
1655 2430 1852 2496 noluit,

238 2526 580 2583 erubescens
624 2525 694 2580 ah
732 2540 798 2581 eo
837 2524 982 2596 quod
1015 2523 1106 2580 diu
1151 2525 1325 2580 tenuit
1360 2523 1616 2580 recedere
1639 2565 1653 2589 ,
1681 2523 1734 2578 in
1764 2523 1854 2580 die

233 2617 434 2689 iudicii
477 2617 811 2688 cogitatione
835 2633 935 2674 sua
965 2617 1330 2673 accusabitur.
1371 2616 1502 2673 Dute
1528 2617 1675 2672 enim
1707 2615 1858 2687 ergi-

243 2711 486 2766 tationes
529 2711 582 2766 in
617 2710 841 2766 homine
879 2709 1115 2766 invicem
1149 2725 1209 2766 se
1235 2709 1600 2777 acettsahunt,
1630 2709 1770 2766 bona
1801 2717 1857 2765 et

243 2803 411 2859 mala.
444 2803 594 2858 Bona
635 2812 852 2859 accusat
901 2803 1131 2871 malam,
1159 2804 1284 2875 quia
1331 2803 1660 2860 contradixit
1705 2803 1856 2859 veri-

248 2897 349 2952 tati
375 2915 389 2952 :
416 2897 560 2952 mala
592 2897 784 2953 iterum
832 2905 1058 2953 accusat
1088 2897 1316 2962 bonam,
1347 2898 1474 2968 quia
1518 2912 1626 2953 non
1669 2906 1857 2953 secuta

247 3001 356 3057 εει,
385 2999 447 3046 ιιι
475 2991 686 3046 sensit:
712 2999 766 3046 et
792 3006 894 3060 per
921 2990 1024 3046 hoc
1055 2991 1406 3046 constituitur
1449 3005 1600 3057 reus,
1638 2991 1730 3062 qui
1760 3005 1857 3046 co—

246 3083 478 3155 gitavit,
522 3083 765 3138 sentiens
811 3069 1008 3138 honam
1051 3093 1108 3140 et
1152 3099 1336 3139 veram
1386 3099 1509 3139 esse
1555 3083 1854 3138 Ecclesiam

1955 1867 2053 1927 per
2079 1871 2144 1912 se
2171 1854 2388 1920 ﬂoreat,
2412 1855 2687 1912 erubescit
2711 1866 2890 1912 tamen
2911 1858 2970 1912 in
2999 1857 3132 1913 suis.

2027 1947 2209 2020 (Vera.
2261 1949 2351 2015 19,
2384 1949 2502 2018 20.)
2547 1948 2881 2022 Confidisque
2921 1959 2979 2005 te
3024 1951 3195 2020 ipsum
3226 1951 3406 2006 ducem
3452 1965 3560 2005 esse

1955 2053 2232 2109 citatorum,
2262 2041 2435 2096 lumen
2465 2058 2644 2098 eorum
2685 2044 2772 2111 qui
2812 2044 2864 2097 in
2905 2043 3124 2098 tenebris
3159 2053 3300 2111 sunt,
3331 2046 3562 2098 erudito-

1955 2152 2064 2191 reut
2109 2133 2461 2208 insipientium
2486 2178 2502 2202 ,
2555 2137 2861 2208 magistrum
2918 2139 3200 2209 infantium
3223 2180 3237 2202 ,
3293 2137 3562 2194 habentem

1958 2230 2178 2298 formam
2205 2231 2436 2286 scientiae
2461 2240 2512 2286 et
2537 2233 2768 2287 veritatis
2797 2232 2851 2286 in
2875 2231 3030 2302 Lege.
3075 2232 3217 2288 Vera
3245 2241 3375 2289 sunt
3405 2232 3519 2288 haec
3545 2251 3560 2300 ;

1957 2324 2086 2393 quia
2114 2323 2274 2395 Legis
2295 2323 2687 2381 documentum
2717 2324 2820 2380 hoc
2851 2335 2964 2392 est,
2997 2325 3216 2382 erudire
3244 2327 3562 2397 imperitos,

1959 2428 2013 2472 et
2041 2417 2153 2472 Deo
2175 2418 2448 2487 subjicere
2477 2416 2735 2488 ρτοαιιιθε
2760 2435 2773 2472 :
2800 2420 2886 2474 vel
2901 2418 2974 2473 ab
2989 2417 3324 2474 idololatriae
3348 2420 3562 2475 cultura

1961 2511 2158 2581 impios
2205 2511 2573 2582 promissiene
2598 2553 2612 2580 ,
2643 2528 2766 2584 qua:
2811 2511 2948 2568 facta
2975 2523 3058 2568 est
3081 2523 3187 2583 per
3229 2513 3460 2585 Legem,
3499 2515 3564 2569 ad

1962 2605 2206 2661 melioris
2235 2606 2353 2677 spei
2377 2605 2628 2662 ﬁduciam
2657 2621 2982 2678 provocare.
3009 2607 3183 2664 Recte
3211 2624 3341 2680 ergo
3365 2609 3570 2680 gloria-

1965 2707 2052 2754 tur
2077 2699 2134 2752 in
2157 2698 2251 2753 his
2281 2698 2413 2770 legis
2442 2698 2656 2766 doctor,
2687 2701 2813 2772 quia
2841 2699 3069 2756 formam
3101 2700 3267 2756 tradit
3298 2703 3566 2757 veritatis.

1966 2794 2022 2852 Si
2044 2803 2236 2851 autem
2259 2809 2364 2851 non
2385 2795 2588 2868 recipit
2609 2805 2732 2852 eum
2757 2805 2914 2865 quem
2933 2797 3052 2852 Lex
3069 2796 3346 2869 promisit,
3373 2798 3567 2854 frustra

1963 2889 2229 2960 gloriatur
2253 2889 2323 2945 de
2353 2888 2515 2960 Lege,
2545 2890 2634 2946 cui
2663 2889 2914 2959 iniuriam
2947 2889 3105 2957 facit,
3138 2891 3264 2946 dum
3293 2889 3566 2946 Christum
3644 2878 3648 2882 ”

1967 2985 2180 3057 spernit
2209 2985 2538 3056 promissum
2571 2985 2622 3040 in
2651 2985 2829 3056 Lege;
2855 2993 2914 3040 ct
2939 2999 3036 3041 nec
3057 2985 3170 3054 jam
3184 2984 3442 3041 'eruditor
3471 2987 3576 3041 erit

1968 3079 2365 3151 insipientium,
2411 3095 2517 3136 nec
2565 3080 2828 3152 magister
2879 3079 3210 3148 infantium,
3243 3095 3345 3137 nec
3385 3082 3568 3136 tanien

247 3176 672 3243 eatholicam,et
689 3178 983 3248 permansit
1007 3180 1058 3232 in
1084 3178 1274 3234 liznresi
1295 3179 1374 3234 vel
1397 3180 1712 3235 schismate.
1727 3180 1860 3250 Ejus
1885 3161 1932 3224 Ο
1966 3189 2193 3242 eorum,
2227 3176 2320 3246 qui
2349 3175 2672 3232 intenebris
2713 3184 2871 3238 sunt;
2905 3175 3000 3231 sed
3049 3175 3157 3230 dux
3185 3175 3432 3230 omnium
3477 3175 3576 3231 lto-

248 3280 435 3328 autem
453 3271 812 3341 cogitationes
828 3286 890 3326 se
921 3271 1150 3326 invicem
1175 3271 1489 3337 defendent,
1521 3272 1610 3344 qui
1641 3287 1860 3344 semper

251 3365 355 3419 hoc
375 3363 658 3435 cogitavit,
671 3374 866 3435 putans
882 3363 1136 3436 utile“
1152 3364 1294 3436 quod
1311 3375 1530 3421 secutus
1547 3375 1649 3422 est.
1670 3366 1858 3423 Dictu-

253 3473 348 3514 rus
361 3467 446 3514 εει
459 3458 604 3514 enim
621 3477 634 3510 :
651 3457 882 3528 Semper
901 3458 955 3512 in
972 3459 1392 3528 cogitationibus
1407 3459 1542 3515 meis
1563 3459 1664 3515 hoe
1675 3460 1860 3530 putavi

255 3551 563 3623 utile,quod
581 3561 800 3607 secutus
827 3567 945 3607 sum
968 3551 1115 3607 :htec
1137 3551 1236 3606 fuit
1257 3552 1391 3608 ﬁdes
1420 3568 1558 3610 mea.
1577 3553 1676 3609 llic
1702 3554 1864 3610 levio-

254 3662 370 3702 rem
397 3646 624 3702 habebit
661 3645 1168 3716 causam,quamvis
1189 3645 1587 3702 emendandum
1619 3647 1864 3717 sit;quia

256 3753 287 3793 ει
313 3737 649 3793 conscientia
683 3753 779 3792 sua
812 3752 918 3792 non
947 3737 1291 3793 accusabitur
1319 3737 1373 3792 in
1397 3723 1488 3793 die
1511 3737 1718 3806 iudicii.
1750 3737 1865 3794 Hoc

256 3831 421 3887 modo
455 3829 851 3903 iudicabuntur
897 3831 1112 3887 occulta
1146 3831 1428 3888 hominum
1459 3833 1514 3888 in
1545 3833 1632 3888 die
1673 3831 1866 3906 iudicii

261 3927 356 3982 Dei
381 3943 474 3998 per
499 3925 684 3981 Iesum
715 3924 984 3981 Christum
1014 3925 1297 3981 Dominum
1334 3935 1585 3983 nostrum.

336 4020 524 4091 (γεγε.
587 4021 700 4088 l7.)
760 4020 822 4076 Si
879 4030 1049 4076 autem
1097 4029 1152 4075 tu
1196 4020 1414 4076 Jadteut
1463 4022 1866 4093 cognominaria.

258 4113 580 4187 Cognomen
606 4113 776 4170 Judaei
807 4126 920 4180 est,
944 4114 1068 4186 quia
1099 4130 1164 4171 ex
1197 4115 1551 4186 praerogativa
1580 4125 1870 4186 parentum

259 4219 371 4274 est,
398 4221 452 4264 ut
478 4209 734 4264 dicantur
762 4207 1040 4264 lsraelitm.
1068 4210 1135 4264 Et
1161 4217 1344 4265 tamen
1370 4209 1416 4266 si
1443 4218 1614 4266 totum
1642 4211 1873 4268 velimus

259 4304 410 4376 quod
453 4304 523 4360 ad
567 4319 788 4360 causam
829 4304 1099 4375 pertinet,
1132 4304 1616 4376 comprehendere,
1663 4317 1873 4377 cogno-

262 4415 397 4455 men
437 4382 642 4456 Judaeis
672 4397 700 4436 ι)
729 4397 1006 4469 tripartito
1051 4413 1252 4470 genere
1297 4398 1660 4470 signiﬁcatum
1707 4397 1875 4454 debe-

261 4509 392 4550 mus
420 4494 726 4550 advertere.
765 4492 1010 4548 Primum
1039 4493 1165 4563 quia
1197 4493 1290 4548 lilii
1333 4501 1464 4549 sunt
1497 4492 1752 4559 Abrahae,
1781 4490 1878 4562 qui

1965 3269 2087 3324 rum
2121 3269 2186 3324 ad
2209 3269 2602 3340 perditionem.

2041 3363 2226 3436 (Vers.
2258 3362 2377 3434 21.)
2419 3363 2525 3431 Qui
2545 3379 2676 3436 ergo
2705 3363 2864 3417 alium
2895 3363 3135 3429 doceam:
3161 3364 3334 3434 ipsum
3357 3379 3461 3418 non
3481 3364 3580 3418 do-

1967 3473 2073 3512 ces.
2112 3458 2222 3514 Hoc
2247 3468 2363 3524 est,
2395 3467 2449 3513 tu
2475 3459 2566 3530 qui
2587 3458 2830 3529 gentiles
2871 3457 3054 3528 arguis
3095 3458 3237 3528 quod
3269 3459 3388 3514 sine
3435 3458 3577 3529 Lege

1971 3566 2026 3612 et
2059 3553 2173 3611 Deo
2199 3555 2332 3620 sint,
2363 3562 2414 3609 te
2441 3554 2618 3624 ipsum
2647 3569 2756 3608 non
2801 3553 2980 3622 arguis
3009 3571 3022 3606 :
3049 3551 3301 3609 difﬁdens
3329 3555 3477 3608 enim
3507 3554 3574 3610 de

1969 3649 2190 3706 Christo
2220 3649 2272 3704 in
2297 3648 2446 3720 Lege
2476 3647 2770 3719 promisso,
2803 3647 2854 3701 in
2887 3645 3080 3703 iisdem
3115 3662 3235 3718 qua:
3262 3647 3465 3717 arguis,
3489 3648 3580 3702 ‘ins

1972 3743 2200 3800 veniris.

2047 3835 2234 3907 (Vara.
2258 3835 2378 3907 QQ.)
2405 3835 2517 3901 Qui
2539 3835 2799 3906 pradicas
2825 3847 2928 3890 non
2943 3835 3258 3908 iurandum,
3275 3836 3480 3907 .fumri-s
3503 3853 3521 3903 ;
3554 3847 3575 3874 ο

1976 3931 2114 3988 facis
2153 3932 2300 3988 enim
2349 3930 2493 4002 quod
2538 3931 2801 4003 praedicas
2845 3931 2966 3986 ﬁeri
2997 3941 3115 3986 non
3153 3930 3392 3986 debere.
3443 3931 3581 3986 Dum

1977 4028 2126 4084 enim
2145 4027 2311 4083 tidem
2331 4021 2546 4096 'Ghristi
2571 4041 2670 4096 per
2695 4027 2892 4082 maiam
2921 4025 3429 4096 interpretationem
3453 4026 3586 4081 sub-

1980 4119 2137 4191 ripis,
2167 4132 2333 4191 negas
2357 4115 2645 4174 Christum
2685 4129 2937 4176 nostrum
2971 4118 3022 4174 in
3053 4117 3197 4188 Lege
3223 4117 3582 4187 promissum.

2057 4213 2178 4281 Qui,
2210 4213 2340 4268 dicit
2384 4227 2490 4267 mm
2537 4213 2898 4268 "imitandum
2923 4252 2936 4277 ,
2958 4210 3240 4266 ‘mieclmris
3271 4209 3341 4280 (ιι
3371 4209 3491 4265 Cor.
3523 4225 3586 4276 ιι,

1984 4306 2100 4380 l7).
2131 4307 2422 4363 Adulteras
2443 4314 2625 4363 autem
2649 4306 2870 4378 Legem,
2885 4305 3104 4377 quando
3120 4300 3591 4360 veritatem'Chri-

1982 4403 2054 4458 sti
2088 4403 2256 4470 tollis,
2286 4410 2341 4458 et
2369 4401 2710 4458 mendacium
2739 4400 2922 4472 ponis.
2953 4398 3110 4456 Unde
3139 4399 3248 4454 alio
3277 4398 3398 4454 loco
3428 4397 3593 4453 dicit:

1984 4494 2378 4551 Adulteratbres
2405 4494 2546 4550 verbi
2574 4493 2687 4549 Dei.

260 4603 366 4659 per
393 4587 518 4644 ﬁdei
558 4604 674 4644 sine
705 4587 962 4642 meritum
1007 4596 1161 4657 pater
1203 4586 1412 4657 positus
1437 4594 1528 4644 est
1551 4593 1878 4643 cunctarum
1905 4563 1960 4626 Ῑ)
2064 4590 2166 4659 Qui
2202 4590 2489 4645 easecraris
2517 4588 2682 4656 idola,
2719 4587 3052 4659 sacrilegium
3081 4586 3210 4659 facis
3233 4603 3256 4640 ς
3282 4585 3591 4656 Sacrilegus

261 4681 536 4751 gentium.
573 4679 779 4736 Deinde
825 4690 1044 4750 propter
1090 4679 1287 4747 Jaceb;
1317 4681 1409 4750 qui
1457 4681 1879 4751 angmentaudai
1986 4697 2072 4750 es,
2121 4682 2346 4755 quando
2391 4681 2710 4748 Christum,
2760 4695 2923 4753 quem
3121 4690 3192 4736 ‘et
3229 4679 3594 4751 propheticus

265 4773 399 4828 ﬁdei
425 4773 602 4845 gratia
634 4771 798 4828 Israel
827 4773 1130 4844 appellatus
1159 4783 1276 4839 est;
1309 4782 1486 4844 coepta
1526 4773 1673 4829 enim
1707 4775 1884 4844 patris
1989 4789 2177 4834 sermo
2217 4778 2387 4835 Deum
2429 4776 2754 4849 signiﬁcant,
2785 4787 2984 4849 negas;
3007 4775 3146 4832 dicit
3177 4777 3322 4831 enim
3347 4775 3552 4832 'Esaia‘s
3573 4791 3592 4828 τ

263 4864 514 4938 dignitas
541 4865 860 4921 nobilitatur
888 4867 940 4920 in
973 4865 1118 4922 ﬁliis.
1149 4865 1337 4922 Tertio
1368 4882 1475 4922 non
1507 4869 1676 4939 magis
1715 4883 1883 4939 prop-

264 4969 357 5016 ter
383 4959 604 5030 Judam,
629 4961 724 5018 sed
751 4971 977 5033 propter
995 4961 1308 5030 Christum;
1331 4965 1456 5035 quia
1479 4979 1544 5019 ex
1567 4962 1704 5020 Iuda
1726 4972 1884 5018 ortus

265 5063 364 5110 est
405 5055 707 5110 secundum
752 5071 996 5124 carnem,
1038 5056 1212 5113 Judaei
1240 5058 1724 5128 cognominantur;
1758 5059 1888 5130 quia

265 5150 327 5205 in
359 5147 500 5204 Juda
531 5148 633 5204 hoc
659 5149 1022 5221 signiﬁcatum
1062 5159 1176 5218 est,
1207 5150 1354 5222 quod
1383 5149 1624 5206 futurum
1671 5159 1792 5206 erat
1828 5150 1884 5206 in

265 5239 520 5296 Christo.
553 5241 764 5298 Dictum
793 5249 879 5298 est
907 5241 1051 5298 enim
1080 5251 1094 5298 :‘
1119 5229 1291 5298 indas
1317 5243 1412 5298 erit
1438 5243 1548 5298 dua:
1569 5252 1728 5299 vester
1758 5242 1886 5315 (Ju-

268 5333 387 5388 dic.
419 5349 511 5401 xx,
546 5334 674 5406 £8);
702 5344 778 5400 et,
809 5332 978 5403 Iuda,
1001 5345 1052 5390 te
1077 5335 1376 5390 collaudem
1401 5335 1594 5407 fratres
1620 5337 1697 5390 tui
1725 5335 1884 5408 (Gen.

271 5445 436 5495 χιιι,
467 5430 544 5500 8).
591 5429 724 5498 Quze
774 5431 890 5487 laus
937 5429 1059 5487 data
1106 5429 1262 5487 Iuda:
1300 5444 1408 5487 non
1455 5430 1756 5502 probatur,
1787 5431 1885 5488 sed

358 5605 388 5634 ⁸
426 5595 629 5652 (hones
655 5595 815 5670 ediL,
843 5595 906 5650 de
931 5596 1164 5670 gentibus
1192 5601 1299 5652 adn“
1334 5593 1662 5653 credentibus
1692 5605 1714 5652 :'
1747 5599 1886 5654 mes.

271 5679 478 5741 contra
509 5683 680 5740 prope
705 5668 946 5741 universi
972 5668 1266 5741 excludunt
1295 5671 1665 5741 negationem.

355 5741 386 5779 δ
425 5739 666 5796 namss.
695 5740 944 5810 pictique
989 5749 1001 5792 τ
1045 5739 1136 5795 atii
1162 5747 1345 5810 autem
1374 5739 1654 5810 nonnum,
1687 5757 1750 5797 ac
1778 5752 1889 5798 vet.

269 5813 455 5882 edit.,
486 5807 745 5885 tripartito
773 5807 954 5882 genere
993 5807 1430 5883 signiﬁcandmn;
1462 5807 1619 5869 item.
1642 5807 1888 5880 edit”...

1993 4871 2135 4938 Quia
2161 4872 2214 4925 in
2231 4880 2291 4926 ιε
2319 4879 2395 4925 est
2435 4867 2601 4937 Dem,
2625 4880 2672 4924 et
2707 4871 2814 4925 non
2847 4879 2926 4924 ett
2954 4867 3099 4924 Deus
3123 4877 3406 4938 premite.
3427 4867 3597 4924 Tum

1993 4964 2130 5019 enim
2156 4961 2315 5031 Deus,
2335 4963 2752 5019 etneseiebamus
2771 4961 2954 5018 :‘Detts
2975 4961 3148 5017 iarhei
3167 4963 3399 5018 saltator
3420 4960 3594 5034 (ﬂeui.

1997 5072 2129 5125 xcv,
2147 5057 2258 5129 t4).
2278 5056 2549 5128 Numquid
2576 5055 2752 5112 Judaei
2773 5057 2980 5113 debeo
2999 5057 3170 5112 Patre
3199 5055 3451 5112 dicebant
3477 5072 3490 5108 :
3523 5052 3600 5107 T=u

1992 5153 2133 5208 enim
2153 5150 2448 5217 ubertim
2470 5150 2855 5216 nesciebamus;
2876 5157 3130 5206 cum'tota
3155 5149 3269 5204 Lex
3285 5149 3392 5204 1)μὶ
3411 5148 3603 5202 Patris

1995 5244 2380 5300 auctoritatem
2401 5244 2780 5315 pradicet,“
2801 5259 2913 5316 quo
2942 5253 3069 5299 sunt
3091 5241 3309 5298 Omnia?
3340 5241 3446 5297 Sed
3473 5242 3602 5312 quia

1997 5338 2170 5394 Fiii'us
2189 5337 2280 5394 Dei
2291 5352 2512 5410 semper
2535 5338 2755 5411 quidem
2767 5339 3046 5412 apparuit,
3063 5337 3266 5392 latebat
3287 5346 3468 5392 autem
3482 5337 3606 5409 quis

1996 5442 2176 5498 esset;
2207 5448 2331 5488 cum
2359 5440 2484 5503 post
2511 5433 2970 5491 resurrectionem
3003 5429 3370 5502 cognoscitur,
3405 5429 3606 5487 dicitur

2342 5668 2500 5734 edit,
2532 5669 2628 5724 hei:
2664 5678 2761 5732 est,
2793 5677 2905 5721 cum
2939 5669 3096 5738 nega:
3113 5661 3388 5724 mutuom.
3413 5667 3608 5740 in'irge

2008 5743 2355 5820 promissum,
2377 5743 2557 5820 ξ
2591 5743 2713 5820 ejin
2746 5747 2848 5820 per
2890 5744 3104 5820 mutant
3131 5745 3610 5820 interpretationem

2009 5811 2233 5884 suetam
2253 5832 2269 5879 ς
2289 5811 2590 5884 Tutum
2619 5815 2755 5880 quod
2785 5812 3040 5884 pra’di‘cas
3059 5811 3180 5884 “fieri
3209 5813 3536 5868 trdn'Mtre.
