  <div class='ocr_page' id='page_1' title='image "/cluster/home/n/w/nwhite01/storage/ocr_20150623/17/hvd.32044015471329/041.png"; bbox 0 0 4082 6306; ppageno 0'>
   <div class='ocr_carea' id='block_1_1' title="bbox 592 268 3904 354">
    <p class='ocr_par' dir='ltr' id='par_1_1' title="bbox 592 268 3904 354">
     <span class='ocr_line' id='line_1_1' title="bbox 592 268 3904 354; baseline -0.006 -12"><span class='ocrx_word' id='word_1_1' title='bbox 592 296 654 354; x_wconf 74' lang='lat'><strong>7|</strong></span> <span class='ocrx_word' id='word_1_2' title='bbox 1697 280 1789 335; x_wconf 78' lang='lat' dir='ltr'><strong>AD</strong></span> <span class='ocrx_word' id='word_1_3' title='bbox 1828 278 2057 336; x_wconf 79' lang='lat' dir='ltr'><strong>OPERA</strong></span> <span class='ocrx_word' id='word_1_4' title='bbox 2096 280 2151 333; x_wconf 74' lang='grc' dir='ltr'><strong>ὃ.</strong></span> <span class='ocrx_word' id='word_1_5' title='bbox 2196 276 2521 332; x_wconf 76' lang='lat' dir='ltr'><strong>AMBROSII</strong></span> <span class='ocrx_word' id='word_1_6' title='bbox 2562 272 2927 331; x_wconf 81' lang='lat' dir='ltr'><strong>APPENDIX.</strong></span> <span class='ocrx_word' id='word_1_7' title='bbox 3838 268 3904 322; x_wconf 79' lang='lat'><strong>72</strong></span> 
     </span>
    </p>
   </div>
   <div class='ocr_carea' id='block_1_2' title="bbox 587 387 3902 469">
    <p class='ocr_par' dir='ltr' id='par_1_2' title="bbox 587 387 3902 469">
     <span class='ocr_line' id='line_1_2' title="bbox 587 387 3902 469; baseline -0.009 0"><span class='ocrx_word' id='word_1_8' title='bbox 587 413 636 469; x_wconf 90' lang='lat' dir='ltr'><strong>ei</strong></span> <span class='ocrx_word' id='word_1_9' title='bbox 668 412 719 465; x_wconf 89' lang='lat' dir='ltr'><strong>in</strong></span> <span class='ocrx_word' id='word_1_10' title='bbox 754 406 1099 465; x_wconf 73' lang='lat' dir='ltr'><strong>confessione</strong></span> <span class='ocrx_word' id='word_1_11' title='bbox 1131 422 1141 456; x_wconf 90' lang='lat'>:</span> <span class='ocrx_word' id='word_1_12' title='bbox 1170 402 1246 456; x_wconf 85' lang='lat' dir='ltr'><strong>Tu</strong></span> <span class='ocrx_word' id='word_1_13' title='bbox 1268 400 1405 455; x_wconf 89' lang='lat' dir='ltr'><strong>enim</strong></span> <span class='ocrx_word' id='word_1_14' title='bbox 1432 415 1485 451; x_wconf 87' lang='lat' dir='ltr'><strong>es</strong></span> <span class='ocrx_word' id='word_1_15' title='bbox 1520 397 1695 461; x_wconf 82' lang='lat' dir='ltr'><strong>Deus,</strong></span> <span class='ocrx_word' id='word_1_16' title='bbox 1726 405 1775 451; x_wconf 92' lang='lat' dir='ltr'><strong>et</strong></span> <span class='ocrx_word' id='word_1_17' title='bbox 1804 394 2172 451; x_wconf 74' lang='lat' dir='ltr'><strong>nesciebamus.</strong></span> <span class='ocrx_word' id='word_1_18' title='bbox 2207 398 2257 457; x_wconf 85' lang='grc' dir='ltr'>Α</span> <span class='ocrx_word' id='word_1_19' title='bbox 2283 392 2494 446; x_wconf 86' lang='lat' dir='ltr'><strong>exstitit</strong></span> <span class='ocrx_word' id='word_1_20' title='bbox 2524 391 2821 448; x_wconf 85' lang='lat' dir='ltr'><strong>Abraham.</strong></span> <span class='ocrx_word' id='word_1_21' title='bbox 2858 388 3016 447; x_wconf 88' lang='lat' dir='ltr'><strong>Unde</strong></span> <span class='ocrx_word' id='word_1_22' title='bbox 3047 388 3159 444; x_wconf 91' lang='lat' dir='ltr'><strong>ait:</strong></span> <span class='ocrx_word' id='word_1_23' title='bbox 3186 387 3526 443; x_wconf 80' lang='lat' dir='ltr'><strong>Circumcisio</strong></span> <span class='ocrx_word' id='word_1_24' title='bbox 3562 396 3657 439; x_wconf 88' lang='lat' dir='ltr'><strong>tua</strong></span> <span class='ocrx_word' id='word_1_25' title='bbox 3687 402 3902 457; x_wconf 73' lang='lat' dir='ltr'><strong>pnt’ptt-</strong></span> 
     </span>
    </p>
   </div>
   <div class='ocr_carea' id='block_1_3' title="bbox 586 485 2182 572">
    <p class='ocr_par' dir='ltr' id='par_1_3' title="bbox 586 485 2182 572">
     <span class='ocr_line' id='line_1_3' title="bbox 586 485 2182 572; baseline -0.014 -12"><span class='ocrx_word' id='word_1_26' title='bbox 586 504 655 560; x_wconf 87' lang='lat' dir='ltr'><strong>Et</strong></span> <span class='ocrx_word' id='word_1_27' title='bbox 702 504 794 572; x_wconf 87' lang='lat' dir='ltr'><strong>qui</strong></span> <span class='ocrx_word' id='word_1_28' title='bbox 842 498 1126 571; x_wconf 77' lang='lat' dir='ltr'><strong>putabatur</strong></span> <span class='ocrx_word' id='word_1_29' title='bbox 1165 495 1218 548; x_wconf 94' lang='lat' dir='ltr'><strong>in</strong></span> <span class='ocrx_word' id='word_1_30' title='bbox 1258 492 1403 563; x_wconf 89' lang='lat' dir='ltr'><strong>Lege</strong></span> <span class='ocrx_word' id='word_1_31' title='bbox 1448 498 1656 546; x_wconf 83' lang='lat' dir='ltr'><strong>tantum</strong></span> <span class='ocrx_word' id='word_1_32' title='bbox 1702 489 1971 559; x_wconf 82' lang='lat' dir='ltr'><strong>Angelus,</strong></span> <span class='ocrx_word' id='word_1_33' title='bbox 1999 494 2053 541; x_wconf 93' lang='lat' dir='ltr'><strong>ct</strong></span> <span class='ocrx_word' id='word_1_34' title='bbox 2077 485 2182 539; x_wconf 88' lang='lat' dir='ltr'><strong>dux</strong></span> 
     </span>
    </p>
   </div>
   <div class='ocr_carea' id='block_1_4' title="bbox 583 572 2186 651">
    <p class='ocr_par' dir='ltr' id='par_1_4' title="bbox 583 572 2186 651">
     <span class='ocr_line' id='line_1_4' title="bbox 583 572 2186 651; baseline -0.012 0"><span class='ocrx_word' id='word_1_35' title='bbox 583 593 868 651; x_wconf 83' lang='lat' dir='ltr'><strong>exercitus</strong></span> <span class='ocrx_word' id='word_1_36' title='bbox 920 587 1128 644; x_wconf 87' lang='lat' dir='ltr'><strong>Domini</strong></span> <span class='ocrx_word' id='word_1_37' title='bbox 1170 604 1183 639; x_wconf 89' lang='lat'><strong>:</strong></span> <span class='ocrx_word' id='word_1_38' title='bbox 1230 594 1286 640; x_wconf 90' lang='lat' dir='ltr'><strong>at</strong></span> <span class='ocrx_word' id='word_1_39' title='bbox 1333 572 1458 640; x_wconf 84' lang='lat' dir='ltr'><strong>cum</strong></span> <span class='ocrx_word' id='word_1_40' title='bbox 1491 580 1810 650; x_wconf 89' lang='lat' dir='ltr'><strong>intelligitur</strong></span> <span class='ocrx_word' id='word_1_41' title='bbox 1845 577 2016 634; x_wconf 75' lang='lat' dir='ltr'><strong>Filius</strong></span> <span class='ocrx_word' id='word_1_42' title='bbox 2063 592 2186 633; x_wconf 89' lang='lat' dir='ltr'><strong>esse</strong></span> 
     </span>
    </p>
   </div>
   <div class='ocr_carea' id='block_1_5' title="bbox 585 670 2186 753">
    <p class='ocr_par' dir='ltr' id='par_1_5' title="bbox 585 670 2186 753">
     <span class='ocr_line' id='line_1_5' title="bbox 585 670 2186 753; baseline -0.012 -11"><span class='ocrx_word' id='word_1_43' title='bbox 585 687 709 753; x_wconf 87' lang='lat' dir='ltr'><strong>Dei,</strong></span> <span class='ocrx_word' id='word_1_44' title='bbox 743 684 941 740; x_wconf 89' lang='lat' dir='ltr'><strong>dicitur</strong></span> <span class='ocrx_word' id='word_1_45' title='bbox 963 682 1012 737; x_wconf 93' lang='lat' dir='ltr'><strong>ei</strong></span> <span class='ocrx_word' id='word_1_46' title='bbox 1044 695 1166 735; x_wconf 91' lang='lat' dir='ltr'><strong>cum</strong></span> <span class='ocrx_word' id='word_1_47' title='bbox 1195 676 1492 749; x_wconf 82' lang='lat' dir='ltr'><strong>gratiarum</strong></span> <span class='ocrx_word' id='word_1_48' title='bbox 1535 673 1745 729; x_wconf 85' lang='lat' dir='ltr'><strong>actione</strong></span> <span class='ocrx_word' id='word_1_49' title='bbox 1789 690 1799 725; x_wconf 93' lang='lat'>:</span> <span class='ocrx_word' id='word_1_50' title='bbox 1844 670 1926 726; x_wconf 88' lang='lat' dir='ltr'><strong>Tu</strong></span> <span class='ocrx_word' id='word_1_51' title='bbox 1954 672 2090 724; x_wconf 84' lang='lat' dir='ltr'><strong>enim</strong></span> <span class='ocrx_word' id='word_1_52' title='bbox 2134 685 2186 723; x_wconf 89' lang='lat' dir='ltr'><strong>es</strong></span> 
     </span>
    </p>
   </div>
   <div class='ocr_carea' id='block_1_6' title="bbox 581 762 2184 844">
    <p class='ocr_par' dir='ltr' id='par_1_6' title="bbox 581 762 2184 844">
     <span class='ocr_line' id='line_1_6' title="bbox 581 762 2184 844; baseline -0.012 -9"><span class='ocrx_word' id='word_1_53' title='bbox 581 779 743 844; x_wconf 85' lang='lat' dir='ltr'><strong>Deus,</strong></span> <span class='ocrx_word' id='word_1_54' title='bbox 775 788 823 832; x_wconf 88' lang='lat' dir='ltr'><strong>et</strong></span> <span class='ocrx_word' id='word_1_55' title='bbox 871 774 1239 830; x_wconf 73' lang='lat' dir='ltr'><strong>nesciebamus.</strong></span> <span class='ocrx_word' id='word_1_56' title='bbox 1274 771 1380 825; x_wconf 87' lang='lat' dir='ltr'><strong>Per</strong></span> <span class='ocrx_word' id='word_1_57' title='bbox 1429 769 1531 822; x_wconf 92' lang='lat' dir='ltr'><strong>hoc</strong></span> <span class='ocrx_word' id='word_1_58' title='bbox 1572 780 1704 836; x_wconf 91' lang='lat' dir='ltr'><strong>ergo</strong></span> <span class='ocrx_word' id='word_1_59' title='bbox 1751 764 2018 835; x_wconf 86' lang='lat' dir='ltr'><strong>signiﬁcat</strong></span> <span class='ocrx_word' id='word_1_60' title='bbox 2060 762 2184 833; x_wconf 89' lang='lat' dir='ltr'><strong>quia</strong></span> 
     </span>
    </p>
   </div>
   <div class='ocr_carea' id='block_1_7' title="bbox 578 854 2182 944">
    <p class='ocr_par' dir='ltr' id='par_1_7' title="bbox 578 854 2182 944">
     <span class='ocr_line' id='line_1_7' title="bbox 578 854 2182 944; baseline -0.014 -13"><span class='ocrx_word' id='word_1_61' title='bbox 578 875 695 944; x_wconf 80' lang='lat' dir='ltr'><strong>ipse</strong></span> <span class='ocrx_word' id='word_1_62' title='bbox 731 879 918 934; x_wconf 87' lang='lat' dir='ltr'><strong>esset;</strong></span> <span class='ocrx_word' id='word_1_63' title='bbox 952 868 1045 940; x_wconf 89' lang='lat' dir='ltr'><strong>qui</strong></span> <span class='ocrx_word' id='word_1_64' title='bbox 1084 873 1409 937; x_wconf 80' lang='lat' dir='ltr'><strong>apparuerat</strong></span> <span class='ocrx_word' id='word_1_65' title='bbox 1456 860 1676 933; x_wconf 84' lang='lat' dir='ltr'><strong>quidem</strong></span> <span class='ocrx_word' id='word_1_66' title='bbox 1710 868 1735 895; x_wconf 69' lang='grc'>⁸</span> <span class='ocrx_word' id='word_1_67' title='bbox 1767 854 2096 928; x_wconf 62' lang='grc' dir='ltr'><strong>[ιειιινίιιιειιίε⁵</strong></span> <span class='ocrx_word' id='word_1_68' title='bbox 2129 855 2182 909; x_wconf 92' lang='lat' dir='ltr'><strong>in</strong></span> 
     </span>
    </p>
   </div>
   <div class='ocr_carea' id='block_1_8' title="bbox 578 950 2184 1036">
    <p class='ocr_par' dir='ltr' id='par_1_8' title="bbox 578 950 2184 1036">
     <span class='ocr_line' id='line_1_8' title="bbox 578 950 2184 1036; baseline -0.01 -15"><span class='ocrx_word' id='word_1_69' title='bbox 578 968 773 1034; x_wconf 90' lang='lat' dir='ltr'><strong>Deum,</strong></span> <span class='ocrx_word' id='word_1_70' title='bbox 816 973 871 1020; x_wconf 88' lang='lat' dir='ltr'><strong>ct</strong></span> <span class='ocrx_word' id='word_1_71' title='bbox 901 971 1024 1036; x_wconf 90' lang='lat' dir='ltr'><strong>post</strong></span> <span class='ocrx_word' id='word_1_72' title='bbox 1053 963 1363 1017; x_wconf 77' lang='lat' dir='ltr'><strong>incarnatus</strong></span> <span class='ocrx_word' id='word_1_73' title='bbox 1390 966 1505 1023; x_wconf 91' lang='grc' dir='ltr'>εει,</span> <span class='ocrx_word' id='word_1_74' title='bbox 1544 954 1638 1011; x_wconf 87' lang='lat' dir='ltr'><strong>sed</strong></span> <span class='ocrx_word' id='word_1_75' title='bbox 1681 967 1789 1010; x_wconf 93' lang='lat' dir='ltr'><strong>non</strong></span> <span class='ocrx_word' id='word_1_76' title='bbox 1819 952 1995 1009; x_wconf 81' lang='lat' dir='ltr'><strong>fuerat</strong></span> <span class='ocrx_word' id='word_1_77' title='bbox 2025 950 2184 1006; x_wconf 86' lang='lat' dir='ltr'><strong>intel-</strong></span> 
     </span>
    </p>
   </div>
   <div class='ocr_carea' id='block_1_9' title="bbox 578 1056 1157 1116">
    <p class='ocr_par' dir='ltr' id='par_1_9' title="bbox 578 1056 1157 1116">
     <span class='ocr_line' id='line_1_9' title="bbox 578 1056 1157 1116; baseline -0.014 0"><span class='ocrx_word' id='word_1_78' title='bbox 578 1061 753 1116; x_wconf 88' lang='lat' dir='ltr'><strong>lectus</strong></span> <span class='ocrx_word' id='word_1_79' title='bbox 784 1058 854 1113; x_wconf 84' lang='lat' dir='ltr'><strong>ab</strong></span> <span class='ocrx_word' id='word_1_80' title='bbox 882 1056 1157 1111; x_wconf 88' lang='lat' dir='ltr'><strong>omnibus.</strong></span> 
     </span>
    </p>
   </div>
   <div class='ocr_carea' id='block_1_10' title="bbox 648 1139 2180 1221">
    <p class='ocr_par' dir='ltr' id='par_1_10' title="bbox 648 1139 2180 1221">
     <span class='ocr_line' id='line_1_10' title="bbox 648 1139 2180 1221; baseline -0.01 -14"><span class='ocrx_word' id='word_1_81' title='bbox 648 1150 833 1221; x_wconf 64' lang='grc' dir='ltr'>(γει-ε.</span> <span class='ocrx_word' id='word_1_82' title='bbox 862 1148 982 1218; x_wconf 81' lang='lat'><strong>25.)</strong></span> <span class='ocrx_word' id='word_1_83' title='bbox 1017 1147 1120 1214; x_wconf 90' lang='lat' dir='ltr'><strong>Qui</strong></span> <span class='ocrx_word' id='word_1_84' title='bbox 1149 1146 1201 1199; x_wconf 89' lang='lat' dir='ltr'><strong>in</strong></span> <span class='ocrx_word' id='word_1_85' title='bbox 1226 1145 1362 1215; x_wconf 87' lang='lat' dir='ltr'><strong>Lege</strong></span> <span class='ocrx_word' id='word_1_86' title='bbox 1386 1142 1653 1217; x_wconf 85' lang='lat' dir='ltr'><strong>gloriaris,</strong></span> <span class='ocrx_word' id='word_1_87' title='bbox 1680 1156 1769 1211; x_wconf 86' lang='lat' dir='ltr'><strong>per</strong></span> <span class='ocrx_word' id='word_1_88' title='bbox 1792 1139 2180 1210; x_wconf 76' lang='lat' dir='ltr'><strong>prwvaricatio-</strong></span> 
     </span>
    </p>
   </div>
   <div class='ocr_carea' id='block_1_11' title="bbox 572 1232 2179 1315">
    <p class='ocr_par' dir='ltr' id='par_1_11' title="bbox 572 1232 2179 1315">
     <span class='ocr_line' id='line_1_11' title="bbox 572 1232 2179 1315; baseline -0.009 -16"><span class='ocrx_word' id='word_1_89' title='bbox 572 1262 689 1299; x_wconf 86' lang='lat' dir='ltr'><strong>nem</strong></span> <span class='ocrx_word' id='word_1_90' title='bbox 706 1243 857 1315; x_wconf 89' lang='lat' dir='ltr'><strong>Legis</strong></span> <span class='ocrx_word' id='word_1_91' title='bbox 883 1242 1046 1296; x_wconf 87' lang='lat' dir='ltr'><strong>Deum</strong></span> <span class='ocrx_word' id='word_1_92' title='bbox 1064 1242 1368 1295; x_wconf 78' lang='lat' dir='ltr'><strong>inhonorus.</strong></span> <span class='ocrx_word' id='word_1_93' title='bbox 1386 1236 1895 1310; x_wconf 56' lang='lat' dir='ltr'><strong>ﬁlPraevaricator</strong></span> <span class='ocrx_word' id='word_1_94' title='bbox 1912 1232 2072 1303; x_wconf 88' lang='lat' dir='ltr'><strong>Legis</strong></span> <span class='ocrx_word' id='word_1_95' title='bbox 2099 1247 2179 1298; x_wconf 89' lang='lat' dir='ltr'><strong>es,</strong></span> 
     </span>
    </p>
   </div>
   <div class='ocr_carea' id='block_1_12' title="bbox 569 1323 2179 1409">
    <p class='ocr_par' dir='ltr' id='par_1_12' title="bbox 569 1323 2179 1409">
     <span class='ocr_line' id='line_1_12' title="bbox 569 1323 2179 1409; baseline -0.007 -21"><span class='ocrx_word' id='word_1_96' title='bbox 569 1337 792 1409; x_wconf 82' lang='lat' dir='ltr'><strong>quando</strong></span> <span class='ocrx_word' id='word_1_97' title='bbox 824 1350 1046 1391; x_wconf 89' lang='lat' dir='ltr'><strong>sensum</strong></span> <span class='ocrx_word' id='word_1_98' title='bbox 1078 1332 1236 1404; x_wconf 89' lang='lat' dir='ltr'><strong>Legis</strong></span> <span class='ocrx_word' id='word_1_99' title='bbox 1262 1374 1276 1397; x_wconf 92' lang='lat'><strong>,</strong></span> <span class='ocrx_word' id='word_1_100' title='bbox 1325 1331 1419 1402; x_wconf 87' lang='lat' dir='ltr'><strong>qui</strong></span> <span class='ocrx_word' id='word_1_101' title='bbox 1448 1330 1516 1384; x_wconf 90' lang='lat' dir='ltr'><strong>de</strong></span> <span class='ocrx_word' id='word_1_102' title='bbox 1548 1326 1925 1383; x_wconf 89' lang='lat' dir='ltr'><strong>incarnatione</strong></span> <span class='ocrx_word' id='word_1_103' title='bbox 1954 1335 2007 1380; x_wconf 90' lang='lat' dir='ltr'><strong>et</strong></span> <span class='ocrx_word' id='word_1_104' title='bbox 2038 1323 2179 1377; x_wconf 87' lang='lat' dir='ltr'><strong>divi-</strong></span> 
     </span>
    </p>
   </div>
   <div class='ocr_carea' id='block_1_13' title="bbox 572 1416 2178 1496">
    <p class='ocr_par' dir='ltr' id='par_1_13' title="bbox 572 1416 2178 1496">
     <span class='ocr_line' id='line_1_13' title="bbox 572 1416 2178 1496; baseline -0.011 -10"><span class='ocrx_word' id='word_1_105' title='bbox 572 1432 742 1486; x_wconf 87' lang='lat' dir='ltr'><strong>nitate</strong></span> <span class='ocrx_word' id='word_1_106' title='bbox 762 1428 970 1485; x_wconf 80' lang='lat' dir='ltr'><strong>Christi</strong></span> <span class='ocrx_word' id='word_1_107' title='bbox 991 1437 1095 1492; x_wconf 89' lang='lat' dir='ltr'><strong>est,</strong></span> <span class='ocrx_word' id='word_1_108' title='bbox 1120 1423 1371 1496; x_wconf 62' lang='lat' dir='ltr'><strong>praeteris</strong></span> <span class='ocrx_word' id='word_1_109' title='bbox 1397 1440 1409 1475; x_wconf 94' lang='lat'>:</span> <span class='ocrx_word' id='word_1_110' title='bbox 1435 1432 1491 1477; x_wconf 90' lang='lat' dir='ltr'><strong>et</strong></span> <span class='ocrx_word' id='word_1_111' title='bbox 1516 1422 1682 1475; x_wconf 89' lang='lat' dir='ltr'><strong>Deum</strong></span> <span class='ocrx_word' id='word_1_112' title='bbox 1709 1418 2028 1481; x_wconf 86' lang='lat' dir='ltr'><strong>inhonoras,</strong></span> <span class='ocrx_word' id='word_1_113' title='bbox 2052 1416 2178 1469; x_wconf 93' lang='lat' dir='ltr'><strong>dum</strong></span> 
     </span>
    </p>
   </div>
   <div class='ocr_carea' id='block_1_14' title="bbox 575 1512 2182 1590">
    <p class='ocr_par' dir='ltr' id='par_1_14' title="bbox 575 1512 2182 1590">
     <span class='ocr_line' id='line_1_14' title="bbox 575 1512 2182 1590; baseline -0.01 -10"><span class='ocrx_word' id='word_1_114' title='bbox 575 1522 952 1580; x_wconf 88' lang='lat' dir='ltr'><strong>testimonium</strong></span> <span class='ocrx_word' id='word_1_115' title='bbox 979 1520 1130 1590; x_wconf 83' lang='lat' dir='ltr'><strong>ejus,</strong></span> <span class='ocrx_word' id='word_1_116' title='bbox 1176 1515 1321 1588; x_wconf 90' lang='lat' dir='ltr'><strong>quod</strong></span> <span class='ocrx_word' id='word_1_117' title='bbox 1350 1514 1503 1570; x_wconf 87' lang='lat' dir='ltr'><strong>dedit</strong></span> <span class='ocrx_word' id='word_1_118' title='bbox 1529 1514 1597 1567; x_wconf 93' lang='lat' dir='ltr'><strong>de</strong></span> <span class='ocrx_word' id='word_1_119' title='bbox 1630 1512 1770 1568; x_wconf 87' lang='lat' dir='ltr'><strong>Filio</strong></span> <span class='ocrx_word' id='word_1_120' title='bbox 1796 1526 1917 1577; x_wconf 82' lang='lat' dir='ltr'><strong>suo,</strong></span> <span class='ocrx_word' id='word_1_121' title='bbox 1955 1524 2062 1564; x_wconf 92' lang='lat' dir='ltr'><strong>non</strong></span> <span class='ocrx_word' id='word_1_122' title='bbox 2095 1523 2182 1565; x_wconf 87' lang='lat' dir='ltr'><strong>re-</strong></span> 
     </span>
    </p>
   </div>
   <div class='ocr_carea' id='block_1_15' title="bbox 569 1602 2181 1687">
    <p class='ocr_par' dir='ltr' id='par_1_15' title="bbox 569 1602 2181 1687">
     <span class='ocr_line' id='line_1_15' title="bbox 569 1602 2181 1687; baseline -0.01 -15"><span class='ocrx_word' id='word_1_123' title='bbox 569 1616 728 1687; x_wconf 88' lang='lat' dir='ltr'><strong>cipis.</strong></span> <span class='ocrx_word' id='word_1_124' title='bbox 760 1615 881 1686; x_wconf 88' lang='lat' dir='ltr'><strong>lpse</strong></span> <span class='ocrx_word' id='word_1_125' title='bbox 909 1612 1057 1671; x_wconf 87' lang='lat' dir='ltr'><strong>enim</strong></span> <span class='ocrx_word' id='word_1_126' title='bbox 1086 1610 1224 1667; x_wconf 84' lang='lat' dir='ltr'><strong>dixit</strong></span> <span class='ocrx_word' id='word_1_127' title='bbox 1256 1628 1271 1665; x_wconf 90' lang='lat'><strong>:</strong></span> <span class='ocrx_word' id='word_1_128' title='bbox 1302 1607 1403 1663; x_wconf 87' lang='lat' dir='ltr'><strong>Hic</strong></span> <span class='ocrx_word' id='word_1_129' title='bbox 1443 1616 1517 1662; x_wconf 88' lang='lat' dir='ltr'><strong>est</strong></span> <span class='ocrx_word' id='word_1_130' title='bbox 1560 1605 1731 1660; x_wconf 84' lang='lat' dir='ltr'><strong>Filius</strong></span> <span class='ocrx_word' id='word_1_131' title='bbox 1776 1622 1916 1659; x_wconf 87' lang='lat' dir='ltr'><strong>meus</strong></span> <span class='ocrx_word' id='word_1_132' title='bbox 1961 1602 2181 1657; x_wconf 86' lang='lat' dir='ltr'><strong>dilectus</strong></span> 
     </span>
    </p>
   </div>
   <div class='ocr_carea' id='block_1_16' title="bbox 576 1710 1049 1784">
    <p class='ocr_par' dir='ltr' id='par_1_16' title="bbox 576 1710 1049 1784">
     <span class='ocr_line' id='line_1_16' title="bbox 576 1710 1049 1784; baseline -0.006 -19"><span class='ocrx_word' id='word_1_133' title='bbox 576 1710 791 1784; x_wconf 80' lang='lat' dir='ltr'><strong>(Matth.</strong></span> <span class='ocrx_word' id='word_1_134' title='bbox 821 1726 903 1777; x_wconf 91' lang='grc' dir='ltr'>ιιι,</span> <span class='ocrx_word' id='word_1_135' title='bbox 937 1710 1049 1777; x_wconf 84' lang='grc'><strong>17).</strong></span> 
     </span>
    </p>
   </div>
   <div class='ocr_carea' id='block_1_17' title="bbox 2288 480 3903 558">
    <p class='ocr_par' dir='ltr' id='par_1_17' title="bbox 2288 480 3903 558">
     <span class='ocr_line' id='line_1_17' title="bbox 2288 480 3903 558; baseline -0.003 -20"><span class='ocrx_word' id='word_1_136' title='bbox 2288 484 2415 539; x_wconf 80' lang='lat' dir='ltr'><strong>tium</strong></span> <span class='ocrx_word' id='word_1_137' title='bbox 2451 489 2589 558; x_wconf 84' lang='lat' dir='ltr'><strong>facta</strong></span> <span class='ocrx_word' id='word_1_138' title='bbox 2614 497 2710 551; x_wconf 89' lang='lat' dir='ltr'><strong>est,</strong></span> <span class='ocrx_word' id='word_1_139' title='bbox 2744 486 2795 541; x_wconf 91' lang='lat' dir='ltr'><strong>id</strong></span> <span class='ocrx_word' id='word_1_140' title='bbox 2842 494 2944 553; x_wconf 89' lang='lat' dir='ltr'><strong>est,</strong></span> <span class='ocrx_word' id='word_1_141' title='bbox 2978 482 3167 556; x_wconf 75' lang='lat' dir='ltr'><strong>gentili</strong></span> <span class='ocrx_word' id='word_1_142' title='bbox 3214 482 3408 538; x_wconf 89' lang='lat' dir='ltr'><strong>similis</strong></span> <span class='ocrx_word' id='word_1_143' title='bbox 3459 480 3638 537; x_wconf 79' lang='lat' dir='ltr'><strong>factus</strong></span> <span class='ocrx_word' id='word_1_144' title='bbox 3671 493 3755 546; x_wconf 88' lang='lat' dir='ltr'><strong>es,</strong></span> <span class='ocrx_word' id='word_1_145' title='bbox 3792 492 3903 534; x_wconf 85' lang='lat' dir='ltr'><strong>non</strong></span> 
     </span>
    </p>
   </div>
   <div class='ocr_carea' id='block_1_18' title="bbox 2288 570 3903 648">
    <p class='ocr_par' dir='ltr' id='par_1_18' title="bbox 2288 570 3903 648">
     <span class='ocr_line' id='line_1_18' title="bbox 2288 570 3903 648; baseline -0.006 -14"><span class='ocrx_word' id='word_1_146' title='bbox 2288 578 2516 634; x_wconf 88' lang='lat' dir='ltr'><strong>credens</strong></span> <span class='ocrx_word' id='word_1_147' title='bbox 2544 579 2599 633; x_wconf 90' lang='lat' dir='ltr'><strong>in</strong></span> <span class='ocrx_word' id='word_1_148' title='bbox 2627 594 2777 645; x_wconf 91' lang='lat' dir='ltr'><strong>eum,</strong></span> <span class='ocrx_word' id='word_1_149' title='bbox 2805 578 2897 648; x_wconf 87' lang='lat' dir='ltr'><strong>qui</strong></span> <span class='ocrx_word' id='word_1_150' title='bbox 2944 578 2998 633; x_wconf 92' lang='lat' dir='ltr'><strong>in</strong></span> <span class='ocrx_word' id='word_1_151' title='bbox 3043 577 3202 647; x_wconf 87' lang='lat' dir='ltr'><strong>signo</strong></span> <span class='ocrx_word' id='word_1_152' title='bbox 3229 574 3257 614; x_wconf 72' lang='grc' dir='ltr'><strong>ι’</strong></span> <span class='ocrx_word' id='word_1_153' title='bbox 3287 573 3731 631; x_wconf 89' lang='lat' dir='ltr'><strong>circumcisionis</strong></span> <span class='ocrx_word' id='word_1_154' title='bbox 3758 570 3903 626; x_wconf 88' lang='lat' dir='ltr'><strong>ﬁlius</strong></span> 
     </span>
    </p>
   </div>
   <div class='ocr_carea' id='block_1_19' title="bbox 2289 672 2967 743">
    <p class='ocr_par' dir='ltr' id='par_1_19' title="bbox 2289 672 2967 743">
     <span class='ocr_line' id='line_1_19' title="bbox 2289 672 2967 743; baseline -0.001 -16"><span class='ocrx_word' id='word_1_155' title='bbox 2289 674 2588 743; x_wconf 77' lang='lat' dir='ltr'><strong>promissus</strong></span> <span class='ocrx_word' id='word_1_156' title='bbox 2612 682 2696 728; x_wconf 89' lang='lat' dir='ltr'><strong>est</strong></span> <span class='ocrx_word' id='word_1_157' title='bbox 2716 672 2967 729; x_wconf 65' lang='lat' dir='ltr'><strong>Abrahae.</strong></span> 
     </span>
    </p>
   </div>
   <div class='ocr_carea' id='block_1_20' title="bbox 2362 763 3900 837">
    <p class='ocr_par' dir='ltr' id='par_1_20' title="bbox 2362 763 3900 837">
     <span class='ocr_line' id='line_1_20' title="bbox 2362 763 3900 837; baseline -0.003 -16"><span class='ocrx_word' id='word_1_158' title='bbox 2362 767 2544 836; x_wconf 71' lang='grc' dir='ltr'>(νει-ε.</span> <span class='ocrx_word' id='word_1_159' title='bbox 2573 766 2694 836; x_wconf 90' lang='lat'><strong>26.)</strong></span> <span class='ocrx_word' id='word_1_160' title='bbox 2723 766 2785 823; x_wconf 89' lang='lat' dir='ltr'><strong>Si</strong></span> <span class='ocrx_word' id='word_1_161' title='bbox 2814 767 2974 837; x_wconf 78' lang='lat' dir='ltr'><strong>igitur</strong></span> <span class='ocrx_word' id='word_1_162' title='bbox 2994 767 3305 837; x_wconf 79' lang='lat' dir='ltr'><strong>prwputium</strong></span> <span class='ocrx_word' id='word_1_163' title='bbox 3318 765 3556 836; x_wconf 87' lang='lat' dir='ltr'><strong>justitias</strong></span> <span class='ocrx_word' id='word_1_164' title='bbox 3591 763 3750 833; x_wconf 88' lang='lat' dir='ltr'><strong>Legis</strong></span> <span class='ocrx_word' id='word_1_165' title='bbox 3778 778 3900 817; x_wconf 87' lang='lat' dir='ltr'><strong>cus-</strong></span> 
     </span>
    </p>
   </div>
   <div class='ocr_carea' id='block_1_21' title="bbox 2289 859 3901 932">
    <p class='ocr_par' dir='ltr' id='par_1_21' title="bbox 2289 859 3901 932">
     <span class='ocr_line' id='line_1_21' title="bbox 2289 859 3901 932; baseline -0.003 -19"><span class='ocrx_word' id='word_1_166' title='bbox 2289 862 2474 926; x_wconf 88' lang='lat' dir='ltr'><strong>todiat,</strong></span> <span class='ocrx_word' id='word_1_167' title='bbox 2510 877 2678 915; x_wconf 85' lang='lat' dir='ltr'><strong>nonne</strong></span> <span class='ocrx_word' id='word_1_168' title='bbox 2704 861 3015 932; x_wconf 75' lang='lat' dir='ltr'><strong>prwputium</strong></span> <span class='ocrx_word' id='word_1_169' title='bbox 3040 860 3147 914; x_wconf 88' lang='lat' dir='ltr'><strong>illis</strong></span> <span class='ocrx_word' id='word_1_170' title='bbox 3177 860 3231 914; x_wconf 86' lang='lat' dir='ltr'><strong>in</strong></span> <span class='ocrx_word' id='word_1_171' title='bbox 3260 859 3714 913; x_wconf 77' lang='lat' dir='ltr'><strong>circumcisionem</strong></span> <span class='ocrx_word' id='word_1_172' title='bbox 3744 873 3901 925; x_wconf 77' lang='lat' dir='ltr'><strong>repu-</strong></span> 
     </span>
    </p>
   </div>
   <div class='ocr_carea' id='block_1_22' title="bbox 2285 950 3900 1023">
    <p class='ocr_par' dir='ltr' id='par_1_22' title="bbox 2285 950 3900 1023">
     <span class='ocr_line' id='line_1_22' title="bbox 2285 950 3900 1023; baseline -0.002 -18"><span class='ocrx_word' id='word_1_173' title='bbox 2285 953 2502 1007; x_wconf 85' lang='lat' dir='ltr'><strong>tabitur?</strong></span> <span class='ocrx_word' id='word_1_174' title='bbox 2528 952 2747 1008; x_wconf 86' lang='lat' dir='ltr'><strong>Justitia</strong></span> <span class='ocrx_word' id='word_1_175' title='bbox 2774 953 2935 1023; x_wconf 83' lang='lat' dir='ltr'><strong>Legis</strong></span> <span class='ocrx_word' id='word_1_176' title='bbox 2966 952 3100 1007; x_wconf 90' lang='lat' dir='ltr'><strong>ﬁdes</strong></span> <span class='ocrx_word' id='word_1_177' title='bbox 3125 962 3209 1007; x_wconf 91' lang='lat' dir='ltr'><strong>est</strong></span> <span class='ocrx_word' id='word_1_178' title='bbox 3245 952 3543 1007; x_wconf 85' lang='lat' dir='ltr'><strong>christiana</strong></span> <span class='ocrx_word' id='word_1_179' title='bbox 3565 993 3581 1019; x_wconf 94' lang='lat'><strong>,</strong></span> <span class='ocrx_word' id='word_1_180' title='bbox 3616 951 3766 1006; x_wconf 86' lang='lat' dir='ltr'><strong>sicut</strong></span> <span class='ocrx_word' id='word_1_181' title='bbox 3790 950 3900 1003; x_wconf 88' lang='lat' dir='ltr'><strong>alio</strong></span> 
     </span>
    </p>
   </div>
   <div class='ocr_carea' id='block_1_23' title="bbox 2288 1043 3900 1119">
    <p class='ocr_par' dir='ltr' id='par_1_23' title="bbox 2288 1043 3900 1119">
     <span class='ocr_line' id='line_1_23' title="bbox 2288 1043 3900 1119; baseline -0.002 -19"><span class='ocrx_word' id='word_1_182' title='bbox 2288 1047 2411 1103; x_wconf 90' lang='lat' dir='ltr'><strong>loco</strong></span> <span class='ocrx_word' id='word_1_183' title='bbox 2466 1046 2599 1103; x_wconf 86' lang='lat' dir='ltr'><strong>dicit</strong></span> <span class='ocrx_word' id='word_1_184' title='bbox 2632 1065 2646 1100; x_wconf 91' lang='lat'><strong>:</strong></span> <span class='ocrx_word' id='word_1_185' title='bbox 2674 1044 2827 1101; x_wconf 85' lang='lat' dir='ltr'><strong>Finis</strong></span> <span class='ocrx_word' id='word_1_186' title='bbox 2864 1046 2994 1119; x_wconf 81' lang='lat' dir='ltr'><strong>legis</strong></span> <span class='ocrx_word' id='word_1_187' title='bbox 3035 1046 3270 1101; x_wconf 78' lang='lat' dir='ltr'><strong>Christus</strong></span> <span class='ocrx_word' id='word_1_188' title='bbox 3322 1045 3390 1098; x_wconf 87' lang='lat' dir='ltr'><strong>ad</strong></span> <span class='ocrx_word' id='word_1_189' title='bbox 3436 1046 3711 1118; x_wconf 80' lang='lat' dir='ltr'><strong>justitiam</strong></span> <span class='ocrx_word' id='word_1_190' title='bbox 3754 1043 3900 1097; x_wconf 87' lang='lat' dir='ltr'><strong>omni</strong></span> 
     </span>
    </p>
   </div>
   <div class='ocr_carea' id='block_1_24' title="bbox 2287 1136 3898 1211">
    <p class='ocr_par' dir='ltr' id='par_1_24' title="bbox 2287 1136 3898 1211">
     <span class='ocr_line' id='line_1_24' title="bbox 2287 1136 3898 1211; baseline -0.002 -18"><span class='ocrx_word' id='word_1_191' title='bbox 2287 1140 2514 1194; x_wconf 83' lang='lat' dir='ltr'><strong>credenti</strong></span> <span class='ocrx_word' id='word_1_192' title='bbox 2554 1139 2738 1211; x_wconf 82' lang='lat' dir='ltr'><strong>(Rom.</strong></span> <span class='ocrx_word' id='word_1_193' title='bbox 2786 1155 2818 1193; x_wconf 89' lang='lat' dir='ltr'><strong>x</strong></span> <span class='ocrx_word' id='word_1_194' title='bbox 2841 1180 2855 1204; x_wconf 94' lang='lat'><strong>,</strong></span> <span class='ocrx_word' id='word_1_195' title='bbox 2890 1138 2973 1207; x_wconf 71' lang='grc'><strong>4).</strong></span> <span class='ocrx_word' id='word_1_196' title='bbox 3008 1137 3137 1193; x_wconf 88' lang='lat' dir='ltr'><strong>ldeo</strong></span> <span class='ocrx_word' id='word_1_197' title='bbox 3177 1137 3527 1193; x_wconf 81' lang='lat' dir='ltr'><strong>manifestum</strong></span> <span class='ocrx_word' id='word_1_198' title='bbox 3560 1147 3647 1192; x_wconf 88' lang='lat' dir='ltr'><strong>est</strong></span> <span class='ocrx_word' id='word_1_199' title='bbox 3675 1136 3807 1208; x_wconf 89' lang='lat' dir='ltr'><strong>quia</strong></span> <span class='ocrx_word' id='word_1_200' title='bbox 3855 1136 3898 1189; x_wconf 79' lang='lat' dir='ltr'><strong>si</strong></span> 
     </span>
    </p>
   </div>
   <div class='ocr_carea' id='block_1_25' title="bbox 2286 1229 3900 1303">
    <p class='ocr_par' dir='ltr' id='par_1_25' title="bbox 2286 1229 3900 1303">
     <span class='ocr_line' id='line_1_25' title="bbox 2286 1229 3900 1303; baseline -0.004 -14"><span class='ocrx_word' id='word_1_201' title='bbox 2286 1234 2506 1303; x_wconf 81' lang='lat' dir='ltr'><strong>gentilis</strong></span> <span class='ocrx_word' id='word_1_202' title='bbox 2534 1233 2723 1302; x_wconf 87' lang='lat' dir='ltr'><strong>credat</strong></span> <span class='ocrx_word' id='word_1_203' title='bbox 2772 1234 2826 1287; x_wconf 94' lang='lat' dir='ltr'><strong>in</strong></span> <span class='ocrx_word' id='word_1_204' title='bbox 2878 1230 3175 1299; x_wconf 86' lang='lat' dir='ltr'><strong>Christum,</strong></span> <span class='ocrx_word' id='word_1_205' title='bbox 3210 1231 3266 1287; x_wconf 92' lang='lat' dir='ltr'><strong>ﬁt</strong></span> <span class='ocrx_word' id='word_1_206' title='bbox 3304 1231 3446 1287; x_wconf 89' lang='lat' dir='ltr'><strong>ﬁlius</strong></span> <span class='ocrx_word' id='word_1_207' title='bbox 3500 1231 3777 1297; x_wconf 67' lang='lat' dir='ltr'><strong>Abrahae,</strong></span> <span class='ocrx_word' id='word_1_208' title='bbox 3808 1229 3900 1300; x_wconf 88' lang='lat' dir='ltr'><strong>qui</strong></span> 
     </span>
    </p>
   </div>
   <div class='ocr_carea' id='block_1_26' title="bbox 2287 1330 2726 1401">
    <p class='ocr_par' dir='ltr' id='par_1_26' title="bbox 2287 1330 2726 1401">
     <span class='ocr_line' id='line_1_26' title="bbox 2287 1330 2726 1401; baseline 0 -17"><span class='ocrx_word' id='word_1_209' title='bbox 2287 1342 2443 1401; x_wconf 86' lang='lat' dir='ltr'><strong>pater</strong></span> <span class='ocrx_word' id='word_1_210' title='bbox 2468 1342 2551 1388; x_wconf 90' lang='lat' dir='ltr'><strong>est</strong></span> <span class='ocrx_word' id='word_1_211' title='bbox 2580 1330 2726 1388; x_wconf 88' lang='lat' dir='ltr'><strong>ﬁdei.</strong></span> 
     </span>
    </p>
   </div>
   <div class='ocr_carea' id='block_1_27' title="bbox 2362 1424 3898 1498">
    <p class='ocr_par' dir='ltr' id='par_1_27' title="bbox 2362 1424 3898 1498">
     <span class='ocr_line' id='line_1_27' title="bbox 2362 1424 3898 1498; baseline -0.007 -17"><span class='ocrx_word' id='word_1_212' title='bbox 2362 1426 2545 1497; x_wconf 66' lang='grc' dir='ltr'>(νει-ε.</span> <span class='ocrx_word' id='word_1_213' title='bbox 2576 1424 2697 1496; x_wconf 88' lang='lat'><strong>27.)</strong></span> <span class='ocrx_word' id='word_1_214' title='bbox 2726 1425 2791 1479; x_wconf 79' lang='lat' dir='ltr'><strong>Et</strong></span> <span class='ocrx_word' id='word_1_215' title='bbox 2810 1424 3072 1498; x_wconf 82' lang='lat' dir='ltr'><strong>judicabit</strong></span> <span class='ocrx_word' id='word_1_216' title='bbox 3102 1424 3239 1494; x_wconf 87' lang='lat' dir='ltr'><strong>quod</strong></span> <span class='ocrx_word' id='word_1_217' title='bbox 3271 1439 3333 1478; x_wconf 80' lang='lat' dir='ltr'><strong>ea:</strong></span> <span class='ocrx_word' id='word_1_218' title='bbox 3364 1432 3550 1476; x_wconf 86' lang='lat' dir='ltr'><strong>natura</strong></span> <span class='ocrx_word' id='word_1_219' title='bbox 3576 1431 3653 1476; x_wconf 90' lang='lat' dir='ltr'><strong>est</strong></span> <span class='ocrx_word' id='word_1_220' title='bbox 3688 1436 3898 1490; x_wconf 73' lang='lat' dir='ltr'><strong>prwpu-</strong></span> 
     </span>
    </p>
   </div>
   <div class='ocr_carea' id='block_1_28' title="bbox 2286 1499 3898 1594">
    <p class='ocr_par' dir='ltr' id='par_1_28' title="bbox 2286 1499 3898 1594">
     <span class='ocr_line' id='line_1_28' title="bbox 2286 1499 3898 1594; baseline -0.007 -19"><span class='ocrx_word' id='word_1_221' title='bbox 2286 1522 2432 1588; x_wconf 88' lang='lat' dir='ltr'><strong>tium,</strong></span> <span class='ocrx_word' id='word_1_222' title='bbox 2464 1520 2650 1594; x_wconf 86' lang='lat' dir='ltr'><strong>Legem</strong></span> <span class='ocrx_word' id='word_1_223' title='bbox 2680 1520 2978 1589; x_wconf 84' lang='lat' dir='ltr'><strong>perﬁciens,</strong></span> <span class='ocrx_word' id='word_1_224' title='bbox 3008 1528 3077 1583; x_wconf 90' lang='lat' dir='ltr'><strong>te,</strong></span> <span class='ocrx_word' id='word_1_225' title='bbox 3106 1520 3194 1587; x_wconf 89' lang='lat' dir='ltr'><strong>qui</strong></span> <span class='ocrx_word' id='word_1_226' title='bbox 3218 1534 3307 1587; x_wconf 88' lang='lat' dir='ltr'><strong>per</strong></span> <span class='ocrx_word' id='word_1_227' title='bbox 3335 1518 3561 1571; x_wconf 85' lang='lat' dir='ltr'><strong>litteram</strong></span> <span class='ocrx_word' id='word_1_228' title='bbox 3584 1524 3633 1568; x_wconf 89' lang='lat' dir='ltr'><strong>et</strong></span> <span class='ocrx_word' id='word_1_229' title='bbox 3672 1499 3898 1567; x_wconf 77' lang='lat' dir='ltr'><strong>circum-</strong></span> 
     </span>
    </p>
   </div>
   <div class='ocr_carea' id='block_1_29' title="bbox 2288 1604 3899 1683">
    <p class='ocr_par' dir='ltr' id='par_1_29' title="bbox 2288 1604 3899 1683">
     <span class='ocr_line' id='line_1_29' title="bbox 2288 1604 3899 1683; baseline -0.005 -16"><span class='ocrx_word' id='word_1_230' title='bbox 2288 1614 2529 1668; x_wconf 86' lang='lat' dir='ltr'><strong>cisionem</strong></span> <span class='ocrx_word' id='word_1_231' title='bbox 2557 1612 2922 1683; x_wconf 76' lang='lat' dir='ltr'><strong>prtwaricalor</strong></span> <span class='ocrx_word' id='word_1_232' title='bbox 2943 1627 2995 1665; x_wconf 89' lang='lat' dir='ltr'><strong>es</strong></span> <span class='ocrx_word' id='word_1_233' title='bbox 3011 1608 3184 1681; x_wconf 88' lang='lat' dir='ltr'><strong>Legis.</strong></span> <span class='ocrx_word' id='word_1_234' title='bbox 3208 1608 3455 1663; x_wconf 88' lang='lat' dir='ltr'><strong>Credens</strong></span> <span class='ocrx_word' id='word_1_235' title='bbox 3479 1605 3729 1679; x_wconf 78' lang='lat' dir='ltr'><strong>gentilis,</strong></span> <span class='ocrx_word' id='word_1_236' title='bbox 3759 1604 3899 1660; x_wconf 92' lang='lat' dir='ltr'><strong>duce</strong></span> 
     </span>
    </p>
   </div>
   <div class='ocr_carea' id='block_1_30' title="bbox 2289 1698 3898 1772">
    <p class='ocr_par' dir='ltr' id='par_1_30' title="bbox 2289 1698 3898 1772">
     <span class='ocr_line' id='line_1_30' title="bbox 2289 1698 3898 1772; baseline -0.006 -11"><span class='ocrx_word' id='word_1_237' title='bbox 2289 1715 2502 1772; x_wconf 86' lang='lat' dir='ltr'><strong>natura,</strong></span> <span class='ocrx_word' id='word_1_238' title='bbox 2537 1706 2590 1760; x_wconf 89' lang='lat' dir='ltr'><strong>in</strong></span> <span class='ocrx_word' id='word_1_239' title='bbox 2639 1706 2941 1771; x_wconf 87' lang='lat' dir='ltr'><strong>Christum,</strong></span> <span class='ocrx_word' id='word_1_240' title='bbox 2973 1702 3305 1758; x_wconf 87' lang='lat' dir='ltr'><strong>condemnat</strong></span> <span class='ocrx_word' id='word_1_241' title='bbox 3330 1701 3602 1768; x_wconf 73' lang='lat' dir='ltr'><strong>Judaeum,</strong></span> <span class='ocrx_word' id='word_1_242' title='bbox 3640 1700 3728 1754; x_wconf 88' lang='lat' dir='ltr'><strong>cui</strong></span> <span class='ocrx_word' id='word_1_243' title='bbox 3790 1698 3898 1753; x_wconf 83' lang='lat' dir='ltr'><strong>Lex</strong></span> 
     </span>
    </p>
   </div>
   <div class='ocr_carea' id='block_1_31' title="bbox 644 1792 3900 1876">
    <p class='ocr_par' dir='ltr' id='par_1_31' title="bbox 644 1792 3900 1876">
     <span class='ocr_line' id='line_1_31' title="bbox 644 1792 3900 1876; baseline -0.009 0"><span class='ocrx_word' id='word_1_244' title='bbox 644 1804 828 1876; x_wconf 42' lang='grc' dir='ltr'><strong>(γετί</strong></span> <span class='ocrx_word' id='word_1_245' title='bbox 860 1800 1207 1874; x_wconf 45' lang='lat' dir='ltr'><strong>“divom”</strong></span> <span class='ocrx_word' id='word_1_246' title='bbox 1252 1800 1392 1854; x_wconf 69' lang='grc' dir='ltr'>εηίηι</span> <span class='ocrx_word' id='word_1_247' title='bbox 1416 1797 1621 1867; x_wconf 62' lang='lat' dir='ltr'><strong>Dei?&quot;</strong></span> <span class='ocrx_word' id='word_1_248' title='bbox 1648 1811 1737 1850; x_wconf 72' lang='grc' dir='ltr'><strong>υοε</strong></span> <span class='ocrx_word' id='word_1_249' title='bbox 1790 1794 2181 1865; x_wconf 55' lang='lat' dir='ltr'><strong>blasphemi!!!&quot;</strong></span> <span class='ocrx_word' id='word_1_250' title='bbox 2208 1792 2256 1853; x_wconf 83' lang='lat' dir='ltr'><strong>B</strong></span> <span class='ocrx_word' id='word_1_251' title='bbox 2288 1806 2617 1875; x_wconf 85' lang='lat' dir='ltr'><strong>promiserat</strong></span> <span class='ocrx_word' id='word_1_252' title='bbox 2641 1803 2947 1869; x_wconf 88' lang='lat' dir='ltr'><strong>Christum,</strong></span> <span class='ocrx_word' id='word_1_253' title='bbox 2995 1812 3051 1857; x_wconf 91' lang='lat' dir='ltr'><strong>et</strong></span> <span class='ocrx_word' id='word_1_254' title='bbox 3078 1800 3389 1855; x_wconf 87' lang='lat' dir='ltr'><strong>advenienti</strong></span> <span class='ocrx_word' id='word_1_255' title='bbox 3421 1799 3471 1855; x_wconf 92' lang='lat' dir='ltr'><strong>ei</strong></span> <span class='ocrx_word' id='word_1_256' title='bbox 3519 1798 3754 1854; x_wconf 90' lang='lat' dir='ltr'><strong>credere</strong></span> <span class='ocrx_word' id='word_1_257' title='bbox 3803 1811 3900 1850; x_wconf 87' lang='lat' dir='ltr'><strong>no-</strong></span> 
     </span>
    </p>
   </div>
   <div class='ocr_carea' id='block_1_32' title="bbox 570 1886 2183 1970">
    <p class='ocr_par' dir='ltr' id='par_1_32' title="bbox 570 1886 2183 1970">
     <span class='ocr_line' id='line_1_32' title="bbox 570 1886 2183 1970; baseline -0.007 -18"><span class='ocrx_word' id='word_1_258' title='bbox 570 1900 709 1953; x_wconf 89' lang='lat' dir='ltr'><strong>inter</strong></span> <span class='ocrx_word' id='word_1_259' title='bbox 727 1908 925 1970; x_wconf 86' lang='lat' dir='ltr'><strong>gentes,</strong></span> <span class='ocrx_word' id='word_1_260' title='bbox 957 1896 1089 1951; x_wconf 85' lang='lat' dir='ltr'><strong>sicut</strong></span> <span class='ocrx_word' id='word_1_261' title='bbox 1110 1895 1359 1966; x_wconf 87' lang='lat' dir='ltr'><strong>scriptum</strong></span> <span class='ocrx_word' id='word_1_262' title='bbox 1381 1902 1456 1946; x_wconf 92' lang='lat' dir='ltr'><strong>est</strong></span> <span class='ocrx_word' id='word_1_263' title='bbox 1482 1890 1660 1963; x_wconf 83' lang='lat' dir='ltr'><strong>(Esai,</strong></span> <span class='ocrx_word' id='word_1_264' title='bbox 1689 1904 1784 1955; x_wconf 84' lang='lat' dir='ltr'><strong>LII,</strong></span> <span class='ocrx_word' id='word_1_265' title='bbox 1805 1887 1882 1959; x_wconf 79' lang='lat'><strong>5).</strong></span> <span class='ocrx_word' id='word_1_266' title='bbox 1911 1886 2023 1942; x_wconf 93' lang='lat' dir='ltr'><strong>lloc</strong></span> <span class='ocrx_word' id='word_1_267' title='bbox 2048 1886 2183 1941; x_wconf 80' lang='lat' dir='ltr'><strong>dixit</strong></span> 
     </span>
    </p>
   </div>
   <div class='ocr_carea' id='block_1_33' title="bbox 574 1979 2179 2061">
    <p class='ocr_par' dir='ltr' id='par_1_33' title="bbox 574 1979 2179 2061">
     <span class='ocr_line' id='line_1_33' title="bbox 574 1979 2179 2061; baseline -0.009 -15"><span class='ocrx_word' id='word_1_268' title='bbox 574 1990 764 2046; x_wconf 78' lang='lat' dir='ltr'><strong>Esaias</strong></span> <span class='ocrx_word' id='word_1_269' title='bbox 812 1988 1103 2061; x_wconf 88' lang='lat' dir='ltr'><strong>propheta,</strong></span> <span class='ocrx_word' id='word_1_270' title='bbox 1128 1986 1254 2058; x_wconf 89' lang='lat' dir='ltr'><strong>quia</strong></span> <span class='ocrx_word' id='word_1_271' title='bbox 1286 1984 1383 2040; x_wconf 90' lang='lat' dir='ltr'><strong>Dei</strong></span> <span class='ocrx_word' id='word_1_272' title='bbox 1425 1998 1622 2039; x_wconf 90' lang='lat' dir='ltr'><strong>nomen</strong></span> <span class='ocrx_word' id='word_1_273' title='bbox 1655 1979 2065 2051; x_wconf 88' lang='lat' dir='ltr'><strong>blasphematur</strong></span> <span class='ocrx_word' id='word_1_274' title='bbox 2096 1979 2179 2032; x_wconf 87' lang='lat' dir='ltr'><strong>in-</strong></span> 
     </span>
    </p>
   </div>
   <div class='ocr_carea' id='block_1_34' title="bbox 573 2071 2183 2157">
    <p class='ocr_par' dir='ltr' id='par_1_34' title="bbox 573 2071 2183 2157">
     <span class='ocr_line' id='line_1_34' title="bbox 573 2071 2183 2157; baseline -0.01 -14"><span class='ocrx_word' id='word_1_275' title='bbox 573 2096 654 2142; x_wconf 90' lang='lat' dir='ltr'><strong>ter</strong></span> <span class='ocrx_word' id='word_1_276' title='bbox 678 2094 902 2157; x_wconf 89' lang='lat' dir='ltr'><strong>gentes;</strong></span> <span class='ocrx_word' id='word_1_277' title='bbox 932 2081 1150 2155; x_wconf 90' lang='lat' dir='ltr'><strong>quando</strong></span> <span class='ocrx_word' id='word_1_278' title='bbox 1179 2081 1397 2137; x_wconf 70' lang='lat' dir='ltr'><strong>Iudaeos</strong></span> <span class='ocrx_word' id='word_1_279' title='bbox 1453 2093 1549 2147; x_wconf 83' lang='lat' dir='ltr'><strong>pro</strong></span> <span class='ocrx_word' id='word_1_280' title='bbox 1598 2076 1754 2132; x_wconf 80' lang='lat' dir='ltr'><strong>noxis</strong></span> <span class='ocrx_word' id='word_1_281' title='bbox 1799 2074 1916 2129; x_wconf 90' lang='lat' dir='ltr'><strong>suis</strong></span> <span class='ocrx_word' id='word_1_282' title='bbox 1954 2071 2183 2128; x_wconf 88' lang='lat' dir='ltr'><strong>traditos</strong></span> 
     </span>
    </p>
   </div>
   <div class='ocr_carea' id='block_1_35' title="bbox 572 2162 2179 2236">
    <p class='ocr_par' dir='ltr' id='par_1_35' title="bbox 572 2162 2179 2236">
     <span class='ocr_line' id='line_1_35' title="bbox 572 2162 2179 2236; baseline -0.011 -3"><span class='ocrx_word' id='word_1_283' title='bbox 572 2178 678 2235; x_wconf 85' lang='lat' dir='ltr'><strong>sibi</strong></span> <span class='ocrx_word' id='word_1_284' title='bbox 706 2193 814 2233; x_wconf 92' lang='lat' dir='ltr'><strong>non</strong></span> <span class='ocrx_word' id='word_1_285' title='bbox 844 2175 1202 2231; x_wconf 84' lang='lat' dir='ltr'><strong>advertebant</strong></span> <span class='ocrx_word' id='word_1_286' title='bbox 1232 2190 1243 2226; x_wconf 91' lang='lat'>:</span> <span class='ocrx_word' id='word_1_287' title='bbox 1274 2170 1369 2227; x_wconf 90' lang='lat' dir='ltr'><strong>sed</strong></span> <span class='ocrx_word' id='word_1_288' title='bbox 1393 2169 1553 2225; x_wconf 89' lang='lat' dir='ltr'><strong>idolis</strong></span> <span class='ocrx_word' id='word_1_289' title='bbox 1583 2168 1697 2223; x_wconf 89' lang='lat' dir='ltr'><strong>suis</strong></span> <span class='ocrx_word' id='word_1_290' title='bbox 1727 2165 1931 2221; x_wconf 87' lang='lat' dir='ltr'><strong>dabant</strong></span> <span class='ocrx_word' id='word_1_291' title='bbox 1959 2162 2179 2236; x_wconf 85' lang='lat' dir='ltr'><strong>glorias,</strong></span> 
     </span>
    </p>
   </div>
   <div class='ocr_carea' id='block_1_36' title="bbox 576 2256 2182 2343">
    <p class='ocr_par' dir='ltr' id='par_1_36' title="bbox 576 2256 2182 2343">
     <span class='ocr_line' id='line_1_36' title="bbox 576 2256 2182 2343; baseline -0.011 -15"><span class='ocrx_word' id='word_1_292' title='bbox 576 2271 732 2343; x_wconf 89' lang='lat' dir='ltr'><strong>quasi</strong></span> <span class='ocrx_word' id='word_1_293' title='bbox 776 2269 1093 2327; x_wconf 63' lang='lat' dir='ltr'><strong>Judaeorum</strong></span> <span class='ocrx_word' id='word_1_294' title='bbox 1141 2267 1309 2322; x_wconf 92' lang='lat' dir='ltr'><strong>Deum</strong></span> <span class='ocrx_word' id='word_1_295' title='bbox 1343 2263 1603 2319; x_wconf 86' lang='lat' dir='ltr'><strong>vicissent</strong></span> <span class='ocrx_word' id='word_1_296' title='bbox 1644 2263 1699 2316; x_wconf 92' lang='lat' dir='ltr'><strong>in</strong></span> <span class='ocrx_word' id='word_1_297' title='bbox 1749 2258 1972 2316; x_wconf 72' lang='lat' dir='ltr'><strong>Iudaeis.</strong></span> <span class='ocrx_word' id='word_1_298' title='bbox 2010 2256 2087 2311; x_wconf 70' lang='grc' dir='ltr'>ιω</span> <span class='ocrx_word' id='word_1_299' title='bbox 2126 2263 2182 2311; x_wconf 89' lang='grc' dir='ltr'><strong>ει</strong></span> 
     </span>
    </p>
   </div>
   <div class='ocr_carea' id='block_1_37' title="bbox 570 2350 2176 2438">
    <p class='ocr_par' dir='ltr' id='par_1_37' title="bbox 570 2350 2176 2438">
     <span class='ocr_line' id='line_1_37' title="bbox 570 2350 2176 2438; baseline -0.011 -18"><span class='ocrx_word' id='word_1_300' title='bbox 570 2375 818 2438; x_wconf 88' lang='lat' dir='ltr'><strong>tempore</strong></span> <span class='ocrx_word' id='word_1_301' title='bbox 843 2362 1216 2435; x_wconf 90' lang='lat' dir='ltr'><strong>apostolorum</strong></span> <span class='ocrx_word' id='word_1_302' title='bbox 1250 2359 1346 2415; x_wconf 90' lang='lat' dir='ltr'><strong>Dei</strong></span> <span class='ocrx_word' id='word_1_303' title='bbox 1377 2372 1575 2412; x_wconf 90' lang='lat' dir='ltr'><strong>nomen</strong></span> <span class='ocrx_word' id='word_1_304' title='bbox 1605 2352 2083 2425; x_wconf 88' lang='lat' dir='ltr'><strong>blasphemabatur</strong></span> <span class='ocrx_word' id='word_1_305' title='bbox 2123 2350 2176 2404; x_wconf 90' lang='lat' dir='ltr'><strong>in</strong></span> 
     </span>
    </p>
   </div>
   <div class='ocr_carea' id='block_1_38' title="bbox 569 2444 2179 2527">
    <p class='ocr_par' dir='ltr' id='par_1_38' title="bbox 569 2444 2179 2527">
     <span class='ocr_line' id='line_1_38' title="bbox 569 2444 2179 2527; baseline -0.009 -14"><span class='ocrx_word' id='word_1_306' title='bbox 569 2456 818 2522; x_wconf 87' lang='lat' dir='ltr'><strong>Christo;</strong></span> <span class='ocrx_word' id='word_1_307' title='bbox 840 2455 965 2527; x_wconf 88' lang='lat' dir='ltr'><strong>quia</strong></span> <span class='ocrx_word' id='word_1_308' title='bbox 996 2453 1173 2511; x_wconf 65' lang='lat' dir='ltr'><strong>Judaei</strong></span> <span class='ocrx_word' id='word_1_309' title='bbox 1197 2451 1473 2508; x_wconf 87' lang='lat' dir='ltr'><strong>Christum</strong></span> <span class='ocrx_word' id='word_1_310' title='bbox 1503 2450 1675 2505; x_wconf 91' lang='lat' dir='ltr'><strong>Deum</strong></span> <span class='ocrx_word' id='word_1_311' title='bbox 1716 2446 1990 2519; x_wconf 89' lang='lat' dir='ltr'><strong>negando,</strong></span> <span class='ocrx_word' id='word_1_312' title='bbox 2034 2444 2179 2501; x_wconf 88' lang='lat' dir='ltr'><strong>blas-</strong></span> 
     </span>
    </p>
   </div>
   <div class='ocr_carea' id='block_1_39' title="bbox 566 2538 2179 2622">
    <p class='ocr_par' dir='ltr' id='par_1_39' title="bbox 566 2538 2179 2622">
     <span class='ocr_line' id='line_1_39' title="bbox 566 2538 2179 2622; baseline -0.009 -15"><span class='ocrx_word' id='word_1_313' title='bbox 566 2550 900 2622; x_wconf 87' lang='lat' dir='ltr'><strong>phemabant</strong></span> <span class='ocrx_word' id='word_1_314' title='bbox 927 2556 981 2604; x_wconf 91' lang='lat' dir='ltr'><strong>et</strong></span> <span class='ocrx_word' id='word_1_315' title='bbox 1024 2547 1263 2611; x_wconf 89' lang='lat' dir='ltr'><strong>Patrem,</strong></span> <span class='ocrx_word' id='word_1_316' title='bbox 1296 2548 1437 2601; x_wconf 85' lang='lat' dir='ltr'><strong>sicut</strong></span> <span class='ocrx_word' id='word_1_317' title='bbox 1466 2543 1596 2598; x_wconf 91' lang='lat' dir='ltr'><strong>dicit</strong></span> <span class='ocrx_word' id='word_1_318' title='bbox 1634 2540 1932 2597; x_wconf 90' lang='lat' dir='ltr'><strong>Dominus:</strong></span> <span class='ocrx_word' id='word_1_319' title='bbox 1970 2538 2069 2605; x_wconf 88' lang='lat' dir='ltr'><strong>Qui</strong></span> <span class='ocrx_word' id='word_1_320' title='bbox 2097 2553 2179 2592; x_wconf 89' lang='lat' dir='ltr'><strong>me</strong></span> 
     </span>
    </p>
   </div>
   <div class='ocr_carea' id='block_1_40' title="bbox 564 2630 2174 2713">
    <p class='ocr_par' dir='ltr' id='par_1_40' title="bbox 564 2630 2174 2713">
     <span class='ocr_line' id='line_1_40' title="bbox 564 2630 2174 2713; baseline -0.009 -16"><span class='ocrx_word' id='word_1_321' title='bbox 564 2646 771 2713; x_wconf 86' lang='lat' dir='ltr'><strong>recipit,</strong></span> <span class='ocrx_word' id='word_1_322' title='bbox 804 2660 908 2697; x_wconf 88' lang='lat' dir='ltr'><strong>non</strong></span> <span class='ocrx_word' id='word_1_323' title='bbox 950 2658 1029 2697; x_wconf 86' lang='lat' dir='ltr'><strong>me</strong></span> <span class='ocrx_word' id='word_1_324' title='bbox 1058 2641 1264 2706; x_wconf 80' lang='lat' dir='ltr'><strong>recipit,</strong></span> <span class='ocrx_word' id='word_1_325' title='bbox 1294 2639 1383 2694; x_wconf 90' lang='lat' dir='ltr'><strong>sed</strong></span> <span class='ocrx_word' id='word_1_326' title='bbox 1424 2654 1540 2691; x_wconf 88' lang='lat' dir='ltr'><strong>eum</strong></span> <span class='ocrx_word' id='word_1_327' title='bbox 1576 2637 1667 2706; x_wconf 87' lang='lat' dir='ltr'><strong>qui</strong></span> <span class='ocrx_word' id='word_1_328' title='bbox 1704 2651 1783 2689; x_wconf 87' lang='lat' dir='ltr'><strong>me</strong></span> <span class='ocrx_word' id='word_1_329' title='bbox 1823 2633 1964 2686; x_wconf 88' lang='lat' dir='ltr'><strong>misit</strong></span> <span class='ocrx_word' id='word_1_330' title='bbox 2018 2630 2174 2702; x_wconf 83' lang='lat' dir='ltr'><strong>(Luc.</strong></span> 
     </span>
    </p>
   </div>
   <div class='ocr_carea' id='block_1_41' title="bbox 569 2722 2175 2807">
    <p class='ocr_par' dir='ltr' id='par_1_41' title="bbox 569 2722 2175 2807">
     <span class='ocr_line' id='line_1_41' title="bbox 569 2722 2175 2807; baseline -0.011 -13"><span class='ocrx_word' id='word_1_331' title='bbox 569 2755 647 2807; x_wconf 82' lang='lat' dir='ltr'><strong>Ix,</strong></span> <span class='ocrx_word' id='word_1_332' title='bbox 673 2738 787 2807; x_wconf 74' lang='grc'><strong>48).</strong></span> <span class='ocrx_word' id='word_1_333' title='bbox 821 2735 893 2791; x_wconf 83' lang='grc' dir='ltr'>Ει</span> <span class='ocrx_word' id='word_1_334' title='bbox 941 2735 1066 2791; x_wconf 90' lang='lat' dir='ltr'><strong>ideo</strong></span> <span class='ocrx_word' id='word_1_335' title='bbox 1104 2734 1248 2789; x_wconf 90' lang='lat' dir='ltr'><strong>inter</strong></span> <span class='ocrx_word' id='word_1_336' title='bbox 1281 2741 1472 2803; x_wconf 88' lang='lat' dir='ltr'><strong>gentes</strong></span> <span class='ocrx_word' id='word_1_337' title='bbox 1519 2725 2018 2797; x_wconf 89' lang='lat' dir='ltr'><strong>blasphemabatur,</strong></span> <span class='ocrx_word' id='word_1_338' title='bbox 2049 2722 2175 2793; x_wconf 88' lang='lat' dir='ltr'><strong>quia</strong></span> 
     </span>
    </p>
   </div>
   <div class='ocr_carea' id='block_1_42' title="bbox 567 2818 2175 2901">
    <p class='ocr_par' dir='ltr' id='par_1_42' title="bbox 567 2818 2175 2901">
     <span class='ocr_line' id='line_1_42' title="bbox 567 2818 2175 2901; baseline -0.012 -11"><span class='ocrx_word' id='word_1_339' title='bbox 567 2832 926 2891; x_wconf 89' lang='lat' dir='ltr'><strong>credentibus</strong></span> <span class='ocrx_word' id='word_1_340' title='bbox 990 2828 1247 2901; x_wconf 84' lang='lat' dir='ltr'><strong>gentibus</strong></span> <span class='ocrx_word' id='word_1_341' title='bbox 1319 2824 1497 2881; x_wconf 69' lang='lat' dir='ltr'><strong>Judaei</strong></span> <span class='ocrx_word' id='word_1_342' title='bbox 1565 2820 1800 2878; x_wconf 87' lang='lat' dir='ltr'><strong>suadere</strong></span> <span class='ocrx_word' id='word_1_343' title='bbox 1862 2818 2175 2874; x_wconf 88' lang='lat' dir='ltr'><strong>nitebantur</strong></span> 
     </span>
    </p>
   </div>
   <div class='ocr_carea' id='block_1_43' title="bbox 567 2911 2171 2983">
    <p class='ocr_par' dir='ltr' id='par_1_43' title="bbox 567 2911 2171 2983">
     <span class='ocr_line' id='line_1_43' title="bbox 567 2911 2171 2983; baseline -0.012 0"><span class='ocrx_word' id='word_1_344' title='bbox 567 2926 849 2983; x_wconf 86' lang='lat' dir='ltr'><strong>Christum</strong></span> <span class='ocrx_word' id='word_1_345' title='bbox 906 2923 1075 2979; x_wconf 90' lang='lat' dir='ltr'><strong>Deum</strong></span> <span class='ocrx_word' id='word_1_346' title='bbox 1133 2935 1240 2976; x_wconf 91' lang='lat' dir='ltr'><strong>non</strong></span> <span class='ocrx_word' id='word_1_347' title='bbox 1290 2916 1654 2981; x_wconf 89' lang='lat' dir='ltr'><strong>credendum;</strong></span> <span class='ocrx_word' id='word_1_348' title='bbox 1686 2922 1746 2969; x_wconf 93' lang='lat' dir='ltr'><strong>ut</strong></span> <span class='ocrx_word' id='word_1_349' title='bbox 1773 2911 2171 2982; x_wconf 89' lang='lat' dir='ltr'><strong>blasphemium</strong></span> 
     </span>
    </p>
   </div>
   <div class='ocr_carea' id='block_1_44' title="bbox 567 3007 2169 3094">
    <p class='ocr_par' dir='ltr' id='par_1_44' title="bbox 567 3007 2169 3094">
     <span class='ocr_line' id='line_1_44' title="bbox 567 3007 2169 3094; baseline -0.012 -16"><span class='ocrx_word' id='word_1_350' title='bbox 567 3022 808 3094; x_wconf 88' lang='lat' dir='ltr'><strong>gentium</strong></span> <span class='ocrx_word' id='word_1_351' title='bbox 824 3018 1061 3076; x_wconf 68' lang='lat' dir='ltr'><strong>aJudzeis</strong></span> <span class='ocrx_word' id='word_1_352' title='bbox 1076 3017 1162 3071; x_wconf 90' lang='lat' dir='ltr'><strong>vel</strong></span> <span class='ocrx_word' id='word_1_353' title='bbox 1182 3013 1397 3071; x_wconf 90' lang='lat' dir='ltr'><strong>Photini</strong></span> <span class='ocrx_word' id='word_1_354' title='bbox 1420 3010 1739 3068; x_wconf 90' lang='lat' dir='ltr'><strong>auctoribus</strong></span> <span class='ocrx_word' id='word_1_355' title='bbox 1758 3009 1828 3063; x_wconf 92' lang='lat' dir='ltr'><strong>sit</strong></span> <span class='ocrx_word' id='word_1_356' title='bbox 1845 3007 2144 3079; x_wconf 85' lang='lat' dir='ltr'><strong>profectum</strong></span> <span class='ocrx_word' id='word_1_357' title='bbox 2156 3046 2169 3058; x_wconf 95' lang='lat'><strong>.</strong></span> 
     </span>
    </p>
   </div>
   <div class='ocr_carea' id='block_1_45' title="bbox 639 3098 2169 3188">
    <p class='ocr_par' dir='ltr' id='par_1_45' title="bbox 639 3098 2169 3188">
     <span class='ocr_line' id='line_1_45' title="bbox 639 3098 2169 3188; baseline -0.011 -18"><span class='ocrx_word' id='word_1_358' title='bbox 639 3114 834 3188; x_wconf 88' lang='lat' dir='ltr'><strong>(Vers.</strong></span> <span class='ocrx_word' id='word_1_359' title='bbox 865 3110 985 3182; x_wconf 83' lang='lat'><strong>25.)</strong></span> <span class='ocrx_word' id='word_1_360' title='bbox 1033 3107 1369 3165; x_wconf 82' lang='lat' dir='ltr'><strong>Circumcisio</strong></span> <span class='ocrx_word' id='word_1_361' title='bbox 1398 3106 1609 3176; x_wconf 83' lang='lat' dir='ltr'><strong>quidem</strong></span> <span class='ocrx_word' id='word_1_362' title='bbox 1650 3102 1883 3175; x_wconf 83' lang='lat' dir='ltr'><strong>prodest,</strong></span> <span class='ocrx_word' id='word_1_363' title='bbox 1914 3102 1959 3155; x_wconf 93' lang='lat' dir='ltr'><strong>si</strong></span> <span class='ocrx_word' id='word_1_364' title='bbox 1982 3098 2169 3171; x_wconf 87' lang='lat' dir='ltr'><strong>Legem</strong></span> 
     </span>
    </p>
   </div>
   <div class='ocr_carea' id='block_1_46' title="bbox 2287 1891 3898 1969">
    <p class='ocr_par' dir='ltr' id='par_1_46' title="bbox 2287 1891 3898 1969">
     <span class='ocr_line' id='line_1_46' title="bbox 2287 1891 3898 1969; baseline -0.006 -14"><span class='ocrx_word' id='word_1_365' title='bbox 2287 1900 2405 1955; x_wconf 94' lang='lat' dir='ltr'><strong>luit.</strong></span> <span class='ocrx_word' id='word_1_366' title='bbox 2434 1900 2645 1967; x_wconf 84' lang='lat' dir='ltr'><strong>Quanta</strong></span> <span class='ocrx_word' id='word_1_367' title='bbox 2673 1913 2803 1969; x_wconf 90' lang='lat' dir='ltr'><strong>ergo</strong></span> <span class='ocrx_word' id='word_1_368' title='bbox 2842 1898 3065 1968; x_wconf 90' lang='lat' dir='ltr'><strong>gentilis</strong></span> <span class='ocrx_word' id='word_1_369' title='bbox 3094 1895 3289 1966; x_wconf 91' lang='lat' dir='ltr'><strong>dignus</strong></span> <span class='ocrx_word' id='word_1_370' title='bbox 3318 1905 3404 1951; x_wconf 88' lang='lat' dir='ltr'><strong>est</strong></span> <span class='ocrx_word' id='word_1_371' title='bbox 3445 1893 3639 1965; x_wconf 84' lang='lat' dir='ltr'><strong>gloria,</strong></span> <span class='ocrx_word' id='word_1_372' title='bbox 3674 1891 3771 1962; x_wconf 84' lang='lat' dir='ltr'><strong>qui</strong></span> <span class='ocrx_word' id='word_1_373' title='bbox 3804 1906 3898 1958; x_wconf 87' lang='lat' dir='ltr'><strong>per</strong></span> 
     </span>
    </p>
   </div>
   <div class='ocr_carea' id='block_1_47' title="bbox 2284 1983 3895 2055">
    <p class='ocr_par' dir='ltr' id='par_1_47' title="bbox 2284 1983 3895 2055">
     <span class='ocr_line' id='line_1_47' title="bbox 2284 1983 3895 2055; baseline -0.004 -12"><span class='ocrx_word' id='word_1_374' title='bbox 2284 1994 2454 2047; x_wconf 74' lang='lat' dir='ltr'><strong>solam</strong></span> <span class='ocrx_word' id='word_1_375' title='bbox 2503 2001 2751 2047; x_wconf 90' lang='lat' dir='ltr'><strong>naturam</strong></span> <span class='ocrx_word' id='word_1_376' title='bbox 2784 1990 3051 2046; x_wconf 77' lang='lat' dir='ltr'><strong>intellexit</strong></span> <span class='ocrx_word' id='word_1_377' title='bbox 3079 1996 3387 2055; x_wconf 84' lang='lat' dir='ltr'><strong>auctorem,</strong></span> <span class='ocrx_word' id='word_1_378' title='bbox 3420 1986 3561 2041; x_wconf 90' lang='lat' dir='ltr'><strong>sicut</strong></span> <span class='ocrx_word' id='word_1_379' title='bbox 3609 1984 3746 2041; x_wconf 83' lang='lat' dir='ltr'><strong>dicit</strong></span> <span class='ocrx_word' id='word_1_380' title='bbox 3796 1983 3895 2038; x_wconf 85' lang='lat' dir='ltr'><strong>Pe-</strong></span> 
     </span>
    </p>
   </div>
   <div class='ocr_carea' id='block_1_48' title="bbox 2283 2076 3890 2156">
    <p class='ocr_par' dir='ltr' id='par_1_48' title="bbox 2283 2076 3890 2156">
     <span class='ocr_line' id='line_1_48' title="bbox 2283 2076 3890 2156; baseline -0.009 -15"><span class='ocrx_word' id='word_1_381' title='bbox 2283 2097 2397 2141; x_wconf 90' lang='lat' dir='ltr'><strong>trus</strong></span> <span class='ocrx_word' id='word_1_382' title='bbox 2418 2085 2701 2156; x_wconf 89' lang='lat' dir='ltr'><strong>apostolus</strong></span> <span class='ocrx_word' id='word_1_383' title='bbox 2730 2102 2744 2140; x_wconf 87' lang='lat'>:</span> <span class='ocrx_word' id='word_1_384' title='bbox 2770 2084 3043 2137; x_wconf 80' lang='lat' dir='ltr'><strong>Auctorem</strong></span> <span class='ocrx_word' id='word_1_385' title='bbox 3060 2097 3177 2137; x_wconf 82' lang='lat' dir='ltr'><strong>vero</strong></span> <span class='ocrx_word' id='word_1_386' title='bbox 3202 2082 3318 2135; x_wconf 64' lang='lat' dir='ltr'><strong>vita</strong></span> <span class='ocrx_word' id='word_1_387' title='bbox 3338 2078 3674 2150; x_wconf 81' lang='lat' dir='ltr'><strong>interfecistis</strong></span> <span class='ocrx_word' id='word_1_388' title='bbox 3690 2076 3890 2147; x_wconf 79' lang='lat' dir='ltr'><strong>(Actor.</strong></span> 
     </span>
    </p>
   </div>
   <div class='ocr_carea' id='block_1_49' title="bbox 2283 2168 3893 2249">
    <p class='ocr_par' dir='ltr' id='par_1_49' title="bbox 2283 2168 3893 2249">
     <span class='ocr_line' id='line_1_49' title="bbox 2283 2168 3893 2249; baseline -0.005 -18"><span class='ocrx_word' id='word_1_389' title='bbox 2283 2194 2360 2245; x_wconf 88' lang='grc' dir='ltr'>ιιι,</span> <span class='ocrx_word' id='word_1_390' title='bbox 2390 2178 2515 2249; x_wconf 81' lang='grc'><strong>15);</strong></span> <span class='ocrx_word' id='word_1_391' title='bbox 2569 2187 2718 2232; x_wconf 91' lang='lat' dir='ltr'><strong>tanto</strong></span> <span class='ocrx_word' id='word_1_392' title='bbox 2751 2176 2923 2247; x_wconf 88' lang='lat' dir='ltr'><strong>magis</strong></span> <span class='ocrx_word' id='word_1_393' title='bbox 2941 2174 3166 2231; x_wconf 66' lang='lat' dir='ltr'><strong>Judacus</strong></span> <span class='ocrx_word' id='word_1_394' title='bbox 3212 2171 3515 2244; x_wconf 90' lang='lat' dir='ltr'><strong>puniendus</strong></span> <span class='ocrx_word' id='word_1_395' title='bbox 3541 2178 3650 2235; x_wconf 85' lang='lat' dir='ltr'><strong>est,</strong></span> <span class='ocrx_word' id='word_1_396' title='bbox 3674 2168 3769 2238; x_wconf 88' lang='lat' dir='ltr'><strong>qui</strong></span> <span class='ocrx_word' id='word_1_397' title='bbox 3802 2182 3893 2223; x_wconf 83' lang='lat' dir='ltr'><strong>ne-</strong></span> 
     </span>
    </p>
   </div>
   <div class='ocr_carea' id='block_1_50' title="bbox 2282 2265 3893 2344">
    <p class='ocr_par' dir='ltr' id='par_1_50' title="bbox 2282 2265 3893 2344">
     <span class='ocr_line' id='line_1_50' title="bbox 2282 2265 3893 2344; baseline -0.007 -15"><span class='ocrx_word' id='word_1_398' title='bbox 2282 2288 2388 2343; x_wconf 88' lang='lat' dir='ltr'><strong>que</strong></span> <span class='ocrx_word' id='word_1_399' title='bbox 2416 2287 2513 2344; x_wconf 87' lang='lat' dir='ltr'><strong>per</strong></span> <span class='ocrx_word' id='word_1_400' title='bbox 2546 2282 2821 2337; x_wconf 88' lang='lat' dir='ltr'><strong>naturam,</strong></span> <span class='ocrx_word' id='word_1_401' title='bbox 2845 2286 3022 2342; x_wconf 90' lang='lat' dir='ltr'><strong>neque</strong></span> <span class='ocrx_word' id='word_1_402' title='bbox 3065 2286 3161 2341; x_wconf 89' lang='lat' dir='ltr'><strong>per</strong></span> <span class='ocrx_word' id='word_1_403' title='bbox 3191 2270 3389 2339; x_wconf 82' lang='lat' dir='ltr'><strong>Legem</strong></span> <span class='ocrx_word' id='word_1_404' title='bbox 3417 2265 3695 2323; x_wconf 88' lang='lat' dir='ltr'><strong>Christum</strong></span> <span class='ocrx_word' id='word_1_405' title='bbox 3722 2277 3893 2335; x_wconf 87' lang='lat' dir='ltr'><strong>agno-</strong></span> 
     </span>
    </p>
   </div>
   <div class='ocr_carea' id='block_1_51' title="bbox 2282 2370 2688 2425">
    <p class='ocr_par' dir='ltr' id='par_1_51' title="bbox 2282 2370 2688 2425">
     <span class='ocr_line' id='line_1_51' title="bbox 2282 2370 2688 2425; baseline -0.002 -2"><span class='ocrx_word' id='word_1_406' title='bbox 2282 2370 2356 2423; x_wconf 89' lang='lat' dir='ltr'><strong>vit</strong></span> <span class='ocrx_word' id='word_1_407' title='bbox 2384 2379 2688 2425; x_wconf 90' lang='lat' dir='ltr'><strong>auctorem.</strong></span> 
     </span>
    </p>
   </div>
   <div class='ocr_carea' id='block_1_52' title="bbox 2351 2450 3888 2536">
    <p class='ocr_par' dir='ltr' id='par_1_52' title="bbox 2351 2450 3888 2536">
     <span class='ocr_line' id='line_1_52' title="bbox 2351 2450 3888 2536; baseline -0.012 -14"><span class='ocrx_word' id='word_1_408' title='bbox 2351 2466 2537 2536; x_wconf 84' lang='lat' dir='ltr'><strong>(Vers.</strong></span> <span class='ocrx_word' id='word_1_409' title='bbox 2569 2466 2640 2521; x_wconf 81' lang='lat'><strong>28</strong></span> <span class='ocrx_word' id='word_1_410' title='bbox 2667 2503 2680 2530; x_wconf 89' lang='lat'><strong>,</strong></span> <span class='ocrx_word' id='word_1_411' title='bbox 2726 2462 2845 2535; x_wconf 87' lang='lat'><strong>29.)</strong></span> <span class='ocrx_word' id='word_1_412' title='bbox 2875 2462 2996 2517; x_wconf 84' lang='lat' dir='ltr'><strong>Non</strong></span> <span class='ocrx_word' id='word_1_413' title='bbox 3042 2462 3174 2515; x_wconf 88' lang='lat' dir='ltr'><strong>enim</strong></span> <span class='ocrx_word' id='word_1_414' title='bbox 3218 2460 3306 2529; x_wconf 86' lang='lat' dir='ltr'><strong>qui</strong></span> <span class='ocrx_word' id='word_1_415' title='bbox 3353 2460 3407 2512; x_wconf 87' lang='lat' dir='ltr'><strong>in</strong></span> <span class='ocrx_word' id='word_1_416' title='bbox 3458 2454 3758 2525; x_wconf 71' lang='lat' dir='ltr'><strong>manifesto,</strong></span> <span class='ocrx_word' id='word_1_417' title='bbox 3782 2450 3888 2506; x_wconf 82' lang='lat' dir='ltr'><strong>Ju-</strong></span> 
     </span>
    </p>
   </div>
   <div class='ocr_carea' id='block_1_53' title="bbox 2279 2548 3888 2629">
    <p class='ocr_par' dir='ltr' id='par_1_53' title="bbox 2279 2548 3888 2629">
     <span class='ocr_line' id='line_1_53' title="bbox 2279 2548 3888 2629; baseline -0.01 -13"><span class='ocrx_word' id='word_1_418' title='bbox 2279 2562 2420 2616; x_wconf 63' lang='lat' dir='ltr'><strong>deus</strong></span> <span class='ocrx_word' id='word_1_419' title='bbox 2443 2571 2540 2627; x_wconf 89' lang='lat' dir='ltr'><strong>est;</strong></span> <span class='ocrx_word' id='word_1_420' title='bbox 2582 2576 2740 2629; x_wconf 87' lang='lat' dir='ltr'><strong>neque</strong></span> <span class='ocrx_word' id='word_1_421' title='bbox 2762 2574 2876 2629; x_wconf 68' lang='lat' dir='ltr'><strong>qua:</strong></span> <span class='ocrx_word' id='word_1_422' title='bbox 2918 2558 3091 2629; x_wconf 84' lang='lat' dir='ltr'><strong>palam</strong></span> <span class='ocrx_word' id='word_1_423' title='bbox 3114 2557 3167 2610; x_wconf 90' lang='lat' dir='ltr'><strong>in</strong></span> <span class='ocrx_word' id='word_1_424' title='bbox 3193 2570 3369 2619; x_wconf 90' lang='lat' dir='ltr'><strong>carne,</strong></span> <span class='ocrx_word' id='word_1_425' title='bbox 3403 2560 3476 2607; x_wconf 88' lang='lat' dir='ltr'><strong>est</strong></span> <span class='ocrx_word' id='word_1_426' title='bbox 3512 2548 3841 2604; x_wconf 84' lang='lat' dir='ltr'><strong>circumcisio</strong></span> <span class='ocrx_word' id='word_1_427' title='bbox 3870 2560 3888 2600; x_wconf 89' lang='lat'><em>:</em></span> 
     </span>
    </p>
   </div>
   <div class='ocr_carea' id='block_1_54' title="bbox 2278 2642 3887 2725">
    <p class='ocr_par' dir='ltr' id='par_1_54' title="bbox 2278 2642 3887 2725">
     <span class='ocr_line' id='line_1_54' title="bbox 2278 2642 3887 2725; baseline -0.01 -16"><span class='ocrx_word' id='word_1_428' title='bbox 2278 2655 2369 2709; x_wconf 89' lang='lat' dir='ltr'><strong>sed</strong></span> <span class='ocrx_word' id='word_1_429' title='bbox 2390 2656 2477 2725; x_wconf 83' lang='lat' dir='ltr'><strong>qui</strong></span> <span class='ocrx_word' id='word_1_430' title='bbox 2505 2656 2558 2708; x_wconf 89' lang='lat' dir='ltr'><strong>in</strong></span> <span class='ocrx_word' id='word_1_431' title='bbox 2578 2656 2800 2720; x_wconf 88' lang='lat' dir='ltr'><strong>occulto,</strong></span> <span class='ocrx_word' id='word_1_432' title='bbox 2827 2652 3045 2707; x_wconf 72' lang='lat' dir='ltr'><strong>Judwus</strong></span> <span class='ocrx_word' id='word_1_433' title='bbox 3071 2662 3167 2715; x_wconf 84' lang='lat' dir='ltr'><strong>est;</strong></span> <span class='ocrx_word' id='word_1_434' title='bbox 3193 2660 3238 2705; x_wconf 91' lang='lat' dir='ltr'><strong>et</strong></span> <span class='ocrx_word' id='word_1_435' title='bbox 3265 2647 3589 2703; x_wconf 85' lang='lat' dir='ltr'><strong>circumcisio</strong></span> <span class='ocrx_word' id='word_1_436' title='bbox 3630 2643 3807 2698; x_wconf 86' lang='lat' dir='ltr'><strong>cordis</strong></span> <span class='ocrx_word' id='word_1_437' title='bbox 3835 2642 3887 2694; x_wconf 90' lang='lat' dir='ltr'><strong>in</strong></span> 
     </span>
    </p>
   </div>
   <div class='ocr_carea' id='block_1_55' title="bbox 2278 2736 3886 2819">
    <p class='ocr_par' dir='ltr' id='par_1_55' title="bbox 2278 2736 3886 2819">
     <span class='ocr_line' id='line_1_55' title="bbox 2278 2736 3886 2819; baseline -0.008 -18"><span class='ocrx_word' id='word_1_438' title='bbox 2278 2749 2466 2818; x_wconf 83' lang='lat' dir='ltr'><strong>spiritu</strong></span> <span class='ocrx_word' id='word_1_439' title='bbox 2486 2790 2499 2815; x_wconf 94' lang='lat'><strong>,</strong></span> <span class='ocrx_word' id='word_1_440' title='bbox 2531 2766 2629 2802; x_wconf 89' lang='lat' dir='ltr'><strong>non</strong></span> <span class='ocrx_word' id='word_1_441' title='bbox 2661 2749 2831 2803; x_wconf 90' lang='lat' dir='ltr'><strong>littera</strong></span> <span class='ocrx_word' id='word_1_442' title='bbox 2860 2763 2877 2801; x_wconf 90' lang='lat'><em>:</em></span> <span class='ocrx_word' id='word_1_443' title='bbox 2904 2750 3055 2819; x_wconf 86' lang='lat' dir='ltr'><strong>cujus</strong></span> <span class='ocrx_word' id='word_1_444' title='bbox 3084 2746 3196 2799; x_wconf 87' lang='lat' dir='ltr'><strong>laus</strong></span> <span class='ocrx_word' id='word_1_445' title='bbox 3221 2761 3325 2799; x_wconf 89' lang='lat' dir='ltr'><strong>non</strong></span> <span class='ocrx_word' id='word_1_446' title='bbox 3352 2760 3414 2797; x_wconf 73' lang='grc' dir='ltr'>ετ</span> <span class='ocrx_word' id='word_1_447' title='bbox 3446 2738 3761 2803; x_wconf 81' lang='lat' dir='ltr'><strong>hominibus,</strong></span> <span class='ocrx_word' id='word_1_448' title='bbox 3796 2736 3886 2790; x_wconf 89' lang='lat' dir='ltr'><strong>scd</strong></span> 
     </span>
    </p>
   </div>
   <div class='ocr_carea' id='block_1_56' title="bbox 2275 2830 3884 2907">
    <p class='ocr_par' dir='ltr' id='par_1_56' title="bbox 2275 2830 3884 2907">
     <span class='ocr_line' id='line_1_56' title="bbox 2275 2830 3884 2907; baseline -0.007 -13"><span class='ocrx_word' id='word_1_449' title='bbox 2275 2857 2339 2894; x_wconf 71' lang='lat' dir='ltr'><strong>ex</strong></span> <span class='ocrx_word' id='word_1_450' title='bbox 2368 2838 2479 2894; x_wconf 89' lang='lat' dir='ltr'><strong>Deo</strong></span> <span class='ocrx_word' id='word_1_451' title='bbox 2508 2849 2604 2895; x_wconf 88' lang='lat' dir='ltr'><strong>est.</strong></span> <span class='ocrx_word' id='word_1_452' title='bbox 2641 2851 2661 2878; x_wconf 77' lang='grc' dir='ltr'><strong>ε</strong></span> <span class='ocrx_word' id='word_1_453' title='bbox 2686 2838 2801 2895; x_wconf 86' lang='lat' dir='ltr'><strong>Non</strong></span> <span class='ocrx_word' id='word_1_454' title='bbox 2824 2848 2907 2894; x_wconf 91' lang='lat' dir='ltr'><strong>est</strong></span> <span class='ocrx_word' id='word_1_455' title='bbox 2935 2838 3229 2894; x_wconf 85' lang='lat' dir='ltr'><strong>obscurum</strong></span> <span class='ocrx_word' id='word_1_456' title='bbox 3249 2836 3375 2907; x_wconf 85' lang='lat' dir='ltr'><strong>quia</strong></span> <span class='ocrx_word' id='word_1_457' title='bbox 3405 2830 3884 2889; x_wconf 88' lang='lat' dir='ltr'><strong>circumcisionem</strong></span> 
     </span>
    </p>
   </div>
   <div class='ocr_carea' id='block_1_57' title="bbox 2275 2923 3883 3004">
    <p class='ocr_par' dir='ltr' id='par_1_57' title="bbox 2275 2923 3883 3004">
     <span class='ocr_line' id='line_1_57' title="bbox 2275 2923 3883 3004; baseline -0.007 -16"><span class='ocrx_word' id='word_1_458' title='bbox 2275 2933 2458 2988; x_wconf 89' lang='lat' dir='ltr'><strong>carnis</strong></span> <span class='ocrx_word' id='word_1_459' title='bbox 2487 2942 2647 3004; x_wconf 90' lang='lat' dir='ltr'><strong>negat</strong></span> <span class='ocrx_word' id='word_1_460' title='bbox 2676 2931 2890 2987; x_wconf 89' lang='lat' dir='ltr'><strong>laudem</strong></span> <span class='ocrx_word' id='word_1_461' title='bbox 2925 2931 3127 2987; x_wconf 90' lang='lat' dir='ltr'><strong>habere</strong></span> <span class='ocrx_word' id='word_1_462' title='bbox 3176 2929 3316 3000; x_wconf 90' lang='lat' dir='ltr'><strong>apud</strong></span> <span class='ocrx_word' id='word_1_463' title='bbox 3359 2928 3529 2983; x_wconf 88' lang='lat' dir='ltr'><strong>Deum</strong></span> <span class='ocrx_word' id='word_1_464' title='bbox 3558 2926 3577 2997; x_wconf 95' lang='lat'><strong>(</strong></span> <span class='ocrx_word' id='word_1_465' title='bbox 3608 2939 3708 2981; x_wconf 91' lang='lat' dir='ltr'><strong>nec</strong></span> <span class='ocrx_word' id='word_1_466' title='bbox 3731 2923 3883 2978; x_wconf 90' lang='lat' dir='ltr'><strong>enim</strong></span> 
     </span>
    </p>
   </div>
   <div class='ocr_carea' id='block_1_58' title="bbox 2276 3016 3882 3095">
    <p class='ocr_par' dir='ltr' id='par_1_58' title="bbox 2276 3016 3882 3095">
     <span class='ocr_line' id='line_1_58' title="bbox 2276 3016 3882 3095; baseline -0.009 -14"><span class='ocrx_word' id='word_1_467' title='bbox 2276 3025 2550 3081; x_wconf 85' lang='lat' dir='ltr'><strong>Abraham</strong></span> <span class='ocrx_word' id='word_1_468' title='bbox 2613 3026 2737 3081; x_wconf 89' lang='lat' dir='ltr'><strong>ideo</strong></span> <span class='ocrx_word' id='word_1_469' title='bbox 2780 3023 3108 3095; x_wconf 85' lang='lat' dir='ltr'><strong>justiﬁeatus</strong></span> <span class='ocrx_word' id='word_1_470' title='bbox 3147 3033 3254 3088; x_wconf 89' lang='lat' dir='ltr'><strong>est,</strong></span> <span class='ocrx_word' id='word_1_471' title='bbox 3301 3021 3429 3091; x_wconf 89' lang='lat' dir='ltr'><strong>quia</strong></span> <span class='ocrx_word' id='word_1_472' title='bbox 3475 3016 3882 3074; x_wconf 83' lang='lat' dir='ltr'><strong>circumcisus:</strong></span> 
     </span>
    </p>
   </div>
   <div class='ocr_carea' id='block_1_59' title="bbox 2276 3110 3883 3191">
    <p class='ocr_par' dir='ltr' id='par_1_59' title="bbox 2276 3110 3883 3191">
     <span class='ocr_line' id='line_1_59' title="bbox 2276 3110 3883 3191; baseline -0.007 -17"><span class='ocrx_word' id='word_1_473' title='bbox 2276 3120 2371 3175; x_wconf 90' lang='lat' dir='ltr'><strong>sed</strong></span> <span class='ocrx_word' id='word_1_474' title='bbox 2398 3120 2522 3191; x_wconf 86' lang='lat' dir='ltr'><strong>quia</strong></span> <span class='ocrx_word' id='word_1_475' title='bbox 2550 3117 2804 3184; x_wconf 82' lang='lat' dir='ltr'><strong>credidit,</strong></span> <span class='ocrx_word' id='word_1_476' title='bbox 2826 3116 3157 3189; x_wconf 87' lang='lat' dir='ltr'><strong>jnstiﬁcalus</strong></span> <span class='ocrx_word' id='word_1_477' title='bbox 3183 3124 3286 3182; x_wconf 85' lang='lat' dir='ltr'><strong>est,</strong></span> <span class='ocrx_word' id='word_1_478' title='bbox 3319 3122 3505 3184; x_wconf 87' lang='lat' dir='ltr'><strong>postea</strong></span> <span class='ocrx_word' id='word_1_479' title='bbox 3554 3118 3733 3167; x_wconf 88' lang='lat' dir='ltr'><strong>autem</strong></span> <span class='ocrx_word' id='word_1_480' title='bbox 3773 3110 3883 3165; x_wconf 87' lang='lat' dir='ltr'><strong>cir-</strong></span> 
     </span>
    </p>
   </div>
   <div class='ocr_carea' id='block_1_60' title="bbox 565 3188 2169 3282">
    <p class='ocr_par' dir='ltr' id='par_1_60' title="bbox 565 3196 2169 3269">
     <span class='ocr_line' id='line_1_60' title="bbox 565 3196 2169 3269; baseline -0.011 -4"><span class='ocrx_word' id='word_1_481' title='bbox 565 3202 819 3265; x_wconf 70' lang='lat' dir='ltr'><strong>odserves.</strong></span> <span class='ocrx_word' id='word_1_482' title='bbox 869 3205 1057 3261; x_wconf 91' lang='lat' dir='ltr'><strong>Potest</strong></span> <span class='ocrx_word' id='word_1_483' title='bbox 1084 3202 1193 3259; x_wconf 92' lang='lat' dir='ltr'><strong>dici</strong></span> <span class='ocrx_word' id='word_1_484' title='bbox 1230 3218 1261 3259; x_wconf 92' lang='lat' dir='ltr'><strong>e</strong></span> <span class='ocrx_word' id='word_1_485' title='bbox 1309 3210 1497 3257; x_wconf 84' lang='lat' dir='ltr'><strong>contra</strong></span> <span class='ocrx_word' id='word_1_486' title='bbox 1529 3218 1542 3254; x_wconf 90' lang='lat'><strong>:</strong></span> <span class='ocrx_word' id='word_1_487' title='bbox 1593 3198 1650 3255; x_wconf 90' lang='lat' dir='ltr'><strong>Si</strong></span> <span class='ocrx_word' id='word_1_488' title='bbox 1681 3196 1902 3269; x_wconf 89' lang='lat' dir='ltr'><strong>prodest</strong></span> <span class='ocrx_word' id='word_1_489' title='bbox 1939 3197 2169 3251; x_wconf 89' lang='lat' dir='ltr'><strong>circum-</strong></span> 
     </span>
    </p>
   </div>
   <div class='ocr_carea' id='block_1_61' title="bbox 2285 3188 3883 3282">
    <p class='ocr_par' dir='ltr' id='par_1_61' title="bbox 2285 3203 3883 3282">
     <span class='ocr_line' id='line_1_61' title="bbox 2285 3203 3883 3282; baseline -0.008 -15"><span class='ocrx_word' id='word_1_490' title='bbox 2285 3213 2549 3267; x_wconf 86' lang='lat' dir='ltr'><strong>cumcisus</strong></span> <span class='ocrx_word' id='word_1_491' title='bbox 2579 3211 2704 3282; x_wconf 85' lang='lat' dir='ltr'><strong>est),</strong></span> <span class='ocrx_word' id='word_1_492' title='bbox 2737 3210 2918 3266; x_wconf 87' lang='lat' dir='ltr'><strong>cordis</strong></span> <span class='ocrx_word' id='word_1_493' title='bbox 2945 3218 3127 3265; x_wconf 87' lang='lat' dir='ltr'><strong>autem</strong></span> <span class='ocrx_word' id='word_1_494' title='bbox 3170 3204 3642 3263; x_wconf 89' lang='lat' dir='ltr'><strong>circumcisionem</strong></span> <span class='ocrx_word' id='word_1_495' title='bbox 3688 3203 3883 3258; x_wconf 84' lang='lat' dir='ltr'><strong>lauda-</strong></span> 
     </span>
    </p>
   </div>
   <div class='ocr_carea' id='block_1_62' title="bbox 563 3287 2175 3371">
    <p class='ocr_par' dir='ltr' id='par_1_62' title="bbox 563 3287 2175 3371">
     <span class='ocr_line' id='line_1_62' title="bbox 563 3287 2175 3371; baseline -0.011 -11"><span class='ocrx_word' id='word_1_496' title='bbox 563 3302 724 3371; x_wconf 90' lang='lat' dir='ltr'><strong>cisio,</strong></span> <span class='ocrx_word' id='word_1_497' title='bbox 766 3317 865 3358; x_wconf 92' lang='lat' dir='ltr'><strong>cur</strong></span> <span class='ocrx_word' id='word_1_498' title='bbox 907 3296 1378 3371; x_wconf 65' lang='lat' dir='ltr'><strong>prsetermittitur?</strong></span> <span class='ocrx_word' id='word_1_499' title='bbox 1416 3294 1523 3351; x_wconf 89' lang='lat' dir='ltr'><strong>Sed</strong></span> <span class='ocrx_word' id='word_1_500' title='bbox 1572 3303 1700 3350; x_wconf 90' lang='lat' dir='ltr'><strong>tunc</strong></span> <span class='ocrx_word' id='word_1_501' title='bbox 1744 3290 1967 3363; x_wconf 90' lang='lat' dir='ltr'><strong>prodest</strong></span> <span class='ocrx_word' id='word_1_502' title='bbox 1994 3289 2041 3344; x_wconf 87' lang='lat' dir='ltr'><strong>si</strong></span> <span class='ocrx_word' id='word_1_503' title='bbox 2073 3287 2175 3343; x_wconf 90' lang='lat' dir='ltr'><strong>Le-</strong></span> 
     </span>
    </p>
   </div>
   <div class='ocr_carea' id='block_1_63' title="bbox 565 3387 2176 3468">
    <p class='ocr_par' dir='ltr' id='par_1_63' title="bbox 565 3387 2176 3468">
     <span class='ocr_line' id='line_1_63' title="bbox 565 3387 2176 3468; baseline -0.011 -14"><span class='ocrx_word' id='word_1_504' title='bbox 565 3412 688 3468; x_wconf 89' lang='lat' dir='ltr'><strong>gem</strong></span> <span class='ocrx_word' id='word_1_505' title='bbox 736 3396 1019 3452; x_wconf 84' lang='lat' dir='ltr'><strong>observes.</strong></span> <span class='ocrx_word' id='word_1_506' title='bbox 1052 3392 1310 3450; x_wconf 87' lang='lat' dir='ltr'><strong>Tenenda</strong></span> <span class='ocrx_word' id='word_1_507' title='bbox 1361 3406 1495 3461; x_wconf 92' lang='lat' dir='ltr'><strong>ergo</strong></span> <span class='ocrx_word' id='word_1_508' title='bbox 1523 3387 1869 3445; x_wconf 88' lang='lat' dir='ltr'><strong>circumcisio</strong></span> <span class='ocrx_word' id='word_1_509' title='bbox 1899 3394 2010 3449; x_wconf 91' lang='lat' dir='ltr'><strong>est;</strong></span> <span class='ocrx_word' id='word_1_510' title='bbox 2036 3392 2090 3438; x_wconf 94' lang='lat' dir='ltr'><strong>et</strong></span> <span class='ocrx_word' id='word_1_511' title='bbox 2116 3390 2176 3436; x_wconf 92' lang='lat' dir='ltr'><strong>ut</strong></span> 
     </span>
    </p>
   </div>
   <div class='ocr_carea' id='block_1_64' title="bbox 564 3480 2170 3563">
    <p class='ocr_par' dir='ltr' id='par_1_64' title="bbox 564 3480 2170 3563">
     <span class='ocr_line' id='line_1_64' title="bbox 564 3480 2170 3563; baseline -0.012 -15"><span class='ocrx_word' id='word_1_512' title='bbox 564 3491 736 3563; x_wconf 88' lang='lat' dir='ltr'><strong>possit</strong></span> <span class='ocrx_word' id='word_1_513' title='bbox 766 3490 1048 3562; x_wconf 89' lang='lat' dir='ltr'><strong>prodesse,</strong></span> <span class='ocrx_word' id='word_1_514' title='bbox 1079 3486 1345 3544; x_wconf 86' lang='lat' dir='ltr'><strong>servanda</strong></span> <span class='ocrx_word' id='word_1_515' title='bbox 1401 3495 1488 3543; x_wconf 89' lang='lat' dir='ltr'><strong>est</strong></span> <span class='ocrx_word' id='word_1_516' title='bbox 1520 3484 1649 3539; x_wconf 87' lang='lat' dir='ltr'><strong>Lex.</strong></span> <span class='ocrx_word' id='word_1_517' title='bbox 1683 3480 1824 3551; x_wconf 86' lang='lat' dir='ltr'><strong>Quid</strong></span> <span class='ocrx_word' id='word_1_518' title='bbox 1873 3492 2007 3549; x_wconf 92' lang='lat' dir='ltr'><strong>ergo</strong></span> <span class='ocrx_word' id='word_1_519' title='bbox 2044 3491 2170 3547; x_wconf 84' lang='lat' dir='ltr'><strong>pro-</strong></span> 
     </span>
    </p>
   </div>
   <div class='ocr_carea' id='block_1_65' title="bbox 564 3568 2171 3655">
    <p class='ocr_par' dir='ltr' id='par_1_65' title="bbox 564 3568 2171 3655">
     <span class='ocr_line' id='line_1_65' title="bbox 564 3568 2171 3655; baseline -0.011 -15"><span class='ocrx_word' id='word_1_520' title='bbox 564 3582 743 3639; x_wconf 89' lang='lat' dir='ltr'><strong>hibuit</strong></span> <span class='ocrx_word' id='word_1_521' title='bbox 785 3580 931 3655; x_wconf 91' lang='lat' dir='ltr'><strong>quod</strong></span> <span class='ocrx_word' id='word_1_522' title='bbox 988 3581 1274 3652; x_wconf 88' lang='lat' dir='ltr'><strong>prodesse.</strong></span> <span class='ocrx_word' id='word_1_523' title='bbox 1304 3580 1350 3634; x_wconf 90' lang='lat' dir='ltr'><strong>si</strong></span> <span class='ocrx_word' id='word_1_524' title='bbox 1400 3577 1509 3633; x_wconf 86' lang='lat' dir='ltr'><strong>Lex</strong></span> <span class='ocrx_word' id='word_1_525' title='bbox 1568 3585 1847 3641; x_wconf 84' lang='lat' dir='ltr'><strong>servetur,</strong></span> <span class='ocrx_word' id='word_1_526' title='bbox 1890 3568 2171 3627; x_wconf 81' lang='lat' dir='ltr'><strong>ostendit?</strong></span> 
     </span>
    </p>
   </div>
   <div class='ocr_carea' id='block_1_66' title="bbox 562 3663 2168 3748">
    <p class='ocr_par' dir='ltr' id='par_1_66' title="bbox 562 3663 2168 3748">
     <span class='ocr_line' id='line_1_66' title="bbox 562 3663 2168 3748; baseline -0.009 -16"><span class='ocrx_word' id='word_1_527' title='bbox 562 3675 792 3734; x_wconf 77' lang='lat' dir='ltr'><strong>Videtur</strong></span> <span class='ocrx_word' id='word_1_528' title='bbox 819 3690 953 3748; x_wconf 90' lang='lat' dir='ltr'><strong>ergo</strong></span> <span class='ocrx_word' id='word_1_529' title='bbox 976 3674 1117 3731; x_wconf 90' lang='lat' dir='ltr'><strong>male</strong></span> <span class='ocrx_word' id='word_1_530' title='bbox 1142 3672 1501 3747; x_wconf 88' lang='lat' dir='ltr'><strong>prohibitum,</strong></span> <span class='ocrx_word' id='word_1_531' title='bbox 1530 3670 1673 3742; x_wconf 91' lang='lat' dir='ltr'><strong>quod</strong></span> <span class='ocrx_word' id='word_1_532' title='bbox 1699 3683 1805 3724; x_wconf 92' lang='lat' dir='ltr'><strong>non</strong></span> <span class='ocrx_word' id='word_1_533' title='bbox 1838 3682 1935 3738; x_wconf 90' lang='lat' dir='ltr'><strong>per</strong></span> <span class='ocrx_word' id='word_1_534' title='bbox 1961 3681 2020 3721; x_wconf 87' lang='lat' dir='ltr'><strong>se</strong></span> <span class='ocrx_word' id='word_1_535' title='bbox 2050 3663 2168 3719; x_wconf 87' lang='lat' dir='ltr'><strong>dis-</strong></span> 
     </span>
    </p>
   </div>
   <div class='ocr_carea' id='block_1_67' title="bbox 562 3758 2164 3842">
    <p class='ocr_par' dir='ltr' id='par_1_67' title="bbox 562 3758 2164 3842">
     <span class='ocr_line' id='line_1_67' title="bbox 562 3758 2164 3842; baseline -0.008 -17"><span class='ocrx_word' id='word_1_536' title='bbox 562 3770 727 3842; x_wconf 89' lang='lat' dir='ltr'><strong>plicet</strong></span> <span class='ocrx_word' id='word_1_537' title='bbox 744 3769 867 3837; x_wconf 89' lang='lat' dir='ltr'><strong>,sed</strong></span> <span class='ocrx_word' id='word_1_538' title='bbox 888 3784 985 3842; x_wconf 89' lang='lat' dir='ltr'><strong>per</strong></span> <span class='ocrx_word' id='word_1_539' title='bbox 1009 3768 1238 3824; x_wconf 87' lang='lat' dir='ltr'><strong>alterius</strong></span> <span class='ocrx_word' id='word_1_540' title='bbox 1256 3765 1644 3838; x_wconf 88' lang='lat' dir='ltr'><strong>negligentiam</strong></span> <span class='ocrx_word' id='word_1_541' title='bbox 1669 3760 1919 3817; x_wconf 79' lang='lat' dir='ltr'><strong>frustrari</strong></span> <span class='ocrx_word' id='word_1_542' title='bbox 1941 3758 2164 3815; x_wconf 90' lang='lat' dir='ltr'><strong>dicitur.</strong></span> 
     </span>
    </p>
   </div>
   <div class='ocr_carea' id='block_1_68' title="bbox 631 3854 2167 3934">
    <p class='ocr_par' dir='ltr' id='par_1_68' title="bbox 631 3854 2167 3934">
     <span class='ocr_line' id='line_1_68' title="bbox 631 3854 2167 3934; baseline -0.01 -15"><span class='ocrx_word' id='word_1_543' title='bbox 631 3865 693 3920; x_wconf 90' lang='lat' dir='ltr'><strong>Si</strong></span> <span class='ocrx_word' id='word_1_544' title='bbox 738 3874 910 3918; x_wconf 89' lang='lat' dir='ltr'><strong>autem</strong></span> <span class='ocrx_word' id='word_1_545' title='bbox 954 3864 1323 3934; x_wconf 68' lang='lat' dir='ltr'><strong>pravaricator</strong></span> <span class='ocrx_word' id='word_1_546' title='bbox 1361 3859 1514 3930; x_wconf 90' lang='lat' dir='ltr'><strong>Legis</strong></span> <span class='ocrx_word' id='word_1_547' title='bbox 1564 3857 1665 3922; x_wconf 87' lang='lat' dir='ltr'><strong>sis,</strong></span> <span class='ocrx_word' id='word_1_548' title='bbox 1712 3854 2033 3909; x_wconf 88' lang='lat' dir='ltr'><strong>circumcisio</strong></span> <span class='ocrx_word' id='word_1_549' title='bbox 2075 3862 2167 3906; x_wconf 90' lang='lat' dir='ltr'><strong>tua</strong></span> 
     </span>
    </p>
   </div>
   <div class='ocr_carea' id='block_1_69' title="bbox 560 3943 2167 4026">
    <p class='ocr_par' dir='ltr' id='par_1_69' title="bbox 560 3943 2167 4026">
     <span class='ocr_line' id='line_1_69' title="bbox 560 3943 2167 4026; baseline -0.008 -15"><span class='ocrx_word' id='word_1_550' title='bbox 560 3958 873 4026; x_wconf 73' lang='lat' dir='ltr'><strong>prwputium</strong></span> <span class='ocrx_word' id='word_1_551' title='bbox 912 3959 1052 4025; x_wconf 77' lang='lat' dir='ltr'><strong>facta</strong></span> <span class='ocrx_word' id='word_1_552' title='bbox 1077 3964 1171 4009; x_wconf 89' lang='lat' dir='ltr'><strong>est.</strong></span> <span class='ocrx_word' id='word_1_553' title='bbox 1202 3954 1316 4008; x_wconf 88' lang='lat' dir='ltr'><strong>Hoc</strong></span> <span class='ocrx_word' id='word_1_554' title='bbox 1345 3960 1430 4007; x_wconf 89' lang='grc' dir='ltr'><strong>εει</strong></span> <span class='ocrx_word' id='word_1_555' title='bbox 1458 3948 1601 4020; x_wconf 89' lang='lat' dir='ltr'><strong>quod</strong></span> <span class='ocrx_word' id='word_1_556' title='bbox 1624 3948 1781 4012; x_wconf 88' lang='lat' dir='ltr'><strong>dicit,</strong></span> <span class='ocrx_word' id='word_1_557' title='bbox 1813 3946 1941 4017; x_wconf 91' lang='lat' dir='ltr'><strong>quia</strong></span> <span class='ocrx_word' id='word_1_558' title='bbox 1970 3943 2014 3998; x_wconf 90' lang='lat' dir='ltr'><strong>si</strong></span> <span class='ocrx_word' id='word_1_559' title='bbox 2051 3943 2167 3999; x_wconf 87' lang='lat' dir='ltr'><strong>Lex</strong></span> 
     </span>
    </p>
   </div>
   <div class='ocr_carea' id='block_1_70' title="bbox 559 4037 2164 4115">
    <p class='ocr_par' dir='ltr' id='par_1_70' title="bbox 559 4037 2164 4115">
     <span class='ocr_line' id='line_1_70' title="bbox 559 4037 2164 4115; baseline -0.009 -9"><span class='ocrx_word' id='word_1_560' title='bbox 559 4061 773 4106; x_wconf 88' lang='lat' dir='ltr'><strong>servata</strong></span> <span class='ocrx_word' id='word_1_561' title='bbox 800 4063 906 4103; x_wconf 91' lang='lat' dir='ltr'><strong>non</strong></span> <span class='ocrx_word' id='word_1_562' title='bbox 931 4047 1121 4115; x_wconf 77' lang='lat' dir='ltr'><strong>fuerit,</strong></span> <span class='ocrx_word' id='word_1_563' title='bbox 1144 4046 1368 4103; x_wconf 61' lang='lat' dir='ltr'><strong>Judasus</strong></span> <span class='ocrx_word' id='word_1_564' title='bbox 1392 4043 1613 4115; x_wconf 87' lang='lat' dir='ltr'><strong>gentilis</strong></span> <span class='ocrx_word' id='word_1_565' title='bbox 1636 4040 1892 4096; x_wconf 74' lang='lat' dir='ltr'><strong>efﬁcitur.</strong></span> <span class='ocrx_word' id='word_1_566' title='bbox 1919 4037 2027 4096; x_wconf 87' lang='lat' dir='ltr'><strong>Sed</strong></span> <span class='ocrx_word' id='word_1_567' title='bbox 2053 4038 2164 4092; x_wconf 86' lang='lat' dir='ltr'><strong>cir-</strong></span> 
     </span>
    </p>
   </div>
   <div class='ocr_carea' id='block_1_71' title="bbox 556 4132 2163 4210">
    <p class='ocr_par' dir='ltr' id='par_1_71' title="bbox 556 4132 2163 4210">
     <span class='ocr_line' id='line_1_71' title="bbox 556 4132 2163 4210; baseline -0.008 -12"><span class='ocrx_word' id='word_1_568' title='bbox 556 4142 944 4198; x_wconf 88' lang='lat' dir='ltr'><strong>eumcisionem</strong></span> <span class='ocrx_word' id='word_1_569' title='bbox 997 4154 1096 4210; x_wconf 89' lang='lat' dir='ltr'><strong>pro</strong></span> <span class='ocrx_word' id='word_1_570' title='bbox 1143 4153 1347 4210; x_wconf 90' lang='lat' dir='ltr'><strong>genere</strong></span> <span class='ocrx_word' id='word_1_571' title='bbox 1394 4137 1575 4207; x_wconf 88' lang='lat' dir='ltr'><strong>posuit</strong></span> <span class='ocrx_word' id='word_1_572' title='bbox 1631 4133 1895 4199; x_wconf 69' lang='lat' dir='ltr'><strong>Abrahm;</strong></span> <span class='ocrx_word' id='word_1_573' title='bbox 1945 4132 2072 4203; x_wconf 88' lang='lat' dir='ltr'><strong>quia</strong></span> <span class='ocrx_word' id='word_1_574' title='bbox 2098 4147 2163 4186; x_wconf 82' lang='lat' dir='ltr'><strong>ex</strong></span> 
     </span>
    </p>
   </div>
   <div class='ocr_carea' id='block_1_72' title="bbox 560 4225 2161 4301">
    <p class='ocr_par' dir='ltr' id='par_1_72' title="bbox 560 4225 2161 4301">
     <span class='ocr_line' id='line_1_72' title="bbox 560 4225 2161 4301; baseline -0.005 -11"><span class='ocrx_word' id='word_1_575' title='bbox 560 4235 834 4293; x_wconf 81' lang='lat' dir='ltr'><strong>Abraham</strong></span> <span class='ocrx_word' id='word_1_576' title='bbox 866 4232 1216 4289; x_wconf 88' lang='lat' dir='ltr'><strong>circumcisio</strong></span> <span class='ocrx_word' id='word_1_577' title='bbox 1246 4250 1259 4285; x_wconf 86' lang='lat'><strong>:</strong></span> <span class='ocrx_word' id='word_1_578' title='bbox 1294 4245 1395 4286; x_wconf 90' lang='lat' dir='ltr'><strong>nec</strong></span> <span class='ocrx_word' id='word_1_579' title='bbox 1435 4230 1580 4285; x_wconf 88' lang='lat' dir='ltr'><strong>enim</strong></span> <span class='ocrx_word' id='word_1_580' title='bbox 1612 4236 1828 4301; x_wconf 81' lang='lat' dir='ltr'><strong>pmerat</strong></span> <span class='ocrx_word' id='word_1_581' title='bbox 1869 4225 2161 4294; x_wconf 67' lang='lat' dir='ltr'><strong>aediﬁcare,</strong></span> 
     </span>
    </p>
   </div>
   <div class='ocr_carea' id='block_1_73' title="bbox 557 4322 2162 4401">
    <p class='ocr_par' dir='ltr' id='par_1_73' title="bbox 557 4322 2162 4401">
     <span class='ocr_line' id='line_1_73' title="bbox 557 4322 2162 4401; baseline -0.007 -14"><span class='ocrx_word' id='word_1_582' title='bbox 557 4346 679 4401; x_wconf 67' lang='lat' dir='ltr'><strong>quae</strong></span> <span class='ocrx_word' id='word_1_583' title='bbox 702 4328 1069 4386; x_wconf 84' lang='lat' dir='ltr'><strong>destruxerat.</strong></span> <span class='ocrx_word' id='word_1_584' title='bbox 1102 4326 1215 4381; x_wconf 85' lang='lat' dir='ltr'><strong>Hoc</strong></span> <span class='ocrx_word' id='word_1_585' title='bbox 1242 4326 1388 4381; x_wconf 89' lang='lat' dir='ltr'><strong>enim</strong></span> <span class='ocrx_word' id='word_1_586' title='bbox 1431 4324 1525 4392; x_wconf 88' lang='lat' dir='ltr'><strong>ait,</strong></span> <span class='ocrx_word' id='word_1_587' title='bbox 1559 4332 1618 4378; x_wconf 93' lang='lat' dir='ltr'><strong>ut</strong></span> <span class='ocrx_word' id='word_1_588' title='bbox 1657 4322 1851 4378; x_wconf 88' lang='lat' dir='ltr'><strong>doceat</strong></span> <span class='ocrx_word' id='word_1_589' title='bbox 1882 4332 2012 4376; x_wconf 91' lang='lat' dir='ltr'><strong>tunc</strong></span> <span class='ocrx_word' id='word_1_590' title='bbox 2038 4334 2162 4391; x_wconf 88' lang='lat' dir='ltr'><strong>pro-</strong></span> 
     </span>
    </p>
   </div>
   <div class='ocr_carea' id='block_1_74' title="bbox 556 4412 2162 4493">
    <p class='ocr_par' dir='ltr' id='par_1_74' title="bbox 556 4412 2162 4493">
     <span class='ocr_line' id='line_1_74' title="bbox 556 4412 2162 4493; baseline -0.007 -13"><span class='ocrx_word' id='word_1_591' title='bbox 556 4424 719 4482; x_wconf 87' lang='lat' dir='ltr'><strong>desse</strong></span> <span class='ocrx_word' id='word_1_592' title='bbox 767 4439 832 4479; x_wconf 89' lang='lat' dir='ltr'><strong>ex</strong></span> <span class='ocrx_word' id='word_1_593' title='bbox 882 4436 1083 4493; x_wconf 88' lang='lat' dir='ltr'><strong>genere</strong></span> <span class='ocrx_word' id='word_1_594' title='bbox 1109 4419 1343 4475; x_wconf 82' lang='lat' dir='ltr'><strong>Abrahae</strong></span> <span class='ocrx_word' id='word_1_595' title='bbox 1371 4433 1515 4486; x_wconf 91' lang='lat' dir='ltr'><strong>esse,</strong></span> <span class='ocrx_word' id='word_1_596' title='bbox 1548 4418 1595 4473; x_wconf 92' lang='lat' dir='ltr'><strong>si</strong></span> <span class='ocrx_word' id='word_1_597' title='bbox 1648 4415 1763 4472; x_wconf 87' lang='lat' dir='ltr'><strong>Lex</strong></span> <span class='ocrx_word' id='word_1_598' title='bbox 1806 4422 2082 4481; x_wconf 89' lang='lat' dir='ltr'><strong>servetur,</strong></span> <span class='ocrx_word' id='word_1_599' title='bbox 2109 4412 2162 4469; x_wconf 94' lang='lat' dir='ltr'><strong>id</strong></span> 
     </span>
    </p>
   </div>
   <div class='ocr_carea' id='block_1_75' title="bbox 555 4507 2163 4583">
    <p class='ocr_par' dir='ltr' id='par_1_75' title="bbox 555 4507 2163 4583">
     <span class='ocr_line' id='line_1_75' title="bbox 555 4507 2163 4583; baseline -0.009 -8"><span class='ocrx_word' id='word_1_600' title='bbox 555 4526 664 4583; x_wconf 89' lang='lat' dir='ltr'><strong>est,</strong></span> <span class='ocrx_word' id='word_1_601' title='bbox 713 4517 760 4572; x_wconf 89' lang='lat' dir='ltr'><strong>si</strong></span> <span class='ocrx_word' id='word_1_602' title='bbox 815 4516 868 4571; x_wconf 91' lang='lat' dir='ltr'><strong>in</strong></span> <span class='ocrx_word' id='word_1_603' title='bbox 921 4514 1201 4570; x_wconf 86' lang='lat' dir='ltr'><strong>Christum</strong></span> <span class='ocrx_word' id='word_1_604' title='bbox 1248 4512 1528 4580; x_wconf 77' lang='lat' dir='ltr'><strong>credatur,</strong></span> <span class='ocrx_word' id='word_1_605' title='bbox 1580 4508 1675 4582; x_wconf 93' lang='lat' dir='ltr'><strong>qui</strong></span> <span class='ocrx_word' id='word_1_606' title='bbox 1722 4507 2022 4580; x_wconf 88' lang='lat' dir='ltr'><strong>promissus</strong></span> <span class='ocrx_word' id='word_1_607' title='bbox 2079 4518 2163 4563; x_wconf 88' lang='lat' dir='ltr'><strong>est</strong></span> 
     </span>
    </p>
   </div>
   <div class='ocr_carea' id='block_1_76' title="bbox 2275 3300 3885 3374">
    <p class='ocr_par' dir='ltr' id='par_1_76' title="bbox 2275 3300 3885 3374">
     <span class='ocr_line' id='line_1_76' title="bbox 2275 3300 3885 3374; baseline -0.006 -16"><span class='ocrx_word' id='word_1_608' title='bbox 2275 3304 2444 3359; x_wconf 87' lang='lat' dir='ltr'><strong>bilem</strong></span> <span class='ocrx_word' id='word_1_609' title='bbox 2478 3305 2620 3374; x_wconf 88' lang='lat' dir='ltr'><strong>apud</strong></span> <span class='ocrx_word' id='word_1_610' title='bbox 2650 3306 2815 3359; x_wconf 90' lang='lat' dir='ltr'><strong>Deum</strong></span> <span class='ocrx_word' id='word_1_611' title='bbox 2839 3318 2982 3361; x_wconf 89' lang='lat' dir='ltr'><strong>esse.</strong></span> <span class='ocrx_word' id='word_1_612' title='bbox 3005 3301 3417 3359; x_wconf 90' lang='lat' dir='ltr'><strong>Circumcidere</strong></span> <span class='ocrx_word' id='word_1_613' title='bbox 3444 3300 3589 3355; x_wconf 89' lang='lat' dir='ltr'><strong>enim</strong></span> <span class='ocrx_word' id='word_1_614' title='bbox 3619 3313 3730 3363; x_wconf 89' lang='lat' dir='ltr'><strong>cor,</strong></span> <span class='ocrx_word' id='word_1_615' title='bbox 3770 3312 3885 3351; x_wconf 89' lang='lat' dir='ltr'><strong>am-</strong></span> 
     </span>
    </p>
   </div>
   <div class='ocr_carea' id='block_1_77' title="bbox 2278 3390 3885 3469">
    <p class='ocr_par' dir='ltr' id='par_1_77' title="bbox 2278 3390 3885 3469">
     <span class='ocr_line' id='line_1_77' title="bbox 2278 3390 3885 3469; baseline -0.004 -17"><span class='ocrx_word' id='word_1_616' title='bbox 2278 3405 2467 3468; x_wconf 87' lang='lat' dir='ltr'><strong>putato</strong></span> <span class='ocrx_word' id='word_1_617' title='bbox 2504 3412 2714 3465; x_wconf 87' lang='lat' dir='ltr'><strong>errore,</strong></span> <span class='ocrx_word' id='word_1_618' title='bbox 2760 3412 3063 3469; x_wconf 87' lang='lat' dir='ltr'><strong>agnoscere</strong></span> <span class='ocrx_word' id='word_1_619' title='bbox 3113 3406 3199 3452; x_wconf 90' lang='lat' dir='ltr'><strong>est</strong></span> <span class='ocrx_word' id='word_1_620' title='bbox 3242 3396 3579 3451; x_wconf 84' lang='lat' dir='ltr'><strong>Creatorem.</strong></span> <span class='ocrx_word' id='word_1_621' title='bbox 3644 3392 3708 3447; x_wconf 87' lang='lat' dir='ltr'><strong>Et</strong></span> <span class='ocrx_word' id='word_1_622' title='bbox 3753 3390 3885 3461; x_wconf 84' lang='lat' dir='ltr'><strong>quia</strong></span> 
     </span>
    </p>
   </div>
   <div class='ocr_carea' id='block_1_78' title="bbox 2274 3484 3883 3559">
    <p class='ocr_par' dir='ltr' id='par_1_78' title="bbox 2274 3484 3883 3559">
     <span class='ocr_line' id='line_1_78' title="bbox 2274 3484 3883 3559; baseline -0.006 -13"><span class='ocrx_word' id='word_1_623' title='bbox 2274 3490 2619 3546; x_wconf 89' lang='lat' dir='ltr'><strong>circumcisio</strong></span> <span class='ocrx_word' id='word_1_624' title='bbox 2642 3491 2828 3547; x_wconf 91' lang='lat' dir='ltr'><strong>cordis</strong></span> <span class='ocrx_word' id='word_1_625' title='bbox 2858 3492 3034 3546; x_wconf 82' lang='lat' dir='ltr'><strong>futura</strong></span> <span class='ocrx_word' id='word_1_626' title='bbox 3058 3498 3197 3555; x_wconf 89' lang='lat' dir='ltr'><strong>erat,</strong></span> <span class='ocrx_word' id='word_1_627' title='bbox 3228 3489 3437 3559; x_wconf 90' lang='lat' dir='ltr'><strong>primus</strong></span> <span class='ocrx_word' id='word_1_628' title='bbox 3467 3486 3681 3559; x_wconf 83' lang='lat' dir='ltr'><strong>Moyses</strong></span> <span class='ocrx_word' id='word_1_629' title='bbox 3702 3484 3883 3538; x_wconf 86' lang='lat' dir='ltr'><strong>dixit:</strong></span> 
     </span>
    </p>
   </div>
   <div class='ocr_carea' id='block_1_79' title="bbox 2275 3575 3886 3652">
    <p class='ocr_par' dir='ltr' id='par_1_79' title="bbox 2275 3575 3886 3652">
     <span class='ocr_line' id='line_1_79' title="bbox 2275 3575 3886 3652; baseline -0.004 -16"><span class='ocrx_word' id='word_1_630' title='bbox 2275 3581 2667 3637; x_wconf 81' lang='lat' dir='ltr'><strong>Circumcidetis</strong></span> <span class='ocrx_word' id='word_1_631' title='bbox 2687 3583 2930 3637; x_wconf 85' lang='lat' dir='ltr'><strong>duritiam</strong></span> <span class='ocrx_word' id='word_1_632' title='bbox 2959 3583 3130 3637; x_wconf 87' lang='lat' dir='ltr'><strong>cordis</strong></span> <span class='ocrx_word' id='word_1_633' title='bbox 3153 3582 3305 3635; x_wconf 85' lang='lat' dir='ltr'><strong>vestri</strong></span> <span class='ocrx_word' id='word_1_634' title='bbox 3350 3578 3533 3652; x_wconf 88' lang='lat' dir='ltr'><strong>(Deut.</strong></span> <span class='ocrx_word' id='word_1_635' title='bbox 3564 3594 3619 3645; x_wconf 88' lang='lat' dir='ltr'><strong>x,</strong></span> <span class='ocrx_word' id='word_1_636' title='bbox 3670 3575 3786 3647; x_wconf 82' lang='grc'><strong>16).</strong></span> <span class='ocrx_word' id='word_1_637' title='bbox 3818 3576 3886 3630; x_wconf 88' lang='grc' dir='ltr'>Ει</span> 
     </span>
    </p>
   </div>
   <div class='ocr_carea' id='block_1_80' title="bbox 2274 3673 3884 3749">
    <p class='ocr_par' dir='ltr' id='par_1_80' title="bbox 2274 3673 3884 3749">
     <span class='ocr_line' id='line_1_80' title="bbox 2274 3673 3884 3749; baseline -0.005 -19"><span class='ocrx_word' id='word_1_638' title='bbox 2274 3675 2577 3732; x_wconf 85' lang='lat' dir='ltr'><strong>Hieremias</strong></span> <span class='ocrx_word' id='word_1_639' title='bbox 2632 3676 2740 3749; x_wconf 66' lang='grc'><strong>42</strong></span> <span class='ocrx_word' id='word_1_640' title='bbox 2793 3678 3097 3733; x_wconf 89' lang='lat' dir='ltr'><strong>similiter:</strong></span> <span class='ocrx_word' id='word_1_641' title='bbox 3151 3673 3884 3744; x_wconf 64' lang='lat' dir='ltr'><strong>Circumcidite‘pra&#39;putium</strong></span> 
     </span>
    </p>
   </div>
   <div class='ocr_carea' id='block_1_81' title="bbox 2272 3762 3883 3839">
    <p class='ocr_par' dir='ltr' id='par_1_81' title="bbox 2272 3762 3883 3839">
     <span class='ocr_line' id='line_1_81' title="bbox 2272 3762 3883 3839; baseline -0.006 -16"><span class='ocrx_word' id='word_1_642' title='bbox 2272 3769 2445 3824; x_wconf 82' lang='lat' dir='ltr'><strong>cordis</strong></span> <span class='ocrx_word' id='word_1_643' title='bbox 2464 3769 2621 3823; x_wconf 81' lang='lat' dir='ltr'><strong>vestri</strong></span> <span class='ocrx_word' id='word_1_644' title='bbox 2640 3770 2858 3839; x_wconf 85' lang='lat' dir='ltr'><strong>(Jerem.</strong></span> <span class='ocrx_word' id='word_1_645' title='bbox 2890 3784 2968 3834; x_wconf 86' lang='lat' dir='ltr'><strong>tv,</strong></span> <span class='ocrx_word' id='word_1_646' title='bbox 2997 3769 3074 3838; x_wconf 73' lang='grc'><strong>4).</strong></span> <span class='ocrx_word' id='word_1_647' title='bbox 3093 3768 3205 3823; x_wconf 92' lang='lat' dir='ltr'><strong>lloc</strong></span> <span class='ocrx_word' id='word_1_648' title='bbox 3229 3765 3588 3823; x_wconf 67' lang='lat' dir='ltr'><strong>dixitJudacis</strong></span> <span class='ocrx_word' id='word_1_649' title='bbox 3619 3762 3762 3819; x_wconf 85' lang='lat' dir='ltr'><strong>idola</strong></span> <span class='ocrx_word' id='word_1_650' title='bbox 3792 3776 3883 3816; x_wconf 85' lang='lat' dir='ltr'><strong>se-</strong></span> 
     </span>
    </p>
   </div>
   <div class='ocr_carea' id='block_1_82' title="bbox 2270 3856 3885 3932">
    <p class='ocr_par' dir='ltr' id='par_1_82' title="bbox 2270 3856 3885 3932">
     <span class='ocr_line' id='line_1_82' title="bbox 2270 3856 3885 3932; baseline -0.003 -18"><span class='ocrx_word' id='word_1_651' title='bbox 2270 3861 2584 3932; x_wconf 88' lang='lat' dir='ltr'><strong>quentibus;</strong></span> <span class='ocrx_word' id='word_1_652' title='bbox 2609 3863 2860 3918; x_wconf 88' lang='lat' dir='ltr'><strong>velamen</strong></span> <span class='ocrx_word' id='word_1_653' title='bbox 2883 3861 3129 3919; x_wconf 89' lang='lat' dir='ltr'><strong>estenim</strong></span> <span class='ocrx_word' id='word_1_654' title='bbox 3158 3862 3307 3917; x_wconf 90' lang='lat' dir='ltr'><strong>circa</strong></span> <span class='ocrx_word' id='word_1_655' title='bbox 3337 3875 3457 3926; x_wconf 91' lang='lat' dir='ltr'><strong>cor,</strong></span> <span class='ocrx_word' id='word_1_656' title='bbox 3487 3856 3632 3930; x_wconf 91' lang='lat' dir='ltr'><strong>quod</strong></span> <span class='ocrx_word' id='word_1_657' title='bbox 3649 3871 3885 3912; x_wconf 83' lang='lat' dir='ltr'><strong>conver-</strong></span> 
     </span>
    </p>
   </div>
   <div class='ocr_carea' id='block_1_83' title="bbox 2270 3952 3881 4027">
    <p class='ocr_par' dir='ltr' id='par_1_83' title="bbox 2270 3952 3881 4027">
     <span class='ocr_line' id='line_1_83' title="bbox 2270 3952 3881 4027; baseline -0.004 -18"><span class='ocrx_word' id='word_1_658' title='bbox 2270 3970 2364 4009; x_wconf 89' lang='lat' dir='ltr'><strong>sus</strong></span> <span class='ocrx_word' id='word_1_659' title='bbox 2395 3954 2461 4009; x_wconf 90' lang='lat' dir='ltr'><strong>ad</strong></span> <span class='ocrx_word' id='word_1_660' title='bbox 2487 3955 2657 4010; x_wconf 89' lang='lat' dir='ltr'><strong>Deum</strong></span> <span class='ocrx_word' id='word_1_661' title='bbox 2684 3956 3029 4013; x_wconf 90' lang='lat' dir='ltr'><strong>circumcidit</strong></span> <span class='ocrx_word' id='word_1_662' title='bbox 3053 3974 3065 4009; x_wconf 92' lang='lat'>:</span> <span class='ocrx_word' id='word_1_663' title='bbox 3104 3956 3231 4027; x_wconf 90' lang='lat' dir='ltr'><strong>quia</strong></span> <span class='ocrx_word' id='word_1_664' title='bbox 3257 3956 3391 4012; x_wconf 92' lang='lat' dir='ltr'><strong>ﬁdes</strong></span> <span class='ocrx_word' id='word_1_665' title='bbox 3414 3954 3597 4010; x_wconf 81' lang='lat' dir='ltr'><strong>aufert</strong></span> <span class='ocrx_word' id='word_1_666' title='bbox 3621 3952 3881 4008; x_wconf 88' lang='lat' dir='ltr'><strong>nebulam</strong></span> 
     </span>
    </p>
   </div>
   <div class='ocr_carea' id='block_1_84' title="bbox 2270 4046 3885 4121">
    <p class='ocr_par' dir='ltr' id='par_1_84' title="bbox 2270 4046 3885 4121">
     <span class='ocr_line' id='line_1_84' title="bbox 2270 4046 3885 4121; baseline -0.002 -18"><span class='ocrx_word' id='word_1_667' title='bbox 2270 4047 2504 4114; x_wconf 89' lang='lat' dir='ltr'><strong>erroris,</strong></span> <span class='ocrx_word' id='word_1_668' title='bbox 2528 4056 2579 4102; x_wconf 91' lang='lat' dir='ltr'><strong>et</strong></span> <span class='ocrx_word' id='word_1_669' title='bbox 2601 4049 2790 4105; x_wconf 89' lang='lat' dir='ltr'><strong>tribuit</strong></span> <span class='ocrx_word' id='word_1_670' title='bbox 2810 4050 3108 4121; x_wconf 87' lang='lat' dir='ltr'><strong>perlectam</strong></span> <span class='ocrx_word' id='word_1_671' title='bbox 3126 4048 3221 4105; x_wconf 91' lang='lat' dir='ltr'><strong>Dei</strong></span> <span class='ocrx_word' id='word_1_672' title='bbox 3250 4048 3619 4119; x_wconf 88' lang='lat' dir='ltr'><strong>cognitionem</strong></span> <span class='ocrx_word' id='word_1_673' title='bbox 3649 4046 3701 4100; x_wconf 91' lang='lat' dir='ltr'><strong>in</strong></span> <span class='ocrx_word' id='word_1_674' title='bbox 3730 4060 3885 4115; x_wconf 65' lang='grc' dir='ltr'><strong>ωηε-</strong></span> 
     </span>
    </p>
   </div>
   <div class='ocr_carea' id='block_1_85' title="bbox 2270 4138 3880 4215">
    <p class='ocr_par' dir='ltr' id='par_1_85' title="bbox 2270 4138 3880 4215">
     <span class='ocr_line' id='line_1_85' title="bbox 2270 4138 3880 4215; baseline -0.002 -19"><span class='ocrx_word' id='word_1_675' title='bbox 2270 4142 2416 4198; x_wconf 90' lang='lat' dir='ltr'><strong>terio</strong></span> <span class='ocrx_word' id='word_1_676' title='bbox 2464 4140 2767 4212; x_wconf 86' lang='lat' dir='ltr'><strong>Trinitatis,</strong></span> <span class='ocrx_word' id='word_1_677' title='bbox 2799 4144 2944 4215; x_wconf 92' lang='lat' dir='ltr'><strong>quod</strong></span> <span class='ocrx_word' id='word_1_678' title='bbox 2987 4143 3327 4214; x_wconf 87' lang='lat' dir='ltr'><strong>incognitum</strong></span> <span class='ocrx_word' id='word_1_679' title='bbox 3380 4152 3501 4198; x_wconf 92' lang='lat' dir='ltr'><strong>erat</strong></span> <span class='ocrx_word' id='word_1_680' title='bbox 3553 4157 3584 4195; x_wconf 90' lang='lat' dir='ltr'><strong>a</strong></span> <span class='ocrx_word' id='word_1_681' title='bbox 3636 4138 3880 4194; x_wconf 67' lang='lat' dir='ltr'><strong>saaculis.</strong></span> 
     </span>
    </p>
   </div>
   <div class='ocr_carea' id='block_1_86' title="bbox 2270 4232 3883 4305">
    <p class='ocr_par' dir='ltr' id='par_1_86' title="bbox 2270 4232 3883 4305">
     <span class='ocr_line' id='line_1_86' title="bbox 2270 4232 3883 4305; baseline -0.004 -15"><span class='ocrx_word' id='word_1_682' title='bbox 2270 4234 2445 4304; x_wconf 86' lang='lat' dir='ltr'><strong>Hujus</strong></span> <span class='ocrx_word' id='word_1_683' title='bbox 2472 4250 2603 4305; x_wconf 91' lang='lat' dir='ltr'><strong>ergo</strong></span> <span class='ocrx_word' id='word_1_684' title='bbox 2630 4237 3067 4293; x_wconf 90' lang='lat' dir='ltr'><strong>circumcisionis</strong></span> <span class='ocrx_word' id='word_1_685' title='bbox 3113 4237 3232 4292; x_wconf 89' lang='lat' dir='ltr'><strong>laus</strong></span> <span class='ocrx_word' id='word_1_686' title='bbox 3279 4252 3346 4292; x_wconf 87' lang='lat' dir='ltr'><strong>ex</strong></span> <span class='ocrx_word' id='word_1_687' title='bbox 3375 4236 3486 4292; x_wconf 88' lang='lat' dir='ltr'><strong>Deo</strong></span> <span class='ocrx_word' id='word_1_688' title='bbox 3532 4242 3635 4300; x_wconf 91' lang='lat' dir='ltr'><strong>est,</strong></span> <span class='ocrx_word' id='word_1_689' title='bbox 3660 4232 3883 4286; x_wconf 86' lang='lat' dir='ltr'><strong>occulta</strong></span> 
     </span>
    </p>
   </div>
   <div class='ocr_carea' id='block_1_87' title="bbox 2269 4324 3883 4399">
    <p class='ocr_par' dir='ltr' id='par_1_87' title="bbox 2269 4324 3883 4399">
     <span class='ocr_line' id='line_1_87' title="bbox 2269 4324 3883 4399; baseline -0.003 -16"><span class='ocrx_word' id='word_1_690' title='bbox 2269 4327 2612 4395; x_wconf 88' lang='lat' dir='ltr'><strong>hominibus;</strong></span> <span class='ocrx_word' id='word_1_691' title='bbox 2640 4330 2821 4386; x_wconf 90' lang='lat' dir='ltr'><strong>cordis</strong></span> <span class='ocrx_word' id='word_1_692' title='bbox 2848 4330 2993 4385; x_wconf 91' lang='lat' dir='ltr'><strong>enim</strong></span> <span class='ocrx_word' id='word_1_693' title='bbox 3031 4331 3290 4385; x_wconf 90' lang='lat' dir='ltr'><strong>meritum</strong></span> <span class='ocrx_word' id='word_1_694' title='bbox 3348 4340 3451 4394; x_wconf 87' lang='lat' dir='ltr'><strong>est,</strong></span> <span class='ocrx_word' id='word_1_695' title='bbox 3498 4326 3643 4399; x_wconf 88' lang='lat' dir='ltr'><strong>quod</strong></span> <span class='ocrx_word' id='word_1_696' title='bbox 3680 4324 3883 4394; x_wconf 72' lang='lat' dir='ltr'><strong>aspicit</strong></span> 
     </span>
    </p>
   </div>
   <div class='ocr_carea' id='block_1_88' title="bbox 2269 4417 3878 4487">
    <p class='ocr_par' dir='ltr' id='par_1_88' title="bbox 2269 4417 3878 4487">
     <span class='ocr_line' id='line_1_88' title="bbox 2269 4417 3878 4487; baseline -0.003 -10"><span class='ocrx_word' id='word_1_697' title='bbox 2269 4422 2437 4487; x_wconf 88' lang='lat' dir='ltr'><strong>Deus,</strong></span> <span class='ocrx_word' id='word_1_698' title='bbox 2470 4436 2578 4476; x_wconf 90' lang='lat' dir='ltr'><strong>non</strong></span> <span class='ocrx_word' id='word_1_699' title='bbox 2624 4424 2825 4479; x_wconf 88' lang='lat' dir='ltr'><strong>carnis.</strong></span> <span class='ocrx_word' id='word_1_700' title='bbox 2853 4424 2985 4479; x_wconf 87' lang='lat' dir='ltr'><strong>Nam</strong></span> <span class='ocrx_word' id='word_1_701' title='bbox 3020 4422 3331 4479; x_wconf 80' lang='lat' dir='ltr'><strong>Judaeorum</strong></span> <span class='ocrx_word' id='word_1_702' title='bbox 3374 4423 3491 4478; x_wconf 84' lang='lat' dir='ltr'><strong>laus</strong></span> <span class='ocrx_word' id='word_1_703' title='bbox 3520 4436 3587 4477; x_wconf 87' lang='lat' dir='ltr'><strong>ex</strong></span> <span class='ocrx_word' id='word_1_704' title='bbox 3638 4417 3878 4474; x_wconf 85' lang='lat' dir='ltr'><strong>homini-</strong></span> 
     </span>
    </p>
   </div>
   <div class='ocr_carea' id='block_1_89' title="bbox 2269 4512 3875 4585">
    <p class='ocr_par' dir='ltr' id='par_1_89' title="bbox 2269 4512 3875 4585">
     <span class='ocr_line' id='line_1_89' title="bbox 2269 4512 3875 4585; baseline -0.004 -16"><span class='ocrx_word' id='word_1_705' title='bbox 2269 4514 2375 4569; x_wconf 91' lang='lat' dir='ltr'><strong>bus</strong></span> <span class='ocrx_word' id='word_1_706' title='bbox 2415 4522 2527 4580; x_wconf 81' lang='lat' dir='ltr'><strong>est;</strong></span> <span class='ocrx_word' id='word_1_707' title='bbox 2562 4514 2866 4585; x_wconf 90' lang='lat' dir='ltr'><strong>gloriantur</strong></span> <span class='ocrx_word' id='word_1_708' title='bbox 2912 4515 3061 4571; x_wconf 92' lang='lat' dir='ltr'><strong>enim</strong></span> <span class='ocrx_word' id='word_1_709' title='bbox 3104 4516 3159 4569; x_wconf 92' lang='lat' dir='ltr'><strong>in</strong></span> <span class='ocrx_word' id='word_1_710' title='bbox 3203 4515 3386 4569; x_wconf 87' lang='lat' dir='ltr'><strong>carnis</strong></span> <span class='ocrx_word' id='word_1_711' title='bbox 3440 4512 3875 4573; x_wconf 79' lang='lat' dir='ltr'><strong>circumcisione,</strong></span> 
     </span>
    </p>
   </div>
   <div class='ocr_carea' id='block_1_90' title="bbox 557 4586 3881 4680">
    <p class='ocr_par' dir='ltr' id='par_1_90' title="bbox 557 4586 3881 4680">
     <span class='ocr_line' id='line_1_90' title="bbox 557 4586 3881 4680; baseline -0.004 -14"><span class='ocrx_word' id='word_1_712' title='bbox 557 4609 829 4676; x_wconf 61' lang='lat' dir='ltr'><strong>Abrahae;</strong></span> <span class='ocrx_word' id='word_1_713' title='bbox 871 4610 995 4680; x_wconf 81' lang='lat' dir='ltr'><strong>quia</strong></span> <span class='ocrx_word' id='word_1_714' title='bbox 1045 4618 1100 4664; x_wconf 92' lang='lat' dir='ltr'><strong>et</strong></span> <span class='ocrx_word' id='word_1_715' title='bbox 1132 4622 1289 4663; x_wconf 90' lang='lat' dir='ltr'><strong>suum</strong></span> <span class='ocrx_word' id='word_1_716' title='bbox 1321 4606 1602 4671; x_wconf 75' lang='lat' dir='ltr'><strong>,meritum</strong></span> <span class='ocrx_word' id='word_1_717' title='bbox 1636 4604 1840 4659; x_wconf 86' lang='lat' dir='ltr'><strong>habent</strong></span> <span class='ocrx_word' id='word_1_718' title='bbox 1881 4601 2162 4673; x_wconf 88' lang='lat' dir='ltr'><strong>justiﬁcati</strong></span> <span class='ocrx_word' id='word_1_719' title='bbox 2188 4586 2245 4647; x_wconf 83' lang='lat' dir='ltr'><strong>D</strong></span> <span class='ocrx_word' id='word_1_720' title='bbox 2269 4606 2417 4679; x_wconf 90' lang='lat' dir='ltr'><strong>quod</strong></span> <span class='ocrx_word' id='word_1_721' title='bbox 2449 4621 2515 4660; x_wconf 87' lang='lat' dir='ltr'><strong>ex</strong></span> <span class='ocrx_word' id='word_1_722' title='bbox 2543 4605 2792 4663; x_wconf 88' lang='lat' dir='ltr'><strong>Patribus</strong></span> <span class='ocrx_word' id='word_1_723' title='bbox 2844 4609 2936 4663; x_wconf 90' lang='lat' dir='ltr'><strong>sit.</strong></span> <span class='ocrx_word' id='word_1_724' title='bbox 2971 4605 2996 4643; x_wconf 72' lang='grc' dir='ltr'><em>δ</em></span> <span class='ocrx_word' id='word_1_725' title='bbox 3040 4607 3197 4664; x_wconf 92' lang='lat' dir='ltr'><strong>Unde</strong></span> <span class='ocrx_word' id='word_1_726' title='bbox 3231 4606 3375 4663; x_wconf 91' lang='lat' dir='ltr'><strong>inter</strong></span> <span class='ocrx_word' id='word_1_727' title='bbox 3413 4617 3613 4662; x_wconf 71' lang='lat' dir='ltr'><strong>cmtera</strong></span> <span class='ocrx_word' id='word_1_728' title='bbox 3650 4604 3767 4659; x_wconf 88' lang='lat' dir='ltr'><strong>ait:</strong></span> <span class='ocrx_word' id='word_1_729' title='bbox 3812 4601 3881 4655; x_wconf 77' lang='lat' dir='ltr'><strong>Et</strong></span> 
     </span>
    </p>
   </div>
   <div class='ocr_carea' id='block_1_91' title="bbox 556 4696 2160 4773">
    <p class='ocr_par' dir='ltr' id='par_1_91' title="bbox 556 4696 2160 4773">
     <span class='ocr_line' id='line_1_91' title="bbox 556 4696 2160 4773; baseline -0.006 -14"><span class='ocrx_word' id='word_1_730' title='bbox 556 4718 653 4773; x_wconf 89' lang='lat' dir='ltr'><strong>per</strong></span> <span class='ocrx_word' id='word_1_731' title='bbox 684 4702 868 4767; x_wconf 87' lang='lat' dir='ltr'><strong>ﬁdem,</strong></span> <span class='ocrx_word' id='word_1_732' title='bbox 916 4710 975 4757; x_wconf 89' lang='lat' dir='ltr'><strong>et</strong></span> <span class='ocrx_word' id='word_1_733' title='bbox 1020 4702 1227 4757; x_wconf 88' lang='lat' dir='ltr'><strong>honore</strong></span> <span class='ocrx_word' id='word_1_734' title='bbox 1271 4700 1489 4754; x_wconf 86' lang='lat' dir='ltr'><strong>Patrum</strong></span> <span class='ocrx_word' id='word_1_735' title='bbox 1535 4698 1920 4753; x_wconf 87' lang='lat' dir='ltr'><strong>sublimantur.</strong></span> <span class='ocrx_word' id='word_1_736' title='bbox 1969 4696 2160 4751; x_wconf 90' lang='lat' dir='ltr'><strong>Omnis</strong></span> 
     </span>
    </p>
   </div>
   <div class='ocr_carea' id='block_1_92' title="bbox 552 4791 2160 4866">
    <p class='ocr_par' dir='ltr' id='par_1_92' title="bbox 552 4791 2160 4866">
     <span class='ocr_line' id='line_1_92' title="bbox 552 4791 2160 4866; baseline -0.006 -13"><span class='ocrx_word' id='word_1_737' title='bbox 552 4798 699 4853; x_wconf 84' lang='lat' dir='ltr'><strong>enim</strong></span> <span class='ocrx_word' id='word_1_738' title='bbox 730 4796 879 4851; x_wconf 87' lang='lat' dir='ltr'><strong>salus</strong></span> <span class='ocrx_word' id='word_1_739' title='bbox 920 4795 974 4851; x_wconf 91' lang='lat' dir='ltr'><strong>in</strong></span> <span class='ocrx_word' id='word_1_740' title='bbox 1005 4795 1149 4866; x_wconf 90' lang='lat' dir='ltr'><strong>Lege</strong></span> <span class='ocrx_word' id='word_1_741' title='bbox 1174 4794 1243 4850; x_wconf 89' lang='lat' dir='ltr'><strong>de</strong></span> <span class='ocrx_word' id='word_1_742' title='bbox 1292 4792 1512 4848; x_wconf 89' lang='lat' dir='ltr'><strong>Christo</strong></span> <span class='ocrx_word' id='word_1_743' title='bbox 1540 4801 1641 4848; x_wconf 86' lang='lat' dir='ltr'><strong>est.</strong></span> <span class='ocrx_word' id='word_1_744' title='bbox 1676 4791 1774 4846; x_wconf 84' lang='lat' dir='ltr'><strong>llic</strong></span> <span class='ocrx_word' id='word_1_745' title='bbox 1802 4804 1935 4861; x_wconf 90' lang='lat' dir='ltr'><strong>ergo</strong></span> <span class='ocrx_word' id='word_1_746' title='bbox 1978 4799 2160 4845; x_wconf 90' lang='lat' dir='ltr'><strong>servat</strong></span> 
     </span>
    </p>
   </div>
   <div class='ocr_carea' id='block_1_93' title="bbox 553 4881 2153 4962">
    <p class='ocr_par' dir='ltr' id='par_1_93' title="bbox 553 4881 2153 4962">
     <span class='ocr_line' id='line_1_93' title="bbox 553 4881 2153 4962; baseline -0.008 -15"><span class='ocrx_word' id='word_1_747' title='bbox 553 4890 776 4962; x_wconf 87' lang='lat' dir='ltr'><strong>Legem,</strong></span> <span class='ocrx_word' id='word_1_748' title='bbox 804 4889 896 4961; x_wconf 89' lang='lat' dir='ltr'><strong>qui</strong></span> <span class='ocrx_word' id='word_1_749' title='bbox 927 4888 1103 4945; x_wconf 89' lang='lat' dir='ltr'><strong>credit</strong></span> <span class='ocrx_word' id='word_1_750' title='bbox 1146 4889 1196 4943; x_wconf 92' lang='lat' dir='ltr'><strong>in</strong></span> <span class='ocrx_word' id='word_1_751' title='bbox 1247 4886 1467 4941; x_wconf 91' lang='lat' dir='ltr'><strong>Christo</strong></span> <span class='ocrx_word' id='word_1_752' title='bbox 1500 4904 1512 4938; x_wconf 92' lang='lat'>:</span> <span class='ocrx_word' id='word_1_753' title='bbox 1538 4886 1584 4940; x_wconf 92' lang='lat' dir='ltr'><strong>si</strong></span> <span class='ocrx_word' id='word_1_754' title='bbox 1610 4892 1790 4939; x_wconf 89' lang='lat' dir='ltr'><strong>autem</strong></span> <span class='ocrx_word' id='word_1_755' title='bbox 1821 4898 1928 4937; x_wconf 92' lang='lat' dir='ltr'><strong>non</strong></span> <span class='ocrx_word' id='word_1_756' title='bbox 1959 4881 2153 4941; x_wconf 90' lang='lat' dir='ltr'><strong>credit,</strong></span> 
     </span>
    </p>
   </div>
   <div class='ocr_carea' id='block_1_94' title="bbox 551 4974 2149 5054">
    <p class='ocr_par' dir='ltr' id='par_1_94' title="bbox 551 4974 2149 5054">
     <span class='ocr_line' id='line_1_94' title="bbox 551 4974 2149 5054; baseline -0.006 -15"><span class='ocrx_word' id='word_1_757' title='bbox 551 4992 928 5054; x_wconf 86' lang='lat' dir='ltr'><strong>transgressor</strong></span> <span class='ocrx_word' id='word_1_758' title='bbox 956 4990 1038 5038; x_wconf 88' lang='lat' dir='ltr'><strong>est</strong></span> <span class='ocrx_word' id='word_1_759' title='bbox 1071 4979 1261 5050; x_wconf 89' lang='lat' dir='ltr'><strong>Legis;</strong></span> <span class='ocrx_word' id='word_1_760' title='bbox 1301 4978 1431 5049; x_wconf 90' lang='lat' dir='ltr'><strong>quia</strong></span> <span class='ocrx_word' id='word_1_761' title='bbox 1462 4992 1570 5031; x_wconf 87' lang='lat' dir='ltr'><strong>non</strong></span> <span class='ocrx_word' id='word_1_762' title='bbox 1614 4976 1807 5047; x_wconf 90' lang='lat' dir='ltr'><strong>recipit</strong></span> <span class='ocrx_word' id='word_1_763' title='bbox 1852 4974 2149 5042; x_wconf 79' lang='lat' dir='ltr'><strong>ChriStum,</strong></span> 
     </span>
    </p>
   </div>
   <div class='ocr_carea' id='block_1_95' title="bbox 546 5067 2149 5153">
    <p class='ocr_par' dir='ltr' id='par_1_95' title="bbox 546 5067 2149 5153">
     <span class='ocr_line' id='line_1_95' title="bbox 546 5067 2149 5153; baseline -0.009 -16"><span class='ocrx_word' id='word_1_764' title='bbox 546 5094 707 5153; x_wconf 90' lang='lat' dir='ltr'><strong>quem</strong></span> <span class='ocrx_word' id='word_1_765' title='bbox 726 5078 839 5134; x_wconf 86' lang='lat' dir='ltr'><strong>Lex</strong></span> <span class='ocrx_word' id='word_1_766' title='bbox 860 5075 928 5132; x_wconf 91' lang='lat' dir='ltr'><strong>ad</strong></span> <span class='ocrx_word' id='word_1_767' title='bbox 954 5074 1399 5147; x_wconf 88' lang='lat' dir='ltr'><strong>justiﬁcationem</strong></span> <span class='ocrx_word' id='word_1_768' title='bbox 1428 5080 1713 5127; x_wconf 84' lang='lat' dir='ltr'><strong>venturum</strong></span> <span class='ocrx_word' id='word_1_769' title='bbox 1738 5067 1961 5134; x_wconf 90' lang='lat' dir='ltr'><strong>cecinit,</strong></span> <span class='ocrx_word' id='word_1_770' title='bbox 1989 5083 2149 5139; x_wconf 89' lang='lat' dir='ltr'><strong>quam</strong></span> 
     </span>
    </p>
   </div>
   <div class='ocr_carea' id='block_1_96' title="bbox 545 5160 2149 5245">
    <p class='ocr_par' dir='ltr' id='par_1_96' title="bbox 545 5160 2149 5245">
     <span class='ocr_line' id='line_1_96' title="bbox 545 5160 2149 5245; baseline -0.009 -17"><span class='ocrx_word' id='word_1_771' title='bbox 545 5174 661 5245; x_wconf 88' lang='lat' dir='ltr'><strong>ipsa</strong></span> <span class='ocrx_word' id='word_1_772' title='bbox 680 5172 815 5230; x_wconf 89' lang='lat' dir='ltr'><strong>dare</strong></span> <span class='ocrx_word' id='word_1_773' title='bbox 842 5185 952 5228; x_wconf 89' lang='lat' dir='ltr'><strong>non</strong></span> <span class='ocrx_word' id='word_1_774' title='bbox 986 5169 1162 5238; x_wconf 88' lang='lat' dir='ltr'><strong>potuit</strong></span> <span class='ocrx_word' id='word_1_775' title='bbox 1190 5186 1203 5220; x_wconf 80' lang='lat' dir='ltr'><strong>z</strong></span> <span class='ocrx_word' id='word_1_776' title='bbox 1228 5175 1283 5222; x_wconf 90' lang='lat' dir='ltr'><strong>et</strong></span> <span class='ocrx_word' id='word_1_777' title='bbox 1308 5164 1442 5220; x_wconf 91' lang='lat' dir='ltr'><strong>nihil</strong></span> <span class='ocrx_word' id='word_1_778' title='bbox 1464 5163 1541 5219; x_wconf 92' lang='lat' dir='ltr'><strong>illi</strong></span> <span class='ocrx_word' id='word_1_779' title='bbox 1569 5161 1811 5233; x_wconf 90' lang='lat' dir='ltr'><strong>proderit</strong></span> <span class='ocrx_word' id='word_1_780' title='bbox 1841 5160 1949 5216; x_wconf 88' lang='lat' dir='ltr'><strong>dici</strong></span> <span class='ocrx_word' id='word_1_781' title='bbox 1979 5160 2149 5216; x_wconf 91' lang='lat' dir='ltr'><strong>ﬁlium</strong></span> 
     </span>
    </p>
   </div>
   <div class='ocr_carea' id='block_1_97' title="bbox 546 5254 2150 5337">
    <p class='ocr_par' dir='ltr' id='par_1_97' title="bbox 546 5254 2150 5337">
     <span class='ocr_line' id='line_1_97' title="bbox 546 5254 2150 5337; baseline -0.01 -13"><span class='ocrx_word' id='word_1_782' title='bbox 546 5267 815 5332; x_wconf 69' lang='lat' dir='ltr'><strong>Abrahae;</strong></span> <span class='ocrx_word' id='word_1_783' title='bbox 870 5265 997 5337; x_wconf 89' lang='lat' dir='ltr'><strong>quia</strong></span> <span class='ocrx_word' id='word_1_784' title='bbox 1055 5262 1141 5317; x_wconf 92' lang='lat' dir='ltr'><strong>hic</strong></span> <span class='ocrx_word' id='word_1_785' title='bbox 1189 5258 1487 5316; x_wconf 91' lang='lat' dir='ltr'><strong>secundum</strong></span> <span class='ocrx_word' id='word_1_786' title='bbox 1544 5257 1798 5311; x_wconf 85' lang='lat' dir='ltr'><strong>meritum</strong></span> <span class='ocrx_word' id='word_1_787' title='bbox 1860 5254 2002 5310; x_wconf 89' lang='lat' dir='ltr'><strong>ﬁlius</strong></span> <span class='ocrx_word' id='word_1_788' title='bbox 2068 5264 2150 5309; x_wconf 90' lang='lat' dir='ltr'><strong>est</strong></span> 
     </span>
    </p>
   </div>
   <div class='ocr_carea' id='block_1_98' title="bbox 546 5347 2151 5430">
    <p class='ocr_par' dir='ltr' id='par_1_98' title="bbox 546 5347 2151 5430">
     <span class='ocr_line' id='line_1_98' title="bbox 546 5347 2151 5430; baseline -0.007 -17"><span class='ocrx_word' id='word_1_789' title='bbox 546 5359 801 5425; x_wconf 67' lang='lat' dir='ltr'><strong>Abrahae,</strong></span> <span class='ocrx_word' id='word_1_790' title='bbox 835 5360 923 5430; x_wconf 92' lang='lat' dir='ltr'><strong>qui</strong></span> <span class='ocrx_word' id='word_1_791' title='bbox 968 5356 1128 5413; x_wconf 92' lang='lat' dir='ltr'><strong>ﬁdem</strong></span> <span class='ocrx_word' id='word_1_792' title='bbox 1158 5353 1425 5422; x_wconf 88' lang='lat' dir='ltr'><strong>sequitur,</strong></span> <span class='ocrx_word' id='word_1_793' title='bbox 1461 5366 1555 5421; x_wconf 89' lang='lat' dir='ltr'><strong>per</strong></span> <span class='ocrx_word' id='word_1_794' title='bbox 1600 5364 1763 5420; x_wconf 88' lang='lat' dir='ltr'><strong>quam</strong></span> <span class='ocrx_word' id='word_1_795' title='bbox 1794 5347 1988 5417; x_wconf 89' lang='lat' dir='ltr'><strong>dignus</strong></span> <span class='ocrx_word' id='word_1_796' title='bbox 2039 5347 2151 5403; x_wconf 91' lang='lat' dir='ltr'><strong>Deo</strong></span> 
     </span>
    </p>
   </div>
   <div class='ocr_carea' id='block_1_99' title="bbox 546 5512 2136 5601">
    <p class='ocr_par' dir='ltr' id='par_1_99' title="bbox 546 5512 2136 5601">
     <span class='ocr_line' id='line_1_99' title="bbox 546 5512 2136 5601; baseline -0.009 -22"><span class='ocrx_word' id='word_1_797' title='bbox 546 5590 557 5601; x_wconf 42' lang='lat'><em>.</em></span> <span class='ocrx_word' id='word_1_798' title='bbox 614 5522 807 5601; x_wconf 51' lang='lat' dir='ltr'><strong>&quot;Post</strong></span> <span class='ocrx_word' id='word_1_799' title='bbox 832 5537 1041 5601; x_wconf 62' lang='lat' dir='ltr'><strong>vocem,</strong></span> <span class='ocrx_word' id='word_1_800' title='bbox 1072 5515 1413 5601; x_wconf 74' lang='lat' dir='ltr'><strong>patriarchis,</strong></span> <span class='ocrx_word' id='word_1_801' title='bbox 1457 5520 1797 5601; x_wconf 62' lang='lat' dir='ltr'><strong>expunxerat</strong></span> <span class='ocrx_word' id='word_1_802' title='bbox 1819 5512 1974 5566; x_wconf 76' lang='lat' dir='ltr'><strong>Rom.</strong></span> <span class='ocrx_word' id='word_1_803' title='bbox 2004 5512 2136 5567; x_wconf 92' lang='lat' dir='ltr'><strong>edit.</strong></span> 
     </span>
    </p>
   </div>
   <div class='ocr_carea' id='block_1_100' title="bbox 539 5586 2138 5652">
    <p class='ocr_par' dir='ltr' id='par_1_100' title="bbox 539 5586 2138 5652">
     <span class='ocr_line' id='line_1_100' title="bbox 539 5586 2138 5652; baseline -0.004 -8"><span class='ocrx_word' id='word_1_804' title='bbox 539 5590 593 5646; x_wconf 88' lang='lat' dir='ltr'><strong>in</strong></span> <span class='ocrx_word' id='word_1_805' title='bbox 624 5591 810 5648; x_wconf 86' lang='lat' dir='ltr'><strong>Deum.</strong></span> <span class='ocrx_word' id='word_1_806' title='bbox 855 5592 958 5649; x_wconf 88' lang='lat' dir='ltr'><strong>Ubi</strong></span> <span class='ocrx_word' id='word_1_807' title='bbox 1009 5586 1137 5649; x_wconf 77' lang='lat' dir='ltr'><strong>vero</strong></span> <span class='ocrx_word' id='word_1_808' title='bbox 1182 5589 1409 5652; x_wconf 87' lang='lat' dir='ltr'><strong>eadem,</strong></span> <span class='ocrx_word' id='word_1_809' title='bbox 1439 5600 1503 5640; x_wconf 88' lang='lat' dir='ltr'><strong>ac</strong></span> <span class='ocrx_word' id='word_1_810' title='bbox 1540 5593 1649 5640; x_wconf 88' lang='lat' dir='ltr'><strong>vet.</strong></span> <span class='ocrx_word' id='word_1_811' title='bbox 1682 5586 1814 5638; x_wconf 92' lang='lat' dir='ltr'><strong>edit.</strong></span> <span class='ocrx_word' id='word_1_812' title='bbox 1851 5598 1972 5638; x_wconf 90' lang='lat' dir='ltr'><strong>cum</strong></span> <span class='ocrx_word' id='word_1_813' title='bbox 2006 5598 2138 5639; x_wconf 90' lang='lat' dir='ltr'><strong>mss.</strong></span> 
     </span>
    </p>
   </div>
   <div class='ocr_carea' id='block_1_101' title="bbox 538 5654 2142 5729">
    <p class='ocr_par' dir='ltr' id='par_1_101' title="bbox 538 5654 2142 5729">
     <span class='ocr_line' id='line_1_101' title="bbox 538 5654 2142 5729; baseline -0.004 -13"><span class='ocrx_word' id='word_1_814' title='bbox 538 5664 779 5729; x_wconf 85' lang='lat' dir='ltr'><strong>aliquot,</strong></span> <span class='ocrx_word' id='word_1_815' title='bbox 824 5664 1107 5719; x_wconf 87' lang='lat' dir='ltr'><strong>intellectus</strong></span> <span class='ocrx_word' id='word_1_816' title='bbox 1150 5662 1214 5717; x_wconf 86' lang='lat' dir='ltr'><strong>ab</strong></span> <span class='ocrx_word' id='word_1_817' title='bbox 1263 5658 1592 5729; x_wconf 83' lang='lat' dir='ltr'><strong>hominibus,</strong></span> <span class='ocrx_word' id='word_1_818' title='bbox 1646 5671 1780 5711; x_wconf 87' lang='lat' dir='ltr'><strong>mss.</strong></span> <span class='ocrx_word' id='word_1_819' title='bbox 1830 5654 2142 5724; x_wconf 89' lang='lat' dir='ltr'><strong>complures</strong></span> 
     </span>
    </p>
   </div>
   <div class='ocr_carea' id='block_1_102' title="bbox 541 5728 1682 5806">
    <p class='ocr_par' dir='ltr' id='par_1_102' title="bbox 541 5728 1682 5806">
     <span class='ocr_line' id='line_1_102' title="bbox 541 5728 1682 5806; baseline -0.009 -16"><span class='ocrx_word' id='word_1_820' title='bbox 541 5728 733 5806; x_wconf 79' lang='lat' dir='ltr'><strong>melius</strong></span> <span class='ocrx_word' id='word_1_821' title='bbox 762 5728 981 5806; x_wconf 80' lang='lat' dir='ltr'><strong>legunt,</strong></span> <span class='ocrx_word' id='word_1_822' title='bbox 1010 5735 1303 5789; x_wconf 87' lang='lat' dir='ltr'><strong>intellectus</strong></span> <span class='ocrx_word' id='word_1_823' title='bbox 1330 5731 1394 5806; x_wconf 83' lang='lat' dir='ltr'><strong>ab</strong></span> <span class='ocrx_word' id='word_1_824' title='bbox 1424 5728 1682 5806; x_wconf 77' lang='lat' dir='ltr'><strong>omnibus.</strong></span> 
     </span>
    </p>
   </div>
   <div class='ocr_carea' id='block_1_103' title="bbox 610 5798 2140 5878">
    <p class='ocr_par' dir='ltr' id='par_1_103' title="bbox 610 5798 2140 5878">
     <span class='ocr_line' id='line_1_103' title="bbox 610 5798 2140 5878; baseline -0.008 -12"><span class='ocrx_word' id='word_1_825' title='bbox 610 5803 639 5847; x_wconf 64' lang='grc' dir='ltr'><strong>ι’</strong></span> <span class='ocrx_word' id='word_1_826' title='bbox 678 5798 847 5865; x_wconf 56' lang='lat' dir='ltr'><strong>Rom:</strong></span> <span class='ocrx_word' id='word_1_827' title='bbox 884 5798 1042 5875; x_wconf 87' lang='lat' dir='ltr'><strong>edit.,</strong></span> <span class='ocrx_word' id='word_1_828' title='bbox 1073 5820 1139 5862; x_wconf 87' lang='lat' dir='ltr'><strong>ac</strong></span> <span class='ocrx_word' id='word_1_829' title='bbox 1188 5805 1345 5878; x_wconf 89' lang='lat' dir='ltr'><strong>pauci</strong></span> <span class='ocrx_word' id='word_1_830' title='bbox 1377 5817 1536 5868; x_wconf 90' lang='lat' dir='ltr'><strong>mss.,</strong></span> <span class='ocrx_word' id='word_1_831' title='bbox 1563 5798 1974 5856; x_wconf 87' lang='lat' dir='ltr'><strong>circumcisionis</strong></span> <span class='ocrx_word' id='word_1_832' title='bbox 2015 5815 2140 5870; x_wconf 86' lang='lat' dir='ltr'><strong>pro-</strong></span> 
     </span>
    </p>
   </div>
   <div class='ocr_carea' id='block_1_104' title="bbox 2264 4696 3874 4772">
    <p class='ocr_par' dir='ltr' id='par_1_104' title="bbox 2264 4696 3874 4772">
     <span class='ocr_line' id='line_1_104' title="bbox 2264 4696 3874 4772; baseline -0.004 -18"><span class='ocrx_word' id='word_1_833' title='bbox 2264 4701 2437 4771; x_wconf 86' lang='lat' dir='ltr'><strong>gloria</strong></span> <span class='ocrx_word' id='word_1_834' title='bbox 2465 4700 2520 4752; x_wconf 88' lang='lat' dir='ltr'><strong>in</strong></span> <span class='ocrx_word' id='word_1_835' title='bbox 2546 4700 2799 4769; x_wconf 86' lang='lat' dir='ltr'><strong>pudendis</strong></span> <span class='ocrx_word' id='word_1_836' title='bbox 2830 4719 3031 4767; x_wconf 88' lang='lat' dir='ltr'><strong>eorum,</strong></span> <span class='ocrx_word' id='word_1_837' title='bbox 3064 4702 3153 4771; x_wconf 88' lang='lat' dir='ltr'><strong>qui</strong></span> <span class='ocrx_word' id='word_1_838' title='bbox 3182 4712 3385 4756; x_wconf 89' lang='lat' dir='ltr'><strong>terrena</strong></span> <span class='ocrx_word' id='word_1_839' title='bbox 3415 4701 3623 4772; x_wconf 87' lang='lat' dir='ltr'><strong>sapiunt</strong></span> <span class='ocrx_word' id='word_1_840' title='bbox 3644 4696 3874 4771; x_wconf 88' lang='lat' dir='ltr'><strong>(Philip.</strong></span> 
     </span>
    </p>
   </div>
   <div class='ocr_carea' id='block_1_105' title="bbox 2264 4790 3877 4868">
    <p class='ocr_par' dir='ltr' id='par_1_105' title="bbox 2264 4790 3877 4868">
     <span class='ocr_line' id='line_1_105' title="bbox 2264 4790 3877 4868; baseline -0.004 -19"><span class='ocrx_word' id='word_1_841' title='bbox 2264 4810 2345 4859; x_wconf 93' lang='grc' dir='ltr'>ιιι,</span> <span class='ocrx_word' id='word_1_842' title='bbox 2379 4792 2492 4864; x_wconf 83' lang='grc'><strong>19);</strong></span> <span class='ocrx_word' id='word_1_843' title='bbox 2520 4793 2625 4849; x_wconf 89' lang='lat' dir='ltr'><strong>hoc</strong></span> <span class='ocrx_word' id='word_1_844' title='bbox 2652 4806 2758 4863; x_wconf 91' lang='lat' dir='ltr'><strong>est,</strong></span> <span class='ocrx_word' id='word_1_845' title='bbox 2806 4798 2896 4868; x_wconf 85' lang='lat' dir='ltr'><strong>qui</strong></span> <span class='ocrx_word' id='word_1_846' title='bbox 2928 4795 3406 4851; x_wconf 88' lang='lat' dir='ltr'><strong>circumcisionem</strong></span> <span class='ocrx_word' id='word_1_847' title='bbox 3435 4793 3619 4848; x_wconf 89' lang='lat' dir='ltr'><strong>carnis</strong></span> <span class='ocrx_word' id='word_1_848' title='bbox 3648 4790 3877 4862; x_wconf 87' lang='lat' dir='ltr'><strong>gloriam</strong></span> 
     </span>
    </p>
   </div>
   <div class='ocr_carea' id='block_1_106' title="bbox 2265 4884 3872 4959">
    <p class='ocr_par' dir='ltr' id='par_1_106' title="bbox 2265 4884 3872 4959">
     <span class='ocr_line' id='line_1_106' title="bbox 2265 4884 3872 4959; baseline -0.005 -18"><span class='ocrx_word' id='word_1_849' title='bbox 2265 4894 2478 4957; x_wconf 88' lang='lat' dir='ltr'><strong>putant.</strong></span> <span class='ocrx_word' id='word_1_850' title='bbox 2512 4885 2753 4943; x_wconf 88' lang='lat' dir='ltr'><strong>Terrena</strong></span> <span class='ocrx_word' id='word_1_851' title='bbox 2776 4890 2923 4945; x_wconf 91' lang='lat' dir='ltr'><strong>enim</strong></span> <span class='ocrx_word' id='word_1_852' title='bbox 2947 4888 3114 4959; x_wconf 88' lang='lat' dir='ltr'><strong>sapit,</strong></span> <span class='ocrx_word' id='word_1_853' title='bbox 3147 4889 3239 4959; x_wconf 87' lang='lat' dir='ltr'><strong>qui</strong></span> <span class='ocrx_word' id='word_1_854' title='bbox 3272 4888 3326 4942; x_wconf 90' lang='lat' dir='ltr'><strong>in</strong></span> <span class='ocrx_word' id='word_1_855' title='bbox 3350 4902 3518 4943; x_wconf 89' lang='lat' dir='ltr'><strong>carne</strong></span> <span class='ocrx_word' id='word_1_856' title='bbox 3563 4884 3831 4957; x_wconf 88' lang='lat' dir='ltr'><strong>gloriatur</strong></span> <span class='ocrx_word' id='word_1_857' title='bbox 3862 4898 3872 4932; x_wconf 89' lang='lat'><strong>:</strong></span> 
     </span>
    </p>
   </div>
   <div class='ocr_carea' id='block_1_107' title="bbox 2258 4977 3877 5053">
    <p class='ocr_par' dir='ltr' id='par_1_107' title="bbox 2258 4977 3877 5053">
     <span class='ocr_line' id='line_1_107' title="bbox 2258 4977 3877 5053; baseline -0.001 -22"><span class='ocrx_word' id='word_1_858' title='bbox 2258 4981 2353 5052; x_wconf 85' lang='lat' dir='ltr'><strong>qui</strong></span> <span class='ocrx_word' id='word_1_859' title='bbox 2393 4993 2527 5034; x_wconf 89' lang='lat' dir='ltr'><strong>vero</strong></span> <span class='ocrx_word' id='word_1_860' title='bbox 2578 4979 2632 5035; x_wconf 92' lang='lat' dir='ltr'><strong>in</strong></span> <span class='ocrx_word' id='word_1_861' title='bbox 2689 4983 2881 5053; x_wconf 89' lang='lat' dir='ltr'><strong>spiritu</strong></span> <span class='ocrx_word' id='word_1_862' title='bbox 2930 4982 3220 5053; x_wconf 80' lang='lat' dir='ltr'><strong>gloriatur,</strong></span> <span class='ocrx_word' id='word_1_863' title='bbox 3262 4984 3422 5052; x_wconf 89' lang='lat' dir='ltr'><strong>hujus</strong></span> <span class='ocrx_word' id='word_1_864' title='bbox 3466 4982 3587 5038; x_wconf 88' lang='lat' dir='ltr'><strong>laus</strong></span> <span class='ocrx_word' id='word_1_865' title='bbox 3638 4994 3704 5035; x_wconf 79' lang='lat' dir='ltr'><strong>ex</strong></span> <span class='ocrx_word' id='word_1_866' title='bbox 3764 4977 3877 5031; x_wconf 85' lang='lat' dir='ltr'><strong>Deo</strong></span> 
     </span>
    </p>
   </div>
   <div class='ocr_carea' id='block_1_108' title="bbox 2263 5072 3397 5143">
    <p class='ocr_par' dir='ltr' id='par_1_108' title="bbox 2263 5072 3397 5143">
     <span class='ocr_line' id='line_1_108' title="bbox 2263 5072 3397 5143; baseline 0 -12"><span class='ocrx_word' id='word_1_867' title='bbox 2263 5082 2369 5137; x_wconf 88' lang='lat' dir='ltr'><strong>est;</strong></span> <span class='ocrx_word' id='word_1_868' title='bbox 2403 5072 2602 5143; x_wconf 91' lang='lat' dir='ltr'><strong>spiritu</strong></span> <span class='ocrx_word' id='word_1_869' title='bbox 2628 5075 2772 5131; x_wconf 89' lang='lat' dir='ltr'><strong>enim</strong></span> <span class='ocrx_word' id='word_1_870' title='bbox 2805 5091 2915 5131; x_wconf 91' lang='lat' dir='ltr'><strong>non</strong></span> <span class='ocrx_word' id='word_1_871' title='bbox 2940 5090 3108 5131; x_wconf 87' lang='lat' dir='ltr'><strong>carne</strong></span> <span class='ocrx_word' id='word_1_872' title='bbox 3128 5074 3397 5131; x_wconf 89' lang='lat' dir='ltr'><strong>creditur.</strong></span> 
     </span>
    </p>
   </div>
   <div class='ocr_carea' id='block_1_109' title="bbox 2896 5210 3249 5267">
    <p class='ocr_par' dir='ltr' id='par_1_109' title="bbox 2896 5210 3249 5267">
     <span class='ocr_line' id='line_1_109' title="bbox 2896 5210 3249 5267; baseline -0.003 -1"><span class='ocrx_word' id='word_1_873' title='bbox 2896 5210 3122 5267; x_wconf 79' lang='lat' dir='ltr'><strong>CAPUT</strong></span> <span class='ocrx_word' id='word_1_874' title='bbox 3161 5210 3249 5266; x_wconf 93' lang='grc'><strong>111.</strong></span> 
     </span>
    </p>
   </div>
   <div class='ocr_carea' id='block_1_110' title="bbox 2339 5320 3878 5417">
    <p class='ocr_par' dir='ltr' id='par_1_110' title="bbox 2339 5320 3878 5417">
     <span class='ocr_line' id='line_1_110' title="bbox 2339 5320 3878 5417; baseline -0.001 -18"><span class='ocrx_word' id='word_1_875' title='bbox 2339 5344 2522 5415; x_wconf 75' lang='lat' dir='ltr'><strong>(Vera.</strong></span> <span class='ocrx_word' id='word_1_876' title='bbox 2556 5345 2581 5398; x_wconf 83' lang='grc'><strong>1</strong></span> <span class='ocrx_word' id='word_1_877' title='bbox 2610 5354 2665 5401; x_wconf 88' lang='grc' dir='ltr'><strong>ει</strong></span> <span class='ocrx_word' id='word_1_878' title='bbox 2688 5346 2772 5417; x_wconf 87' lang='lat'><strong>2.)</strong></span> <span class='ocrx_word' id='word_1_879' title='bbox 2798 5348 2939 5416; x_wconf 83' lang='lat' dir='ltr'><strong>Quid</strong></span> <span class='ocrx_word' id='word_1_880' title='bbox 2981 5320 3117 5402; x_wconf 76' lang='lat' dir='ltr'><strong>enim</strong></span> <span class='ocrx_word' id='word_1_881' title='bbox 3153 5348 3381 5417; x_wconf 78' lang='lat' dir='ltr'><strong>aniplius</strong></span> <span class='ocrx_word' id='word_1_882' title='bbox 3426 5358 3502 5406; x_wconf 88' lang='lat' dir='ltr'><strong>est</strong></span> <span class='ocrx_word' id='word_1_883' title='bbox 3544 5348 3751 5413; x_wconf 79' lang='lat' dir='ltr'><strong>Judrco,</strong></span> <span class='ocrx_word' id='word_1_884' title='bbox 3782 5355 3878 5400; x_wconf 84' lang='lat' dir='ltr'><strong>aut</strong></span> 
     </span>
    </p>
   </div>
   <div class='ocr_carea' id='block_1_111' title="bbox 2256 5504 2821 5564">
    <p class='ocr_par' dir='ltr' id='par_1_111' title="bbox 2256 5504 2821 5564">
     <span class='ocr_line' id='line_1_111' title="bbox 2256 5504 2821 5564; baseline 0.005 -3"><span class='ocrx_word' id='word_1_885' title='bbox 2256 5506 2447 5561; x_wconf 87' lang='lat' dir='ltr'><strong>missus</strong></span> <span class='ocrx_word' id='word_1_886' title='bbox 2475 5516 2550 5557; x_wconf 87' lang='lat' dir='ltr'><strong>est</strong></span> <span class='ocrx_word' id='word_1_887' title='bbox 2580 5504 2821 5564; x_wconf 78' lang='lat' dir='ltr'><strong>Abrahte.</strong></span> 
     </span>
    </p>
   </div>
   <div class='ocr_carea' id='block_1_112' title="bbox 2329 5575 3872 5658">
    <p class='ocr_par' dir='ltr' id='par_1_112' title="bbox 2329 5575 3872 5658">
     <span class='ocr_line' id='line_1_112' title="bbox 2329 5575 3872 5658; baseline 0.001 -28"><span class='ocrx_word' id='word_1_888' title='bbox 2329 5587 2351 5615; x_wconf 76' lang='grc' dir='ltr'><strong>ε</strong></span> <span class='ocrx_word' id='word_1_889' title='bbox 2394 5575 2553 5658; x_wconf 62' lang='grc' dir='ltr'>βοιιι.</span> <span class='ocrx_word' id='word_1_890' title='bbox 2581 5577 2769 5658; x_wconf 36' lang='lat' dir='ltr'><strong>Dedit“</strong></span> <span class='ocrx_word' id='word_1_891' title='bbox 2802 5576 2927 5658; x_wconf 66' lang='lat' dir='ltr'><strong>Non</strong></span> <span class='ocrx_word' id='word_1_892' title='bbox 2972 5587 3045 5633; x_wconf 83' lang='lat' dir='ltr'><strong>est</strong></span> <span class='ocrx_word' id='word_1_893' title='bbox 3098 5578 3373 5634; x_wconf 84' lang='lat' dir='ltr'><strong>obscurum</strong></span> <span class='ocrx_word' id='word_1_894' title='bbox 3427 5579 3872 5635; x_wconf 84' lang='lat' dir='ltr'><strong>circumcisionem</strong></span> 
     </span>
    </p>
   </div>
   <div class='ocr_carea' id='block_1_113' title="bbox 2254 5646 3044 5704">
    <p class='ocr_par' dir='ltr' id='par_1_113' title="bbox 2254 5646 3044 5704">
     <span class='ocr_line' id='line_1_113' title="bbox 2254 5646 3044 5704; baseline -0.003 0"><span class='ocrx_word' id='word_1_895' title='bbox 2254 5648 2434 5704; x_wconf 85' lang='lat' dir='ltr'><strong>carnis</strong></span> <span class='ocrx_word' id='word_1_896' title='bbox 2466 5646 2675 5700; x_wconf 89' lang='lat' dir='ltr'><strong>laudem</strong></span> <span class='ocrx_word' id='word_1_897' title='bbox 2700 5665 2807 5704; x_wconf 91' lang='lat' dir='ltr'><strong>non</strong></span> <span class='ocrx_word' id='word_1_898' title='bbox 2838 5649 3044 5704; x_wconf 84' lang='lat' dir='ltr'><strong>habere.</strong></span> 
     </span>
    </p>
   </div>
   <div class='ocr_carea' id='block_1_114' title="bbox 2319 5716 3872 5803">
    <p class='ocr_par' dir='ltr' id='par_1_114' title="bbox 2319 5716 3872 5803">
     <span class='ocr_line' id='line_1_114' title="bbox 2319 5716 3872 5803; baseline 0.004 -34"><span class='ocrx_word' id='word_1_899' title='bbox 2319 5716 2354 5803; x_wconf 38' lang='grc' dir='ltr'><strong>,ἀ</strong></span> <span class='ocrx_word' id='word_1_900' title='bbox 2400 5716 2603 5803; x_wconf 73' lang='lat' dir='ltr'><strong>Eadem</strong></span> <span class='ocrx_word' id='word_1_901' title='bbox 2634 5719 2792 5803; x_wconf 57' lang='lat' dir='ltr'><strong>edin,</strong></span> <span class='ocrx_word' id='word_1_902' title='bbox 2824 5735 2949 5803; x_wconf 83' lang='lat' dir='ltr'><strong>cum</strong></span> <span class='ocrx_word' id='word_1_903' title='bbox 2983 5736 3089 5777; x_wconf 92' lang='lat' dir='ltr'><strong>uno</strong></span> <span class='ocrx_word' id='word_1_904' title='bbox 3125 5724 3420 5780; x_wconf 90' lang='lat' dir='ltr'><strong>autaltero</strong></span> <span class='ocrx_word' id='word_1_905' title='bbox 3442 5740 3606 5793; x_wconf 89' lang='lat' dir='ltr'><strong>mss.,</strong></span> <span class='ocrx_word' id='word_1_906' title='bbox 3642 5720 3793 5778; x_wconf 85' lang='lat' dir='ltr'><strong>Unde</strong></span> <span class='ocrx_word' id='word_1_907' title='bbox 3817 5720 3872 5775; x_wconf 81' lang='lat' dir='ltr'><strong>in</strong></span> 
     </span>
    </p>
   </div>
   <div class='ocr_carea' id='block_1_115' title="bbox 2252 5786 2997 5860">
    <p class='ocr_par' dir='ltr' id='par_1_115' title="bbox 2252 5786 2997 5860">
     <span class='ocr_line' id='line_1_115' title="bbox 2252 5786 2997 5860; baseline 0 -13"><span class='ocrx_word' id='word_1_908' title='bbox 2252 5791 2364 5848; x_wconf 87' lang='lat' dir='ltr'><strong>alia</strong></span> <span class='ocrx_word' id='word_1_909' title='bbox 2387 5786 2609 5860; x_wconf 81' lang='lat' dir='ltr'><strong>epistola</strong></span> <span class='ocrx_word' id='word_1_910' title='bbox 2631 5790 2763 5847; x_wconf 86' lang='lat' dir='ltr'><strong>inter</strong></span> <span class='ocrx_word' id='word_1_911' title='bbox 2780 5786 2997 5847; x_wconf 73' lang='lat' dir='ltr'><strong>caetera.</strong></span> 
     </span>
    </p>
   </div>
  </div>
