4082 6306
196 262 266 316 7'5

1079 262 1583 324 COMMENTARIA
1626 267 1692 324 IN
1734 267 2125 329 El'ISTOLAM
2166 274 2260 329 AD
2299 274 2649 337 RUMANOS.

3452 290 3521 345 Ἠ

194 394 313 451 qua:
356 379 570 434 utilitas
605 381 1050 437 circumcisionis?
1085 381 1312 437 Multum
1349 399 1438 452 per
1468 399 1669 439 onmem
1712 400 1820 440 mo—
1846 404 1901 463 Α
1924 403 2021 444 sua
2045 389 2223 446 lidelis
2253 399 2357 458 est,
2388 401 2444 448 et
2491 394 2672 450 omnis
2702 394 2867 452 homo
2913 398 3177 467 mendax;
3218 402 3528 474 excuiplum

193 473 342 525 dum.
408 471 663 530 Primum
709 474 921 545 quidem
972 475 1094 546 quia
1141 475 1337 530 credita
1387 486 1510 530 sunt
1554 476 1659 530 illis
1713 476 1821 531 elo-

192 564 316 633 quia
347 562 474 621 Dei.
526 565 866 638 Quamquam
916 567 1083 623 multa
1128 566 1258 633 sint,
1288 582 1411 637 quae
1452 565 1520 622 ad
1558 566 1821 622 honoriﬁ-

190 658 435 713 centiam
490 667 547 713 et
597 659 853 715 meritum
914 658 1222 730 pertineant
1269 658 1497 713 seminis
1545 658 1819 725 Abrahae;

190 751 298 808 hoc
358 761 547 808 tamen
593 754 773 810 solum
821 764 1012 825 aperte
1064 762 1355 816 memorat,
1409 752 1537 825 quia
1566 754 1821 809 maxima:

191 848 374 906 laudis
400 865 598 906 eorum
628 862 749 919 est,
778 860 835 907 ut
859 850 1058 923 Legem
1117 867 1216 923 per
1254 867 1419 923 quam
1471 851 1822 909 addiscerem.

191 952 411 999 rectum
465 958 497 998 a
552 958 816 1015 perverso
860 944 1218 1016 distinguere,
1247 943 1399 1017 digni
1442 944 1820 1016 judicarentur

190 1037 482 1107 accipere;
500 1047 563 1093 ut
589 1046 715 1109 post
733 1037 840 1094 hoc
859 1037 1091 1109 primum
1109 1048 1305 1094 caetera
1330 1037 1514 1110 qualia
1538 1038 1670 1108 sint,
1694 1053 1819 1110 pos-

190 1130 299 1185 sint
332 1131 594 1202 intelligi.
625 1131 895 1198 Quoniam
927 1142 1111 1187 autem
1150 1130 1356 1188 Judaeis
1396 1132 1730 1201 carnalibus,
1763 1133 1816 1189 id

191 1234 292 1293 est,
338 1224 669 1293 incredulis,
715 1227 851 1282 nihil
884 1226 1154 1299 prolicere
1193 1229 1568 1285 testimonium
1600 1231 1819 1302 generis

192 1320 475 1388 ostendit;
527 1338 598 1377 ne
627 1336 842 1389 omnes,
869 1332 895 1360 ιι
924 1322 975 1379 id
999 1333 1105 1391 est,
1136 1332 1192 1379 et
1219 1324 1513 1382 credentes
1542 1326 1687 1382 male
1717 1335 1818 1380 tra-

189 1423 376 1472 ctasse
402 1415 706 1485 videretur,
721 1416 884 1474 docet
910 1417 1143 1474 multum
1170 1418 1301 1474 utile
1328 1435 1451 1476 esse
1466 1419 1671 1476 Judaeis
1694 1435 1817 1477 cre-

191 1511 480 1576 dentibus,
509 1512 637 1583 quia
667 1511 766 1569 ﬁlii
797 1522 926 1568 sunt
979 1512 1236 1569 Abrahre.
1286 1512 1385 1568 llis
1413 1513 1558 1569 enim
1599 1514 1814 1585 eloquia

192 1605 285 1662 Dei
311 1615 446 1663 sunt
463 1605 697 1675 credita,
726 1605 852 1662 dum
878 1606 1105 1678 Legem,
1123 1623 1246 1678 qua:
1270 1608 1508 1678 peccatis
1533 1608 1813 1664 hominum

192 1698 569 1767 obsoleverat,
600 1700 753 1769 quasi
800 1700 1022 1770 impune
1068 1710 1386 1770 peccaretur
1429 1701 1574 1771 apud
1617 1702 1811 1765 Deum,

194 1795 393 1850 merito
420 1793 648 1850 Patrum
673 1791 1025 1850 relurmatam
1054 1791 1348 1864 accipiunt,
1374 1803 1430 1849 et
1452 1792 1686 1863 populus
1718 1791 1813 1847 Dei

193 1896 484 1945 vocantur.
508 1886 779 1960 1Egyptus
804 1901 1021 1958 quoque
1048 1895 1272 1958 propter
1313 1886 1543 1958 injurias
1584 1886 1808 1943 illorum

192 1980 428 2037 diversis
473 1980 647 2052 plagis
690 1978 997 2051 percutitur
1022 1998 1052 2048 ,ξ
1082 1980 1292 2036 crelesti
1329 1995 1471 2051 pane
1519 1980 1807 2049 cibantur,

194 2075 449 2130 omnibus
479 2073 733 2147 gentibus
774 2074 970 2129 terrori
1016 2082 1166 2143 sunt,
1201 2082 1435 2131 testante
1467 2072 1571 2130 hoc
1620 2070 1810 2131 Bahab

196 2168 488 2226 meretrice
519 2185 534 2224 :
576 2167 777 2241 quibus
803 2168 970 2229 etiam
1005 2166 1261 2225 Christus
1290 2169 1533 2225 salvator
1578 2167 1647 2224 ad
1683 2182 1811 2223 san-

198 2262 587 2321 ctificationem
623 2262 926 2333 promissus
953 2270 1039 2318 est
1066 2261 1253 2334 (Josue
1277 2278 1340 2332 ιι,
1368 2263 1402 2319 9
1425 2272 1472 2317 ει
1493 2260 1654 2335 seq.).
1681 2262 1810 2319 ldeo

204 2358 278 2412 ait
320 2357 547 2412 multum
586 2358 721 2415 utile
772 2357 982 2416 Judaeis
1023 2373 1119 2430 per
1148 2373 1368 2415 omnem
1406 2357 1651 2428 modum,
1680 2357 1809 2429 quia

203 2448 293 2504 lilii
320 2450 433 2505 sint
454 2449 722 2509 Abrahae:
751 2458 1162 2524 anteponuntur
1201 2451 1350 2509 enim
1383 2451 1667 2524 gentibus,
1710 2450 1807 2508 sed

198 2548 286 2618 qui
320 2545 579 2604 credunt.

262 2642 453 2715 (νει-ε.
478 2643 565 2716 5.)
595 2644 737 2713 Quid
772 2644 910 2700 enim
936 2644 984 2699 si
1007 2643 1227 2716 quidam
1256 2643 1473 2699 illorum
1496 2658 1602 2698 non
1631 2642 1807 2698 credi-

193 2735 715 2809 daunthumquid
753 2736 1092 2793 incredulitas
1118 2737 1333 2792 illorum
1353 2736 1511 2806 [idem
1542 2734 1643 2790 Dei
1689 2750 1810 2790 eua-

194 2835 408 2890 cuabit?
455 2834 622 2891 Absit.
664 2833 695 2873 ιτ
721 2833 841 2891 Non
886 2834 1084 2905 inquit,
1108 2832 1235 2905 quia
1275 2832 1446 2903 aliqui
1490 2830 1808 2888 Judaeorum

192 2928 423 2985 credere
460 2928 778 2994 noluerunt,
807 2944 929 2999 quas
953 2927 1101 2984 Deus
1126 2926 1378 2998 promisit
1401 2926 1531 2981 ﬁliis
1550 2923 1806 2993 Abrahae,

191 3021 397 3080 idcirco
438 3022 883 3094 prrejudicahitur
924 3021 1138 3080 creteris
1157 3022 1392 3089 Judaeis;
1420 3037 1492 3079 ne
1540 3021 1692 3094 digni
1727 3021 1811 3077 di-

192 3128 389 3175 cantur
408 3119 663 3197 accipere
684 3119 830 3191 quod
850 3119 993 3176 Deus
1021 3120 1274 3191 promisit
1298 3119 1550 3176 ﬁdelibus
1575 3137 1590 3175 :
1609 3119 1811 3191 quippe

1926 482 2301 554 propheticum
2353 487 2595 543 subdidit
2656 504 2725 545 ex
2778 492 2985 561 psalmo
3044 495 3521 568 quinquagesimo.

1923 592 2031 647 quo
2052 585 2109 633 et
2130 577 2298 635 Deum
2325 579 2509 635 verbis
2532 580 2645 636 suis
2662 581 2974 653 justiticari,
2990 595 3048 643 et
3071 587 3349 645 hominem
3376 606 3532 646 men-

1923 673 2109 729 dacem
2142 675 2541 732 incredulitatis
2566 691 2732 733 causa
2762 679 3014 750 signavit.
3051 682 3352 755 Utrumque
3379 685 3527 740 enim

1922 766 2123 837 legitur
2149 768 2204 822 in
2230 768 2370 825 libro
2397 769 2766 837 Psalmorum,
2797 772 2923 843 quia
2979 775 3122 832 Deus
3141 777 3322 848 justus
3352 788 3407 834 et
3437 794 3530 834 ve-

1922 878 2018 918 rax
2044 873 2150 931 est,
2172 871 2231 920 et
2269 865 2451 921 omnis
2500 866 2666 923 homo
2693 868 2926 924 mendax
2976 867 3151 941 (Psal.
3177 888 3374 939 uxxv,
3409 873 3525 945 15).

1922 958 2236 1015 Mendacem
2283 960 2564 1018 hominem
2605 962 2912 1030 dicil,dum
2963 979 3071 1021 non
3117 968 3331 1037 credit,
3382 969 3526 1039 quod

1920 1053 2172 1124 promisit
2196 1054 2373 1121 Deus;
2403 1070 2607 1127 negans
2632 1056 2776 1112 enim
2798 1057 3052 1113 daturum
3077 1059 3221 1129 quod
3255 1062 3528 1130 promisit,

1922 1145 2154 1201 mendax
2185 1156 2271 1206 est
2310 1165 2322 1201 :
2360 1158 2417 1204 et
2458 1148 2589 1205 dum
2651 1151 2767 1222 ipse
2816 1151 3050 1207 mendax
3079 1163 3186 1218 cst,
3228 1154 3411 1212 multis
3461 1171 3528 1210 ex

1920 1242 2100 1297 causis
2130 1241 2304 1298 Deum
2336 1244 2656 1301 mendacem
2688 1247 3024 1317 pronuntiat,
3050 1247 3265 1318 quando
3298 1250 3532 1319 prornis-

1919 1334 1994 1391 sis
2019 1335 2138 1405 ejus
2169 1352 2276 1392 non
2304 1339 2499 1393 credit.
2534 1340 2701 1410 Igitur
2726 1354 2947 1397 omnem
2978 1340 3258 1398 hominem
3310 1342 3537 1397 menda-

1918 1446 2036 1487 cem
2067 1431 2221 1498 dicit,
2246 1432 2335 1503 qui
2362 1431 2616 1489 dilﬁdens
2642 1442 2727 1489 est
2750 1434 2821 1490 de
2844 1435 3130 1505 promissis
3157 1435 3274 1492 Dei.
3299 1434 3531 1491 Maxime

1920 1533 2100 1580 tamen
2132 1524 2234 1581 hoc
2259 1524 2570 1597 addudmos
2599 1528 2858 1597 pertinet,
2895 1543 3128 1599 quorum
3168 1543 3390 1584 causam
3421 1538 3535 1584 tra-

1918 1628 2031 1675 ctat
2060 1622 2163 1675 hoc
2190 1619 2314 1676 loco
2341 1622 2662 1693 Apostolus,
2689 1624 2781 1693 qui
2824 1623 3077 1680 videntes
3106 1624 3407 1693 Christum,
3434 1639 3537 1681 ne-

1918 1721 2183 1783 gaverunt
2230 1712 2375 1770 hunc
2420 1730 2562 1782 esse,
2615 1730 2778 1785 quem
2826 1717 3079 1788 promisit
3107 1717 3280 1784 Deus;
3331 1733 3398 1774 ac
3436 1733 3536 1789 per

1843 1823 1892 1884 Β
1919 1805 2022 1862 hoc
2065 1808 2355 1866 mendaces
2402 1812 2828 1881 pronuntiantur
2871 1831 2884 1866 :
2926 1813 3072 1869 Deus
3122 1822 3310 1870 autem
3360 1829 3532 1871 verax

1913 1911 2019 1969 est,
2046 1904 2137 1974 qui
2170 1903 2319 1959 misit
2346 1903 2650 1973 Christum,
2672 1906 2817 1963 sicut
2857 1908 3135 1977 promisit;
3163 1917 3221 1964 et
3254 1909 3333 1965 sic
3364 1910 3537 1965 vincit

1914 2010 2036 2051 cum
2077 1995 2379 2067 judicatur,
2413 1999 2537 2069 quia
2577 1998 2747 2067 dabit,
2771 2000 2918 2071 quod
2970 2000 3197 2057 daturus
3248 2011 3479 2072 negatur
3516 2020 3529 2056 :

1913 2105 2037 2145 cum
2065 2091 2209 2147 enim
2239 2106 2349 2149 non
2379 2090 2430 2149 ei
2450 2093 2718 2161 creditur,
2746 2093 2982 2151 mendax
3005 2094 3413 2166 judicatur.llle
3432 2110 3531 2152 au-

1916 2192 2024 2239 tem
2055 2199 2179 2239 cum
2218 2183 2328 2257 53
2347 2184 2439 2240 dat
2461 2186 2604 2256 quod
2622 2186 2901 2258 judicatur
2924 2203 3034 2244 non
3054 2187 3304 2257 daturus,
3333 2189 3524 2257 vincit,

1912 2279 2212 2336 ostendens
2235 2294 2296 2336 se
2335 2282 2798 2348 veracemgillum
2842 2292 3027 2340 autem
3064 2285 3405 2352 mendacem,
3434 2289 3528 2357 qui

1912 2387 2022 2429 non
2052 2373 2231 2429 credit
2267 2375 2449 2432 verbis
2479 2376 2616 2447 ejus.
2662 2376 2881 2433 Videbit
2915 2379 3061 2434 enim
3104 2380 3198 2436 Dei
3245 2380 3444 2437 Filium
3476 2383 3528 2436 in

1912 2466 2227 2538 majestate,
2255 2484 2420 2539 quem
2470 2479 2677 2541 negat:
2722 2470 2931 2528 videbit
2971 2483 3027 2528 et
3063 2474 3246 2532 carnis
3284 2491 3534 2531 resurre-

1911 2561 2172 2631 ctionem,
2203 2560 2231 2600 ἀ
2262 2571 2318 2619 et
2362 2563 2500 2620 sciet
2539 2565 2740 2621 victam
2766 2579 2893 2622 esse
2934 2566 3219 2635 perﬁdiam
3252 2568 3529 2639 pollicita-

1913 2653 2061 2712 tione
2081 2663 2137 2710 et
2168 2655 2398 2712 veritate
2421 2656 2539 2713 Dei.
2575 2656 2708 2713 Nam
2735 2666 2795 2713 et
2818 2657 3070 2715 Christus
3099 2675 3224 2715 cum
3257 2660 3532 2731 judicatus

1912 2757 2021 2814 εει,
2048 2748 2217 2805 vicit:
2245 2749 2432 2821 inique
2450 2751 2595 2807 enim
2619 2750 2838 2807 occisus
2878 2761 2983 2820 est,
3009 2760 3065 2808 et
3092 2768 3245 2809 reum
3266 2754 3395 2810 fecit
3417 2754 3537 2810 dia-

1912 2841 2123 2911 bolum,
2146 2857 2310 2915 quem
2348 2844 2461 2915 jam
2489 2859 2597 2899 non
2634 2843 2914 2916 peccando
2945 2855 3334 2917 superaverat,
3366 2856 3426 2903 ut
3446 2863 3535 2904 sc-

1913 2936 2097 2993 cundo
2120 2939 2298 2993 victus
2320 2920 2620 3005 anitteret,
2646 2953 2783 3009 quos
2815 2939 3033 2996 tenebat
3068 2951 3112 2994 ι’.

1985 3027 2169 3102 (Vers.
2206 3028 2242 3084 5
2283 3040 2339 3085 et
2366 3030 2446 3102 6.)
2477 3030 2537 3087 Si
2564 3040 2737 3086 autent
2759 3032 3017 3102 injustitia
3044 3041 3224 3089 nostra
3250 3033 3349 3090 Dei
3363 3036 3527 3107 justi-

1911 3122 2040 3176 tiam
2087 3123 2444 3189 commendat,
2494 3123 2620 3193 quid
2670 3124 2948 3181 dicemus?
3002 3124 3276 3199 Numquid
3320 3128 3531 3201 iniquus

192 3230 317 3271 cum
354 3215 439 3271 sic
468 3213 608 3271 laeta
639 3215 713 3270 sit
756 3213 1071 3291 promissio,
1104 3224 1167 3271 ut
1194 3215 1550 3273 credentibus
1576 3216 1810 3289 prolice-
1840 3227 1885 3289 ο
1918 3213 2080 3282 Deus,
2106 3216 2195 3287 qui
2225 3217 2381 3288 infert
2411 3216 2545 3272 iram
2570 3216 2880 3289 (secundum
2900 3218 3159 3277 hominem
3199 3220 3343 3295 dico)
3373 3224 3506 3278 absit

194 3317 298 3364 ret.
319 3307 494 3379 Igitur
522 3323 631 3364 non
661 3306 981 3380 indignatus
1007 3308 1149 3365 Deus
1191 3318 1414 3380 propter
1442 3309 1660 3365 illorum
1690 3325 1809 3381 per-

194 3400 407 3469 ﬁdiam,
431 3400 611 3468 idest,
643 3400 980 3468 Judaaorum,
1005 3401 1160 3458 dabit
1194 3402 1423 3473 reliquis
1463 3401 1815 3459 credentibus

196 3498 365 3554 vitam
396 3505 697 3564 aeternam,
745 3512 910 3568 quam
949 3496 1201 3568 promisit
1231 3496 1469 3553 luturam
1513 3511 1612 3568 per
1650 3496 1813 3553 ﬁdem

195 3591 440 3659 Christi;
470 3593 599 3665 quia
618 3592 710 3664 qui
739 3606 849 3650 non
892 3591 1268 3660 crediderunt,
1302 3593 1406 3663 ipsi
1452 3607 1512 3649 se
1563 3592 1815 3663 indignos

198 3689 456 3746 fecerunt
482 3690 605 3745 sine
634 3687 952 3759 praejudicio
978 3696 1330 3745 cancrorum.
1359 3685 1454 3741 llis
1482 3685 1644 3742 dictis
1664 3701 1817 3743 com-

198 3782 426 3839 mendat
445 3782 736 3840 credentes
762 3781 1018 3848 Judaeos;
1048 3782 1174 3853 quia
1202 3779 1334 3837 nihil
1373 3778 1531 3836 obest
1556 3779 1660 3845 eis,
1688 3779 1815 3850 quia

200 3878 360 3934 multi
388 3892 457 3934 ex
480 3877 590 3933 illis
615 3876 848 3934 credere
882 3876 1195 3933 noluerunt.

276 3969 465 4040 (Vers.
490 3968 575 4040 4.)
596 3966 692 4024 Est
715 3969 852 4024 enim
869 3966 1017 4024 Deus
1045 3982 1221 4036 verax,
1263 3966 1433 4021 omnis
1459 3973 1632 4020 autem
1661 3964 1815 4020 homo

205 4062 451 4127 mendax,
490 4073 511 4100 ε
540 4061 673 4117 sicut
698 4061 951 4133 scriptum
979 4069 1053 4116 est
1078 4076 1097 4115 :
1124 4057 1193 4115 Ut
1206 4058 1513 4131 justiﬁeeris
1543 4059 1597 4112 in
1624 4073 1820 4113 seruta-

207 4155 358 4210 nibus
375 4154 504 4222 tuis,
526 4161 577 4209 et
607 4153 783 4209 uincas
830 4170 947 4209 cum
959 4152 1222 4227 judicaris
1248 4150 1426 4223 (Psal.
1452 4149 1597 4223 1.,6).
1630 4149 1703 4207 Ut
1728 4149 1819 4205 lir-

207 4257 385 4305 maret
425 4246 576 4320 quod
620 4260 781 4318 supra
816 4246 975 4315 dixit,
1004 4244 1149 4318 quod
1178 4245 1325 4302 Deus
1354 4248 1407 4300 in
1456 4242 1820 4316 promissione

283 4415 309 4443 η
350 4406 511 4471 Rom,
542 4403 701 4470 edit.,
733 4403 788 4457 id
809 4412 905 4469 est,
931 4413 979 4457 et
1006 4403 1291 4467 credentes,
1314 4411 1363 4458 et
1392 4419 1494 4458 non
1515 4402 1777 4457 credentes
1805 4417 1823 4456 :

1916 3308 2034 3365 Hoc
2065 3308 2227 3379 juxta
2254 3324 2476 3367 sensum
2510 3311 2794 3383 propheta:
2827 3314 2994 3370 David
3023 3314 3159 3371 dicit
3186 3315 3483 3387 Apostolus
3519 3335 3530 3369 :

1920 3403 2088 3459 David
2119 3413 2304 3461 autem
2341 3405 2563 3477 quando
2600 3416 2931 3478 peccaverat
2968 3408 3020 3463 in
3049 3421 3212 3465 causa
3246 3408 3391 3466 Uria:
3422 3409 3533 3468 lle-

1920 3497 2048 3554 thaai
2076 3497 2145 3569 (ll
2179 3498 2309 3571 Reg.
2340 3514 2401 3567 ιι,
2425 3498 2508 3571 4),
2545 3501 2729 3558 sciens
2758 3503 2887 3573 quia
2910 3503 3204 3572 promissio
3231 3505 3534 3575 peccatori-

1918 3591 2021 3647 bus
2047 3591 2164 3648 dari
2198 3609 2306 3649 non
2337 3601 2539 3663 potest,
2570 3604 2762 3650 exorat
2799 3604 2858 3651 ut
2878 3594 3197 3666 justiticatio
3230 3597 3526 3652 verborum

1920 3682 2020 3740 Dei
2057 3688 2240 3740 vincat
2261 3684 2527 3754 judicium
2578 3683 2597 3722 τ
2628 3701 2737 3757 quo
2764 3685 3084 3756 judicantur
3112 3687 3146 3741 ii
3179 3687 3269 3756 qui
3305 3699 3532 3756 peccant.

1922 3776 2095 3849 (Psal.
2136 3795 2190 3843 1.,
2229 3776 2321 3848 6);
2353 3787 2409 3832 et
2439 3778 2798 3847 pmnitentem
2840 3777 3107 3834 relormet
3138 3777 3490 3834 sanetilicans
3514 3823 3529 3842 ,

1921 3872 1983 3921 ιιι
2026 3864 2120 3920 det
2162 3865 2215 3921 ei
2257 3865 2402 3935 quod
2425 3865 2592 3935 justis
2636 3879 2696 3921 se
2732 3864 2986 3920 daturum
3018 3866 3293 3936 promisit.
3324 3867 3405 3922 Ac
3434 3880 3533 3935 per

1920 3956 2027 4016 hoc
2066 3956 2298 4027 subjecit
2322 3974 2335 4011 :
2362 3957 2427 4014 Si
2455 3966 2628 4012 autent
2656 3957 2920 4031 injustitia
2941 3964 3119 4012 nostra
3146 3955 3247 4013 Dei
3266 3958 3536 4030 justitiam

1923 4049 2267 4118 commendat,
2310 4058 2445 4116 etc.,
2492 4049 2544 4105 id
2582 4057 2697 4117 est,
2727 4050 2773 4105 si
2804 4049 2929 4120 quia
2969 4063 3071 4105 nos
3098 4059 3415 4120 peccatores
3444 4067 3539 4105 su-

1926 4159 2069 4210 mus,
2095 4143 2238 4200 Deus
2259 4144 2629 4214 justilicatur;
2657 4143 2878 4215 iniquus
2898 4143 3024 4208 erit,
3050 4144 3096 4199 si
3115 4142 3375 4201 vindicet.
3397 4144 3534 4201 Nam

1925 4242 1973 4298 si
2003 4239 2272 4311 injustitia
2303 4249 2492 4296 nostra
2528 4239 2578 4296 ei
2602 4239 2896 4311 proliceret
2918 4279 2933 4307 ,
2967 4240 3087 4297 sine
3115 4238 3284 4295 dubio
3318 4240 3533 4312 iniquus

1932 4402 2071 4473 pleat
2101 4401 2238 4471 quod
2268 4400 2528 4472 promisit.
2580 4399 2735 4469 Quod
2783 4402 2938 4456 etiam
2993 4400 3293 4473 prophetico
3322 4404 3535 4460 oraculo

211 4479 352 4557 bene
380 4479 525 4544 aliae,
550 4491 615 4531 ac
645 4486 861 4557 mss._ut
888 4476 941 4531 in
974 4482 1148 4557 textu,
1170 4484 1255 4531 est
1280 4474 1448 4542 enim,
1483 4483 1531 4529 et
1558 4474 1821 4530 credentes
1849 4483 1904 4545 Ι)
1928 4472 2099 4545 ﬁrmat
2145 4474 2355 4557 dicens,
2370 4473 2503 4527 sicut
2548 4473 2798 4557 scriptum
2858 4482 2931 4556 est
2962 4489 2993 4557 ς.
3015 4472 3429 4557 ΠιέριιεεὶΙξι-ενίε
3481 4477 3535 4531 in

212 4550 355 4607 idem
385 4561 570 4620 atque,
593 4549 760 4604 etiam
789 4547 938 4617 ipsos
966 4548 1276 4620 credentes.
1332 4576 1341 4583 ο

286 4621 312 4661 ¹ι
353 4618 512 4677 Rom.
563 4621 724 4685 edit.,
776 4621 941 4687 Absit,
971 4619 1119 4689 quasi
1163 4618 1304 4674 dicat
1336 4635 1354 4674 :
1388 4618 1524 4687 Quia
1561 4619 1823 4689 aliqui....

217 4695 448 4764 promisit
473 4692 735 4764 ﬁdelibus.
776 4690 900 4746 Non
929 4692 1095 4763 inquit
1128 4709 1147 4747 :
1167 4692 1356 4763 quippe
1375 4706 1516 4764 cum,
1555 4700 1662 4764 etc.
1692 4689 1824 4764 Cill.

217 4760 269 4820 in
300 4760 647 4827 variis‘lectq
678 4762 797 4817 Hoc
819 4764 965 4829 dicit,
998 4760 1121 4833 quia
1143 4779 1245 4818 non
1275 4760 1701 4835 prejudicabitur
1729 4760 1831 4835 Juf

218 4838 344 4891 dicis
391 4836 739 4899 credentibus,
782 4851 845 4889 ne
887 4832 1033 4902 digni
1080 4832 1325 4889 dicantur
1377 4832 1636 4905 accipere,
1689 4832 1829 4904 quod

220 4909 455 4979 promisit
486 4907 626 4964 Deus
672 4910 869 4979 caeteris
897 4906 1275 4977 difﬁdentibus,
1304 4908 1426 4979 quia
1445 4907 1684 4979 sicfacta
1710 4922 1833 4979 proa

221 4975 397 5036 missio
425 4991 534 5045 est,
564 4988 619 5033 ut
672 4978 865 5033 donum
918 4975 1100 5050 gratia:
1148 4979 1259 5050 ejus
1304 4975 1628 5032 credentibus
1670 4975 1833 5049 proﬁ-

225 5062 381 5107 ceret.

296 5137 317 5159 ίτ
358 5123 526 5180 Corh.
551 5121 676 5179 cod.
707 5122 911 5191 aliique
936 5120 1203 5186 nonnulli,
1232 5129 1289 5192 et
1314 5120 1472 5176 Dion.
1504 5121 1644 5192 apud
1675 5120 1830 5187 Gill.,

225 5197 356 5251 sicut
384 5196 635 5268 scriptum
656 5203 751 5268 est.
776 5192 948 5268 Igitur
975 5194 1217 5266 quoniam
1256 5191 1399 5268 Deus
1440 5191 1596 5248 uerax
1615 5204 1707 5259 est,
1746 5193 1836 5247 dat

226 5268 361 5339 quod
399 5264 683 5339 promisit:
722 5264 946 5339 Itominis
989 5264 1159 5339 autem
1187 5274 1261 5319 est
1288 5264 1501 5339 fallere,
1518 5281 1668 5335 quem
1709 5275 1836 5339 tem:

228 5336 353 5411 pora
374 5336 422 5394 et
450 5349 653 5393 natum
676 5336 1242 5411 imbecillitasfaciunt
1289 5337 1619 5408 mutabilem,
1651 5354 1739 5411 per
1781 5337 1836 5390 id

231 5358 353 5410 pora
374 5355 422 5394 et
450 5355 1003 5393 naturwtmoecutnas
1041 5355 1242 5406 [actum
1289 5355 1619 5408 mutabilem,
1687 5355 1739 5390 er
1781 5355 1835 5390 ta

231 5413 363 5481 quod
391 5410 904 5482 prwscientiamnon
943 5407 1111 5482 liabet.
1143 5405 1287 5463 Deus
1315 5418 1486 5462 autem
1523 5355 1837 5482 aputfquem

234 5480 358 5554 nihil
386 5480 624 5554 futurum
657 5490 754 5547 est,
780 5480 1118 5554 immutabilis
1150 5480 1618 5554 perseverat,_sicu_t
1664 5480 1838 5554 dicit»:

234 5550 344 5624 Ego
365 5550 504 5620 sum,
537 5564 588 5607 et
618 5569 717 5607 non
750 5556 1005 5607 mutabor.
1044 5552 1261 5606 Omnem
1306 5568 1430 5623 ergo
1458 5551 1725 5624 hominem
1759 5551 1842 5604 di-

238 5623 303 5679 cit
324 5627 647 5688 menducem,
678 5633 729 5678 et
758 5639 934 5679 rerum
963 5632 1070 5691 est;
1095 5634 1283 5678 natura
1308 5624 1443 5677 enim
1471 5638 1588 5693 qua:
1611 5623 1836 5693 fallitur,

237 5712 338 5751 non
376 5696 605 5752 absurde
631 5696 820 5750 dicitur
845 5695 1092 5751 mendax.
1112 5694 1298 5764 Itaque
1336 5694 1621 5765 aliquando
1643 5694 1837 5765 studio,

236 5768 524 5840 aliquando
554 5782 729 5822 errore
772 5769 995 5840 mendax
1041 5776 1134 5822 est.
1162 5766 1285 5821 Non
1326 5764 1449 5840 ergo
1490 5764 1589 5840 hoc
1635 5764 1699 5820 de
1730 5764 1841 5840 Deo

232 5837 550 5918 sperandum
592 5850 688 5904 est,
719 5839 807 5909 qui
848 5848 895 5892 et
934 5853 1084 5894 verus
1126 5847 1222 5907 est,
1248 5848 1297 5895 et
1319 5838 1614 5907 benevolus,
1660 5847 1717 5891 ut
1743 5837 1841 5892 im-

682 5936 955 5999 PA'rnoL.
1014 5936 1214 6000 XVII.

1928 4545 2254 4601 sermonibus
2281 4546 2404 4612 tuis,
2439 4554 2487 4599 et
2516 4545 2710 4611 vincas,
2734 4545 2856 4598 dum
2871 4545 3151 4614 iudicaris.
3193 4545 3330 4600 lluic
3354 4555 3537 4604 autem

1930 4617 2109 4673 versui
2160 4616 2495 4692 subuectant
2515 4615 2640 4692 cod.
2679 4616 2833 4692 Dion.
2866 4626 2921 4692 et_
2953 4616 3195 4692 Rernig.,
3231 4616 3399 4672 Deum
3433 4621 3534 4692 ju—

1930 4698 2068 4743 stum
2095 4689 2333 4758 promisit
2369 4698 2416 4743 et
2445 4687 2610 4760 verbis
2638 4689 2744 4743 suis
2766 4686 3099 4760 praplteticus
3122 4686 3303 4744 sermo
3327 4686 3539 4746 testatur

1932 4776 2023 4816 nec
2070 4761 2365 4833 aliquorum
2406 4759 2627 4833 perfidia
2675 4759 2830 4830 ﬁdem
2858 4763 2973 4833 ejus
3010 4762 3199 4829 minui,
3224 4762 3315 4815 sed
3363 4764 3537 4820 dando

1931 4830 2165 4888 vincere.
2186 4832 2341 4900 Quod
2366 4830 2553 4901 perﬁdi
2576 4848 2680 4904 non
2723 4830 2986 4888 credentes
3023 4843 3213 4904 negant
3241 4850 3357 4889 eum
3392 4836 3539 4890 datu-

1932 4922 2068 4959 rum.
2099 4904 2255 4959 Dabit
2303 4919 2427 4974 ergo
2455 4903 2595 4971 quod
2614 4903 2912 4977 judicatur,
2954 4916 3013 4959 ut
3061 4903 3233 4959 uincat
3278 4905 3537 4975 faciendo,

1933 4978 2070 5058 quod
2116 4974 2627 5058 negaturfacturusl
2666 4974 2813 5030 Tunc
2854 4977 3083 5031 uincetur
3120 4974 3540 5058 irrtpietas,_‘qttw

1936 5045 2061 5102 dum
2104 5045 2207 5102 non
2242 5045 2425 5111 credit,
2459 5055 2611 5118 negat
2651 5062 2770 5102 vera
2809 5064 2947 5115 esse,
2972 5065 3088 5118 qua:
3116 5045 3349 5119 premisit
3378 5045 3536 5102 Dens.

1946 5119 2149 5174 Videbit
2168 5120 2303 5174 enim
2325 5122 2518 5192 factam
2545 5121 2996 5192 resurrectionem,
3021 5137 3176 5192 quam
3222 5121 3420 5191 negavit
3436 5137 3468 5192 _:
3492 5130 3540 5174 et

1934 5192 2057 5248 sciet
2076 5192 2261 5246 uictam
2283 5190 2389 5246 esse
2420 5191 2697 5261 perﬁdiam
2727 5190 3097 5261 pollicitatione
3126 5202 3173 5247 et
3194 5190 3403 5251 veritate
3425 5190 3541 5245 Dei.

1939 5263 2059 5318 Hoc
2095 5272 2170 5319 est
2192 5264 2314 5333 quia
2344 5261 2486 5318 Deus
2511 5279 2667 5317 verax
2705 5273 2799 5329 est,
2832 5264 2997 5317 omnis
3023 5272 3197 5333 autem
3223 5261 3373 5333 homo
3400 5278 3543 5318 menv

1939 5337 2061 5399 dam,
2085 5337 2172 5405 qui
2200 5330 2351 5406 negat
2377 5336 2515 5405 quod
2541 5338 2779 5407 futurum
2802 5343 2896 5388 est.
2924 5333 3065 5389 Nam
3088 5330 3543 5407 etACltristus,etc.

2011 5407 2037 5443 α
2068 5403 2200 5463 Mss.
2222 5403 2450 5477 aliquot,
2476 5403 2681 5462 ut'sciat
2703 5422 2875 5477 verum
2900 5421 3012 5459 esse
3033 5403 3460 5477 pollicitationem
3482 5423 3543 5461 ac

1941 5480 2207 5535 veritatem
2238 5464 2355 5533 Dei.
2437 5464 2449 5475 ’
2744 5464 2781 5501 ³·

2018 5562 2039 5589 ο
2070 5552 2187 5606 Duo
2228 5564 2361 5607 mss.
2396 5548 2622 5615 addunt,
2654 5550 2709 5603 in
2744 5547 2947 5619 inferis,
2973 5547 3071 5601 lioc
3102 5558 3209 5617 est,
3235 5550 3355 5620 quia
3384 5551 3550 5605 omnis

1944 5623 2095 5679 homo
2120 5621 2365 5685 mendax,
2400 5621 2538 5675 Deus
2562 5631 2729 5675 autem
2756 5620 2897 5673 solus
2920 5633 3096 5674 verum.

2019 5699 2043 5741 ι
2070 5693 2329 5750 Nonnulli
2372 5707 2530 5760 mss.,
2579 5707 2678 5762 quo
2714 5690 2988 5763 judicatur
3030 5707 3136 5750 non
3183 5694 3307 5748 dare
3353 5693 3435 5748 his
3466 5697 3554 5765 qui

1944 5776 2178 5839 peccant.

3058 5931 3098 5998 3
