4120 6316
576 282 648 336 75

3073 251 3095 280 /

1626 271 1721 328 AD
1756 269 1990 330 OPERA
2025 269 2086 329 8.
2129 267 2454 331 AMBROSII
2494 265 2864 332 APPENDIX.
3073 265 3085 280 ’
3827 268 3896 333 ΨΒ

575 401 695 450 erat
721 391 766 446 si
798 391 1084 446 damnaret
1110 395 1441 460 peccantes;
1474 395 1503 424 ἰ
1533 385 1662 457 quia
1709 386 1975 458 iniustitia
2000 395 2186 443 nostra
2214 390 2270 452 Α
2365 387 2601 461 Ideoque
2635 389 2869 461 subjecit
2898 405 2914 446 :
2949 389 3183 459 Quorum
3224 391 3496 446 damnatio
3517 393 3664 465 justo
3696 401 3806 458 cst,
3841 392 3897 447 id

579 489 749 544 Deum
791 485 924 543 facit
966 485 1198 556 justum,
1229 485 1274 540 si
1310 483 1658 556 peccantibus
1697 482 1854 539 nobis
1883 483 2003 552 det,
2037 482 2183 555 quod

580 578 832 651 promisit
852 577 1076 634 sanctis.
1109 577 1248 647 Quia
1275 576 1524 648 quamvis
1542 585 1862 647 peccatores
1877 576 2070 642 simus,
2093 592 2183 632 re-

571 677 876 731 t'ormamur
904 681 1085 731 tamen
1123 688 1222 745 per
1249 673 1629 746 paenitentiam
1655 689 1669 739 ;
1698 681 1755 728 ut
1793 688 1902 729 non
1925 672 2036 744 jam
2059 686 2185 743 pee-

573 779 826 834 catores,
877 769 975 827 sed
1021 769 1198 826 abluti
1238 768 1660 840 promissionem
1702 781 2012 826 mereamur
2040 768 2187 825 acci-

576 880 732 936 perc.
761 863 881 920 Non
913 877 1044 935 ergo
1067 863 1114 919 is
1140 877 1338 920 sensus
1363 872 1447 920 est
1475 863 1532 918 in
1555 862 1735 918 verbis
1761 861 2044 933 propheta:
2077 861 2181 916 Da-

571 959 683 1026 vid,
726 973 849 1015 cum
889 958 1027 1015 dicit
1055 975 1069 1013 :
1107 956 1222 1012 Tibi
1247 958 1346 1013 soli
1377 957 1603 1028 peccavi,
1636 965 1683 1011 et
1704 957 1902 1012 malum
1933 971 2109 1011 coram
2135 965 2184 1011 te

575 1055 675 1124 feci
699 1071 718 1120 ;
761 1063 818 1107 ut
841 1052 1148 1126 justiﬁceris
1177 1053 1234 1108 in
1267 1051 1588 1108 sermonibus
1621 1052 1755 1120 tuis,
1788 1061 1836 1106 et
1865 1051 2041 1106 vincas
2067 1067 2184 1104 cum

562 1151 824 1222 judicaris
847 1147 1123 1222 (Ibidem),
1151 1149 1245 1221 qui
1277 1148 1675 1206 malevolorum
1705 1147 1986 1205 hominum
2021 1162 2181 1219 prava

563 1244 1020 1315 interpretatione
1059 1244 1364 1310 asseritur;
1415 1253 1475 1300 ut
1513 1251 1737 1314 peccata
1791 1241 2076 1297 hominum
2127 1250 2185 1298 et

568 1342 699 1398 mali
733 1352 887 1400 actus
920 1342 1016 1400 Dei
1055 1342 1434 1414 justitlcationi
1474 1340 1767 1413 proﬁciant
1808 1347 1866 1396 et
1908 1353 2007 1410 per
2040 1337 2184 1394 mala

564 1443 756 1491 nostra
803 1436 980 1492 bonus
1027 1444 1328 1506 appareat,
1377 1444 1434 1491 et
1475 1433 1748 1506 iniustitia
1794 1439 1984 1490 nostra
2027 1431 2182 1487 illum

495 1549 500 1554 ·
562 1529 768 1601 justum
815 1529 1094 1588 ostendat.
1133 1531 1407 1600 Quoniam
1449 1530 1634 1602 itaque
1681 1528 1901 1600 iniquus
1946 1542 2055 1583 non
2096 1537 2184 1584 est

566 1623 750 1692 Deus,
793 1639 918 1682 cum
970 1626 1179 1696 irrogat
1209 1627 1343 1682 iram
1369 1667 1383 1693 ,
1412 1626 1525 1697 jam
1556 1639 1668 1680 non
1701 1624 1946 1696 peccatis
1975 1623 2180 1679 nostris

557 1719 929 1789 justiﬁeatur:
978 1721 1104 1791 quia
1144 1721 1190 1776 si
1237 1721 1477 1790 peccatis
1523 1721 1731 1775 nostris
1763 1717 2177 1790 iustiﬁcaretur,

2287 490 2407 550 est,
2445 481 2642 540 horum
2675 482 2959 540 hominum
2991 483 3087 555 qui
3118 484 3472 541 aemulatione
3502 483 3720 540 invidia:
3750 484 3897 540 istud

2287 576 2357 633 de
2403 576 2565 634 nobis
2610 577 3074 650 interpretantur,
3121 579 3267 652 quod
3317 593 3482 651 supra
3532 579 3741 636 dictum
3769 588 3895 648 est,

2287 670 2570 729 damnatio
2603 672 2749 744 justa
2789 683 2893 730 est.
2936 673 3065 730 Haec
3103 674 3252 731 enim
3293 675 3568 746 iactabant
3602 675 3810 741 Judmi,
3839 683 3901 730 ut

2285 766 2590 824 doctrinam
2614 767 2972 840 apostolicam
2999 769 3446 837 criminarentur,
3476 769 3723 827 dicentes
3750 769 3897 841 quod

2284 873 2408 919 cum
2451 861 2834 920 remissionem
2877 872 3232 934 peccatorum
3281 865 3606 937 pradicant,
3631 861 3898 937 peccandi

2287 954 2533 1012 fomitem
2577 956 2904 1028 praebeant;
2947 965 3010 1013 ut
3052 959 3206 1030 quasi
3256 959 3437 1015 securi
3483 959 3594 1032 M
3643 959 3898 1016 homines

2284 1046 2312 1087 ⁸
2345 1049 2414 1107 de
2448 1051 2807 1120 remissione,
2847 1060 3102 1124 prompte
3137 1061 3438 1125 peccat-ent
3466 1072 3480 1111 :
3521 1069 3646 1111 cum
3679 1065 3900 1114 constet

2285 1152 2409 1214 post
2453 1154 2735 1216 acceptam
2779 1145 2941 1201 ﬁdem
2991 1147 3364 1216 periculosum
3397 1161 3520 1206 esse
3549 1161 3804 1220 peccare,
3839 1161 3898 1206 et

2285 1234 2390 1292 hoc
2421 1237 2644 1308 praedici
2673 1237 3050 1295 credentibus.

2360 1329 2540 1404 (Vera.
2557 1331 2639 1403 9.)
2654 1331 2797 1400 Quid
2821 1343 2844 1372 θ
2865 1348 2986 1405 ergo
3001 1333 3384 1406 iprtecellimus
3396 1351 3481 1391 eos
3496 1335 3522 1390 .9
3536 1335 3895 1409 Nequaquam.

2285 1423 2496 1480 Canuti
2517 1425 2652 1480 enim
2669 1441 2846 1481 suntut
2865 1425 3082 1482 ludteos
3093 1437 3144 1482 et
3157 1427 3367 1484 Greco:
3390 1443 3568 1485 omnes
3580 1430 3672 1485 sub
3688 1447 3838 1503 pacm
3845 1440 3898 1487 to

2283 1535 2411 1574 esse.
2429 1517 2544 1574 iloc
2555 1528 2660 1583 est,
2681 1518 2809 1590 quid
2827 1518 3006 1576 adhuc
3023 1520 3378 1577 immoramur
3389 1521 3459 1578 lat
3469 1520 3554 1580 ius
3572 1523 3898 1596 loquentes?

2281 1613 2638 1671 Ostendimus
2679 1615 2827 1670 enim
2859 1614 3314 1684 redditiscausis,
3349 1625 3456 1671 tam
3483 1615 3701 1674 Judteos
3728 1633 3896 1690 quam

2283 1709 2530 1780 (ἐι-προς,
2555 1721 2749 1767 omnes
2774 1725 2898 1768 reos
2922 1725 3064 1778 esse,
3091 1711 3326 1784 ideoque
3355 1711 3556 1770 frustra
3581 1714 3752 1786 legem
3773 1729 3902 1772 ser-

557 1813 782 1885 iniquus
820 1822 999 1878 esset,
1037 1813 1082 1869 si
1130 1813 1478 1870 vindicaret:
1517 1813 1616 1869 sed
1654 1811 1779 1883 quia
1819 1825 1930 1866 non
1963 1819 2048 1867 est
2075 1809 2180 1865 ini-
2215 1801 2264 1863 B
2291 1804 2426 1861 vari.
2458 1805 2703 1862 Primum
2729 1806 2874 1863 enim
2901 1805 3124 1863 Graecos
3147 1803 3386 1864 ostendit
3407 1808 3898 1881 reosjnxtalcgem

563 1923 706 1979 quos
729 1951 744 1976 ,
794 1924 919 1964 cum
957 1908 1219 1978 vindicat,
1255 1911 1603 1965 manifestum
1633 1918 1720 1964 est
1760 1907 1886 1976 quia
1917 1906 2181 1977 iujstitia

566 2011 754 2060 nostra
783 2003 879 2060 Dei
906 2003 1176 2076 justitiam
1209 2017 1318 2059 non
1350 2001 1722 2059 commendat.
1751 2000 1809 2058 Si
1831 2011 2014 2056 autem
2034 2013 2180 2055 com-

565 2101 875 2170 mendaret,
909 2117 1021 2158 non
1047 2101 1392 2169 vindicaret,
1423 2102 1553 2173 quia
1577 2100 1760 2172 justus
1787 2109 1892 2156 est.

637 2194 713 2251 Ac
747 2211 843 2266 per
870 2197 980 2252 hoc
1007 2193 1243 2266 subjecit
1275 2212 1289 2251 :
1324 2199 1608 2250 secundum
1649 2193 1942 2261 hominem,
1973 2189 2178 2263 inquit,

563 2290 697 2346 dico.
728 2289 894 2356 Absit,
930 2290 1034 2347 hoc
1056 2297 1165 2356 est,
1197 2288 1361 2354 absit,
1391 2303 1459 2344 ne
1497 2288 1644 2344 Deus
1673 2287 1895 2357 iniquus
1927 2283 2178 2351 dicatur;

559 2385 684 2456 quia
715 2385 819 2440 hoc
845 2383 1054 2440 homini
1092 2384 1383 2454 competit,
1414 2397 1578 2454 quem
1619 2389 1842 2438 constat
1869 2390 1924 2438 et
1968 2393 2175 2447 errare,

559 2488 616 2532 et
641 2478 754 2532 talli
785 2475 1073 2534 etfallere.
1109 2476 1244 2532 Nam
1273 2477 1418 2533 Deus
1453 2476 1810 2532 immutabilis
1831 2483 2173 2548 perseverat,

557 2585 661 2627 nec
685 2579 873 2643 potest
899 2585 1011 2627 non
1039 2584 1252 2638 amare,
1279 2585 1403 2641 quae
1431 2567 1584 2625 fecit.

632 2665 878 2730 Alioquin
920 2664 1178 2735 quomodo
1210 2662 1476 2737 judicabit
1520 2659 1662 2718 Deus
1704 2661 1841 2716 hunc
1887 2662 2180 2716 mundum?

560 2757 760 2814 Verum
792 2764 908 2821 est,
933 2757 1059 2827 quia
1084 2770 1192 2810 non
1225 2763 1344 2810 erat
1371 2755 1579 2824 justum
1629 2761 1686 2807 ut
1735 2751 2009 2824 iudicaret
2036 2753 2181 2808 Dens

559 2849 823 2906 mundum
849 2889 865 2916 ,
905 2849 952 2904 si
999 2855 1225 2918 peccata
1255 2847 1378 2918 ejus
1403 2846 1510 2918 ipsi
1551 2846 1930 2919 proﬁcerent;
1961 2856 2018 2902 ut
2045 2855 2177 2902 nutu

559 2944 678 3014 ejus
710 2949 999 3014 peccantes
1037 2943 1165 2998 dum
1189 2942 1407 2998 veniam
1435 2949 1867 3011 consequuntur,
1901 2940 2045 2995 Dens
2071 2940 2174 2994 bo-

557 3051 662 3092 nus
687 3037 1006 3092 videretur:
1047 3034 1075 3075 b
1097 3044 1155 3091 et
1191 3035 1236 3091 si
1265 3049 1374 3090 non
1409 3043 1725 3105 peccarent,
1752 3049 1860 3088 non
1894 3033 2176 3089 videretur

2289 1911 2530 1966 naturae,
2561 1908 2619 1957 et
2651 1901 2800 1972 quod
2833 1915 3013 1974 neque
3053 1901 3252 1974 Legem
3301 1902 3504 1976 Moysis
3547 1905 3890 1976 reciperent;

2286 1994 2644 2066 quamobrem
2679 1995 2917 2065 pessima
2960 2010 3150 2052 eorum
3183 2005 3240 2052 et
3265 1998 3684 2068 pergravissima
3705 2013 3895 2055 causa.

2284 2087 2497 2145 Deinde
2525 2087 2688 2145 etiam
2718 2088 2940 2146 .Iudreos
2969 2089 3210 2146 ostendit
3233 2105 3381 2159 reos,
3411 2092 3503 2163 qui
3533 2092 3636 2148 sub
3656 2093 3778 2164 lege
3797 2092 3900 2150 Dei

2285 2183 2472 2240 vivere
2520 2183 2801 2251 videntur,
2835 2197 2899 2239 ac
2930 2182 3034 2240 sibi
3065 2185 3262 2240 merito
3289 2194 3504 2256 patrum
3534 2185 3902 2242 defenderent

2283 2279 2645 2351 dignitatem,
2689 2294 2758 2335 ex
2800 2293 2868 2334 eo
2913 2278 3224 2350 praecipue,
3279 2279 3425 2352 quod
3477 2279 3900 2351 promissionem

2281 2383 2499 2448 patrum
2523 2374 2862 2447 spreverint,
2895 2373 2994 2431 Dei
3031 2375 3263 2447 gratiam
3297 2375 3352 2431 in
3379 2375 3593 2431 irritum
3616 2375 3898 2432 deducen-

2284 2478 2388 2525 tes.
2440 2467 2524 2524 Ad
2561 2481 2725 2538 quam
2753 2483 2871 2524 rem
2907 2468 3229 2525 ﬁrmandam
3271 2469 3583 2540 exemplum
3614 2469 3901 2542 propheti-

2283 2576 2406 2616 cum
2440 2560 2680 2616 subdidit
2706 2576 2770 2615 cx
2799 2560 3007 2630 psalmo
3040 2561 3208 2617 tertio
3237 2561 3453 2618 decimo
3478 2563 3666 2620 dicens
3701 2580 3714 2616 ε

2353 2655 2533 2725 (Vers.
2584 2656 2698 2723 to.)
2736 2657 2886 2714 Sicut
2928 2659 3177 2730 scriptum
3199 2669 3293 2726 est,
3334 2661 3456 2731 quia
3485 2673 3587 2715 non
3613 2668 3686 2715 est
3709 2661 3895 2732 justus

2284 2751 2555 2822 quisquam
2593 2749 2768 2820 (Paul.
2813 2767 2934 2820 xui,
2981 2754 3016 2809 ι
3055 2763 3104 2808 et
3130 2755 3289 2825 seq.).
3324 2754 3406 2810 Ah
3435 2753 3703 2825 iniustitia
3728 2755 3900 2827 coepit

2281 2845 2421 2899 mala
2449 2859 2619 2916 opera
2647 2861 2838 2902 eorum
2867 2861 3221 2913 enumerare,
3252 2857 3308 2903 et
3331 2848 3529 2919 partim
3551 2848 3739 2920 pejora
3761 2849 3897 2905 sub-

2275 2937 2481 3009 jicere;
2534 2950 2594 2994 ut
2637 2939 3013 2998 manifestaret
3059 2942 3116 2996 in
3152 2941 3237 2996 his
3268 2942 3472 2998 nuliam
3501 2956 3657 3013 spem
3692 2942 3892 3011 videri,

2277 3032 2386 3088 nisi
2429 3033 2726 3103 implorent
2765 3033 3213 3092 misericordiam
3256 3035 3461 3091 Christi
3487 3073 3503 3102 ,
3531 3036 3627 3106 qui
3669 3045 3894 3106 peccata

552 3134 773 3201 justus;
803 3131 856 3186 si
897 3131 1047 3187 enim
1088 3143 1198 3186 non
1239 3139 1506 3201 peccent,
1533 3145 1646 3186 non
1690 3129 1948 3187 habendo
1971 3129 2062 3185 cui
2085 3143 2174 3185 re-
2277 3123 2523 3182 dimittit.

555 3223 758 3288 mittat,
791 3236 901 3278 non
933 3222 1042 3278 erit
1063 3221 1257 3278 bonus.

623 3315 809 3388 (Vcrs.
860 3316 939 3387 7.)
994 3315 1055 3373 Si
1103 3317 1237 3372 enim
1268 3317 1456 3372 veritas
1495 3315 1596 3371 Dei
1639 3319 1695 3372 in
1739 3334 1854 3372 meo
1904 3317 2170 3371 mendacio

555 3410 834 3466 abundavit
859 3411 914 3467 in
935 3412 1156 3483 gloriam
1183 3413 1370 3481 ipsius,
1386 3413 1512 3483 quid
1525 3412 1701 3468 adhuc
1719 3424 1771 3467 et
1789 3429 1887 3484 ego
1910 3421 2172 3479 tamquam

555 3518 794 3576 peccator
813 3507 1068 3582 judicor?
1096 3507 1444 3564 Manifestum
1474 3517 1582 3573 est,
1609 3508 1741 3579 quia
1771 3509 1816 3563 si
1845 3507 1912 3562 ad
1941 3507 2168 3577 gloriam

553 3604 649 3659 Dei
680 3603 896 3674 proiicit
915 3595 1262 3659 mendacium
1291 3602 1600 3668 hominum,
1633 3610 1694 3656 ut
1720 3602 1814 3658 illo
1833 3603 1985 3658 solus
2007 3616 2172 3658 verus

553 3705 839 3770 appareat,
873 3707 1193 3769 peccatores
1223 3711 1334 3753 non
1355 3705 1488 3752 sunt
1511 3695 1756 3762 dicendi,
1783 3695 1872 3764 qui
1902 3704 2129 3766 peccant
2155 3711 2169 3760 ;

548 3794 672 3864 quia
717 3807 830 3850 non
877 3794 1184 3860 voluntate,
1236 3791 1332 3848 sed
1382 3791 1624 3864 impulsu
1665 3791 1790 3860 ejus
1835 3788 2169 3844 videbuntur

548 3900 782 3956 peccare
813 3904 826 3942 :
857 3886 1004 3958 quod
1027 3887 1190 3943 absit.

626 3979 806 4048 (Vcrs.
854 3978 934 4049 8.)
987 3977 1054 4032 Et
1097 3995 1237 4044 non,
1277 3979 1409 4032 sicut
1453 3975 1908 4046 btasphcmamur,
1944 3984 1990 4028 et
2035 3975 2166 4030 sicut

549 4075 698 4128 aiunt
741 4087 833 4127 nos
871 4070 1085 4140 quidam
1127 4069 1335 4135 dicere,
1371 4069 1632 4140 faciamus
1673 4068 1814 4121 mala
1838 4109 1850 4132 ,
1879 4078 1932 4120 nt
1963 4068 2167 4122 ueniant

549 4167 723 4222 bona?
759 4178 783 4204 ο
813 4164 967 4221 Nunc
997 4164 1172 4234 aperit
1209 4175 1442 4234 quorum
1482 4175 1648 4218 causa
1677 4160 1793 4216 hzrc
1822 4160 2079 4229 sollicite,
2111 4171 2168 4218 et

547 4277 673 4320 cum
701 4260 1007 4317 reverentia
1034 4259 1296 4329 disputat.
1322 4257 1369 4314 Α
1395 4257 1670 4326 perversis
1697 4259 1841 4312 enim
1870 4256 1974 4312 hoc
1993 4272 2166 4327 oppo-

550 4358 804 4422 nubatur,
835 4354 987 4426 quasi
1018 4353 1104 4407 hic
1132 4361 1278 4408 esset
1303 4366 1500 4406 sensus
1524 4349 1940 4422 praedicandum
1970 4351 2166 4408 remis-

545 4453 759 4508 sionem
805 4455 1184 4519 peccatorum,
1229 4455 1288 4501 ut
1319 4445 1568 4501 facerent
1616 4445 1788 4514 mala,
1817 4455 1874 4502 et
1912 4445 2169 4503 venirent

543 4549 710 4617 bona,
757 4545 860 4603 hoc
895 4552 998 4613 est,
1047 4550 1363 4613 peccarent,
1405 4551 1464 4596 ut
1502 4541 1839 4598 remittendo
1867 4541 1980 4598 illis
2016 4542 2166 4598 Deus

2199 3202 2246 3266 C

2345 3219 2534 3291 (νοτε.
2561 3219 2619 3274 ll
2642 3219 2824 3292 etis.)
2852 3221 3062 3278 nautae
3079 3221 3313 3292 adjecit:
3335 3221 3455 3277 Non
3469 3230 3546 3278 est
3567 3221 3887 3294 intelligens.

2286 3311 2482 3369 Verum
2511 3321 2616 3380 est,
2649 3313 2775 3385 quia
2800 3315 2845 3370 si
2875 3315 3034 3372 daret
3051 3329 3284 3388 operam
3297 3316 3889 3389 intelligere,injustus

2273 3421 2386 3463 non
2409 3420 2580 3466 esset.

2354 3501 2478 3556 Non
2505 3513 2582 3558 est
2617 3505 2881 3574 requirens
2920 3501 3110 3562 Deum.
3143 3506 3254 3562 Nec
3279 3505 3426 3562 istud
3463 3505 3734 3562 occultum
3765 3517 3886 3572 est,

2275 3597 2402 3668 quia
2435 3597 2480 3652 si
2510 3597 2844 3671 intelligeret
2871 3600 3003 3671 quid
3031 3600 3343 3672 prodesset,
3375 3601 3546 3657 Deum
3571 3610 3846 3673 quiereret
3872 3619 3886 3657 :

2273 3701 2333 3749 et
2361 3707 2471 3749 non
2503 3694 2644 3750 sicut
2669 3695 2780 3751 Asa
2803 3711 2903 3752 rex
2935 3695 3096 3766 Juda,
3127 3697 3220 3767 qui
3243 3705 3368 3769 post
3387 3697 3564 3752 multa
3598 3696 3690 3751 Dei
3723 3696 3890 3752 bene-

2273 3792 2398 3849 ﬁcia
2425 3794 2504 3850 sic
2533 3793 2867 3864 depravatus
2894 3804 3009 3862 est;
3047 3805 3104 3851 ut
3131 3795 3506 3854 inﬁmitatem
3531 3797 3734 3868 pedum
3761 3811 3889 3868 pas-

2275 3901 2394 3954 sus,
2427 3888 2695 3958 pr0pheta
2729 3898 3024 3959 praesente,
3057 3903 3164 3946 non
3196 3901 3472 3962 quareret
3501 3891 3698 3947 Deum.

2286 3989 2291 3994 ‘
2347 3979 2542 4037 Omnes
2583 3982 3002 4050 declinaverunt,
3052 3985 3210 4040 simul
3253 3986 3465 4041 inutiles
3494 3987 3622 4058 facti
3649 3995 3764 4040 sunt
3794 3986 3886 4058 (Ill

2279 4074 2411 4148 Reg.
2446 4092 2538 4146 xv,
2571 4076 2691 4150 εδ).
2717 4076 2934 4134 Nemini
2963 4079 3208 4145 dubium,
3241 4080 3366 4152 quia
3391 4093 3581 4137 omnes
3604 4095 3711 4137 nun
3735 4097 3885 4152 qutu-

2271 4179 2459 4226 rcntes
2503 4170 2704 4236 Deum,
2747 4170 3117 4239 inclinantur,
3153 4182 3213 4227 ut
3243 4171 3507 4228 auxilium
3535 4172 3826 4243 requirant
3851 4189 3880 4228 a

2270 4263 2558 4321 vanitate:
2611 4265 2826 4320 vanitas
2867 4274 3047 4322 autem
3093 4275 3178 4321 est
3217 4264 3447 4332 idolum;
3492 4265 3617 4322 ideo
3659 4266 3880 4324 inutiles

2275 4358 2430 4412 ﬁunt.

2343 4450 2470 4506 Non
2507 4462 2580 4506 est
2619 4454 2706 4523 qui
2733 4454 2893 4525 faciat
2931 4454 3142 4522 bonum,
3176 4471 3277 4509 non
3302 4465 3375 4510 est
3413 4472 3574 4527 usque
3599 4456 3666 4510 ad
3692 4473 3872 4512 unum.

2272 4546 2405 4612 Quia
2435 4546 2686 4618 neglecto
2712 4547 2847 4614 Deo,
2879 4549 3101 4604 inutiles
3130 4549 3256 4604 lacti
3283 4558 3430 4617 sunt,
3460 4548 3660 4604 bonum
3695 4550 3877 4621 utique

546 4643 827 4699 videretur
873 4639 1076 4704 bonus,
1114 4635 1418 4692 secundum
1459 4649 1578 4706 qum
1611 4649 1776 4706 supra
1804 4635 1944 4690 dicta
1979 4645 2110 4691 sunt
2142 4654 2159 4693 :
2192 4613 2245 4676 Ι)
2271 4638 2452 4696 facere
2487 4654 2597 4696 non
2641 4653 2916 4712 possunt;
2943 4643 3055 4714 jam
3103 4644 3247 4700 enim
3279 4643 3561 4716 depravati
3586 4643 3879 4716 proﬁciunt

543 4735 686 4806 quod
712 4731 1112 4804 blasphemium
1142 4728 1402 4801 appellat,
1427 4735 1481 4782 et
1507 4727 1693 4798 abiicit
1717 4745 1745 4783 a
1765 4743 1929 4784 sensu
1951 4728 2158 4784 divinae

545 4828 831 4885 doctrinm.
881 4824 993 4882 Nec
1029 4822 1175 4880 enim
1233 4836 1464 4891 peccaro
1510 4821 1711 4877 debere
1753 4819 1889 4877 ﬁdes
1945 4822 2155 4889 tradit,

543 4925 742 4995 quippe
769 4937 894 4977 cum
920 4919 1287 4991 iudicaturum
1323 4917 1490 4972 Deum
1522 4915 1818 4986 praedicet;
1851 4917 1944 4973 scd
1977 4918 2159 4976 delinw

545 5019 838 5093 (pictilibus
883 5014 1120 5073 consulit
1147 5057 1160 5076 .
1196 5022 1258 5069 ut
1297 5021 1618 5085 recuperata
1649 5015 1863 5081 salute,
1897 5016 1997 5073 sub
2029 5017 2156 5091 lege

546 5115 640 5170 Dei
668 5109 1042 5180 viventesjam
1075 5121 1182 5163 non
1217 5115 1464 5178 peccent.

614 5317 641 5346 ι
671 5303 906 5374 Ουὶιίιιηι
931 5313 1090 5374 τινες.2
1121 5295 1190 5374 ΕΙ
1219 5314 1396 5374 verum
1428 5297 1592 5374 est,_si
1620 5307 1788 5352 (auten
1823 5298 1868 5374 ei
1905 5301 2146 5374 proﬁciat:

539 5371 714 5433 nostra
750 5373 1010 5443 iniquitas.
1053 5371 1160 5427 Sed
1189 5372 1308 5442 quia
1341 5372 1686 5438 pericntosnm
1713 5381 1788 5424 est
1820 5372 1918 5443 [ioc
1948 5371 2143 5436 dicere,

536 5467 639 5505 non
675 5457 748 5502 est
779 5441 984 5515 iniquus
1020 5444 1179 5509 Dens,
1210 5444 1472 5514 sijndicot
1499 5460 1516 5507 ;
1543 5444 1661 5512 quia
1692 5441 1896 5515 noni/lt
1927 5444 2140 5515 injusti-

533 5524 604 5574 Iia
649 5529 823 5574 nostra
866 5511 1106 5586 pr'oﬁcit,
1147 5524 1201 5568 nt
1237 5511 1386 5568 nobis
1415 5511 1740 5584 peccantibus
1773 5511 2144 5586 illcjusti/ire-~

534 5604 648 5657 tur,
701 5591 753 5643 id
802 5597 912 5655 est,
944 5600 997 5642 ut
1027 5590 1246 5658 gaudeat
1281 5587 1502 5658 peccatis
1534 5587 1720 5638 nostris
1742 5628 1754 5645 .
1786 5603 1876 5658 per
1910 5602 2026 5658 qum
2050 5587 2144 5642 ille

531 5655 673 5719 solus
711 5665 878 5728 iustus
907 5655 1178 5732 appareat.
1218 5655 1324 5713 Sed
1352 5657 1504 5732 elisit,
1539 5660 1631 5732 ait.
1657 5656 1938 5732 secundum
1962 5655 2132 5711 Itami~

530 5754 645 5790 nent
687 5735 840 5799 dico,
874 5729 1104 5794 ho'c'cst,
1137 5747 1313 5785 sensus
1363 5731 1444 5782 llic
1487 5729 1682 5782 homini
1721 5731 1986 5793 convenit,
2031 5747 2133 5785 non

533 5808 674 5875 Deo,
709 5807 972 5877 quia__non
1005 5805 1143 5877 rudit
1175 5804 1229 5877 in
1267 5801 1434 5877 Deum
1455 5845 1468 5868 ,
1503 5811 1554 5853 ut
1584 5800 1795 5877 iniquus
1828 5800 1925 5877 sit,
1957 5802 2047 5854 scd
2078 5804 2127 5855 in

525 5870 804 5937 hominem.
834 5875 945 5932 Nec
967 5876 1102 5931 enim
1124 5872 1381 5946 injustitia
1395 5881 1574 5929 nostra
1594 5870 1755 5928 Deum
1768 5870 2126 5946 facitjustnm,

2267 4752 2322 4790 ιιι
2356 4750 2528 4793 nctus.

2392 4751 2420 4790 c
2447 4751 2475 4791 ιι
2516 4776 2528 4789 .

2339 4751 2522 4900 (litin:
2565 4829 2683 4901 15.)
2732 4831 3042 4903 Sepulcrum
3097 4839 3278 4902 patens
3317 4843 3390 4889 est
3448 4843 3625 4905 guttur
3669 4849 3869 4889 eorum.

2261 4925 2381 4980 iam
2407 4925 2566 4981 malis
2596 4927 2890 4998 mancipati
2915 4927 3113 4996 honos,
3145 4932 3189 4985 si
3221 4940 3407 5002 posset
3437 4929 3576 5000 ﬁeri,
3606 4929 3873 4987 devorare

2261 5017 2558 5084 volebant;
2611 5027 2670 5073 ut
2711 5019 2854 5076 sicut
2893 5021 3203 5091 sepulcrum
3239 5031 3386 5093 patet
3436 5022 3503 5078 ad
3554 5024 3870 5097 recipienda

2264 5110 2555 5178 cadavera,
2586 5111 2658 5168 ita
2688 5122 2744 5168 et
2771 5113 3038 5171 adversus
3060 5114 3237 5171 bonos
3257 5125 3444 5188 guttur
3469 5131 3682 5174 eorum.

2257 5300 2303 5356 si
2333 5301 2662 5373 peccantibus
2687 5303 2831 5357 nobis
2862 5304 2969 5372 det,
3001 5305 3141 5373 quod
3164 5305 3403 5372 promisit
3430 5307 3643 5362 sanctis.

2331 5371 2358 5410 ι)
2385 5373 2534 5448 Mss.
2583 5374 2813 5444 aliquot,
2853 5388 2907 5430 ut
2943 5378 2986 5430 si
3014 5371 3122 5431 non
3150 5371 3420 5448 peccarent
3441 5418 3454 5444 ,
3492 5395 3596 5434 non
3627 5377 3862 5436 habendo

2252 5445 2393 5515 quod
2420 5448 2719 5512 remitteret,
2753 5465 2854 5502 non
2883 5459 3012 5504 esset
3039 5445 3220 5503 bonus.

2334 5529 2354 5554 ο
2385 5515 2641 5594 Nonnulli
2668 5536 2824 5583 mss.,
2855 5519 2969 5575 Hoc
2996 5531 3070 5576 est
3091 5522 3228 5576 unde
3255 5522 3352 5578 sibi
3385 5524 3718 5594 quazstionem
3738 5523 3866 5594 fecit

2255 5589 2558 5662 Apostoltt.s.
2593 5591 2632 5644 Α
2667 5595 2940 5662 perversis,
2966 5603 3070 5648 etc.

2326 5661 2351 5698 ά
2383 5659 2612 5740 Quidam
2649 5659 2806 5740 iussu,
2839 5664 2903 5720 de
2922 5659 3296 5740 promissione.
3325 5667 3469 5724 Infra
3503 5684 3631 5725 vero
3661 5683 3782 5740 pro,
3815 5679 3865 5724 et

2255 5734 2352 5788 hoc
2391 5735 2642 5815 praedici,
2666 5735 2853 5815 Ἡρη).Δ
2867 5738 2998 5815 edit.
3049 5739 3314 5809 reposuit,
3347 5750 3394 5795 et
3425 5742 3524 5797 hoc
3545 5734 3860 5815 prmiticnrc.

2328 5816 2353 5890 ξ
2393 5805 2520 5890 Mss.
2571 5806 2758 5880 aliqui,
2816 5806 2954 5876 Quid
2999 5805 3128 5884 ergo
3163 5820 3398 5868 tenemur
3423 5805 3694 5887 amp'lius?
3720 5813 3864 5871 Cau-

2249 5887 2384 5948 διιεῖ,
2417 5887 2525 5935 etc.
