4120 6316
216 275 285 338 77

1120 271 1623 342 COMMENTARIA
1662 271 1730 336 ΙΝ
1769 269 2164 334 EPISTOLAM
2203 271 2297 334 AD
2337 271 2684 336 ROMANOS.
3464 281 3531 337 78

286 390 507 462 Linguis
538 390 647 445 suis
683 391 862 448 dolose
905 390 1145 463 agebant.
1189 391 1294 462 Qui
1317 401 1428 454 tam
1456 391 1615 448 malis
1639 390 1823 462 operi-
1851 391 1903 454 Α
1929 389 2127 446 derunt
2158 390 2282 446 duci
2323 405 2421 448 suo
2452 391 2660 464 Moysi,
2698 406 2879 464 neque
2911 393 3190 466 prophetis
3221 393 3539 465 parentibus

210 486 314 544 bus
344 491 724 548 assueverant,
749 500 870 556 quas
897 485 1285 557 loquebantur,
1319 487 1372 544 in
1398 487 1611 544 fallacia
1643 496 1820 544 erant.

296 577 560 634 Venenum
589 577 828 648 aspidum
848 579 942 634 sub
967 579 1120 638 labiis
1151 597 1346 637 eorum.
1376 581 1488 638 l‘loc
1517 581 1672 649 dicit,
1695 583 1822 654 quia

209 675 378 730 verba
429 672 746 744 hujusmodi
792 674 1074 732 hominum
1107 677 1416 749 muscipula
1437 686 1585 738 sunt.
1612 677 1692 734 Ad
1720 677 1826 735 hoc

205 769 358 826 enim
389 768 713 839 loquuntur,
743 778 802 824 ut
829 768 1141 841 decipiant;
1164 781 1222 826 ut
1254 770 1395 827 sicut
1416 786 1516 842 per
1537 770 1678 827 labia
1707 786 1825 828 ser-

210 863 394 934 pentis
437 878 708 920 venenum
748 861 1058 922 infunditur
1079 907 1094 932 ,
1127 865 1202 922 ita
1241 872 1297 922 et
1327 879 1428 936 per
1455 865 1597 922 labia
1629 881 1821 924 eorum

208 958 374 1014 dolus
395 967 451 1014 et
476 960 1004 1016 circumventiones.

281 1051 467 1123 (Vers.
510 1052 623 1124 14.)
659 1052 895 1120 Quorum
924 1071 980 1110 os
1003 1055 1372 1116 maledictione
1399 1066 1447 1111 et
1478 1059 1825 1116 amaritudine

207 1147 423 1218 plenum
464 1154 562 1202 est.
603 1146 950 1205 Manifestum
987 1159 1073 1206 est
1100 1152 1225 1220 quia
1255 1159 1445 1207 contra
1480 1151 1652 1208 bonos
1696 1152 1823 1207 mali

201 1253 432 1314 semper
461 1239 751 1300 maledicta
774 1253 829 1298 et
853 1257 1037 1300 amara
1068 1254 1396 1314 proponunt,
1427 1244 1480 1301 in
1513 1244 1820 1300 convicium

204 1333 434 1390 illorum
461 1344 881 1406 prorumpentes
911 1343 966 1391 et
996 1335 1417 1398 detractionem.

279 1427 470 1500 (Vers.
513 1427 628 1500 15.)
679 1427 894 1486 Veloces
935 1431 1090 1502 pedes
1126 1446 1302 1490 eorum
1350 1431 1418 1486 ad
1445 1430 1823 1502 effundendum

205 1522 536 1593 sanguinem.
568 1520 682 1578 lloc
703 1522 771 1579 de
801 1538 935 1578 nece
955 1523 1345 1596 prophetarum
1375 1525 1532 1590 dixit,
1565 1539 1704 1597 quos
1732 1539 1823 1582 oc-

205 1618 466 1676 ciderunt
504 1619 754 1692 impigre,
792 1619 860 1678 ad
901 1620 1104 1682 bonum
1137 1635 1358 1694 segnes,
1383 1620 1449 1676 ad
1473 1620 1821 1692 parricidium

205 1714 452 1774 veloces.

1926 484 2074 554 suis,
2109 499 2247 558 quos
2282 493 2339 542 et
2368 494 2761 558 persequentes
2791 486 3148 555 occiderunt,
3182 503 3359 559 neque
3407 503 3540 561 apo-

1925 579 2081 636 stolis
2111 581 2365 652 cognatis
2391 581 2506 638 suis
2537 579 2838 640 secundum
2872 597 3116 652 carnem,
3141 599 3373 656 quorum
3407 598 3536 639 san-

1923 673 2142 744 guinem
2186 674 2532 744 ef'fuderunt,
2575 690 2793 748 semper
2832 677 3023 749 impii,
3057 689 3111 734 et
3151 677 3205 732 in
3238 678 3412 734 Deum
3445 694 3534 734 re-

1923 765 2135 834 belles;
2169 776 2226 824 ut
2255 783 2352 840 per
2381 769 2556 842 legem
2587 769 2938 840 damnentur,
2967 772 3125 843 cujus
3156 774 3540 830 auctoritatem

1923 862 2402 920 comtemnendam
2443 873 2728 936 putarunt.
2775 865 2928 922 Sicut
2967 864 3110 922 enim
3140 865 3383 922 omnium
3425 881 3538 922 ma-

1925 956 2103 1014 lorum
2131 957 2157 996 ι)
2188 972 2292 1014 una
2319 967 2596 1016 estcausa
2624 959 2680 1016 in
2707 960 2873 1027 malo,
2903 959 2977 1015 ita
3007 973 3062 1017 et
3089 968 3410 1018 cunctorum
3441 960 3539 1017 lio-

1923 1065 2143 1107 norum.
2171 1051 2230 1107 In
2259 1051 2384 1110 istis
2412 1069 2548 1125 ergo
2577 1054 2823 1112 omnium
2855 1053 3118 1112 similium
3151 1056 3397 1128 arguitur
3426 1072 3540 1112 ma-

1924 1143 2058 1206 lum.
2089 1143 2216 1206 llaec
2245 1144 2314 1201 ad
2342 1146 2657 1204 Judaeornm
2683 1147 3063 1204 confusionem
3100 1148 3378 1218 pertinent
3400 1190 3415 1218 ,
3447 1150 3539 1220 qui

1925 1237 2027 1294 sibi
2053 1246 2112 1298 et
2140 1239 2462 1309 parentibus
2485 1241 2600 1297 suis
2627 1242 3000 1304 testimonium
3031 1256 3100 1298 ex
3128 1241 3245 1314 lege
3269 1241 3539 1298 ferebant.

1999 1333 2180 1404 (Vers.
2216 1333 2332 1405 19.)
2377 1333 2446 1390 Ut
2475 1352 2626 1391 omne
2652 1353 2710 1390 os
2735 1338 3058 1410 obstruetur,
3091 1347 3137 1391 et
3165 1337 3405 1392 subditus
3447 1337 3540 1407 ﬁat

1927 1429 2098 1484 omnis
2137 1430 2363 1486 mundus
2407 1431 2536 1487 Deo.
2575 1432 2694 1492 Hoc
2731 1432 2897 1502 dicit,
2933 1433 3059 1504 quia
3091 1432 3298 1490 Judacis
3329 1434 3381 1489 in
3413 1448 3544 1504 pec-

1926 1521 2064 1578 catis
2106 1524 2457 1594 constrictis,
2507 1526 2686 1588 omnis
2734 1527 2971 1582 mundus
3012 1527 3262 1584 subditus
3302 1527 3360 1584 ﬁt
3405 1527 3543 1585 Deo.

1926 1613 2071 1668 Nulli
2101 1616 2245 1678 enim
2279 1615 2507 1674 dubiutn
2536 1627 2655 1687 est,
2689 1620 2815 1690 quia
2848 1622 3042 1694 pagani
3077 1622 3260 1679 obruti
3292 1631 3420 1678 sunt
3451 1622 3546 1680 de-

1924 1706 2068 1764 lictis
2095 1716 2152 1764 et
2175 1708 2580 1781 impietatibus,
2611 1726 2676 1767 ac
2703 1728 2800 1782 per
2828 1714 2930 1768 hoc
2969 1723 3114 1770 totus
3152 1714 3388 1771 mundus
3426 1715 3542 1773 Deo

278 1809 467 1882 (ναῖε.
513 1807 627 1882 16.)
677 1808 933 1870 Contritio
967 1820 1016 1864 et
1055 1809 1337 1880 infelicitas
1382 1811 1563 1866 inviis
1611 1827 1807 1866 eorum.

1921 1813 2227 1874 prostratus
2273 1813 2393 1876 est,
2436 1816 2496 1864 ut
2541 1805 2716 1878 possit
2746 1818 2766 1846 ε
2797 1807 2865 1864 ad
2911 1809 3303 1884 indulgentiam
3351 1825 3545 1884 perve—

203 1905 480 1972 Quoniam
510 1903 662 1960 citati
691 1902 1552 1972 erantrid-malefaciendum,iter
1571 1905 1816 1976 ipsorum

203 1998 292 2053 rel
319 2012 571 2069 gressum
603 1997 918 2056 tribulatum
950 2005 1004 2052 et
1030 1996 1301 2054 infelicem
1333 2000 1675 2069 pronuntiat.

279 2088 350 2144 Et
392 2091 529 2146 viam
567 2091 708 2161 pacis
754 2099 778 2126 ει
817 2106 924 2144 non
968 2101 1336 2160 cognoverunt.
1371 2090 1472 2150 Via
1501 2091 1650 2164 pacis
1683 2091 1822 2148 lenis

202 2195 292 2248 est
342 2193 399 2240 et
439 2185 752 2251 inturbata;
790 2183 972 2240 omnis
1011 2183 1158 2240 enim
1196 2185 1338 2241 bona
1377 2184 1483 2240 vita
1526 2185 1820 2255 tranquilla

202 2292 314 2347 est,
348 2286 407 2334 et
442 2287 595 2334 actus
633 2277 867 2336 modesti
911 2277 1013 2349 ipsi
1045 2286 1176 2334 sunt
1205 2278 1445 2349 pacifici,
1476 2288 1532 2334 et
1562 2295 1657 2350 per
1687 2280 1822 2336 istos

205 2373 322 2428 itur
341 2371 410 2428 ad
433 2371 624 2428 Deum.
654 2370 735 2426 Illi
759 2385 891 2442 ergo
920 2371 1172 2428 nolentes
1201 2369 1322 2454 huic
1349 2371 1512 2438 scire,
1539 2372 1825 2444 elegerunt

207 2465 360 2520 viam
391 2463 826 2532 tribulationum,
859 2478 957 2535 per
997 2479 1160 2533 quam
1188 2464 1299 2520 itur
1330 2464 1385 2519 in
1412 2465 1744 2537 gehennam.

277 2558 468 2630 (Vers.
511 2557 626 2628 17.)
673 2556 800 2614 Non
841 2567 914 2614 est
947 2559 1101 2614 timor
1138 2557 1238 2614 Dei
1267 2568 1385 2614 ante
1413 2558 1594 2614 oculos
1621 2575 1817 2616 eorum.

206 2655 478 2723 Quoniam
519 2653 823 2725 ltujusmodi
865 2655 985 2710 sine
1025 2670 1190 2710 sensu
1232 2664 1391 2722 sunt,
1429 2654 1530 2712 Dei
1568 2655 1822 2712 timorem

208 2766 322 2808 non
365 2748 578 2806 habent
617 2766 630 2804 :
674 2749 897 2804 Initium
935 2749 1070 2804 enim
1099 2749 1367 2821 sapientia
1393 2749 1546 2803 timor
1573 2747 1818 2816 Domini,

205 2846 348 2906 dicit
386 2845 650 2904 Salomon
685 2844 962 2916 (Prooerb.
990 2861 1031 2912 ι,
1059 2845 1138 2908 7).
1171 2845 1242 2904 Et
1267 2860 1375 2902 non
1407 2845 1545 2900 dixit
1570 2845 1823 2900 timorem

209 2941 312 3000 Dei
344 2941 446 2998 hos
474 2956 584 2998 non
609 2939 835 3005 habere,
859 2939 956 2998 sed
989 2959 1002 2996 :
1037 2939 1166 2996 Non
1190 2950 1287 3008 est,
1311 2941 1508 3011 inquit,
1541 2941 1694 2995 timor
1724 2938 1826 2996 Dei

207 3048 336 3094 ante
361 3038 544 3094 oculos
566 3053 762 3094 eorum.
793 3035 1052 3094 Videnles
1076 3036 1222 3098 cnim
1253 3047 1362 3092 tam
1383 3035 1620 3105 maligna
1654 3050 1822 3105 opera

206 3149 306 3189 sua
331 3174 350 3199 ,
388 3141 445 3190 et
473 3147 592 3190 non
625 3133 950 3199 horrentes,
985 3132 1238 3189 timorem
1285 3131 1382 3188 Dei
1411 3131 1671 3188 dicuntur
1697 3141 1825 3188 ante

1923 1899 2082 1966 nire;
2115 1901 2237 1972 quia
2265 1901 2445 1958 omnis
2472 1901 2708 1964 mundus
2737 1901 2909 1960 Judrei
2943 1915 3100 1967 erant
3129 1913 3184 1961 et
3211 1906 3442 1984 gentiles
3464 1949 3479 1975 ,
3513 1922 3542 1960 a

1923 1995 2119 2066 quibus
2162 1997 2432 2069 segregati
2475 2005 2605 2056 sunt
2633 1997 2844 2056 ﬁdeles.
2890 1999 3120 2075 Quando
3151 2015 3280 2074 ergo
3325 1999 3545 2057 Judmos

1927 2091 2019 2160 qui
2044 2089 2220 2162 legem
2244 2099 2574 2163 acceperunt
2597 2107 2626 2147 a
2658 2092 2793 2162 Deo,
2825 2101 2881 2158 et
2907 2093 3105 2164 quibus
3133 2092 3275 2150 facta
3305 2095 3547 2166 promis-

1931 2182 2014 2238 sio
2054 2190 2140 2238 est
2161 2224 2174 2250 ,
2219 2183 2458 2254 peccatis
2495 2184 2692 2256 probat
2721 2184 2992 2242 obnoxios
3016 2227 3030 2254 ,
3062 2185 3287 2243 dubium
3320 2204 3428 2244 non
3461 2199 3548 2245 est

1925 2291 2118 2332 omnes
2145 2275 2366 2334 Graecos
2395 2292 2520 2344 reos
2549 2293 2672 2338 esse
2701 2279 2911 2334 mortis.
2939 2278 3302 2348 Quamobrem
3332 2299 3346 2336 :
3381 2281 3546 2336 Omne

1927 2387 1984 2426 os
2011 2370 2328 2437 obstruatur,
2359 2372 2466 2440 ait,
2497 2382 2544 2425 et
2570 2372 2804 2426 subditus
2832 2374 2924 2443 fiat
2956 2374 3122 2428 omnis
3150 2374 3372 2429 mundus
3398 2373 3550 2440 Deo;

1929 2464 2055 2520 dum
2094 2479 2285 2522 omnes
2324 2465 2403 2520 rei
2445 2464 2658 2535 probati
2697 2466 2942 2538 indigent
2985 2466 3366 2524 misericordia
3397 2467 3540 2536 Dei,

1931 2566 2039 2612 tam
2069 2555 2280 2623 Judaei,
2316 2572 2478 2628 quam
2511 2558 2674 2613 etiam
2707 2557 2902 2614 Grieci.

2003 2651 2184 2725 (Vers.
2214 2651 2338 2723 90.)
2383 2651 2643 2719 Quoniam
2681 2653 2892 2722 quidem
2931 2671 3034 2709 non
3063 2655 3443 2728 justificabitur
3483 2672 3546 2712 ea:

1927 2747 2167 2818 operibus
2198 2747 2352 2819 Legis
2380 2749 2545 2804 omnis
2573 2765 2698 2804 caro
2725 2765 2902 2804 coram
2935 2749 3066 2806 Deo.
3110 2751 3227 2806 Non
3271 2752 3394 2809 ideo
3434 2755 3532 2809 mi-

1928 2842 2078 2898 nime
2115 2843 2442 2914 justiﬁcutos
2480 2841 2731 2900 homines
2771 2843 2968 2901 asserit
2997 2844 3136 2917 apud
3171 2845 3338 2902 Deum
3368 2863 3381 2912 ;
3417 2848 3540 2918 quia

1929 2935 2102 3008 legem
2141 2936 2364 3008 justitiae
2409 2952 2519 2992 non
2561 2946 2930 2996 servaverunt
2975 2938 3030 2994 in
3076 2941 3404 3012 przeceptis:
3448 2940 3546 2996 sed

1929 3031 2055 3101 quia
2103 3041 2504 3088 sacramentum
2557 3032 2812 3104 mysterii
2864 3031 2998 3100 Dei,
3041 3033 3182 3104 quod
3224 3034 3278 3088 in
3320 3032 3544 3090 Christo

1927 3135 2015 3183 est
2036 3167 2050 3192 ,
2076 3128 2306 3186 credere
2332 3127 2651 3186 noluerunt.
2685 3128 2788 3186 Per
2821 3128 2924 3184 hoc
2951 3129 3098 3186 enim
3127 3128 3369 3188 decrevit
3397 3130 3544 3186 Deus

207 3229 402 3288 oculos
437 3244 552 3284 non
585 3227 813 3285 habere.
859 3226 1003 3284 Istos
1034 3241 1228 3285 omnes
1257 3238 1310 3286 et
1337 3227 1601 3299 propheta
1630 3219 1892 3285 Hiere-C
1921 3221 2222 3294 justiﬁcare
2267 3223 2582 3290 hominem,
2630 3238 2738 3279 non
2785 3238 2881 3294 per
2923 3223 3132 3296 legem,
3176 3223 3304 3294 quia
3348 3225 3434 3280 lex
3478 3226 3544 3280 ad

205 3325 351 3380 nias
371 3322 665 3395 signiﬁcat,
688 3322 880 3379 dicens
912 3322 1058 3379 inter
1085 3331 1285 3379 caetera
1316 3338 1328 3376 :
1358 3320 1502 3378 Tune
1531 3338 1706 3378 omnes
1736 3322 1821 3376 in-

203 3427 545 3473 surrexerunt
587 3417 643 3472 in
691 3418 996 3490 prOphetam
1027 3415 1274 3485 Domini,
1311 3418 1539 3474 uolentes
1588 3417 1821 3473 occidere

205 3528 340 3567 cuiu.
379 3513 444 3568 Et
473 3511 755 3584 sequitur:
788 3512 974 3569 Omnis
993 3524 1167 3570 autem
1206 3515 1432 3587 populus
1457 3531 1561 3570 non
1586 3514 1821 3586 permisit

207 3607 428 3679 (Jerem.
455 3622 610 3676 xxvr,
647 3608 702 3676 8,
734 3606 846 3679 16).
875 3606 1004 3664 Illos
1021 3623 1156 3680 ergo
1185 3623 1380 3664 omnes
1399 3608 1554 3674 dicit,
1589 3606 1696 3680 45
1719 3606 1816 3663 sed

207 3703 400 3770 malos;
414 3713 470 3760 et
485 3707 588 3760 hos
599 3719 813 3774 omnes,
827 3705 923 3762 sed
935 3704 1130 3761 honos.
1149 3703 1340 3776 Neque
1350 3709 1493 3761 enim
1509 3702 1633 3774 quia
1647 3701 1780 3758 dicit
1800 3718 1817 3758 :

209 3800 404 3856 Omnes
421 3799 835 3868 declinaverunt,
857 3810 1030 3857 totam
1055 3799 1272 3872 penitus
1293 3797 1509 3869 plebem
1523 3795 1813 3868 signiﬁcat,

203 3893 304 3950 sed
325 3893 474 3952 hanc
491 3904 707 3967 partem
731 3894 926 3966 plebis,
950 3895 1094 3952 sicut
1109 3903 1172 3951 et
1195 3901 1528 3952 memoratus
1552 3889 1816 3962 propheta

205 3989 374 4045 refert
415 4007 430 4044 :
479 3988 550 4047 Ιι
581 4005 684 4062 qua
717 4007 892 4047 omnes
933 3991 1064 4046 mali
1092 4006 1146 4046 se
1175 3988 1544 4046 condiderunt.
1581 3978 1835 4058 Semper-

203 4082 348 4138 enim
382 4083 493 4139 duo
517 4083 709 4156 populi
737 4095 865 4141 sunt
887 4085 938 4140 in
971 4101 1075 4140 una
1101 4083 1280 4156 plebe.
1313 4082 1422 4140 Hie
1438 4089 1524 4138 est
1549 4095 1684 4151 ergo
1715 4095 1814 4152 po—

201 4178 366 4250 pulus
395 4193 558 4251 quem
595 4179 842 4251 increpat
869 4180 1135 4238 Dominus
1162 4179 1264 4235 sub
1303 4178 1524 4234 nomine
1551 4175 1812 4232 Hierusa-

205 4270 347 4340 lem,
375 4271 567 4329 dicens
600 4289 615 4326 :
668 4271 1003 4328 Hierusalem
1022 4316 1036 4339 ,
1075 4271 1444 4339 Hierusalem,
1473 4286 1588 4342 qua:
1615 4269 1812 4324 occidis

203 4367 480 4436 praphetas
505 4365 726 4439 (Matth.
757 4383 910 4435 χχιιι,
937 4367 1056 4438 57).
1082 4365 1152 4424 Et
1179 4366 1434 4423 alio-loco
1467 4384 1479 4419 :
1507 4364 1808 4432 Generatio,

197 4459 282 4512 ait
317 4477 330 4511 :
369 4461 512 4514 mala
549 4463 602 4516 et
629 4462 901 4524 adultera,
939 4471 998 4516 .et
1033 4479 1045 4515 :
1092 4461 1258 4517 Natio
1299 4463 1594 4533 viperarum
1640 4459 1806 4532 (Ibid.

197 4567 300 4618 ιιι,
359 4553 477 4626 59).
528 4554 607 4610 De
645 4554 968 4627 'hnjusmodi
1017 4555 1269 4628 queritur
1316 4556 1482 4611 etiam
1543 4555 1807 4625 ιιι-οριιθῑίι

1928 3325 2144 3388 tempus
2165 3316 2470 3388 justiticat,
2505 3333 2615 3374 non
2644 3315 2786 3386 apud
2821 3319 3012 3380 Deum.
3056 3317 3184 3374 ldeo
3215 3320 3392 3390 legem
3425 3335 3544 3376 ser-

1925 3421 2118 3472 vantes
2145 3411 2202 3469 in
2229 3423 2510 3482 tempore,
2536 3413 2670 3483 justi
2699 3424 2825 3470 sunt
2851 3429 2961 3478 non
2990 3415 3130 3486 apud
3166 3415 3337 3471 Deum
3365 3432 3378 3482 ;
3412 3416 3539 3489 quia

1925 3506 2061 3563 fides
2084 3521 2182 3578 per
2202 3521 2362 3578 quam
2383 3505 2754 3578 justiﬁcantnr
2778 3507 3026 3564 homines
3052 3507 3192 3580 apud
3219 3508 3410 3577 Deum,
3435 3525 3544 3565 non

1923 3606 2008 3654 est
2041 3599 2092 3654 in
2121 3599 2220 3655 eis.
2249 3599 2420 3669 Major
2445 3601 2588 3656 enim
2623 3599 2761 3662 ﬁdes
2794 3611 2875 3658 est
2896 3641 2912 3670 ,
2941 3617 3102 3674 quam
3143 3603 3264 3671 lex;
3296 3605 3419 3676 quia
3452 3605 3538 3659 lex

1923 3692 1988 3750 ad
2017 3708 2116 3752 nos
2142 3694 2412 3764 pertinet,
2443 3694 2580 3752 ﬁdes
2607 3693 2672 3750 ad
2694 3694 2888 3752 Deum.
2911 3695 3121 3752 Idcirco
3148 3697 3236 3752 lex
3263 3706 3540 3768 tempora-

1919 3785 2024 3842 lem
2075 3785 2242 3842 habet
2280 3786 2584 3857 justitiam,
2634 3787 2768 3843 fides
2810 3797 3091 3843 aeternam.
3136 3787 3269 3844 Nam
3312 3805 3531 3846 omnem

1919 3896 2139 3940 carnem
2163 3881 2351 3940 dicens
2373 3897 2590 3942 omnem
2616 3882 2896 3940 hominem
2919 3883 3280 3956 signiﬁcavit,
3309 3887 3448 3943 sicut
3479 3895 3536 3944 et;

1917 3977 2183 4050 propheta
2234 3977 2427 4034 Esaias
2469 3977 2584 4033 ait:
2627 3976 2696 4033 Et
2727 3978 2911 4034 videbit
2943 3981 3111 4035 omnis
3141 3997 3262 4036 caro
3299 3982 3530 4039 salutare

1915 4069 2018 4126 Dei
2037 4071 2217 4145 .(Esai.
2245 4089 2314 4130 XL
2334 4114 2347 4140 ,
2375 4070 2464 4142 5);
2497 4071 2547 4128 id
2575 4080 2692 4140 est,
2719 4071 2924 4130 videbit
2953 4074 3135 4130 omnis
3179 4073 3347 4134 homo
3375 4075 3532 4132 Chri-

1915 4177 2058 4224 stum
2085 4166 2202 4234 Dei,
2219 4167 2274 4222 in
2291 4181 2398 4237 quo
2421 4165 2567 4222 salus
2595 4166 2838 4222 omnium
2861 4167 3199 4228 continetur.
3227 4169 3296 4223 Et
3324 4167 3529 4227 idcirco

1913 4276 2079 4318 carne
2105 4260 2504 4332 signiﬁcantur,
2529 4260 2656 4334 quia
2686 4263 2922 4334 peccatis
2947 4261 3172 4324 obnoxii
3198 4273 3344 4319 sunt.
3377 4265 3531 4321 Sient

1911 4355 2060 4413 enim
2084 4355 2294 4427 justitia
2323 4355 2601 4427 spiritales
2629 4354 2790 4424 facit,
2822 4357 2896 4414 ita
2927 4366 2983 4413 et
3009 4357 3209 4414 delicta
3235 4359 3525 4429 carnales;

1914 4457 1974 4502 ut
1999 4463 2070 4504 ex
2091 4458 2213 4504 actu
2239 4461 2440 4506 nomen
2464 4448 2697 4520 accipiat
2719 4447 2905 4506 homo.

1987 4541 2092 4598 Per
2131 4543 2296 4616 legem
2330 4543 2465 4598 enim
2497 4543 2723 4616 cognitio
2752 4545 2992 4615 peccati:
3015 4561 3114 4618 per
3145 4546 3307 4605 ﬁdem
3336 4561 3524 4610 autem

197 4644 394 4702 Esaias
415 4691 428 4713 ,
460 4647 652 4705 dicens
679 4666 692 4703 :
728 4648 822 4704 γω
844 4651 983 4722 genti
1004 4651 1303 4722 peceatrici,
1325 4666 1499 4706 semen
1528 4649 1808 4721 pessimum

1920 4637 2176 4704 abolitio;
2213 4637 2334 4696 ideo
2363 4638 2642 4709 sequenda
2673 4637 2809 4694 fides
2835 4647 2938 4694 est.
2973 4639 3104 4710 Quae
3136 4653 3219 4699 est
3247 4645 3364 4702 hzec
3395 4645 3483 4704 lex
3503 4689 3521 4718 ,

191 4739 374 4814 (Esai.
407 4758 445 4811 ι,
471 4743 561 4816 4r)!
588 4744 696 4800 Per
718 4745 916 4801 ntalem
943 4745 1089 4801 enim
1116 4746 1480 4810 voluntatem,
1519 4745 1648 4800 dum
1685 4745 1800 4801 frn-

196 4837 323 4886 otus
357 4830 533 4887 malos
575 4831 814 4897 faciunt,
843 4847 1033 4889 semen
1065 4832 1360 4903 pessimum
1387 4841 1531 4888 sunt.
1581 4831 1648 4886 Et
1677 4831 1800 4900 quia

195 4922 244 4976 si
270 4923 581 4991 voluerint,
625 4933 853 4997 possunt
889 4926 1164 4993 converti,
1201 4940 1302 4981 vox
1333 4925 1526 4997 probat
1552 4922 1804 4995 Apostoli

191 5015 254 5072 ist
295 5018 405 5074 alia
449 5019 692 5090 Epistola
735 5019 1013 5076 dicentis:
1057 5019 1281 5075 Eramus
1322 5029 1368 5074 et
1397 5035 1491 5073 nos
1520 5015 1800 5088 aliquando

191 5121 388 5167 nemo
414 5113 513 5182 ﬁlii
537 5113 803 5182 ira,sieut
829 5123 880 5169 et
898 5114 1068 5168 ceteri
1097 5113 1316 5186 (Ephes.
1337 5127 1396 5179 ιι,
1426 5113 1505 5184 ὅ).

263 5202 451 5274 (Vere.
477 5203 598 5275 18.)
629 5205 837 5261 Scimus
862 5216 1036 5262 autem
1057 5207 1306 5276 quoniam
1321 5219 1664 5276 quacumque
1689 5202 1800 5260 Lex

187 5296 450 5368 loquitur,
488 5299 556 5355 iis
581 5300 677 5370 qui
709 5300 766 5355 in
803 5300 917 5372 lege
945 5309 1068 5355 sunt
1093 5342 1109 5369 ,
1150 5300 1400 5371 loquitur.
1451 5298 1798 5356 Manifestum

191 5399 286 5445 est
312 5392 431 5462 quia
457 5393 557 5448 hos
583 5392 830 5464 increpat
853 5393 963 5450 Lex
981 5433 998 5461 ,
1027 5394 1119 5466 qui
1147 5403 1202 5450 et
1228 5393 1466 5465 primum
1497 5407 1604 5449 non
1627 5391 1805 5449 credi-

517 5531 724 5616 .eodex,
759 5541 820 5588 et
851 5533 1189 5616 Diom-apud
1209 5533 1376 5599 :Giif.,
1399 5550 1506 5616 nqn
1532 5548 1788 5616 cognatio:

187 5609 355 5667 rm,
813 5607 949 5660 viam
995 5606 1268 5678 eligentes;
1302 5623 1391 5674 per
1415 5603 1568 5677 qnam
1597 5603 1701 5660 itur
1719 5606 1787 5660 ad

183 5682 413 5750 mea:
436 5677 732 5750 mundam,
746 5677 853 5750 iter
866 5694 972 5748 quo
992 5677 1221 5750 pergitur
1237 5679 1308 5732 ad
1325 5687 1571 5734 wteruant
1591 5679 1748 5734 vitam
1773 5695 1790 5734 :

183 5760 322 5821 quae
344 5747 536 5821 ideirco
574 5765 680 5821 pas:
709 5747 1100 5820 .dicitstr,.quia'
1122 5751 1322 5804 nulloin
1357 5750 1792 5821 perturbationem

187 5816 608 5894 habebit.De_um
638 5820 878 5894 (tabentes
896 5816 1186 5894 propitium
1213 5816 1530 5894 spreverunt,
1561 5823 1794 5879 nolentes

186 5889 337 5945 scire
365 5891 602 5959 quoniam
639 5890 785 5950 bona:
823 5889 1100 5950 voluntatis
1131 5889 1362 5952 homines
1387 5889 1522 5952 hanc
1567 5897 1794 5967 requiem

1903 4745 2004 4802 per
2025 4747 2184 4802 quam
2207 4731 2339 4788 dicit
2363 4732 2637 4804 cognitum
2667 4747 2787 4790 esse
2813 4745 3099 4806 peccatum
3120 4778 3136 4804 ,
3165 4747 3218 4792 et
3245 4741 3523 4812 cognitum

1903 4825 2219 4897 quomodo?
2243 4825 2503 4882 Videmus
2533 4826 2677 4884 enim
2704 4835 2921 4885 veteres
2950 4845 3058 4886 non
3086 4831 3368 4903 ignorasse
3392 4853 3519 4909 pec-

1905 4929 2084 4976 catum
2113 4937 2126 4987 ;
2158 4921 2282 4992 quia
2315 4931 2369 4978 et
2394 4921 2596 4994 Joscph
2627 4922 2682 4978 in
2708 4938 2986 4980 carcerem
3014 4925 3216 4984 missus
3243 4939 3356 5000 est,
3387 4930 3520 4990 licet

1906 5029 2004 5086 per
2030 5014 2360 5071 calumniam
2387 5015 2546 5087 (Gen.
2597 5032 2792 5084 xxxix,
2816 5017 2946 5089 20);
2975 5027 3030 5075 et
3055 5019 3314 5091 pincerna
3346 5033 3402 5082 et
3429 5027 3512 5097 pi-

1905 5117 2021 5163 stor
2050 5105 2370 5176 Pharaonis,
2399 5123 2562 5166 causa
2588 5110 2797 5182 peccati
2823 5108 2976 5184 (Gen.
2999 5128 3092 5180 ιιι,
3117 5111 3196 5184 5).
3226 5115 3512 5183 Quomodo

1907 5215 2035 5271 ergo
2068 5200 2310 5258 latebant
2347 5203 2616 5273 peccata?
2644 5201 2871 5275 Triplex
2901 5204 3119 5276 quidem
3159 5207 3244 5263 lex
3275 5217 3396 5278 est;
3435 5211 3510 5268 ita

1909 5305 1967 5354 ut
1994 5296 2166 5367 prima
2206 5311 2331 5367 pars
2356 5297 2425 5354 de
2442 5307 2792 5356 sacramento
2821 5299 3125 5358 divinitatis
3153 5304 3224 5362 sit
3250 5305 3344 5368 Dei
3374 5323 3387 5360 :
3420 5320 3507 5364 se-

1911 5390 2088 5448 cunda
2115 5398 2296 5449 autem
2324 5408 2445 5463 quas
2471 5393 2723 5468 congruit
2753 5395 2858 5468 legi
2890 5396 3158 5466 naturali,
3187 5413 3309 5470 qua:
3337 5399 3509 5461 inter-

1893 5535 2151 5590 habebunt
2178 5534 2322 5606 apud
2351 5533 2539 5591 Deum.

1961 5606 1990 5646 b
2033 5607 2131 5663 Ms.
2161 5589 2348 5676 (Iern,
2372 5589 2586 5680 Remig.
2609 5617 2666 5668 et
2686 5589 2922 5678 Thuan.,
2949 5627 3107 5670 unum
3134 5625 3420 5680 estnomen
3445 5624 3500 5680 in

1893 5680 2051 5736 malo.

1973 5764 1994 5791 ο
2029 5751 2183 5836 idem
2220 5751 2386 5810 Corh.
2414 5753 2644 5836 .eodiexn
2683 5756 2758 5836 ’πά
2793 5755 3174 5836 indulgentiam
3213 5766 3501 5836 pertinere,

1899 5825 2065 5910 ontnis
2097 5826 2239 5909 enim.
2265 5825 2486 5910 mundus
2511 5825 2704 5910 Juda’i
2730 5838 2876 5910 erant
2913 5825 2967 5884 et
2996 5825 3244 5910 gentiles,
3278 5837 3346 5892 ad
3371 5825 3502 5910 quoi

1901 5900 2042 5970 facta
2071 5898 2345 5967 promissio
2375 5908 2480 5965 est,
2509 5900 2733 5970 peccatis
2763 5899 2944 5972 probat
2974 5898 3241 5964 obnoxios.
