4082 6306
332 5939 424 5991 Ἦ

633 272 701 326 79
1715 267 1807 324 AD
1845 267 2074 325 Ol'EllA
2117 265 2175 324 S.
2222 267 2546 327 AMBROSII
2585 269 2949 330 APPENDIX.
3881 273 3940 328 ευ

625 387 758 443 dicit
784 393 1096 455 peccatum:
1125 385 1285 439 tertia
1312 399 1438 440 vero
1459 385 1746 452 factorum,
1777 385 1830 442 id
1853 393 1957 452 est,
1989 384 2223 452 sabbati,
2255 383 2308 444 A
2331 384 2554 444 Christo
2585 389 2856 460 redempti
2899 403 3090 446 sumus
3117 409 3128 458 ;
3162 397 3220 445 ιιι
3244 405 3405 446 malm
3439 389 3600 446 missi
3628 385 3942 460 iustiﬁcari:-

626 479 956 544 neomeniac,
1000 477 1472 543 circuincisionis,
1518 488 1623 532 etc.
1675 478 1800 533 Ηωιι
1850 487 1935 533 est
1973 493 2102 549 ergo
2143 477 2228 532 lex

625 572 912 638 naturalis,
943 587 1058 640 qua:
1089 587 1184 640 per
1219 571 1445 644 Moysen
1469 572 1666 642 partim
1697 571 2008 640 reformata,
2037 571 2228 640 partim

619 667 918 721 auctoritas
945 664 1064 735 ejus
1093 665 1306 719 ﬁrmata
1335 665 1386 720 in
1415 665 1558 720 vitiis
1584 663 1929 732 cohibendis,
1954 665 2228 735 cognitum

618 761 754 818 fecit
786 770 1104 830 peceatum;
1147 777 1259 816 non
1301 761 1442 832 quod
1477 761 1692 828 lateret,
1725 761 1866 816 sicut
1892 759 2002 814 dixi
2033 778 2046 815 :
2077 769 2102 796 ει
2131 757 2228 816 sed

615 855 860 910 ostendit
889 863 1113 925 peccata
1141 871 1266 924 qua:
1297 855 1461 923 liunt,
1496 869 1600 908 non
1632 853 1852 924 impune
1877 853 2054 908 futura
2085 853 2227 922 apud

611 951 782 1006 Deum
806 967 820 1016 ;
855 969 920 1006 ne
945 951 1083 1006 forte
1107 950 1231 1020 quis
1257 948 1322 1004 ad
1354 957 1566 1020 tempus
1595 949 1862 1016 cvadens,
1893 948 2066 1020 legem
2095 946 2224 1002 illu-

605 1049 751 1104 sisse
778 1055 1083 1118 putaretur.
1108 1045 1225 1100 Hoc
1252 1055 1336 1101 cst
1363 1045 1508 1116 quod
1537 1045 1622 1100 lex
1653 1044 1913 1101 ostendit.

685 1145 870 1214 (Vers.
903 1143 1021 1216 2i.)
1071 1142 1226 1197 Nunc
1268 1159 1386 1197 vero
1417 1143 1528 1198 sine
1557 1143 1668 1214 lege
1687 1143 1898 1214 justitia
1927 1141 2026 1197 Dei
2058 1142 2224 1196 mani-

609 1240 801 1310 festata
821 1250 917 1306 est,
945 1239 1296 1294 testimonium
1321 1235 1432 1310 46
1459 1238 1649 1292 habens
1675 1255 1705 1292 a
1733 1239 1843 1310 lege
1865 1248 1912 1293 et
1936 1235 2220 1310 prophetis.

607 1337 873 1406 Apertum
903 1342 986 1390 cst
1009 1331 1132 1404 quia
1157 1332 1372 1402 justitia
1397 1331 1492 1386 Dei
1522 1331 1642 1386 sine
1667 1331 1810 1402 Lege
1832 1331 2101 1402 apparuit,
2127 1329 2222 1386 sed

608 1429 732 1484 sine
773 1428 892 1498 lege
923 1425 1137 1482 sabbati
1168 1434 1222 1481 et
1258 1425 1698 1480 circuincisionis
1737 1433 1792 1480 et
1830 1425 2130 1480 neomenia:
2170 1433 2224 1480 ct

609 1521 910 1586 vindictae;
967 1535 1072 1574 non
1129 1527 1311 1573 tamen
1360 1518 1480 1573 sine
1526 1527 1873 1574 sacramento
1922 1517 2222 1573 divinitatis

606 1615 705 1672 Dei
734 1634 746 1668 :
780 1617 978 1685 quippe
1006 1629 1127 1670 cum
1154 1611 1368 1684 justitia
1402 1612 1494 1667 Dei
1524 1611 1592 1666 de
1622 1619 1970 1667 sacramento
2000 1613 2094 1666 Dei
2124 1613 2216 1666 sit.

605 1708 746 1762 Nam
769 1707 986 1778 quando
1009 1721 1142 1778 quos
1171 1707 1256 1761 lex
1280 1720 1404 1760 reos
1434 1705 1653 1760 tenebat
1677 1747 1690 1771 ,
1711 1705 1920 1774 justitia
1949 1705 2044 1760 Dei
2069 1705 2221 1776 igno«

2333 496 2472 548 mur,
2497 482 2640 538 sicut
2667 493 2722 538 et
2745 484 2812 539 ad
2835 483 3058 541 Galatas
3091 485 3220 541 dicit
3247 503 3258 538 :
3289 497 3310 525 ο
3337 483 3590 541 Christus
3619 500 3718 538 nos
3741 483 3940 537 redemit

2331 573 2532 642 (Colat.
2555 593 2610 632 ιιι
2629 621 2643 644 ,
2677 577 2790 651 l5),
2819 579 3058 636 oll'erens
3085 597 3143 637 se
3171 596 3270 652 pro
3301 581 3486 636 nobis.
3519 578 3784 635 Permisit
3807 576 3942 633 enim

2331 683 2391 724 se
2419 670 2636 726 diabolo
2659 673 2934 740 saevienti,
2959 673 3052 730 sed
3077 673 3405 745 imprmscio.
3433 673 3653 728 Putans
3682 681 3864 725 autem
3891 683 3944 724 sc

2330 763 2610 822 Christum
2653 782 2818 839 posse
2865 769 3136 834 retinere,
3181 769 3352 824 veluti
3393 765 3620 838 accepit
3659 779 3785 820 eum
3813 781 3826 816 :
3857 762 3944 819 sed

2328 860 2454 929 quia
2485 859 2742 918 virtutem
2773 863 2892 934 ejus
2922 863 3066 921 ferre
3095 880 3202 919 non
3233 864 3444 936 potuit,
3476 875 3682 919 omnes
3711 874 3848 932 quos
3878 867 3946 914 te-

2331 953 2526 1022 nebat,
2561 955 2724 1011 simul
2755 972 2877 1012 cum
2909 957 3002 1014 illo
3042 959 3246 1014 amisit.

2405 1047 2586 1118 (Vers.
2607 1049 2728 1120 25.)
2751 1049 2918 1116 Quem
2933 1053 3202 1124 proposuit
3221 1051 3362 1107 Deus
3381 1051 3794 1122 propitiatorem
3809 1049 3944 1118 ﬁdei.

2329 1143 2442 1199 Hoc
2459 1143 2591 1200 dicit
2607 1146 2732 1217 quia
2757 1147 2808 1201 in
2827 1145 3047 1203 Christo
3069 1147 3350 1219 proposuit
3373 1147 3546 1214 Deus,
3569 1145 3626 1202 id
3647 1154 3755 1210 est,
3775 1144 3946 1215 dispo-

2327 1238 2437 1294 suit
2455 1239 2747 1310 propitium
2765 1255 2826 1298 se
2843 1241 3083 1297 futurum
3107 1241 3348 1297 humano
3370 1244 3600 1313 generi,
3623 1241 3674 1296 si
3694 1241 3946 1297 credant.

2401 1333 2468 1388 In
2511 1335 2762 1406 sanguine
2797 1335 2978 1408 ipsius.
3023 1335 3151 1392 ldeo
3189 1337 3242 1390 in
3279 1335 3560 1406 sanguine
3591 1334 3804 1406 ipsius,
3833 1333 3948 1404 quia

2327 1435 2504 1483 morte
2535 1427 2652 1500 ejus
2683 1429 2900 1486 liberati
2928 1445 3117 1486 sumus
3143 1449 3157 1496 ;
3192 1442 3250 1486 ut
3280 1441 3336 1486 et
3379 1429 3778 1487 manifestaret
3805 1427 3948 1485 illum

2329 1529 2642 1588 mortuum,
2674 1531 2730 1577 et
2759 1533 2990 1578 mortem
3021 1523 3274 1594 passione
3305 1524 3427 1594 ejus
3455 1523 3781 1580 damnaret.

2403 1611 2582 1683 (Vers.
2615 1613 2734 1685 26.)
2765 1617 2844 1670 Ad
2881 1617 3222 1672 ostensionem
3248 1619 3482 1688 justitia:
3514 1634 3659 1686 suae,
3697 1617 3806 1672 hoc
3835 1625 3946 1682 est,

2327 1713 2386 1760 ιιι
2425 1709 2760 1776 promissum
2802 1725 2959 1765 suum
3003 1711 3182 1780 palam
3227 1709 3474 1780 faceret,
3503 1727 3620 1784 quo
3651 1725 3754 1766 nos
3779 1725 3808 1765 a
3836 1723 3950 1780 pec-

607 1805 686 1859 vit
727 1803 856 1870 illis,
885 1803 1003 1858 sine
1033 1803 1150 1872 lege
1180 1801 1368 1871 utique
1403 1801 1504 1854 hoc
1533 1798 1697 1865 fecit;
1729 1798 1853 1868 quia
1887 1800 1937 1852 in
1967 1813 2102 1870 quos
2133 1798 2220 1856 lex
2251 1770 2302 1830 Β
2327 1798 2464 1853 catis
2509 1800 2796 1870 liberaret,
2849 1801 2992 1859 sicut
3037 1813 3168 1860 ante
3213 1770 3592 1876 promiserat;
3645 1803 3795 1878 quod
3837 1819 3948 1860 cum

610 1894 956 1950 vindicatura
987 1902 1139 1960 erat,
1171 1892 1291 1948 brec
1323 1892 1548 1946 donavit
1579 1891 1688 1946 illis
1719 1899 2026 1961 peccatum.
2061 1890 2126 1946 Et
2153 1907 2224 1948 ne

602 1992 710 2048 hoc
738 1991 877 2046 forte
907 1999 1095 2046 contra
1119 1989 1300 2059 legem
1335 1989 1535 2042 factum
1583 1995 1885 2055 putaretur,
1913 1985 2112 2055 adjecit
2131 1985 2222 2057 ju-

601 2087 810 2144 stitiam
829 2085 922 2142 Dei
940 2083 1312 2140 testimonium
1337 2081 1538 2136 habere
1568 2095 1634 2136 ex
1664 2079 1810 2150 Lege
1837 2087 1892 2134 ct
1919 2080 2220 2150 prephctis,

601 2182 712 2238 hoc
736 2189 854 2246 est,
889 2177 1016 2249 quia
1049 2177 1165 2248 ipsa
1194 2177 1308 2230 Lex
1337 2190 1402 2230 ex
1443 2173 1548 2228 alia
1593 2181 1744 2242 parte
1786 2171 1914 2227 olim
1959 2171 2100 2226 istud
2139 2171 2224 2226 fu-

605 2285 788 2330 turum
816 2273 1064 2337 dixerat;
1096 2270 1219 2341 quia
1251 2277 1516 2324 venturus
1541 2273 1688 2333 erat,
1723 2266 1812 2336 qui
1843 2265 2090 2320 homines
2115 2265 2224 2321 sal-

605 2377 766 2424 varet
813 2366 1002 2436 (Esai.
1034 2381 1122 2420 six
1147 2406 1160 2431 ,
1189 2363 1305 2434 20)
1339 2381 1352 2417 :
1403 2361 1548 2433 quod
1595 2361 1700 2432 legi
1742 2374 2062 2416 concessum
2113 2374 2224 2414 non

606 2473 768 2531 erat,
810 2471 868 2518 ut
909 2471 1132 2533 peccata
1175 2460 1428 2514 donaret.
1471 2455 1600 2510 ldco
1640 2465 1822 2511 autem
1873 2455 2084 2526 justitia
2123 2453 2224 2509 Dei

603 2559 752 2615 dicta
793 2565 912 2621 est,
951 2571 1072 2626 qua:
1113 2553 1332 2609 videtur
1372 2566 1498 2606 esse
1528 2548 1949 2614 misericordia;
1992 2549 2114 2618 quia
2156 2547 2224 2603 dc

601 2647 974 2722 promissione
1000 2647 1270 2717 originem
1301 2643 1504 2698 habet:
1537 2651 1590 2696 et
1615 2657 1736 2696 cum
1769 2641 2098 2712 promissum
2131 2637 2226 2694 Dei

601 2744 876 2810 redditur,
902 2740 1111 2810 justitia
1145 2739 1242 2793 Dei
1271 2736 1498 2792 dicitur.
1529 2733 1746 2789 Justitia
1776 2733 1918 2788 enim
1950 2741 2032 2788 est
2058 2775 2070 2798 ,
2099 2731 2222 2797 quia

605 2837 884 2894 redditum
915 2843 1034 2900 est,
1068 2831 1212 2903 quod
1245 2829 1571 2901 promissum
1605 2837 1688 2882 cst
1717 2843 1728 2880 :
1761 2836 1814 2882 et
1841 2841 1965 2879 cum
2000 2825 2227 2895 suscipit

603 2929 985 3000 confugientes
1013 2924 1082 2980 ad
1114 2940 1172 2980 se
1196 2965 1211 2990 ,
1240 2921 1449 2993 justitia
1479 2919 1718 2983 dicitur;
1753 2917 1878 2986 quia
1909 2931 2019 2972 non
2049 2915 2223 2973 susci-

601 3039 742 3096 pct'e
769 3021 1178 3092 contugientem
1208 3017 1474 3088 iniquitas
1504 3025 1610 3070 εει.

677 3117 860 3186 (Vcrs.
878 3113 1001 3182 22.)
1018 3111 1238 3167 Iustitia
1261 3117 1435 3164 autent
1451 3107 1554 3162 Dei
1579 3124 1665 3171 per
1687 3108 1843 3177 ﬁdem
1860 3105 1892 3161 .l
1899 3123 1988 3161 esu
2008 3105 2222 3161 Christi.

611 3211 758 3280 Quid
788 3217 874 3266 est
907 3209 1051 3263 aliud
1084 3224 1175 3280 per
1205 3204 1362 3276 ﬁdem
1392 3202 1522 3258 Jesu
1553 3199 1749 3256 Christi
1773 3245 1788 3269 ,
1823 3199 1924 3255 nisi
1956 3199 2077 3270 quia
2111 3199 2228 3270 ipsa

607 3305 709 3361 Dei
737 3303 951 3376 justitia
981 3295 1357 3355 inanil'estatio
1380 3293 1583 3349 Christi
1609 3301 1694 3349 est
1715 3293 1738 3346 ?
1759 3292 1865 3349 Per
1893 3291 2054 3348 ﬁdem
2086 3292 2230 3347 enim

609 3398 1022 3472 praedicationis
1050 3395 1180 3452 Jesu
1208 3391 1414 3450 Christi
1444 3389 1759 3461 agnoscitur
1787 3387 1994 3442 donum
2023 3387 2226 3442 dudutn

613 3495 950 3566 promissum
979 3507 1007 3544 a
1037 3490 1172 3556 Deo,
1204 3487 1290 3543 vel
1317 3483 1580 3541 sumitur.

683 3587 748 3642 In
787 3601 961 3642 omnes
998 3583 1078 3639 vel
1117 3597 1278 3652 super
1308 3593 1521 3643 omnes,
1560 3575 1650 3646 qui
1691 3574 1909 3629 credunt
1933 3615 1946 3640 ,
1983 3573 2086 3629 hoc
2112 3581 2227 3638 est,

607 3701 778 3758 super
817 3698 1012 3739 omnes
1050 3680 1273 3736 .ludaaos
1313 3685 1366 3731 et
1406 3673 1630 3730 Graecos
1669 3669 1960 3727 credentes
1987 3669 2100 3725 veri
2133 3668 2230 3723 Dei

607 3779 908 3852 justitiam.

682 3875 866 3944 (Vers.
892 3867 1012 3941 25.)
1061 3867 1182 3922 Non
1225 3866 1364 3920 enim
1412 3871 1489 3918 est
1525 3860 1836 3924 distinctio;
1877 3874 2053 3912 omnes
2095 3859 2232 3912 enim

611 3973 982 4038 peccaverunt,
1021 3971 1068 4014 et
1105 3967 1258 4028 egent
1296 3955 1464 4027 gloria
1493 3952 1613 4005 Dei.
1642 3951 1779 4017 Quia
1820 3949 2033 4003 dixerat
2067 3963 2233 4019 super

615 4071 810 4114 omnes
830 4053 1048 4110 Judacos
1074 4059 1127 4106 ct
1148 4049 1372 4106 Graecos
1397 4045 1493 4100 Dei
1513 4042 1543 4080 1)
1571 4057 1694 4097 esse
1716 4039 1982 4110 justitiam
2003 4081 2016 4106 ,
2047 4049 2106 4094 ut
2131 4041 2234 4095 hoc

617 4152 876 4226 probaret
895 4189 909 4214 ,
937 4144 1173 4214 adjecit:
1209 4139 1401 4194 Omnes
1427 4135 1590 4198 enim,
1615 4134 1712 4198 ait,
1738 4141 2092 4202 peccaverunt.
2119 4131 2234 4188 Hoc

619 4223 957 4316 generaliter
983 4232 1402 4306 accipiendum,
1435 4237 1494 4283 ut
1519 4225 1896 4296 intelligantur
1925 4233 2030 4278 tam
2058 4223 2233 4280 Judaei

623 4353 790 4408 quam
836 4333 1043 4396 Graaci;
1089 4327 1237 4387 unde
1279 4326 1394 4380 ait:
1442 4323 1570 4377 Non
1610 4331 1682 4375 est
1719 4320 2013 4385 distinctio;
2044 4334 2233 4376 omnes

623 4431 770 4486 enim
827 4426 915 4481 hic
969 4417 1420 4493 comprehendit,
1477 4413 1643 4470 etiam
1693 4421 1747 4466 et
1797 4411 2142 4478 sacerdotes,
2172 4421 2236 4467 ut

627 4521 946 4581 ostenderet
966 4515 1098 4573 nihil
1124 4511 1397 4586 profuisse
1423 4507 1597 4579 legem
1616 4503 1734 4560 sine
1750 4503 1872 4558 (ide.
1889 4502 1974 4559 Sic
1988 4503 2129 4559 enim
2145 4504 2231 4558 lex

625 4621 752 4676 data
784 4624 898 4678 est,
931 4620 990 4667 ut
1013 4609 1150 4665 ﬁdes
1177 4612 1324 4661 esset
1355 4605 1408 4657 in
1439 4601 1592 4670 lege,
1620 4613 1740 4668 qua:
1769 4596 2006 4651 futuram
2037 4611 2229 4666 Spera-

625 4722 712 4770 ret
738 4711 990 4765 salutem.
1025 4700 1392 4772 Quamobrem
1422 4709 1571 4750 mors
1597 4691 1801 4747 Christi
1825 4689 2076 4746 omnibus
2105 4705 2233 4760 pro-

627 4806 757 4862 iecit
774 4844 788 4867 .
820 4801 942 4871 quia
967 4808 1022 4854 et
1043 4796 1131 4850 hic
1152 4797 1207 4849 in
1231 4791 1438 4846 saeculo
1459 4785 1589 4857 quid
1613 4783 1941 4840 credendum
1967 4792 2019 4838 et
2045 4785 2233 4839 obser-

621 4897 861 4955 vandum
893 4899 1002 4956 est,
1037 4887 1256 4945 docuit:
1293 4893 1346 4938 et
1373 4883 1441 4937 de
1469 4878 1686 4934 inferno
1716 4890 1908 4932 omnes
1934 4876 2158 4946 eripuit.

701 4991 884 5062 (Vers.
903 4982 1020 5054 24).
1047 4977 1332 5049 Justiﬁcati
1359 4975 1520 5047 gratis
1545 4989 1637 5042 per
1658 4971 1880 5042 gratiam
1907 4970 2088 5039 ipsius.
2108 4970 2232 5026 Jus-

617 5081 817 5143 titicati
857 5085 984 5136 sunt
1011 5074 1210 5146 gratis,
1243 5069 1370 5140 quia
1401 5066 1536 5122 nihil
1567 5069 1896 5132 operar'es,
1941 5077 2114 5131 neque
2144 5063 2224 5117 vi.

618 5197 741 5240 cem
768 5173 1094 5234 reddentes,
1125 5167 1244 5223 sola
1273 5163 1376 5217 (ide
1401 5155 1684 5231 justiﬁcati
1711 5161 1838 5209 sunt
1863 5154 2006 5209 dono
2031 5155 2152 5210 Dei.

693 5273 800 5327 Per
828 5262 1234 5334 redemptionem
1263 5270 1378 5326 qua:
1407 5261 1480 5306 est
1511 5250 1564 5303 in
1587 5245 1792 5301 Christo
1809 5245 1956 5299 Jesu.
1983 5244 2228 5301 Gratiam

621 5365 722 5422 Dei
753 5363 812 5417 in
837 5357 1052 5415 Christo
1081 5365 1206 5408 esse
1235 5353 1504 5408 testatur;
1553 5339 1680 5409 quia
1726 5337 2008 5392 voluntate
2057 5337 2152 5392 Dei
2194 5353 2225 5393 a

689 5514 716 5541 κ
757 5499 924 5556 Iidem
971 5493 1222 5553 codices,
1269 5483 1360 5538 scd
1401 5475 1624 5556 ostendit
1665 5470 2036 5556 futuruthei
2061 5475 2214 5556 judi-

613 5545 1343 5634 :"arauis'recc'awr
1696 5545 1977 5634 verast.»-
1995 5559 2065 5634 re
2086 5545 2217 5634 torte

609 5623 854 5703 ίί-..ίιίοσ
883 5651 954 5692 est
985 5623 1119 5706 quod
1147 5636 1230 5690 lex
1263 5623 1512 5690 Ostendit,
1549 5623 1670 5688 quia
1697 5623 1964 5687 peccatum
1994 5623 2216 5687 mtputa.

609 5729 756 5775 retur
781 5711 920 5770 apud
945 5709 1130 5763 Deum.
1275 5774 1282 5775 ί
1441 5769 1453 5775 _
1480 5768 1491 5775 _
1587 5771 1596 5775 _
1758 5759 1790 5775 __

676 5755 919 5842 ἱξίίζὶἓῖιῖ
933 5755 1372 5848 πῖιξξζζριιειίιῑατη
1389 5812 1417 5848 ,_
1435 5768 1491 5822 id
1517 5771 1630 5848 est,
1655 5755 2067 5848 gratiam-Eli.“
2094 5776 2215 5848 ηνᾳέ

595 5835 1292 5931 ὐανει’;-ἇά]εεὶι;’ὸιηιιεε
1336 5835 1508 5910 enim,
1551 5835 1656 5902 ait,
1697 5837 2062 5905 peccaverant,
2106 5841 2212 5886 tam

2255 3163 2302 3228 C

2327 1893 2606 1964 implevit,
2633 1897 2842 1966 justum
2871 1913 2931 1953 se
2957 1897 3224 1955 ostendit.

2401 1986 2624 2061 Pr0pter
2670 1991 2992 2060 propositae:
3041 1993 3446 2062 prtecedentium
3495 1993 3860 2062 delictorum,
3903 1993 3950 2046 in

2327 2084 2582 2152 patientia
2621 2082 2736 2138 Dei.
2778 2085 2973 2141 Sciens
3017 2086 3161 2142 Deus
3203 2089 3556 2157 propositum
3599 2086 3950 2160 benignitatis

2325 2191 2442 2231 suae
2467 2191 2575 2246 quo
2601 2177 2818 2232 censuit
2845 2179 3230 2248 peccatoribus
3257 2178 3588 2250 subvenire,
3625 2189 3740 2235 tam
3775 2181 3843 2236 iis
3866 2179 3951 2250 qui

2325 2277 2456 2325 sunt
2479 2269 2622 2340 apud
2649 2285 2910 2340 superos,
2937 2286 3098 2342 quam
3129 2271 3194 2326 iis
3215 2271 3306 2342 qui
3337 2271 3394 2326 in
3425 2271 3652 2328 inferno
3685 2272 3943 2328 teneban-

2327 2367 2452 2426 tur;
2483 2371 2747 2432 utrosque
2771 2363 3080 2418 diutissime
3109 2363 3486 2434 exspectavit,
3517 2379 3808 2420 evacuans
3835 2378 3950 2420 scn-

2329 2453 2556 2508 tentiam
2585 2495 2599 2519 ,
2648 2471 2751 2524 qua
2793 2456 2997 2524 justum
3047 2455 3262 2511 videtur
3305 2471 3504 2512 omnes
3553 2457 3860 2522 damnari;
3903 2463 3954 2510 ut

2329 2545 2651 2601 ostenderet
2702 2547 2858 2604 nobis
2893 2592 2907 2616 ,
2957 2548 3103 2620 quod
3147 2549 3278 2604 olim
3330 2549 3668 2606 decreverat
3719 2549 3947 2606 liberare

2329 2651 2506 2709 genus
2545 2639 2841 2696 humanum
2885 2657 2984 2713 per
3021 2640 3338 2708 Christum,
3379 2643 3529 2698 sicut
3570 2643 3833 2713 promisit
3869 2657 3955 2713 per

2332 2729 2665 2784 Hieremiam
2693 2733 3015 2803 prophetam
3035 2776 3049 2800 ,
3077 2734 3266 2790 dicens
3289 2752 3303 2788 :
3337 2733 3628 2805 PrOpitius
3653 2753 3744 2791 ero
3769 2735 3956 2806 iniqui-

2333 2824 2526 2880 tatibus
2566 2841 2768 2892 eorum,
2803 2838 2850 2882 et
2893 2828 3200 2884 delictorum
3227 2829 3446 2884 illorum
3492 2847 3602 2885 non
3645 2829 3956 2886 memorabat

2333 2916 2564 2989 (Jerem.
2597 2936 2757 2989 xxxi,
2785 2921 2911 2994 ⁵54).
2947 2923 3013 2977 Et
3041 2938 3110 2979 ne
3139 2922 3283 2979 forte
3315 2923 3423 2980 hoc
3453 2924 3669 2980 donum
3701 2925 3842 2981 solis
3869 2923 3956 2979 Ju-

2331 3009 2468 3066 daeis
2489 3013 2808 3082 promisisse
2835 3014 3136 3083 videretur,
3166 3029 3265 3086 per
3293 3015 3522 3072 Esaiam
3555 3017 3732 3073 dicit:
3771 3016 3960 3072 Domus

2331 3119 2447 3157 mea
2493 3104 2676 3158 donius
2721 3107 2972 3161 orationis
3016 3107 3282 3162 vocabitur
3321 3107 3380 3162 in
3429 3111 3682 3166 omnibus
3723 3110 3956 3182 gentibus

2338 3195 2513 3268 (Esai.
2545 3213 2667 3263 va,
2696 3198 2780 3269 7).
2821 3198 3082 3267 Quamvis
3123 3201 3268 3256 enim
3315 3199 3615 3259 Judaismo
3654 3201 3804 3258 facta
3845 3217 3962 3275 pro-

2333 3289 2529 3344 missio
2567 3289 2671 3354 sit,
2711 3290 2808 3346 sed
2851 3292 3110 3360 przescius
3151 3292 3296 3348 Deus
3325 3307 3394 3350 eo
3419 3295 3574 3366 quod
3606 3295 3826 3352 donum
3853 3295 3962 3366 ejus

2337 3381 2680 3453 reproliaturi
2712 3393 2896 3440 essent
2925 3385 3082 3456 impii
3113 3385 3320 3455 Judazi,
3355 3399 3559 3458 gentes
3587 3403 3652 3446 se
3683 3389 3754 3445 ad
3789 3387 3961 3460 perci-

2337 3472 2592 3545 piendam
2625 3475 2854 3544 gratiam
2886 3491 3040 3531 suam
3073 3477 3326 3547 promisit
3361 3479 3670 3537 admittere
3691 3523 3707 3548 ,
3739 3495 3962 3553 quarum

2336 3565 2686 3622 aemulatione
2715 3566 2770 3621 in
2803 3567 2940 3623 iram
2969 3568 3123 3624 missi
3155 3570 3548 3628 cruciarentur
3577 3573 3738 3645 impii
3771 3573 3958 3630 Iudici.

2415 3657 2482 3712 In
2511 3657 2610 3713 hoc
2633 3669 2892 3730 tempore,
2925 3662 2978 3718 id
3003 3675 3086 3719 est
3103 3703 3120 3730 ,
3153 3671 3402 3734 tempore
3429 3675 3651 3733 nostro,
3681 3683 3798 3739 quo
3825 3665 3964 3724 dedit

2335 3755 2517 3819 Deus,
2552 3751 2694 3823 quod
2723 3753 2854 3808 olim
2883 3757 3214 3826 promiserat
3243 3757 3490 3814 dandum
3525 3769 3790 3833 tempore
3811 3803 3828 3828 ,
3868 3773 3964 3832 quo

2336 3848 2512 3904 dedit.
2539 3847 2610 3902 Ut
2633 3849 2700 3901 sit
2715 3847 2820 3920 5.7
2844 3851 3025 3919 justus
3039 3852 3346 3923 justiﬁcans
3366 3869 3486 3908 eum
3509 3895 3525 3922 ,
3557 3857 3652 3926 qui
3673 3869 3752 3912 est
3783 3872 3851 3912 ea:
3873 3853 3964 3926 ﬁde

2334 3941 2470 3996 Jesu
2491 3937 2704 3993 Christi.
2733 3941 2906 3999 Recte
2933 3944 3038 4012 ait,
3063 3945 3190 4014 quia
3219 3954 3276 4002 ut
3297 3947 3372 4002 sit
3395 3947 3610 4018 justus,
3643 3951 3807 4008 dedit
3829 3947 3968 4022 quod

2337 4032 2630 4106 promisit:
2679 4033 2784 4090 hoc
2827 4045 3011 4094 autem
3061 4039 3342 4107 promisit,
3387 4041 3712 4110 justiﬁcare
3747 4060 3816 4102 se
3853 4057 3968 4100 cre-

2336 4128 2536 4183 dentes
2573 4125 2627 4178 in
2659 4127 2896 4184 Christo.
2929 4129 3069 4184 Dicit
3105 4141 3288 4187 autem
3336 4133 3390 4187 in
3434 4133 3744 4192 llabacuc:
3785 4136 3966 4192 Justus

2337 4229 2513 4274 autem
2539 4235 2603 4273 ea:
2631 4219 2736 4288 ﬁde
2765 4221 2885 4276 vivit
2913 4221 3142 4292 (Habac.
3174 4239 3244 4293 ιι,
3271 4224 3382 4296 4);
3413 4235 3476 4281 ιιι
3505 4228 3642 4286 dum
3677 4229 3780 4287 Dei
3816 4229 3967 4286 (idem

2339 4315 2508 4370 habet
2535 4323 2590 4369 et
2615 4312 2818 4370 Christi
2845 4356 2860 4382 ,
2893 4317 2964 4371 sit
2987 4317 3189 4386 justus.

2413 4406 2601 4475 (Vers.
2627 4404 2747 4476 27.)
2779 4405 2878 4461 Ubi
2903 4417 2978 4462 est
3005 4425 3128 4478 ergo
3155 4410 3406 4480 gloriatio
3433 4423 3530 4469 tua
3549 4415 3576 4470 ?
3605 4414 3854 4472 Exclusit
3877 4425 3968 4472 est.

2343 4499 2456 4583 Per:
2475 4513 2635 4569 quam
2660 4497 2862 4568 legem?
2885 4501 3138 4569 factorum
3156 4503 3182 4554 ?
3203 4501 3330 4558 Non
3347 4543 3361 4571 ,
3387 4507 3484 4560 sed
3503 4524 3605 4577 per
3629 4509 3805 4583 legent
3833 4509 3969 4578 ﬁdei.

2341 4575 2578 4648 Reddita
2609 4590 2842 4656 ratione,
2871 4591 2938 4646 ad
2961 4607 3056 4648 eos
3077 4593 3340 4664 loquitur,
3363 4599 3460 4670 qui
3487 4575 3809 4673 agunt'sub
3833 4575 3968 4676 lege,

2336 4683 2490 4756 quod
2517 4683 2637 4737 sine
2663 4695 2826 4737 causa
2851 4682 3177 4754 glorientur,
3207 4688 3568 4750 blandientes
3595 4696 3712 4752 sibi
3735 4698 3808 4754 de
3835 4697 3970 4769 lege,

2337 4789 2395 4835 et
2436 4783 2660 4847 prepter
2697 4774 2838 4844 quod
2879 4791 3054 4845 genus
3095 4779 3208 4834 sint
3247 4782 3524 4852 Abrabm,
3563 4788 3832 4848 videntes
3871 4807 3970 4848 non

2331 4867 2628 4942 justiticari
2657 4865 2931 4921 hominem
2960 4869 3100 4938 apud
3131 4870 3302 4930 Deum
3321 4917 3336 4942 ,
3364 4877 3472 4934 nisi
3501 4896 3604 4950 per
3633 4884 3832 4941 (idem.

2413 4960 2603 5033 (Vers.
2633 4957 2752 5029 28.)
2797 4957 3129 5015 Arbitrantur
3174 4966 3313 5020 enim
3354 4972 3664 5041 justiﬁcari
3713 4977 3973 5032 hominem

2337 5071 2433 5128 per
2461 5052 2616 5122 ﬁdem
2643 5053 2752 5105 sine
2777 5052 3019 5121 operibus
3043 5055 3197 5126 legis.
3224 5058 3506 5119 Gentilem
3531 5065 3669 5124 dicit
3697 5069 3974 5126 hominem

2335 5164 2441 5222 pro
2471 5153 2629 5200 certo
2671 5143 2887 5214 haberi,
2931 5151 3075 5218 quod
3111 5149 3454 5218 iustiﬁcetur
3493 5161 3780 5230 credens,
3827 5165 3974 5221 nulla

2335 5241 2550 5298 faciens
2574 5250 2738 5304 opera
2769 5236 2935 5307 legis,
2967 5239 3020 5294 id
3049 5248 3166 5308 est,
3207 5243 3330 5301 sine
3365 5249 3847 5327 circumcisione,
3883 5263 3973 5312 aut

2333 5328 2666 5394 neomeniis,
2695 5337 2788 5383 aut
2817 5333 3173 5390 veneratione
3205 5336 3446 5396 sabbati.

2322 5469 2359 5526 -’
2366 5465 2511 5557 κείωέ
2525 5478 2690 5557 ἐῖέλὲηἶ
2699 5461 3442 5557 91⁸9ῗὶἰέξὲ.⁴ῗὶτθη,άενεε.ηε¹ι.ίι
3458 5481 3736 5557 ﬂoruisse
3751 5483 3968 5557 Legen-

2404 5553 2426 5579 ο
2471 5533 2638 5612 Corb.
2663 5533 2807 5600 cod.,
2831 5536 3182 5612 (Jhristus‘nos
3205 5543 3428 5600 redemit
3455 5533 3972 5612 itei'iiiiiéiitEb’iil

2321 5615 2439 5686 θέε,
2489 5605 2712 5688 οῇνενεξε
2743 5609 3350 5688 Δεερωμοὺὶδλιριοωδ
3391 5633 3491 5680 pro
3535 5605 3968 5682 ηοῦὲῖἷτὶξιῖεῖιξ-

2319 5674 2486 5740 ἕιηηι.
2511 5718 2532 5760 ..
2563 5716 2580 5759 ε
2589 5674 2857 5764 ξιιιιιιιιι
2877 5678 3014 5732 enim
3031 5696 3085 5734 se
3096 5674 3362 5738 Christum
3389 5674 3970 5764 posse'i-éiine'r'ZE't-

2319 5768 2376 5812 ut
2407 5755 2660 5820 accipiter
2689 5761 2853 5800 avent.
