4082 6306
235 303 306 358 Si
1117 301 1618 360 COMMENTARIA
1660 303 1724 359 IN
1767 302 2157 362 EPISTOLAM
2197 304 2289 360 AD
2332 305 2684 363 ROMANOS.

3492 306 3567 362 82

310 416 497 490 (Vers.
523 417 645 490 29.)
688 419 766 472 An
805 419 1112 474 Iudicat-um
1154 417 1294 472 Deus
1325 419 1566 472 tantum?
1605 433 1774 473 nonne
1813 428 1858 473 et
1889 421 1940 480 Λ
1965 421 2107 490 plere
2134 417 2360 491 (Matth.
2397 435 2447 487 v,
2482 420 2593 491 l7).
2627 421 2692 476 Et
2719 423 2844 492 quia
2869 422 3064 478 domus
3094 422 3188 477 Dei
3219 439 3326 478 non
3361 432 3570 478 tantum

235 511 472 580 gentium
491 510 518 563 ?
544 509 717 566 Immo
741 523 787 565 et
812 513 1058 582 gentium.
1085 511 1216 567 Sine
1245 509 1409 565 dubio
1434 511 1679 566 onmium
1716 511 1858 567 Deus

237 618 384 660 unus
410 613 517 660 est.
545 603 659 660 Nec
682 606 827 660 enim
853 605 954 660 soli
977 603 1144 660 Juda-i
1172 613 1399 674 possunt
1429 603 1531 660 sibi
1556 603 1857 672 vindicare,

237 699 386 772 quod
421 700 564 755 Deus
594 700 810 755 illorum
840 715 947 753 non
978 701 1140 755 etiam
1168 699 1413 769 gentium
1443 699 1544 765 sit;
1570 713 1690 754 cum
1719 699 1858 754 rele-

237 804 368 866 gant
396 795 466 850 ab
498 809 607 849 uno
644 794 819 849 Adam
857 794 1098 849 omnium
1139 808 1264 849 esse
1301 793 1602 863 originem,
1643 800 1698 848 et
1737 793 1856 848 nul-

242 890 355 945 lum
385 888 653 944 advenam
696 888 969 944 volentem
1012 887 1076 941 ad
1123 887 1294 957 legem
1338 886 1628 952 accedere,
1676 885 1858 956 prohi-

241 983 386 1038 heri.
432 981 679 1051 Denique
717 981 980 1052 aliquanti
1014 981 1265 1036 exierunt
1305 995 1428 1034 cum
1459 979 1568 1034 illis
1599 989 1620 1014 ι’
1654 979 1704 1033 in
1736 994 1855 1034 erc-

241 1091 392 1130 tnum
418 1074 486 1130 de
511 1073 787 1146 Egyptiis
810 1117 826 1141 ,
857 1088 994 1146 quos
1035 1073 1318 1145 suscipere
1345 1075 1607 1142 jubentur
1637 1087 1651 1142 t
1679 1073 1850 1128 Exod.

240 1166 661 1238 xu,28etseq.),
684 1177 894 1222 tantum
918 1176 975 1221 ut
999 1167 1544 1233 circumcidercntur,
1570 1176 1624 1222 et
1653 1167 1854 1236 pariter

235 1278 362 1318 cum
385 1262 496 1318 illis
522 1261 752 1318 ederent
779 1277 967 1334 azyma
998 1261 1083 1316 vel
1113 1260 1338 1332 pascha,
1371 1275 1472 1316 nec
1501 1275 1606 1316 non
1638 1271 1694 1316 et
1719 1260 1849 1316 Cor-

237 1354 443 1410 nelium
471 1355 678 1410 donum
710 1354 806 1411 Dei
837 1357 1116 1426 accepisse
1145 1355 1408 1425 gentilem
1435 1369 1540 1410 non
1568 1353 1850 1424 judaizan-

235 1459 378 1516 tem,
404 1458 460 1505 et
482 1449 630 1521 quod
657 1449 988 1520 justiﬁcatus
1013 1451 1116 1518 sit,
1145 1449 1331 1505 divino
1359 1449 1673 1506 testimonio
1699 1466 1852 1506 com-

237 1543 528 1614 probatum
555 1543 707 1613 (Act.
738 1559 770 1598 x
788 1587 802 1611 ,
836 1541 961 1615 51).

308 1636 490 1709 (Vers.
518 1636 638 1706 50.)
671 1636 927 1702 Quoniam
953 1639 1161 1709 quidem
1194 1654 1327 1692 unus
1351 1636 1518 1704 Deus,
1543 1639 1631 1707 qui
1649 1639 1847 1711 justiﬁ-

234 1732 366 1786 rarit
397 1731 840 1786 circumcisionem
866 1747 930 1784 ea:
959 1731 1063 1799 ﬁde
1101 1741 1146 1786 et
1186 1731 1498 1803 prwputium
1530 1747 1620 1800 per
1663 1731 1842 1802 ﬁdem.

1961 513 2013 566 in
2045 512 2161 567 sola
2194 512 2574 586 Hierosolyma
2596 558 2610 582 ,
2641 517 2737 571 sed
2778 527 2833 572 et
2874 518 2927 572 in
2970 516 3184 573 cmteris
3219 517 3352 572 locis
3387 516 3567 572 futura

1959 618 2081 664 erat
2101 647 2116 673 ,
2149 608 2224 662 ait
2255 607 2546 665 Zacharias
2573 610 2839 680 propheta
2869 630 2880 666 :
2915 611 3120 666 Ponam
3149 611 3481 666 Hierusalem
3511 613 3566 665 in

1959 704 2194 758 omnibus
2221 705 2456 775 gentibus
2485 705 2671 777 (Zach.
2697 723 2769 762 xu
2790 749 2804 772 ,
2826 706 2884 779 ἓ)
2909 725 2923 763 :
2955 723 3076 778 qua:
3108 717 3193 763 est
3222 707 3488 764 Ecclesia.

2575 800 2805 857 CAPUT
2845 801 2935 856 ιν.

2033 891 2232 963 (Vcrs.
2269 892 2343 964 l.)
2379 893 2520 961 Quid
2551 910 2672 966 ergo
2721 894 2950 949 dicemus
3003 896 3254 950 invenisse
3298 899 3558 952 Abraham

1955 996 2152 1056 patrem
2195 997 2426 1040 nostrum
2470 988 2751 1042 secundum
2788 987 3342 1059 carnem?Postquam
3373 1001 3564 1045 osten-

1956 1081 2031 1134 dit
2074 1094 2178 1134 non
2235 1095 2394 1157 posse
2453 1095 2546 1152 per
2598 1097 2764 1151 opera
2827 1081 2965 1151 legis
3023 1097 3350 1152 quemquam
3398 1083 3564 1153 justi-

1956 1175 2103 1228 licari
2147 1173 2289 1243 apud
2335 1175 2540 1238 Deum,
2589 1173 2824 1244 adjecit,
2869 1189 2967 1229 nec
2999 1175 3272 1229 Abraham
3322 1178 3566 1246 potuisse

1953 1266 2159 1337 aliquid
2206 1267 2404 1322 mereri
2453 1267 2752 1322 secundum
2794 1282 3040 1322 carnem.
3087 1267 3323 1322 Carnem
3371 1268 3562 1323 dicens

1953 1359 2430 1416 circumcisioncm
2490 1360 2866 1432 signiﬁcavit,
2928 1361 3052 1431 quia
3115 1359 3248 1414 nihil
3309 1360 3566 1430 quzcsivit

1953 1453 2230 1508 Abraham
2282 1469 2378 1524 per
2407 1453 2906 1510 circumcisionem.
2956 1455 3099 1509 Ante
3154 1453 3299 1510 enim
3355 1452 3561 1523 justiti.

1951 1555 2105 1600 catus
2138 1554 2224 1600 est
2247 1588 2260 1611 ,
2290 1561 2450 1617 quam
2481 1546 2988 1602 circumciderctur.

2027 1638 2210 1708 (Vers.
2241 1638 2324 1709 2.)
2357 1639 2420 1694 Si
2452 1641 2591 1693 enim
2629 1640 2891 1694 Abraham
2922 1657 2988 1694 ea:
3015 1643 3258 1708 aperibus
3289 1640 3443 1712 Legis
3464 1645 3559 1713 ju—

1950 1731 2203 1799 stiﬁcatus
2231 1742 2329 1800 est,
2357 1732 2506 1786 habet
2534 1733 2775 1803 gloriam,
2802 1734 2892 1788 sed
2920 1751 3020 1788 non
3053 1735 3199 1805 apud
3227 1733 3412 1788 Deum.
3446 1735 3557 1788 lloe

243 1824 303 1879 ln
331 1825 753 1880 circumcisione
781 1823 997 1879 Judazos
1024 1824 1326 1895 signiﬁcat,
1356 1838 1422 1880 eo
1450 1824 1590 1894 quod
1623 1839 1688 1879 ex
1738 1824 1843 1881 lide
1873 1839 1922 1898 Β
1951 1828 2303 1896 proponentis
2331 1837 2436 1880 est.
2476 1826 2500 1862 ¹ι
2529 1825 2664 1880 Nam
2694 1826 2968 1881 Abraham
2999 1842 3061 1881 es
3097 1827 3202 1881 lide
3227 1825 3562 1896 justificatus

229 1916 617 1987 promissionis
660 1916 938 1987 justilicati
987 1928 1144 1985 sunt,
1192 1919 1478 1974 credentes
1528 1918 1670 1974 hunc
1717 1933 1842 1975 esse

230 2009 536 2078 Christum,
559 2026 720 2082 quem
745 2011 796 2066 iu
822 2012 940 2082 lege
965 2014 1288 2082 promiserat
1312 2014 1474 2068 Deus.
1496 2013 1550 2068 la
1574 2013 1842 2084 prtcputio

233 2119 365 2160 vero
396 2104 634 2175 gentiles
663 2105 927 2175 signiﬁcat
962 2120 1058 2176 per
1085 2106 1285 2162 Christi
1318 2107 1477 2162 ﬁdem
1505 2107 1834 2177 justiﬁcatos

233 2198 378 2269 apud
409 2197 600 2254 Deum.
631 2197 760 2252 Tam
804 2198 950 2254 enim
983 2199 1216 2269 gentiles
1237 2240 1253 2265 ,
1280 2214 1442 2270 quam
1471 2198 1689 2255 Judaeos
1730 2215 1836 2255 non

234 2291 398 2347 aliter
442 2305 600 2361 quam
641 2289 931 2346 credentes
966 2291 1320 2360 justiﬁcavit;
1367 2293 1492 2362 quia
1535 2291 1680 2347 cnim
1720 2306 1839 2347 om-

240 2383 393 2439 nium
424 2397 560 2439 unus
585 2393 663 2439 est
705 2384 848 2438 Deus
870 2426 884 2449 ,
913 2399 1020 2439 una
1050 2385 1260 2439 ratione
1287 2400 1478 2440 omnes
1497 2383 1834 2454 justiﬁcavit.

232 2475 378 2544 Quid
404 2491 534 2547 ergo
557 2475 772 2547 prodest
800 2478 985 2532 carnis
1013 2478 1383 2544 circumcisio,
1410 2485 1504 2532 aut
1527 2477 1655 2548 quid
1684 2477 1838 2532 obest

233 2571 592 2642 prieputium;
617 2573 834 2645 quando
862 2572 1181 2645 dignitatem
1207 2583 1262 2630 et
1289 2579 1543 2629 meritum
1574 2589 1678 2629 non
1709 2573 1836 2629 facit

228 2664 333 2720 nisi
365 2664 539 2721 ﬁdes?

301 2759 321 2830 (
335 2758 486 2816 Vers.
504 2761 623 2830 51.)
643 2759 832 2832 Legem
853 2778 974 2834 ergo
995 2778 1302 2817 evacuamus
1325 2777 1415 2832 per
1436 2761 1632 2832 ﬁdem?
1655 2762 1831 2817 Absit:

226 2856 320 2912 sed
349 2857 512 2929 legem
550 2858 843 2912 statuimus.
887 2857 1005 2913 Non
1049 2858 1233 2929 utique
1276 2858 1362 2914 lex
1391 2858 1703 2913 exinanitur
1735 2873 1834 2928 per

227 2949 391 3005 tidem
413 2991 428 3017 ,
462 2950 560 3006 sed
589 2951 956 3022 adimpletur;
991 2952 1237 3007 ﬁrmatur
1275 2953 1420 3007 enim
1462 2960 1635 3006 status
1673 2952 1826 3022 ejus,

223 3043 446 3114 quando
467 3044 612 3116 quod
637 3043 876 3101 futurum
899 3045 1056 3113 dixit,
1084 3045 1217 3102 ﬁdes
1244 3044 1385 3099 istud
1410 3045 1694 3100 advenisse
1723 3054 1828 3100 tes-

226 3146 394 3192 tatur.
423 3137 539 3194 lloc
567 3147 786 3208 propter
809 3137 1026 3194 Judteos
1049 3180 1063 3205 ,
1093 3139 1183 3209 qui
1218 3147 1408 3207 putant
1440 3137 1598 3193 fidem
1625 3138 1825 3193 Christi

224 3230 333 3301 legi
376 3244 500 3286 esse
541 3230 850 3298 inimicam,
900 3232 1217 3301 ignorantes
1256 3245 1476 3287 sensum
1519 3232 1675 3301 legis.
1709 3230 1826 3286 Non
1856 3232 1899 3293 C

220 3339 357 3395 ergo
385 3334 614 3380 evacuat
642 3324 815 3395 legem
839 3366 854 3392 ,
879 3339 1004 3380 cum
1045 3326 1192 3380 illam
1233 3339 1450 3382 cessare
1488 3326 1691 3381 debere
1715 3327 1824 3396 jam

218 3418 420 3484 docet;
449 3419 573 3490 quia
601 3429 848 3490 tempore
876 3433 976 3474 suo
1008 3427 1159 3475 recte
1189 3419 1338 3474 illam
1372 3420 1555 3474 datam
1588 3421 1786 3474 asserit
1810 3462 1824 3487 ,

217 3511 322 3569 sed
358 3511 470 3582 jam
511 3526 678 3583 agere
709 3527 817 3567 non
849 3511 1073 3568 debere.
1131 3512 1187 3566 ln
1241 3512 1355 3583 ipsa
1400 3513 1545 3566 enim
1589 3512 1704 3582 lege
1743 3513 1828 3566 di-

215 3616 368 3662 ctum
395 3616 503 3675 est,
526 3616 769 3676 tempore
797 3605 1064 3662 exsolutus
1097 3605 1475 3675 promissionis
1505 3605 1679 3676 legem
1704 3619 1826 3659 ces-

215 3713 348 3755 sare
394 3699 635 3766 debere;
681 3699 924 3770 Angelus
973 3699 1116 3754 enim
1166 3697 1389 3754 Gabriel
1443 3698 1649 3753 Danieli
1697 3712 1824 3767 pro-

216 3795 402 3866 phetae
429 3793 766 3850 desiderium
801 3792 961 3864 hujus
1001 3792 1078 3848 rei
1119 3791 1355 3847 scienda:
1390 3790 1608 3847 babenti
1640 3798 1826 3845 osten-

216 3887 302 3944 dit
333 3889 494 3961 (Dan.
526 3903 582 3942 ιχ
607 3928 620 3953 ,
647 3885 741 3959 25)
764 3929 778 3953 ,
822 3887 962 3942 inter
1001 3896 1202 3940 etetcra
1234 3885 1423 3939 dicens
1451 3925 1465 3948 ,
1497 3881 1825 3938 adveniente

217 3979 477 4049 Christo,
509 3981 779 4048 chrisma,
820 3981 869 4036 id
912 3989 1026 4047 est,
1069 3980 1380 4034 unctionem
1423 3978 1661 4049 regalem
1705 3993 1825 4033 ces-

214 4094 384 4143 sare,
428 4092 549 4148 quas
590 4087 832 4146 potestas
872 4075 1220 4144 intelligitur.
1264 4074 1328 4128 Et
1355 4073 1621 4142 judicium
1649 4114 1665 4139 ,
1706 4072 1818 4140 ait,

216 4187 333 4228 non
375 4173 482 4225 erit
520 4169 787 4239 amplius,
819 4169 961 4240 quod
995 4180 1077 4223 est
1111 4169 1195 4222 lex
1217 4209 1230 4233 ,
1269 4176 1322 4221 et
1353 4167 1573 4222 tolletur
1611 4167 1822 4221 sacriﬁ-

214 4267 366 4321 cium
401 4281 604 4319 meum.
636 4263 794 4329 Ideo,
827 4263 1003 4333 inquit
1026 4305 1040 4326 ,
1073 4279 1240 4316 meum
1268 4301 1282 4326 ,
1317 4272 1373 4315 ut
1401 4261 1638 4316 sciretur
1667 4259 1820 4314 obla-

215 4360 427 4415 tionem
475 4365 714 4412 veterem
759 4368 1118 4412 cessaturam.
1157 4356 1328 4423 Quem
1374 4370 1595 4409 sensum
1625 4354 1825 4425 adape-

213 4455 369 4510 riens
400 4452 652 4508 Salvator
677 4469 687 4504 :
717 4450 827 4505 Lex
847 4491 861 4516 ,
889 4450 998 4516 ait,
1029 4460 1076 4504 et
1103 4449 1369 4520 prapheta:
1391 4465 1549 4522 usque
1571 4450 1638 4503 ad
1657 4447 1823 4503 Joan-

213 4566 336 4605 nem
362 4547 380 4620 (
404 4547 534 4601 Luc.
568 4562 690 4610 xvr,
724 4545 792 4600 l6
813 4545 856 4616 ).
894 4546 959 4599 Et
990 4546 1115 4616 quia
1148 4544 1267 4614 lege
1296 4544 1498 4616 Moysis
1527 4555 1815 4609 cessante,

215 4645 447 4700 meliora
476 4650 742 4712 praecqua
773 4638 997 4693 daturus
1027 4646 1143 4692 erat
1171 4637 1313 4693 Deus
1332 4679 1345 4702 ,
1373 4637 1674 4694 Hieremias
1701 4654 1824 4708 pro-
1848 4628 1900 4688 D

213 4739 385 4810 pheta
411 4735 646 4799 cecinit,
688 4733 917 4788 dicens:
951 4731 1086 4786 Ecce
1131 4732 1239 4786 dies
1279 4732 1518 4796 uenient,
1551 4732 1676 4785 dicit
1715 4731 1826 4786 Do-

213 4834 393 4888 minus
414 4873 428 4897 ,
456 4841 502 4885 et
532 4827 897 4884 consummabo
927 4827 1104 4881 domui
1134 4825 1342 4891 Israel,
1371 4836 1416 4880 et
1459 4825 1640 4880 domui
1679 4827 1708 4879 J
1719 4827 1823 4881 uda

213 4933 583 4980 testamentum
613 4936 797 4975 norum
839 4935 941 4974 non
973 4919 1250 4973 secundum
1283 4917 1420 4988 quod
1451 4918 1570 4972 dedi
1596 4918 1828 4990 patribus

214 5034 396 5073 eorum
431 5013 655 5088 (Jerem.
685 5029 809 5068 xxxi
830 5055 845 5076 .
867 5012 931 5067 5|
961 5012 1001 5082 ).
1046 5009 1140 5066 llis
1172 5010 1358 5080 utique
1388 5011 1480 5081 qui
1510 5011 1821 5066 venientem

213 5109 494 5164 Christum
523 5123 589 5162 ex
615 5105 978 5177 promissione
1006 5111 1355 5173 receperunt.
1381 5102 1506 5159 ldeo
1533 5103 1817 5160 Salvator:

219 5204 344 5259 Non
368 5203 486 5258 ueni
503 5244 519 5269 ,
549 5201 654 5269 ait,
682 5200 880 5255 solvere
902 5199 1062 5270 legem
1091 5207 1182 5252 aut
1207 5198 1519 5271 prophetas,
1542 5200 1632 5252 sed
1655 5199 1821 5252 adim-

292 5352 318 5378 ³
359 5341 522 5396 Rom.
555 5339 688 5395 edit.
713 5379 727 5404 ,
760 5341 810 5394 in
841 5357 1068 5395 eremunt
1101 5339 1323 5412 {Egypli
1343 5379 1358 5405 ,
1391 5341 1478 5410 qui
1509 5341 1705 5409 suscipi
1737 5341 1828 5411 ju-

218 5417 424 5470 bentur.

291 5485 320 5524 b
359 5484 529 5541 Corh.
563 5484 732 5538 codex
754 5525 768 5548 ,
801 5491 854 5537 et
884 5483 1100 5554 Remig.
1122 5525 1136 5549 ,
1186 5482 1324 5536 Nam
1369 5485 1631 5538 Abraham
1673 5484 1826 5538 habet

220 5559 430 5630 quidem
465 5556 688 5628 gloriam
728 5556 866 5630 apud
904 5552 1236 5630 Deum,__sed
1270 5572 1337 5630 ea:
1372 5555 1511 5630 ﬁde,
1557 5573 1647 5626 per
1676 5572 1822 5630 quem

220 5626 539 5700 iustiﬁcatus
582 5637 689 5693 est;
720 5626 850 5700 quia,
877 5643 937 5680 ea:
975 5627 1219 5700 operibus
1257 5626 1414 5700 Legis
1451 5643 1595 5681 nemo
1626 5629 1827 5699 justiﬁ-

224 5696 391 5770 ratur,
421 5710 476 5753 ut
509 5701 691 5752 habeat
720 5699 937 5769 gloriam
968 5699 1110 5766 apud
1141 5696 1342 5751 Deum.
1371 5696 1434 5751 Et
1462 5700 1583 5767 quia
1614 5696 1823 5751 servan-

227 5785 298 5829 tes
329 5769 519 5842 Legem
541 5771 904 5845 justi/implut:
926 5770 1001 5845 ad
1030 5786 1290 5845 prmens,
1327 5772 1397 5845 ait
1421 5787 1439 5823 :
1565 5769 1825 5845 Abraham

227 5852 288 5899 ert
317 5840 562 5915 aperibus
599 5840 749 5912 Legis
770 5841 1089 5910 jnstiﬁratus
1122 5851 1226 5906 est,
1263 5841 1411 5896 habet
1451 5843 1703 5912 gloriam,
1738 5843 1826 5892 setl

1947 1925 2068 1984 est,
2119 1917 2262 1987 quod
2318 1918 2453 1972 nulli
2508 1918 2732 1973 dubium
2780 1929 2862 1973 est
2894 1936 2905 1971 :
2937 1919 3061 1974 idco
3109 1917 3275 1973 habet
3321 1918 3556 1987 gloriam

1944 2010 2087 2080 apud
2123 2011 2311 2066 Deum.
2348 2012 2454 2067 Sed
2489 2015 2612 2083 quia
2651 2012 2745 2084 qui
2790 2013 2963 2082 legem
3012 2022 3235 2066 servant
3284 2011 3398 2065 sive
3444 2009 3556 2082 (‘8

1944 2103 2113 2176 Moysi
2141 2146 2158 2173 ,
2197 2105 2315 2161 sive
2360 2108 2703 2174 naturalem,
2749 2106 3120 2176 justiﬁcantur
3157 2105 3224 2160 ad
3268 2119 3551 2175 praesens;

1943 2216 2011 2255 ne
2052 2203 2127 2256 rei
2172 2201 2283 2256 siut
2325 2202 2377 2256 iu
2424 2201 2678 2272 prmscnti
2717 2201 2962 2272 judicio;
3010 2199 3132 2256 ideo
3169 2199 3279 2256 ait:
3312 2197 3390 2254 Ex
3422 2214 3555 2269 ope-

1941 2294 2089 2348 ribus
2129 2295 2263 2365 legis
2306 2296 2350 2349 si
2395 2293 2667 2350 Abraham
2703 2293 3031 2362 justilicatus
3071 2304 3192 2357 est,
3234 2308 3338 2346 non
3384 2291 3555 2345 habet

1941 2385 2080 2454 apud
2107 2387 2272 2442 Deum
2303 2386 2567 2457 gloriam;
2593 2387 2718 2457 quia
2745 2387 2835 2456 qui
2867 2385 3094 2452 fecerit,
3119 2385 3324 2455 inquit,
3351 2384 3550 2454 legem,

1943 2478 2086 2533 vivet
2109 2479 2160 2533 in
2186 2493 2248 2532 ea
2268 2519 2282 2544 ,
2308 2478 2359 2533 id
2385 2486 2499 2544 est,
2532 2494 2638 2533 non
2663 2477 2927 2532 morietur
2955 2485 3014 2530 ut
3044 2492 3202 2531 reus:
3234 2493 3336 2532 nec
3365 2487 3546 2530 tamen

1939 2573 2189 2630 meritum
2213 2589 2277 2628 ex
2304 2572 2407 2628 hoc
2431 2572 2652 2627 habebit
2681 2571 2820 2642 apud
2849 2572 3015 2625 Deum
3035 2611 3050 2636 ,
3079 2570 3174 2626 sed
3204 2569 3330 2625 ﬁdei
3357 2585 3545 2624 causa.

2009 2666 2189 2738 (Vers.
2211 2665 2293 2737 5.)
2315 2665 2452 2732 Quid
2474 2667 2608 2720 enim
2632 2665 2757 2719 dicit
2778 2664 3096 2734 Scriptura?
3117 2663 3353 2719 Credidit
3376 2662 3545 2716 Abra-

1935 2762 2055 2814 ham
2081 2759 2208 2827 Deo,
2233 2770 2279 2814 et
2301 2768 2595 2828 reputatum
2619 2767 2692 2813 est
2716 2759 2759 2812 ei
2783 2757 2852 2811 ad
2870 2756 3136 2829 justitiam
3166 2754 3323 2828 (Gen.
3347 2771 3440 2819 xv,
3459 2753 3542 2819 6).

1934 2856 2296 2914 Manifestavit
2331 2871 2435 2910 non
2469 2855 2594 2911 ideo
2628 2853 2900 2910 Abraham
2931 2853 3162 2924 gloriam
3193 2850 3336 2921 apud
3369 2852 3539 2905 Deum

1935 2951 2166 3015 habere,
2199 2951 2322 3022 quia
2355 2948 2707 3004 circumcisus
2748 2958 2849 3014 est,
2886 2957 2976 3000 aut
3017 2947 3139 3014 quia
3185 2944 3445 3000 abstinuit
3484 2958 3545 2998 se

1931 3043 2000 3098 ab
2028 3044 2345 3113 iniquitate;
2376 3040 2469 3097 sed
2495 3041 2614 3112 quia
2642 3041 2751 3095 Deo
2773 3039 3025 3105 credidit,
3046 3039 3174 3092 hinc
3195 3047 3249 3093 et
3275 3036 3540 3108 justifica-

1935 3149 2018 3193 tus
2037 3147 2142 3201 est,
2174 3137 2348 3191 laudis
2371 3152 2481 3190 suae
2506 3135 2789 3207 praemium
2825 3135 2877 3188 in
2908 3135 3090 3187 futuro
3119 3141 3538 3187 consecuturus.

2005 3232 2186 3304 (Vers.
2211 3230 2293 3301 4.)
2327 3230 2391 3283 Ei
2420 3239 2588 3284 autem
2616 3231 2702 3298 qui
2730 3238 2996 3299 operatur,
3023 3242 3216 3280 merces
3248 3242 3348 3279 non
3375 3226 3544 3294 impu-

1936 3335 2072 3381 tatur
2101 3324 2382 3380 secundum
2413 3323 2674 3393 gratiam,
2704 3321 2793 3375 sed
2825 3321 3109 3374 secundum
3141 3320 3388 3374 debitum.
3429 3320 3541 3372 Ab-

1931 3421 2167 3476 solutum
2195 3426 2281 3472 est
2303 3418 2349 3473 ei
2379 3417 2470 3487 qui
2499 3416 2600 3486 legi
2633 3415 2896 3470 factorum
2915 3455 2930 3480 ,
2955 3413 3007 3467 id
3036 3422 3119 3466 est
3140 3454 3152 3477 ,
3182 3412 3381 3482 Moysi,
3410 3410 3539 3464 sub-

1925 3507 2102 3588 jectus
2138 3521 2252 3577 est,
2292 3522 2384 3564 aut
2421 3509 2690 3573 naturali;
2732 3524 2838 3562 non
2880 3506 3136 3577 imputari
3177 3507 3430 3560 meritum
3469 3503 3535 3557 ad

1929 3606 2276 3671 mercedem,
2317 3613 2375 3658 ut
2411 3603 2642 3672 gloriam
2681 3600 2879 3656 habeat
2905 3599 3049 3668 apud
3083 3599 3270 3653 Deum.
3309 3597 3536 3652 Debitor

1930 3709 2012 3756 est
2045 3699 2190 3755 enim
2223 3699 2402 3753 facere
2434 3699 2605 3766 legem
2628 3737 2642 3760 ,
2673 3695 2796 3765 quia
2827 3692 3130 3749 necessitas
3163 3691 3420 3760 imposita
3453 3700 3539 3744 est

1930 3811 2024 3867 per
2052 3795 2258 3864 legem;
2292 3802 2369 3858 ttt,
2409 3793 2542 3845 velit
2576 3791 2732 3852 nolit,
2783 3788 2941 3842 faciat
2972 3787 3177 3856 legem,
3213 3800 3278 3838 ne
3307 3782 3537 3837 damne-

1930 3901 2039 3954 tur,
2067 3889 2208 3944 sicut
2231 3888 2337 3942 alio
2366 3887 2486 3942 loco
2509 3885 2641 3940 dicit
2671 3901 2681 3936 :
2715 3882 2818 3948 Qui
2844 3890 3015 3935 autem
3037 3885 3400 3942 contemnunt,
3432 3876 3536 3946 ipsi

1925 3985 2022 4039 sibi
2051 3982 2434 4036 damnationem
2461 3979 2742 4049 adquirunt
2766 3993 2786 4043 ;
2818 3975 2940 4043 quia
2963 3973 3031 4026 ad
3058 3987 3283 4040 pra’seus
3312 3969 3385 4024 rei
3411 3977 3532 4022 sunt

1931 4078 2119 4149 (Rom.
2153 4074 2398 4146 xm,?.).
2451 4072 2692 4128 Credere
2742 4080 2922 4125 autem
2971 4076 3064 4121 aut
3113 4081 3219 4120 non
3274 4063 3536 4121 credere.

1929 4185 1950 4210 ο
1985 4169 2273 4226 voluntatis
2301 4179 2403 4224 est.
2438 4167 2622 4237 Neque
2651 4165 2796 4221 enim
2830 4163 2952 4234 quis
2983 4161 3100 4231 cogi
3137 4167 3315 4229 pctest
3344 4156 3408 4212 ad
3444 4156 3493 4209 id
3518 4199 3532 4225 ,

1925 4264 2067 4336 quod
2110 4262 2455 4318 manifestum
2501 4274 2606 4313 non
2643 4268 2758 4324 est,
2799 4255 2895 4311 sed
2929 4255 3226 4316 invitatur;
3259 4251 3383 4320 quia
3416 4264 3525 4302 non

1925 4350 2300 4428 extorquetur,
2345 4356 2438 4409 sed
2477 4351 2752 4407 suadetur.
2796 4347 3162 4417 Quamobrem
3214 4343 3528 4399 assentieus

1927 4453 2165 4523 praemiis
2191 4449 2515 4505 afﬁciendus
2541 4457 2655 4515 est,
2687 4446 2829 4500 sicut
2852 4453 2908 4499 et
2935 4442 3207 4498 Abraham
3229 4481 3242 4505 ,
3269 4438 3358 4508 qui
3383 4436 3528 4508 quod

1925 4561 2030 4602 non
2061 4545 2232 4608 vidit,
2266 4543 2515 4599 credidit.

1999 4639 2182 4709 (\‘ers.
2210 4636 2292 4702 5.)
2326 4635 2390 4691 Ei
2421 4652 2536 4689 vero
2565 4636 2651 4705 qtti
2683 4651 2783 4688 non
2819 4641 3081 4702 operatur,
3115 4627 3165 4682 id
3199 4635 3313 4691 est,
3351 4627 3400 4681 ei
3433 4624 3531 4696 qui

1927 4732 2195 4788 obnoxius
2233 4741 2316 4786 est
2351 4729 2616 4800 peccatis;
2648 4730 2736 4799 qui
2768 4744 2872 4781 non
2897 4733 3171 4794 operatur,
3198 4721 3341 4794 quod
3373 4736 3527 4775 mau-

1927 4826 2019 4882 dat
2045 4827 2151 4880 lex.
2186 4823 2427 4877 Credcnti
2455 4831 2627 4875 autem
2657 4823 2708 4874 in
2734 4836 2868 4885 eum,
2897 4819 2982 4890 qui
3002 4818 3258 4891 jnstiﬁcat
3287 4816 3524 4886 impium,

1929 4929 2198 4987 reputatur
2223 4916 2354 4987 ﬁdes
2379 4919 2493 4988 ejus
2524 4914 2590 4968 ad
2612 4915 2882 4982 justitiam.
2916 4913 3028 4966 lloc
3054 4911 3189 4966 dicit
3214 4953 3228 4976 ,
3256 4909 3379 4979 quia
3409 4910 3528 4963 sine

1927 5012 2188 5084 operibus
2233 5009 2368 5081 legis
2411 5008 2653 5064 credenti
2705 5007 2902 5076 impio,
2958 5005 3009 5059 id
3063 5013 3148 5059 est
3194 5002 3422 5074 gentili,
3472 5002 3524 5053 in

1927 5107 2237 5172 Christum,
2268 5112 2550 5176 reputatur
2579 5104 2712 5157 fides
2738 5103 2856 5172 ejus
2887 5099 2953 5155 ad
2980 5099 3243 5170 justitiam
3263 5139 3277 5159 ,
3307 5097 3445 5150 sicut
3469 5103 3527 5147 et

1928 5200 2181 5256 Abrahtc.
2215 5197 2497 5266 Quomodo
2527 5212 2658 5266 ergo
2687 5195 2858 5251 Judzei
2893 5208 2988 5264 per
3018 5206 3180 5262 opera
3212 5189 3346 5258 legis
3369 5188 3531 5258 justi-

1932 5357 2036 5395 non
2063 5339 2206 5408 apud
2237 5337 2404 5393 Deum
2422 5380 2436 5402 ,
2463 5339 2551 5392 sed
2578 5337 2719 5408 apud
2746 5333 3036 5408 mundum;
3064 5346 3124 5383 ne
3151 5327 3400 5408 prccsenti
3420 5326 3532 5408 lege

1932 5397 2186 5466 obnoxius
2233 5397 2485 5463 videatur.
2532 5397 2687 5476 Apud
2733 5407 2900 5459 Deum
2944 5411 3116 5456 autem
3152 5397 3332 5467 'ﬁdelis
3379 5397 3534 5454 habet

1929 5485 2174 5556 gratiam.
2207 5481 2694 5556 Qt_tid_enim__tlicit,
2731 5487 2860 5556 (τηεμ
2963 5543 2974 5554 .
3163 5540 3176 5556 .
3220 5555 3224 5556 ν
3257 5548 3269 5556 .
3314 5539 3346 5556 ,.

2006 5567 2025 5591 ο
2068 5540 2437 5620 ΟοαῘΟοτὺη
2483 5540 2694 5605 ἸἸιυτιηξ
2738 5558 2794 5604 et
2823 5543 3057 5620 ΒοτηίεἸ
3082 5540 3372 5620 Δυοιιιηςιυὶε
3411 5554 3536 5620 est;

1929 5629 2050 5698 quia
2082 5642 2182 5679 non
2223 5611 2574 5698 extorquetur,
2606 5623 2694 5675 sed
2723 5611 2998 5695 suadetur,
3027 5611 3156 5666 Ideo
3175 5613 3266 5698 .ad
3294 5615 3533 5698 meriturus

1932 5683 2174 5768 pro/icit,
2209 5683 2538 5748 credit'enim
2559 5683 2704 5762 quod
2733 5705 2832 5742 non
2876 5685 3050 5751 nouit,
3096 5684 3186 5739 sed
3228 5694 3415 5756 sperat.
3468 5683 3533 5737 Ei

1929 5786 2046 5824 vero
2074 5769 2162 5838 qui
2192 5783 2293 5818 non
2325 5775 2586 5834 operatur,
2629 5775 2733 5818 ete.
