4082 6306
577 295 652 354 85
1619 283 1712 344 AD
1747 285 1980 346 OPERA
2021 285 2080 346 ἓ.
2122 285 2454 347 AMBROSl-l
2491 285 2864 346 APPENDIX.
3834 291 3900 352 85

579 413 736 470 ﬁcari
769 427 828 468 sc
855 415 1046 482 putant
1070 405 1464 480 justiticatione
1494 405 1767 474 Abrahae;
1807 417 1932 462 cum
1961 405 2184 462 videant
2209 405 2262 468 Α
2291 407 2344 461 in
2375 407 2638 478 apostolis
2665 417 2768 468 est.
2801 421 2960 477 quam
2991 407 3092 463 luit
3117 408 3172 464 in
3203 409 3506 480 prophetis,
3539 411 3750 482 majora
3777 429 3898 484 pru-

577 507 853 564 Abraham
885 519 988 560 non
1023 519 1120 574 per
1154 515 1324 573 Opera
1367 501 1539 574 legis,
1573 501 1670 556 sed
1703 501 1823 556 sola
1857 497 1960 556 fide
1986 500 2189 571 justiﬁ-

583 611 764 655 catum
785 600 810 652 ἵ
839 597 954 653 Non
985 609 1114 668 ergo
1141 607 1282 666 opus
1306 603 1390 650 est
1421 595 1504 651 lex
1523 635 1539 662 ,
1586 594 1806 665 quando
1846 595 2046 666 impius
2091 609 2190 666 per

591 692 764 747 solam
795 690 954 745 iidem
980 688 1310 760 justiticatur
1335 687 1474 758 apud
1504 687 1697 744 Deum.

658 789 951 845 Secundum
980 788 1309 858 propositum
1333 785 1516 856 gratia!
1535 783 1654 839 Dei.
1687 783 1777 841 Sic
1804 784 2082 840 decretum
2106 783 2191 840 di-

581 883 709 940 cita
738 882 874 949 Deo,
904 889 958 936 ut
985 889 1236 936 cessante
1263 881 1410 951 lege,
1441 889 1464 916 ει
1493 880 1666 935 solam
1698 877 1862 934 tidem
1887 879 2062 950 gratia
2093 877 2188 936 Dei

583 983 839 1047 posceret
866 974 934 1029 ad
959 975 1213 1030 salutem.

657 1069 836 1142 (Vers.
872 1067 953 1141 6.)
985 1069 1136 1124 Sicut
1167 1077 1216 1122 et
1253 1067 1424 1122 David
1459 1069 1608 1122 dicit.
1651 1067 1762 1123 Hoc
1799 1069 1976 1138 ipsum
2014 1069 2189 1122 munit

582 1166 841 1236 cxcmplo
881 1165 1182 1236 prOphetm.
1221 1165 1604 1220 Beatitudinem
1643 1163 1898 1232 hominis,
1933 1165 2017 1218 cui
2047 1161 2191 1219 Deus

585 1269 794 1334 arrepto
833 1265 932 1333 fert
963 1261 1227 1332 justitiam
1268 1261 1378 1314 sine
1419 1259 1677 1330 operibus.
1723 1260 1921 1315 Beatos
1951 1259 2082 1314 dicit
2121 1259 2188 1314 de

584 1355 782 1423 quibus
815 1353 920 1409 hoc
955 1351 1138 1409 sanxit
1169 1353 1347 1420 Deus,
1383 1361 1442 1408 ut
1480 1354 1598 1409 sine
1629 1354 1818 1410 labore
1851 1353 1880 1392 δ
1921 1363 1974 1410 et
2007 1353 2187 1423 aliqua

585 1448 1005 1516 observatione,
1057 1449 1171 1503 sola
1223 1446 1327 1503 ﬁde
1373 1447 1745 1517 iustificentur
1798 1447 1940 1518 apud
1995 1447 2185 1502 Deum.

583 1543 868 1614 Temporis
916 1557 1046 1614 ergo
1095 1541 1486 1598 beatitudinem
1535 1543 1828 1613 praedicat,
1876 1557 1983 1613 quo
2029 1549 2189 1596 natus

583 1645 668 1692 est
692 1635 979 1705 Christus,
1010 1637 1152 1692 sicut
1179 1637 1298 1707 ipse
1330 1637 1590 1693 Dominus
1619 1637 1730 1692 ait:
1779 1635 1937 1692 Multi
1973 1637 2106 1710 justi
2141 1647 2190 1692 et

581 1733 846 1804 praphetaz
869 1733 1145 1802 cupierunt
1167 1731 1359 1798 videre,
1385 1749 1500 1802 qua:
1523 1733 1706 1786 videtis
1730 1749 1748 1798 ;
1776 1741 1822 1786 et
1847 1732 2048 1800 audire,
2075 1747 2188 1802 qua:

582 1827 776 1880 auditis
801 1869 814 1889 ,
843 1833 892 1880 et
921 1841 1025 1880 non.
1052 1827 1328 1880 audierunt
1356 1826 1569 1899 (Matth.
1603 1843 1730 1892 xm,
1760 1827 1868 1898 15).

656 1919 838 1992 (ναι-ε.
869 1921 900 1973 7
928 1929 980 1974 et
1009 1919 1088 1988 8.)
1123 1919 1272 1974 Beati
1300 1935 1516 1991 quorum
1540 1921 1769 1974 remissa:
1792 1928 1910 1974 sunt
1939 1918 2190 1986 iniquita-

582 2021 656 2068 tes
675 2055 689 2078 ,
722 2023 768 2068 et
799 2030 1021 2082 quorum
1053 2023 1183 2068 tecta
1213 2021 1333 2068 sunt
1379 2025 1604 2084 peccata.
1641 2013 1834 2069 Beatus
1861 2015 1938 2068 vir
1968 2013 2053 2068 cui
2083 2031 2186 2068 non

583 2107 860 2176 imputavit
891 2103 1146 2161 Dominus
1179 2117 1443 2178 peccatum
1474 2105 1660 2180 (Psal.
1690 2123 1816 2162 xxxr
1837 2151 1850 2174 ,
1883 2107 1902 2161 Ι
1939 2116 1988 2161 et
2018 2123 2123 2179 seq.
2147 2107 2187 2176 ).

583 2201 872 2258 Manifestc
913 2201 1058 2258 beati
1102 2211 1257 2270 sunt,
1299 2203 1497 2276 quibus
1537 2205 1658 2258 sine
1689 2203 1875 2259 labore
1906 2203 1990 2257 vel
2023 2217 2190 2274 opere

581 2295 768 2366 aliquo
809 2296 1159 2350 remittuntur
1190 2295 1533 2366 iniquitates,
1575 2305 1629 2352 et
1658 2305 1878 2367 peccata
1915 2303 2188 2368 leguntur,

581 2392 732 2446 nulla
771 2391 839 2446 ab
878 2389 961 2445 his
1003 2391 1261 2462 requisita
1300 2393 1640 2462 patuitentia:
1683 2407 1880 2462 opera,
1926 2392 2027 2446 nisi
2073 2401 2191 2446 tan-

582 2493 693 2536 tum
723 2493 782 2536 ut
813 2481 1058 2536 credant.
1093 2481 1294 2538 Beatus
1334 2483 1497 2538 etiam
1543 2481 1632 2538 hic
1671 2482 1755 2537 vir
1796 2491 1916 2550 est,
1957 2484 2042 2546 cui
2087 2499 2190 2538 non

580 2577 854 2648 imputavit
887 2575 1144 2631 Dominus
1185 2585 1474 2648 peccatum.
1521 2575 1856 2644 Rcmitlcrc,
1895 2583 1946 2631 ct
1975 2587 2190 2647 tegere,

583 2679 636 2726 ct
677 2687 782 2726 non
825 2673 1127 2741 imputare,
1175 2687 1276 2725 una
1323 2672 1496 2730 ratio,
1542 2681 1598 2724 et
1645 2685 1783 2724 unus
1825 2679 1911 2724 est
1951 2683 2186 2737 sensus;

583 2765 763 2819 omnia
791 2765 936 2820 enim
969 2781 1076 2819 uno
1105 2765 1270 2819 modo
1300 2764 1618 2818 obtinentur
1645 2771 1698 2818 et
1724 2763 2018 2818 donantur.

653 2857 884 2914 Videtur
923 2865 1104 2914 autem
1145 2855 1470 2928 quibusdam
1518 2857 1787 2926 tripartito
1831 2859 1971 2911 ratio
2013 2858 2064 2912 in
2109 2858 2191 2915 his

579 2953 772 3020 dictis;
813 2952 937 3024 quia
983 2953 1222 3007 diversis
1271 2952 1532 3022 propheta
1578 2965 1706 3006 usus
1744 2961 1828 3006 est
1874 2951 2091 3016 verbis,
2137 2957 2193 3006 et

583 3048 707 3118 quia
759 3061 786 3100 a
839 3045 1032 3118 plurali
1088 3059 1317 3100 numero
1373 3045 1439 3100 ad
1493 3045 1824 3116 singularem
1884 3045 2186 3102 descendit.

583 3152 604 3180 ο
637 3142 769 3196 Cum
815 3141 960 3196 enim
1005 3139 1168 3195 verba
1213 3140 1312 3194 Dei
1355 3139 1407 3194 in
1451 3139 1755 3195 ubertatem
1793 3143 2018 3212 gratiae,
2061 3143 2188 3214 quia

2293 511 2545 570 testatur,
2571 517 2690 574 quas
2713 519 2776 558 ex
2805 503 2950 558 dono
2973 502 3316 574 baptismatis
3335 505 3754 576 consequimur;
3777 509 3900 577 quia

2290 611 2398 653 non
2444 597 2620 652 solum
2653 597 3033 652 remissionem
3077 607 3426 666 peccatorum
3477 599 3734 670 accipere
3777 615 3898 669 nos,

2291 690 2387 746 sed
2424 689 2730 762 justiticari,
2763 699 2818 746 et
2849 690 2992 746 ﬁlios
3021 691 3116 746 Dei
3147 691 3266 747 ﬁeri
3299 691 3610 761 proﬁtetur;
3643 701 3702 747 ut
3729 693 3899 751 beati-

2289 784 2422 840 tudo
2469 786 2584 839 hrcc
2624 784 2924 854 perfectam
2965 783 3164 840 habeat
3193 793 3248 840 et
3279 787 3636 842 securitatem
3683 795 3742 842 et
3783 787 3898 857 glo-

2291 879 2450 933 riam.

2363 971 2544 1042 (Vers.
2575 971 2662 1042 9.)
2697 970 2975 1028 Beatitudo
3001 987 3122 1044 ergo
3147 973 3258 1028 hac
3283 974 3338 1030 in
3367 974 3761 1032 circumcisione
3785 987 3900 1033 tan-

2291 1075 2400 1120 tum
2431 1075 2621 1132 manet,
2651 1083 2717 1120 an
2744 1075 2790 1120 et
2820 1067 2874 1120 in
2905 1067 3200 1139 prwputio.’
3223 1067 3280 1122 Id
3305 1077 3410 1136 est,
3441 1070 3704 1140 numquid
3731 1069 3902 1128 beati-

2291 1157 2422 1213 tudo
2453 1159 2556 1213 ista
2599 1158 2834 1214 Abrahae
2866 1167 3072 1214 ctutum
3107 1159 3235 1216 Illiis
3265 1175 3526 1218 concessa
3559 1171 3686 1228 est,
3739 1179 3812 1218 an
3850 1173 3902 1220 et

2293 1252 2358 1306 iis
2389 1253 2478 1319 qui
2519 1252 2880 1308 incircumcisi
2913 1252 3077 1308 sunt?
3109 1252 3164 1308 Si
3197 1253 3342 1308 enim
3373 1253 3472 1310 illo
3501 1263 3755 1322 tempore
3795 1273 3900 1314 non

2291 1346 2580 1415 prohibita:
2611 1355 2736 1402 sunt
2758 1355 2952 1418 gentes
2979 1348 3244 1404 accedere
3275 1348 3344 1404 ad
3387 1351 3560 1421 legero
3587 1360 3644 1406 et
3673 1354 3904 1422 promis-

2291 1441 2506 1496 sionem
2530 1441 2785 1506 Abrabm,
2817 1443 2908 1512 qui
2939 1441 3056 1498 ﬁeri
3087 1452 3323 1513 poterat,
3349 1453 3408 1498 ut
3435 1453 3680 1516 tempore
3699 1445 3901 1504 Christi

2291 1537 2716 1608 prohiberentur
2751 1547 2772 1575 ο
2807 1539 3090 1594 venientes
3119 1539 3186 1594 ad
3213 1539 3474 1610 gratiam;
3507 1540 3732 1611 quando
3763 1541 3902 1598 Deus

2291 1634 2466 1703 gratia
2493 1634 2654 1704 plene
2679 1632 2969 1688 incitavit?

2369 1727 2600 1782 Dicimus
2635 1732 2770 1782 enim
2793 1771 2806 1794 ,
2856 1727 2960 1784 hoc
2989 1735 3102 1792 est,
3135 1728 3180 1784 si
3213 1741 3374 1783 sensu
3426 1727 3560 1799 legis
3601 1728 3898 1800 loquimur,

2219 1819 2265 1878 B
2291 1823 2412 1894 quia
2441 1831 2682 1892 reputata
2712 1831 2786 1878 est
2817 1821 3040 1877 Abrahae
3078 1822 3206 1892 ﬁdes
3250 1823 3320 1876 ad
3349 1823 3632 1896 justitiam.
3677 1825 3766 1879 Ab
3795 1827 3900 1880 ori-

2292 1918 2416 1989 gine
2445 1918 2668 1988 incipit,
2717 1925 2778 1974 ut
2805 1933 3024 1974 omnem
3059 1921 3564 1992 tergiversationem
3595 1922 3904 1978 cavillatio—

2293 2013 2378 2066 nis
2405 2011 2690 2078 excludat;
2721 2013 2846 2084 quia
2873 2014 2964 2085 qui
2989 2027 3018 2066 a
3049 2015 3223 2084 capite
3245 2015 3574 2082 excluditur,
3609 2031 3716 2071 non
3743 2017 3902 2073 habet

2293 2103 2436 2159 unde
2467 2104 2692 2174 incipiat
2723 2105 2900 2161 facere
2931 2107 3310 2178 qumstionem.

2367 2196 2548 2266 (Vers.
2583 2197 2652 2252 10
2681 2207 2736 2252 et
2765 2199 2882 2270 Η.)
2909 2199 3176 2265 Quomodo
3219 2217 3340 2272 ergo
3379 2211 3616 2274 rrputata
3647 2205 3766 2258 est?
3791 2221 3902 2258 cum

2297 2291 2348 2346 in
2377 2291 2769 2346 circumcisione
2790 2301 2941 2358 esset,
2965 2309 3032 2345 an
3057 2293 3110 2347 in
3135 2295 3387 2363 prtcputio
3403 2295 3430 2348 ?
3455 2293 3508 2348 Ν
3513 2313 3580 2349 on
3609 2298 3662 2350 in
3683 2298 3902 2352 circum-

2293 2383 2505 2448 cisione,
2535 2383 2625 2438 sed
2653 2384 2710 2438 in
2735 2385 3010 2456 praeputio.
3043 2385 3112 2439 Et
3142 2387 3348 2460 signum
3389 2389 3590 2458 accepit
3631 2391 3904 2444 circumci-

2293 2478 2453 2532 sionis
2484 2479 2810 2551 signaculum
2833 2480 3058 2553 justitire
3085 2481 3240 2550 ﬁdei,
3273 2497 3390 2550 quae
3418 2490 3490 2536 est
3523 2484 3578 2536 in
3607 2486 3902 2555 prrrputio;

2295 2581 2348 2624 ut
2375 2571 2441 2626 sit
2471 2579 2615 2640 pater
2643 2573 2871 2626 omnium
2899 2572 3214 2628 credentium
3246 2590 3336 2641 per
3361 2578 3710 2646 prrcputium;
3739 2587 3796 2632 ut
3821 2593 3898 2632 re-

2297 2675 2504 2738 putatur
2522 2676 2571 2721 et
2597 2667 2706 2720 illis
2728 2669 2796 2721 ad
2811 2669 3074 2741 justitiam
3101 2667 3252 2738 (Gen.
3281 2685 3415 2736 xvu,
3441 2670 3506 2724 10
3527 2681 3575 2724 et
3601 2671 3713 2742 Η).
3741 2672 3902 2726 Abra-

2297 2759 2420 2813 ham
2452 2775 2576 2814 cum
2607 2767 2754 2815 esset
2782 2761 2832 2814 in
2869 2763 3160 2832 prmputio,
3193 2761 3426 2818 credidit
3453 2761 3587 2818 Deo.
3615 2763 3756 2832 Quid
3785 2779 3900 2820 cre-

2295 2851 2472 2907 didit?
2505 2853 2702 2908 Semen
2747 2869 2810 2910 se
2843 2853 3160 2910 habiturum
3183 2896 3198 2920 ,
3229 2855 3278 2910 id
3309 2869 3392 2911 est
3417 2899 3430 2916 ,
3467 2856 3676 2922 lilium,
3711 2859 3768 2913 in
3799 2873 3900 2928 quia

2295 2961 2489 3002 omnes
2518 2957 2710 3018 gentes
2737 2947 3172 3018 justiiicarcntur
3205 2964 3306 3019 per
3337 2949 3500 3003 iidem
3529 2952 3580 3004 in
3613 2953 3897 3021 pra‘putio,

2257 3073 2262 3080 -
2292 3042 2436 3098 sicut
2466 3051 2525 3098 et
2549 3043 2825 3098 Abraham
2857 3043 3188 3114 jnstilicatus
3215 3053 3318 3098 est.
3355 3045 3488 3099 Nam
3519 3047 3900 3102 circumcisio-

2295 3151 2420 3192 nem
2463 3138 2682 3208 signum
2714 3140 2928 3208 accepit
2952 3139 3182 3209 justitiaa
3209 3141 3332 3196 tidei
3361 3141 3629 3197 :crcdens
3669 3145 3818 3198 enim
3847 3157 3900 3197 se

593 3233 800 3304 peccati
832 3233 1046 3288 diversa
1091 3243 1221 3290 sunt
1252 3233 1500 3300 nomina,
1535 3247 1632 3303 per
1672 3235 1992 3290 delictorum
2033 3251 2187 3290 voca.
2217 3240 2262 3304 ρ
2297 3231 2468 3286 lilium
2503 3231 2810 3286 habiturum
2835 3275 2850 3299 ,
2889 3231 3048 3302 hujus
3077 3233 3154 3288 rei
3186 3247 3350 3304 quam
3389 3235 3658 3303 credidit,
3689 3238 3896 3308 signum

585 3327 714 3382 bula
755 3342 1083 3384 enumerare
1125 3327 1272 3394 vult,
1307 3327 1468 3382 latius
1510 3327 1721 3384 locutus
1762 3337 1878 3390 est;
1913 3329 2072 3383 unius
2114 3337 2192 3382 ta-

587 3440 711 3479 men
759 3423 946 3480 forma:
985 3432 1036 3478 ct
1087 3421 1501 3494 signiﬁcationis
1549 3433 1679 3478 sunt
1725 3424 1926 3488 verba;
1971 3423 2094 3492 quia
2137 3431 2192 3479 et

583 3534 705 3573 cum
740 3519 870 3590 tegit
894 3561 907 3584 ,
939 3517 1204 3574 remittit:
1250 3527 1306 3572 et
1345 3533 1467 3574 cum
1499 3519 1766 3584 remittit,
1799 3535 1904 3572 non
1937 3517 2188 3588 imputat.

585 3613 668 3670 Ad
712 3611 925 3667 laudem
961 3613 1107 3668 cnim
1142 3612 1329 3684 gratia:
1361 3611 1459 3668 Dei
1491 3613 1755 3683 prolixius
1788 3613 2047 3684 loquitur,
2077 3609 2104 3650 ἀ
2133 3622 2192 3669 ιιι

584 3707 880 3778 amplilicet
907 3707 1162 3778 gratiam.
1197 3705 1332 3763 Tres
1371 3707 1515 3763 enim
1557 3705 1757 3778 gradus
1797 3705 1927 3762 fecit
1967 3713 2190 3779 propter

583 3799 911 3856 delictorum
939 3801 1257 3856 varietatem
1289 3819 1302 3857 :
1340 3816 1570 3872 quorum
1617 3799 1826 3872 primus
1864 3799 2064 3872 gradus
2105 3811 2190 3856 est

583 3893 840 3965 iniquitas
871 3895 957 3950 vel
985 3893 1260 3963 impietas,
1290 3893 1418 3949 dum
1445 3909 1550 3949 non
1579 3895 1893 3966 agnoscitur
1915 3893 2146 3949 Creator
2171 3911 2184 3950 :

579 3987 854 4042 secundus
875 4028 890 4053 ,
923 3987 975 4040 in
1008 3987 1253 4058 gravium
1284 3997 1635 4056 peccatorum
1664 3987 1920 4058 operibus
1946 4004 1960 4053 ;
1994 3987 2189 4044 tertius

581 4095 711 4135 vero
753 4079 956 4136 levium
983 4097 998 4145 ;
1031 4079 1132 4135 hos
1165 4089 1350 4136 tamen
1381 4095 1575 4137 omnes
1605 4081 1659 4135 in
1691 4081 2018 4151 baptismate
2049 4081 2190 4136 obli—

581 4173 770 4229 tcrari.
806 4171 1006 4230 Tribus
1037 4171 1121 4228 his
1153 4171 1414 4246 gradibus
1443 4175 1611 4230 totius
1645 4174 1852 4245 peccati
1882 4189 2086 4245 corpus
2117 4177 2190 4232 si-

575 4265 876 4336 gniﬁcavit.

649 4357 1121 4430 Quemadmodum
1154 4365 1336 4415 autem
1368 4359 1436 4415 ad
1469 4359 1850 4431 paenitentiam
1893 4375 2183 4432 personam

579 4461 762 4523 potest
791 4453 1068 4522 pertinere
1089 4495 1104 4520 ,
1135 4467 1256 4509 cum
1286 4452 1416 4509 dicit
1443 4453 1632 4510 :Beati
1657 4469 1876 4526 quorum
1907 4465 2040 4512 tecta
2069 4466 2188 4512 sunt

578 4555 830 4619 peccata;
881 4559 1005 4600 cum
1055 4553 1270 4601 constet
1313 4549 1648 4617 praenitentes
1679 4547 1868 4604 labore
1896 4559 1948 4604 et
1982 4550 2184 4620 gemitu

2297 3323 2539 3394 accepit:
2576 3333 2632 3376 ut
2656 3325 2777 3394 quia
2807 3324 3389 3396 credensjustiﬂcatus
3421 3327 3527 3393 sit,
3557 3339 3896 3386 cerneretur.

2295 3416 2412 3472 Non
2444 3431 2572 3487 ergo
2615 3418 2840 3471 Cifi‘llMt
2861 3417 2962 3471 isio
2991 3420 3198 3488 aliquid
3245 3420 3411 3474 habet
3451 3421 3738 3492 dignitatis
3761 3465 3777 3490 ,
3809 3422 3897 3477 sed

2295 3513 2506 3581 signum
2555 3519 2640 3567 est
2687 3521 2914 3566 tantum.
2948 3513 3102 3582 Quod
3145 3515 3362 3584 signum
3393 3516 3518 3571 ideo
3559 3517 3897 3586 accipiebant

2294 3602 2390 3658 lilii
2419 3603 2677 3668 Abrahae,
2711 3613 2772 3658 ut
2799 3605 3068 3660 seircntur
3093 3607 3212 3676 ejus
3237 3607 3330 3660 lilii
3359 3623 3482 3664 esse
3501 3649 3517 3674 ,
3551 3609 3644 3679 qui
3669 3609 3898 3665 credens

2297 3699 2408 3756 Deo
2437 3699 2541 3754 hoc.
2571 3700 2783 3770 signant
2815 3709 3125 3770 acceperat;
3153 3711 3207 3755 ut
3235 3702 3416 3756 aemuli
3445 3715 3630 3758 essent
3657 3711 3895 3772 paternae

2293 3793 2462 3860 fidei,
2510 3804 2562 3850 et
2611 3795 2900 3851 crederent
2953 3798 3009 3850 in
3057 3794 3242 3850 Jesum
3271 3839 3284 3863 ,
3337 3797 3430 3867 qui
3480 3799 3788 3866 promissus
3817 3805 3895 3854 cst

2293 3887 2548 3956 Abrahte,
2584 3889 2738 3959 cujus
2771 3889 2822 3944 in
2849 3889 3020 3960 llgura
3051 3899 3210 3945 natus
3235 3901 3314 3945 est
3341 3891 3508 3947 Isaac.
3535 3890 3646 3947 Nec
3668 3893 3818 3948 enim
3843 3893 3890 3949 in

2290 3981 2437 4038 lsaac
2465 3997 2656 4039 omnes
2685 3993 2882 4055 gentes
2909 3985 3342 4055 benedicuntur,
3389 3989 3484 4042 sed
3535 3987 3590 4042 in
3633 3987 3890 4045 Christo:

2296 4077 2432 4144 Quia
2455 4093 2554 4132 non
2576 4089 2648 4132 est
2674 4079 2820 4134 aliud
2845 4097 3030 4134 nomen
3051 4079 3231 4135 datum
3252 4081 3343 4135 sub
3369 4081 3517 4148 creto,
3543 4083 3596 4136 in
3617 4101 3719 4154 quo
3741 4083 3892 4157 apor-

2293 4177 2396 4221 teat
2424 4170 2592 4226 salvos
2631 4173 2744 4241 fieri
2793 4172 3003 4242 (Actor.
3045 4189 3134 4240 tv,
3169 4173 3312 4246 12),
3353 4175 3484 4230 dicit
3521 4175 3716 4234 Petrus
3758 4195 3889 4251 apo-

2291 4265 2486 4319 stolus.

2365 4357 2546 4430 (Vcrs.
2583 4359 2698 4428 12.)
2737 4359 2808 4414 Et
2837 4363 2902 4415 sit
2941 4371 3092 4432 pater
3129 4361 3540 4419 circumcisiouis
3579 4382 3679 4420 non
3723 4371 3886 4423 solum

2290 4467 2468 4508 eorum
2491 4455 2578 4524 qui
2603 4471 2666 4509 ea;
2697 4455 3087 4510 circumcisione
3122 4465 3273 4522 sunt,
3303 4459 3394 4511 sed
3422 4467 3468 4512 et
3499 4475 3676 4514 eorum
3703 4465 3789 4532 qui
3815 4480 3890 4517 se-

2288 4560 2516 4620 quuntur
2543 4551 2752 4624 vestigia
2780 4550 2922 4619 ﬁdei,
2955 4567 3067 4621 qua:
3093 4552 3240 4606 estin
3263 4555 3518 4624 pra‘putio
3547 4559 3708 4622 patris
3731 4559 3890 4612 nostri

575 4639 959 4696 remissionem
1001 4649 1346 4712 peccatorum
1390 4643 1716 4714 acquirere?
1755 4643 1864 4700 Aut
1905 4646 2182 4716 quomodo
2209 4653 2261 4712 1)
2289 4641 2525 4698 Abrahre.
2575 4643 2690 4698 [loc
2715 4643 2884 4710 dicit,
2919 4645 3042 4715 quia
3074 4645 3307 4700 credens
3352 4647 3645 4714 Ahltbam,
3683 4651 3886 4720 primus

577 4735 848 4806 martyrio
875 4734 1162 4806 congruit,
1211 4735 1356 4806 quod
1389 4735 1558 4792 dicit:
1603 4735 1796 4794 Beatus
1837 4741 1931 4804 vir,
1967 4739 2050 4794 cui
2079 4757 2182 4795 non

577 4825 850 4899 imputavit
883 4825 1143 4884 Dominus
1172 4837 1482 4898 peccatum;
1511 4829 1621 4906 49
1648 4847 1771 4888 cum
1799 4833 2036 4892 sciamus
2067 4835 2182 4907 glo-

576 4923 712 4978 riam
741 4922 988 4996 martyrii
1019 4923 1368 4994 passionibus
1395 4933 1451 4980 et
1477 4927 1756 4997 pressaris
1785 4929 1992 4998 acquiri
2017 4931 2040 4983 ?

647 5018 917 5092 PrOpbeta
947 5027 1127 5075 autem
1153 5028 1371 5091 tempus
1397 5021 1524 5076 felix
1553 5019 1862 5094 praevidens
1901 5025 1952 5078 in
1986 5021 2176 5081 Salva-

574 5115 709 5169 toris
740 5113 998 5184 adventu,
1029 5113 1218 5169 beatos
1249 5121 1564 5187 nuncupat,
1606 5115 1802 5187 quibus
1842 5116 1959 5173 sine
1991 5117 2178 5174 labore

573 5207 656 5261 vel
687 5207 870 5278 aliquo
897 5222 1064 5278 opere
1087 5223 1184 5274 per
1211 5207 1490 5264 lavacrum
1516 5209 1888 5276 remittuntur,
1913 5219 1966 5266 et
1991 5217 2178 5283 tegun-

570 5311 662 5358 tur
707 5311 761 5358 et
807 5317 915 5359 non
965 5304 1304 5375 imputantur
1351 5315 1597 5376 peccata;
1647 5307 1942 5378 Apostolus
1992 5316 2174 5364 tamen

569 5407 796 5468 propter
820 5397 1216 5471 plenitudinem
1241 5407 1572 5474 temporum,
1598 5411 1654 5460 et
1681 5404 1804 5476 quia
1837 5404 1954 5474 plus
1984 5403 2174 5475 gratia:

629 5591 668 5710 ιι
687 5583 865 5710 tilum.
911 5584 1081 5656 edit.,
1121 5586 1235 5642 sola
1268 5587 1398 5658 ﬁdes
1435 5586 1617 5662 gratia:
1655 5581 1751 5642 Dei
1790 5587 2060 5658 proficeret
2097 5587 2166 5642 ad

651 5672 682 5710 τι
739 5673 809 5710 nt.

709 5671 809 5711 ρηι.

567 5665 872 5805 ὀἶαίβοι-ι).
906 5730 1112 5805 codex,
1149 5741 1196 5805 et
1223 5732 1400 5805 aliqua
1429 5732 1801 5790 obsecratione.

638 5810 660 5886 ξ
705 5801 860 5926 [top].
909 5801 1078 5873 edit.,
1129 5803 1260 5861 Cum
1307 5801 1442 5862 enim
1491 5805 1771 5862 ubertatem
1799 5804 1983 5878 gratite
2023 5802 2160 5873 Dei,

638 5888 682 5927 ια
703 5913 719 5932 .
751 5888 779 5929 C
807 5887 857 5932 ϐ.

562 5888 682 5944 quia
703 5913 719 5944 ,
751 5888 857 5932 etc.

2288 4738 2462 4796 lactus
2493 4749 2578 4796 est
2607 4751 2761 4812 pater
2789 4741 3246 4810 circumcisionis,
3277 4741 3370 4798 sed
3395 4742 3598 4810 cordis,
3631 4759 3738 4798 non
3771 4753 3889 4800 tau-

2287 4843 2397 4889 tum
2428 4849 2614 4890 eorum
2647 4835 2738 4905 qui
2771 4843 2898 4888 sunt
2927 4849 2992 4889 ex
3037 4834 3156 4905 ejus
3185 4834 3428 4906 origine,
3461 4836 3556 4890 sed
3598 4849 3650 4891 et
3691 4853 3882 4892 eorum

2285 4929 2376 5000 qui
2405 4929 2662 4984 similiter
2685 4927 2916 4984 credunt
2941 4943 3006 4983 ex
3033 4929 3304 5000 gentibus.
3331 4928 3640 4985 Secundum
3663 4947 3884 4988 carnem

2283 5025 2427 5080 enim
2457 5024 2769 5081 Judteorum
2793 5035 2950 5096 pater
2973 5033 3076 5090 est,
3106 5023 3404 5080 secundum
3431 5023 3589 5080 ﬁdem
3613 5041 3748 5082 vero
3769 5042 3886 5083 oms

2283 5121 2429 5174 nium
2461 5121 2824 5176 credentium.

2355 5213 2536 5287 (Vcrs.
2570 5213 2684 5284 1'5.)
2729 5211 2850 5267 Non
2877 5213 3011 5268 enim
3043 5229 3134 5284 per
3165 5215 3327 5286 legem
3361 5215 3632 5282 promissio
3659 5215 3883 5270 Abi-aha!

2277 5319 2365 5364 aut
2396 5307 2577 5362 semini
2599 5307 2731 5376 ejus,
2758 5317 2810 5359 ut
2833 5305 2996 5362 [iteres
3021 5313 3146 5360 esset
3173 5305 3375 5368 mundi,
3400 5305 3489 5359 sed
3509 5323 3602 5375 per
3615 5309 3880 5380 justitiam

2278 5402 2419 5472 ﬁdei.
2453 5397 2798 5456 Manifestum
2829 5408 2913 5455 est
2937 5383 2956 5464 ,’
3000 5399 3126 5468 quia
3171 5415 3346 5470 neque
3377 5399 3555 5454 adlmc
3603 5399 3716 5456 Lex
3755 5401 3880 5458 data

2344 5583 2370 5622 ἀ
2414 5581 2615 5640 Eadem
2667 5583 2824 5656 editi,
2870 5581 3032 5640 Rom.
3075 5599 3196 5640 cum
3239 5599 3372 5642 mss.
3424 5585 3750 5656 quibusdam
3777 5627 3793 5655 ,
3827 5595 3877 5640 ut

2273 5657 2512 5728 atnplicet
2544 5657 2735 5710 donum
2764 5653 2882 5710 Dei.

2348 5727 2370 5768 ά
2397 5727 2648 5802 Nonnulli
2671 5744 2779 5802 mss
2791 5768 2803 5782 .
2815 5770 2828 5794 ,
2843 5727 3097 5802 venientes
3113 5729 3183 5802 ad
3195 5731 3432 5802 gloriam.
3451 5727 3724 5800 Continuo
3743 5745 3875 5788 vero

2271 5811 2413 5872 post,
2440 5799 2594 5856 Rom.
2630 5799 2762 5856 edit.
2813 5801 2952 5870 sola,
2981 5799 3213 5868 quaudo'
3237 5802 3334 5858 Dei
3356 5802 3522 5874 gratia
3547 5801 3758 5874 plenius
3795 5805 3874 5860 in-

2272 5874 2466 5929 vitavit.
