4082 6306
275 290 348 349 85
1163 283 1663 350 (ΖΟΜΜΕΝΤΑΒΙΔ
1701 288 1770 348 ΙΝ
1813 286 2208 350 EPLSTOLAM
2249 289 2341 348 AD
2379 289 2732 350 ROMANOS.
3527 295 3601 351 86

276 409 422 475 erat,
452 416 637 474 neque
661 403 774 474 jam
801 412 920 460 erat
943 400 1316 480 circumcisio;
1353 400 1566 472 quando
1591 401 1888 472 promissio
1913 407 1967 480 Α
1991 411 2052 457 ιιι
2083 402 2502 474 promissionem
2533 413 2844 464 mereantur
2875 407 3164 479 accipere;
3193 414 3396 478 quanto
3427 409 3602 480 magis

271 496 387 567 jam
420 495 564 551 facta
593 503 677 553 est
703 498 936 554 Abraha:
963 495 1229 564 credenti,
1260 504 1314 550 et
1339 496 1532 552 semini
1566 496 1709 568 ejus,
1742 497 1886 568 quod

280 597 366 646 est
393 588 654 648 Christus
687 599 712 628 ⁸
745 592 836 662 qui
870 591 1144 646 hominum
1179 599 1396 662 peccata
1425 590 1693 646 ablueret.
1741 590 1892 648 Unde

281 681 416 738 dicit
445 682 693 740 Joannes
725 684 965 755 Baptista
991 702 1002 738 :
1028 683 1163 739 Ecce
1198 700 1364 756 agnus
1399 682 1517 754 Dei,
1557 702 1671 746 ecce
1690 686 1778 756 qui
1797 687 1895 748 tol-

283 775 340 830 lit
363 786 637 846 peccatum
659 777 838 832 mundi
861 775 1040 844 (Joan.
1067 794 1107 842 ι,
1136 775 1246 846 19).
1269 777 1384 834 Non
1407 791 1538 848 ergo
1561 778 1756 834 merito
1776 794 1896 837 ser-

284 876 428 923 vata:
460 868 596 939 legis
626 868 800 926 haeres
841 870 1010 927 lactus
1045 877 1127 927 est
1157 871 1372 937 mundi,
1403 870 1497 930 sed
1525 870 1650 928 ﬁdei
1676 890 1689 926 :
1719 871 1896 933 haeres

283 967 467 1016 autem
499 960 687 1018 mundi
720 961 894 1018 haeres
922 971 1004 1019 est
1033 970 1222 1032 terrze,
1256 978 1415 1036 quam
1447 963 1498 1018 in
1543 963 1672 1024 filiis
1696 980 1893 1028 conse-

282 1067 444 1112 cutus
473 1065 559 1112 est
599 1075 610 1111 :
648 1056 895 1114 Christus
931 1067 1108 1114 autem
1161 1060 1336 1117 lueres
1382 1071 1466 1117 est
1509 1063 1790 1133 gentium,
1839 1074 1899 1122 ut

285 1150 453 1208 David
484 1152 634 1210 cauit
661 1169 674 1205 :
705 1150 773 1206 Et
806 1151 938 1208 dabo
966 1154 1052 1208 tibi
1075 1164 1246 1227 gentes
1274 1157 1627 1214 [Hereditatem
1657 1169 1817 1226 tuam,
1847 1171 1895 1216 et

281 1247 662 1315 possessionem
692 1256 831 1302 tuam
859 1249 1099 1302 terminos
1135 1259 1286 1304 terra:
1316 1248 1487 1318 (Psal.
1520 1266 1634 1311 ιιιν,
1667 1250 1756 1322 8);
1794 1253 1896 1323 ipsi

283 1338 426 1393 enim
457 1339 757 1400 moriemur
785 1348 840 1394 et
864 1340 1106 1396 vivemus
1133 1356 1254 1396 cum
1283 1358 1368 1396 eo.

354 1431 544 1505 (γεγε.
585 1431 703 1505 14.)
744 1433 806 1490 Si
834 1436 969 1490 enim
987 1437 1076 1506 qui
1098 1453 1160 1490 ex
1181 1436 1311 1509 lege,
1337 1438 1391 1492 Ιιὶ
1412 1449 1530 1497 sunt
1552 1439 1809 1508 ba’redes,
1845 1440 1897 1497 id

282 1533 400 1594 est,
431 1525 478 1581 si
513 1526 549 1582 ii
579 1528 668 1597 qui
702 1541 768 1584 ex
799 1527 917 1598 lege
941 1528 1022 1583 vel
1050 1527 1151 1586 sub
1187 1529 1308 1600 lege
1345 1540 1516 1599 sunt,
1558 1531 1803 1590 hmredes
1831 1549 1895 1590 ex

284 1621 402 1690 lege
443 1629 610 1686 sunt,
661 1619 926 1678 Evacuata
968 1629 1040 1678 est
1085 1623 1251 1692 fides,
1299 1624 1494 1686 abolita
1520 1637 1596 1681 est
1627 1627 1899 1696 promissio

285 1713 465 1783 (Rom.
498 1730 616 1781 xw,
645 1713 723 1787 8).
767 1715 1110 1773 Manifestum
1153 1726 1274 1786 εει,
1322 1718 1577 1789 quoniam
1609 1719 1654 1776 si
1682 1736 1748 1776 ex
1781 1721 1901 1792 lege

1997 493 2087 564 qui
2115 493 2216 550 sub
2243 494 2362 566 lege
2381 510 2487 556 non
2519 497 2682 554 sunt!
2713 496 2832 554 Non
2859 513 2988 569 ergo
3015 499 3274 570 expedit,
3306 507 3363 560 ut
3391 513 3452 558 se
3479 500 3604 554 mit-

1998 594 2071 643 tat
2099 588 2200 646 sub
2225 587 2379 660 lege;
2410 598 2467 644 ut
2497 590 2673 660 possit
2700 591 3022 662 compendio
3052 592 3318 654 medelam
3357 593 3602 654 vulneris

1997 682 2262 738 invenire.

2072 775 2197 834 Non
2223 776 2270 832 ei
2296 776 2385 846 qui
2414 791 2475 834 ea:
2503 776 2612 849 lege
2643 786 2716 832 est
2740 788 2968 844 tantum,
3001 780 3091 836 sed
3129 790 3176 838 et
3206 781 3252 842 ei
3287 781 3379 852 qui
3409 797 3473 838 ea:
3501 782 3605 851 ﬁde

1999 879 2070 930 est
2100 871 2342 930 Abraha.
2375 871 2489 926 Hoc
2515 881 2604 927 est
2633 871 2775 942 quod
2807 887 2970 943 supra
3002 875 3138 937 dixit
3166 894 3179 930 :
3209 875 3362 932 Omni
3396 879 3606 942 sensisti.

2001 975 2110 1024 tam
2131 966 2476 1032 .Judreorum,
2510 967 2602 1036 qui
2635 967 2820 1039 utique
2852 983 2918 1022 ex
2952 969 3068 1038 lege
3100 971 3420 1038 veniebant,
3450 989 3612 1044 quam

1999 1062 2306 1132 gentilium,
2337 1061 2427 1132 qui
2457 1059 2618 1117 ﬁdem
2654 1071 2956 1130 sequuntur
2994 1063 3258 1129 Abrahae,
3285 1080 3446 1136 quam
3477 1081 3612 1137 gen.

2004 1157 2113 1214 tilis
2149 1156 2370 1224 habuit,
2407 1163 2636 1211 utesset
2657 1155 2860 1226 justus.
2902 1155 3032 1212 Sine
3071 1156 3188 1228 lege
3214 1158 3356 1212 enim
3385 1159 3616 1214 credidit

2003 1251 2278 1308 Abraham
2307 1294 2321 1318 ,
2376 1249 2609 1319 ideoque
2655 1250 2829 1318 magis
2883 1249 3182 1320 gentilibus
3225 1250 3501 1321 jungitur;
3557 1263 3613 1308 ut

2003 1346 2158 1404 ﬁrma
2189 1347 2263 1402 sit
2289 1346 2368 1402 eis
2398 1343 2690 1415 promissio
2717 1384 2732 1409 ,
2773 1343 3126 1401 credentibus
3151 1345 3232 1411 ei,
3265 1346 3350 1401 cui
3383 1345 3616 1404 credidit

2003 1437 2138 1508 ipse.

2075 1531 2260 1605 (Vers.
2289 1532 2401 1603 17).
2445 1531 2545 1598 Qui
2596 1538 2670 1588 est
2711 1543 2862 1601 pater
2901 1532 3133 1588 omnium
3176 1541 3436 1600 nostrum,
3481 1534 3615 1588 sicut

2003 1625 2255 1696 scriptum
2283 1635 2354 1680 est
2384 1642 2401 1680 :
2433 1626 2567 1692 Quia
2587 1634 2784 1699 patrem
2807 1625 3089 1682 multarunt
3115 1627 3352 1698 gentium
3382 1630 3532 1696 posui
3572 1640 3618 1681 te

2009 1715 2164 1789 (Gen.
2199 1733 2342 1787 xvu,
2374 1718 2452 1789 4).
2483 1718 2839 1776 Conﬁrmavit
2870 1717 3124 1791 exemplo
3155 1718 3313 1792 Legis
3341 1719 3614 1778 Abraham

291 1809 621 1878 litereditas,
665 1809 955 1879 promissio
981 1825 1100 1882 quae
1129 1826 1197 1866 ex
1230 1811 1336 1868 ﬁde
1368 1812 1505 1870 facta
1535 1823 1616 1871 est
1645 1813 1711 1870 ad
1735 1813 1907 1869 Abra—
1936 1811 1984 1876 Β
2011 1811 2252 1867 omnium
2282 1821 2490 1884 patrem
2521 1827 2668 1880 esse,
2699 1812 2797 1872 sed
2825 1827 3014 1870 eorum
3046 1813 3136 1884 qui
3165 1812 3394 1870 credunt
3418 1831 3432 1869 :
3457 1822 3512 1872 et
3539 1815 3619 1870 sic

281 1903 438 1972 ham,
468 1903 524 1960 in
555 1904 770 1960 irritum
803 1905 970 1960 venit.
1006 1905 1112 1964 Sed
1145 1922 1254 1963 non
1285 1917 1367 1964 est
1401 1922 1498 1979 per
1528 1908 1727 1980 Legem
1763 1910 1904 1964 facta

283 1995 615 2068 promissio,
646 1996 742 2053 sed
780 2013 874 2068 per
908 1997 1174 2068 justitiam
1201 1998 1324 2055 ﬁdei
1356 1999 1683 2067 hzereditas;
1714 2011 1898 2058 osten-

284 2092 363 2148 dit
391 2092 544 2148 enim
566 2092 861 2164 Apostolus
883 2093 1010 2165 quid
1036 2093 1164 2150 mali
1187 2094 1258 2149 sit
1285 2093 1659 2154 hmreditatem
1681 2111 1903 2168 sperare

291 2201 355 2242 ex
389 2185 534 2258 lege.

364 2279 543 2350 (νει-ε.
578 2279 697 2350 15.)
741 2279 853 2337 Lex
899 2283 1034 2338 enim
1083 2285 1215 2338 iram
1263 2294 1527 2356 operatur.
1578 2285 1650 2342 Ut
1687 2286 1906 2357 penitus

295 2373 553 2431 ostendat
591 2391 694 2432 non
745 2390 908 2448 posse
942 2375 1230 2448 justiﬁcari
1269 2379 1548 2438 hominem
1591 2395 1690 2451 per
1728 2381 1904 2453 legem

287 2467 438 2540 apud
470 2467 658 2538 Deum,
684 2483 861 2542 neque
894 2471 1322 2540 promissionem
1349 2487 1447 2542 per
1469 2471 1644 2544 legem
1669 2472 1786 2529 ﬁeri
1809 2489 1906 2546 po-

287 2564 461 2622 tuisse
489 2581 504 2620 :
531 2563 675 2632 Lex,
712 2565 808 2635 ait,
846 2567 982 2622 iram
1019 2576 1301 2638 operatur;
1345 2567 1412 2622 ad
1453 2566 1557 2624 hoc
1598 2569 1744 2626 enim
1781 2568 1903 2626 data

282 2666 405 2725 est,
437 2667 496 2714 ut
535 2673 661 2714 reos
692 2658 901 2715 faceret
930 2659 1334 2731 delinquentes.
1368 2659 1531 2718 Fides
1572 2660 1682 2736 50
1721 2669 1902 2718 autem

286 2750 495 2806 donum
523 2759 608 2807 est
637 2751 1032 2808 misericordize
1061 2752 1193 2819 Dei,
1227 2761 1284 2807 ut
1314 2768 1412 2824 per
1443 2753 1615 2824 legem
1643 2753 1722 2809 rei
1753 2753 1902 2821 facti,

285 2845 506 2904 veniam
543 2855 983 2918 consequantur;
1017 2847 1222 2904 idcirco
1254 2847 1395 2904 ﬁdes
1421 2848 1676 2920 gaudium
1706 2863 1903 2922 opera-

284 2950 398 2997 tur.
456 2940 570 2999 Nec
627 2942 1059 3012 contra'legem
1117 2941 1397 3014 loquitur,
1455 2944 1551 3002 sed
1619 2944 1904 3015 anteponit

285 3035 364 3090 illi
401 3035 600 3102 ﬁdem;
639 3037 766 3108 quia
798 3037 890 3107 qui
935 3051 1031 3108 per
1067 3036 1240 3108 legem
1272 3038 1407 3094 salvi
1450 3052 1571 3094 esse
1599 3053 1706 3094 non
1743 3046 1902 3108 pote-

286 3138 435 3194 rant,
469 3130 643 3200 gratia
673 3129 772 3186 Dei
801 3129 1083 3192 salvantur
1115 3145 1212 3201 per
1251 3130 1436 3187 ﬁdem.
1478 3130 1598 3188 Non
1641 3145 1776 3200 ergo
1815 3131 1901 3188 lex

2011 1904 2220 1963 ﬁrmam
2249 1920 2371 1966 esse
2399 1907 2820 1978 promissionem
2841 1948 2857 1976 ,
2904 1909 2950 1964 si
2981 1907 3106 1966 ﬁdei
3138 1923 3300 1968 causa
3331 1908 3617 1970 recedatur

2009 2014 2038 2054 a
2073 2000 2215 2071 lege;
2241 2001 2366 2072 quia
2391 2003 2682 2072 promissio
2709 2003 2858 2075 regni
2883 2003 3150 2062 cmlorum
3173 2003 3337 2074 iustis
3361 2004 3620 2075 deputata

2009 2102 2110 2159 est,
2139 2108 2245 2148 non
2269 2096 2666 2164 peccatoribus.
2696 2095 2764 2154 Et
2787 2095 2882 2167 qui
2905 2096 3010 2152 sub
3035 2096 3157 2168 lege
3183 2107 3330 2162 sunt,
3355 2098 3459 2158 sub
3488 2113 3614 2168 pec-

2009 2194 2131 2242 cato
2158 2193 2317 2252 sunt;
2350 2187 2473 2258 quia
2502 2202 2693 2250 omnes
2721 2199 3124 2260 peccaverunt,
3176 2204 3276 2247 nec
3321 2205 3481 2261 posse
3513 2190 3616 2244 ali-

2009 2295 2168 2350 quem
2194 2290 2248 2338 et
2276 2282 2378 2338 sub
2405 2283 2522 2354 lege
2544 2297 2688 2351 esse,
2712 2284 3017 2360 etgratiatu
3049 2285 3349 2357 consequi,
3394 2287 3535 2342 sicut
3567 2296 3624 2344 et

2008 2375 2076 2430 ad
2107 2374 2326 2432 Galatas
2353 2377 2468 2434 ait:
2499 2377 2756 2434 Ettacuati
2795 2381 2920 2436 estis
2948 2396 2980 2434 a
3013 2378 3245 2446 Christo,
3292 2382 3380 2449 qui
3422 2381 3478 2436 in
3513 2381 3624 2450 lege

1997 2469 2388 2541 justi/icamiui,
2413 2487 2444 2526 a
2465 2473 2632 2542 gratia
2656 2471 2922 2532 exeidistis
2954 2471 3153 2544 (Halat.
3185 2487 3241 2539 ν,
3265 2472 3344 2544 4).

2083 2565 2212 2618 Ante
2233 2579 2347 2618 eum
2364 2565 2449 2620 cui
2467 2563 2734 2622 credidisti
2752 2562 2885 2624 Deo.
2909 2563 2975 2620 Ut
2994 2581 3158 2620 unum
3179 2564 3352 2624 Deum
3375 2566 3620 2622 omnium

2008 2653 2224 2718 doceat,
2256 2655 2556 2726 alloquitur
2581 2656 2841 2727 gentiles.
2868 2655 3146 2718 Abraham
3168 2659 3272 2728 ipsi
3301 2658 3413 2718 Deo
3440 2659 3622 2718 credi-

2008 2746 2174 2816 disse,
2209 2756 2264 2803 et
2295 2746 2647 2816 justiﬁcatum
2676 2744 2703 2784 ἀ
2733 2764 2858 2806 esse
2903 2758 3030 2807 ante
3068 2764 3228 2822 eum,
3278 2750 3333 2806 in
3371 2765 3529 2822 quem
3569 2761 3626 2806 et

2005 2848 2199 2910 gentes
2226 2837 2485 2905 credunt;
2527 2849 2587 2896 ut
2612 2840 3015 2912 jttstiﬁcentur,
3050 2851 3108 2896 ut
3131 2857 3238 2898 non
3269 2843 3340 2902 sit
3369 2842 3623 2900 distantia

2006 2929 2181 2986 Judaei
2220 2939 2271 2986 et
2306 2929 2481 2986 Graeci
2515 2930 2566 2986 iu
2610 2930 2753 2999 ﬁde;
2795 2932 2922 3004 quia
2963 2932 3176 2990 sublata
3209 2933 3625 2994 circumcisione

2007 3033 2059 3079 et
2086 3023 2375 3094 prmputio,
2405 3041 2574 3084 unum
2604 3024 2739 3082 ﬁunt
2761 3027 2812 3081 in
2839 3026 3092 3093 Christo;
3121 3027 3245 3102 quia
3266 3036 3324 3088 et
3347 3027 3620 3088 Abraham

2007 3116 2059 3173 in
2090 3117 2356 3188 praeputio
2382 3119 2651 3187 credidit,
2682 3133 2734 3180 et
2757 3121 3087 3194 justiﬁeatus
3114 3133 3216 3182 est.

285 3223 370 3282 ira
403 3231 525 3290 est,
558 3223 653 3282 sed
695 3225 831 3280 iram
855 3233 1111 3296 operatur
1135 3225 1405 3295 peecanti,
1434 3224 1488 3282 id
1515 3232 1618 3291 est,
1643 3239 1898 3296 poenam;

2080 3207 2182 3275 Qui
2209 3210 2434 3282 viriﬁcat
2455 3223 2772 3280 mortuos,et
2796 3225 2939 3270 vocat
2961 3231 3022 3274 ea
3051 3230 3165 3287 qua:
3190 3230 3291 3272 non
3307 3225 3459 3283 sunt,
3492 3225 3622 3278 tatu--

285 3317 424 3374 dum
445 3332 557 3376 non
581 3317 840 3390 ignoscit,
863 3318 960 3373 sed
987 3319 1244 3375 vindicat.
1275 3318 1440 3376 Poma
1465 3318 1611 3374 enim
1642 3334 1741 3390 per
1765 3319 1898 3376 iram

285 3420 608 3482 generatur,
633 3410 714 3468 ira
741 3420 924 3467 autem
956 3411 1196 3468 nascitur
1216 3426 1281 3467 ex
1307 3420 1563 3482 peccato;
1589 3426 1653 3468 ac
1674 3427 1767 3483 per
1800 3413 1904 3470 hoc

289 3506 531 3578 relinqui
555 3505 674 3566 vult
695 3505 891 3576 legem,
921 3513 979 3560 ut
1000 3504 1064 3560 ad
1095 3503 1256 3560 ﬁdem
1278 3504 1646 3574 conlugiatur,
1671 3519 1790 3574 quin
1808 3505 1912 3562 de-

287 3599 418 3655 licta
461 3599 722 3670 ignoscit,
759 3609 816 3654 ut
843 3599 1043 3656 solvet.

366 3691 468 3747 Ubi
493 3693 630 3748 enim
661 3709 764 3747 non
793 3703 864 3747 est
897 3693 1011 3758 lex,
1051 3709 1142 3750 nec
1183 3693 1562 3764 prtruaricatio.
1609 3692 1722 3748 Hoc
1746 3691 1899 3761 dicit,

289 3786 418 3858 quia
468 3785 698 3844 sublatis
747 3786 855 3840 reis
905 3786 973 3842 dc
1016 3795 1288 3857 potestate
1338 3786 1508 3858 legis,
1553 3785 1676 3844 data
1723 3787 1900 3852 venia,

291 3879 672 3952 prmvarieatio
701 3880 847 3938 nulla
880 3888 994 3947 est;
1022 3880 1298 3950 iustiﬁcati
1328 3881 1473 3938 enim
1505 3890 1655 3949 sunt,
1684 3881 1780 3953 qui
1804 3895 1903 3951 per

293 3973 808 4043 praevaricationem
867 3971 1000 4043 legis
1057 3973 1272 4028 fuerant
1325 3983 1661 4044 peccatores.
1712 3973 1902 4030 Cessat

291 4065 443 4121 enim
483 4064 751 4123 factorum
792 4066 874 4128 lex
899 4108 914 4134 ,
951 4066 1004 4121 id
1034 4075 1116 4124 est
1137 4110 1151 4134 ,
1180 4067 1492 4123 observatio
1523 4067 1899 4133 sabbatorum,

293 4160 704 4220 neomeniarum
734 4203 748 4228 ,
804 4161 1268 4228 circumeisionis,
1321 4176 1570 4218 escarum
1617 4161 1897 4230 discretio,

292 4255 553 4312 animalis
601 4256 841 4323 mortui,
888 4255 911 4293 ι)
956 4264 1049 4310 aut
1085 4256 1364 4325 sanguinis
1412 4259 1657 4314 mustela!
1707 4257 1900 4315 obser-

291 4351 464 4407 vatio.

368 4443 563 4518 (Vcrs.
614 4443 742 4516 16.)
779 4442 910 4500 Ideo
955 4461 1019 4500 rx
1065 4445 1205 4515 fide,
1261 4456 1313 4500 ut
1359 4447 1639 4501 secundum
1679 4447 1900 4519 gratiam

292 4544 450 4611 ﬁrma
472 4539 540 4604 sit
560 4539 834 4612 promissio
857 4540 997 4596 autni
1019 4540 1221 4598 semini.
1249 4543 1266 4596 l
1293 4542 1426 4598 irma
1449 4555 1570 4598 esse
1591 4556 1699 4599 non
1728 4550 1902 4610 potest

2002 3320 2158 3373 quant
2183 3321 2243 3363 ea
2271 3321 2385 3378 qua!
2412 3316 2554 3368 sunt.
2579 3307 2694 3370 Iloc
2717 3309 2863 3364 dicto
2885 3309 2952 3371 ad
2973 3309 3135 3370 ﬁdem
3169 3309 3403 3372 Abrahae
3423 3319 3617 3381 gentes

2003 3396 2228 3463 invitat;
2265 3399 2389 3474 quia
2421 3414 2543 3456 eum
2584 3410 2731 3459 esset
2759 3403 2811 3460 in
2845 3405 3152 3476 prmputio,
3197 3402 3426 3464 credens
3465 3405 3615 3472 Deo.

2003 3493 2158 3563 cujus
2189 3508 2331 3552 nunc
2362 3495 2494 3550 fides
2528 3497 2853 3566 praedicatur
2883 3498 2934 3554 in
2977 3497 3217 3565 Christo,
3257 3509 3279 3534 ο
3314 3497 3622 3560 viviﬁcatus

2004 3597 2085 3642 est
2106 3601 2229 3642 cum
2249 3601 2346 3646 sua
2364 3588 2616 3660 conjuge.
2634 3587 2768 3646 Cum
2790 3601 2974 3650 essent
2992 3592 3142 3650 enim
3161 3591 3408 3650 obsoleta
3431 3601 3615 3657 aetate,

2005 3680 2253 3736 seniores
2297 3681 2688 3747 rcviruerunt;
2734 3682 2807 3740 ita
2839 3692 2897 3738 ut
2928 3698 3038 3738 non
3079 3683 3358 3742 difﬁderet
3391 3683 3612 3742 habitu—

2005 3787 2126 3828 rum
2157 3786 2217 3828 se
2243 3788 2309 3832 ex
2343 3773 2478 3829 Sara
2510 3774 2682 3828 ﬁlium
2705 3815 2719 3842 ,
2751 3790 2913 3844 quam
2937 3774 3180 3834 sterilem
3208 3774 3441 3840 sciebat,
3469 3785 3523 3830 et
3553 3775 3610 3830 in

2006 3883 2110 3939 qua
2137 3869 2248 3938 jam
2275 3869 2454 3928 ﬂuxus
2479 3867 2763 3924 muliebris
2807 3877 3012 3928 natura:
3055 3867 3375 3935 defecerat;
3418 3877 3481 3924 ut
3515 3883 3615 3938 per

2007 3963 2123 4019 lucc
2152 3978 2260 4020 non
2280 3973 2473 4021 curent
2526 3979 2704 4036 neque
2746 3963 2812 4022 de
2851 3964 3146 4034 praeputio,
3193 3977 3375 4035 neque
3403 3963 3472 4022 de
3497 3963 3607 4026 eir-

2006 4058 2368 4126 cumcisione,
2398 4067 2452 4118 et
2477 4055 2720 4129 prompti
2749 4057 2858 4114 sint
2889 4057 3035 4114 circa
3067 4056 3231 4116 ﬁdem
3253 4074 3265 4109 :
3287 4055 3468 4114 securi
3489 4056 3615 4126 quia

2007 4151 2239 4208 credunt
2266 4151 2340 4220 ci,
2373 4151 2466 4222 qui
2487 4150 2729 4208 viviﬁcat
2751 4159 3020 4216 mortuos,
3043 4165 3146 4208 nec
3175 4149 3344 4210 alium
3375 4164 3498 4208 esse
3519 4151 3612 4222 qui

2008 4246 2148 4303 hanc
2180 4245 2380 4302 habeat
2405 4253 2734 4317 potestatem
2771 4262 2782 4297 :
2817 4251 2871 4299 et
2899 4258 3022 4302 cum
3050 4244 3609 4314 volueritesse,quod

2008 4355 2115 4394 non
2169 4346 2318 4405 sunt,
2379 4335 2564 4396 statim
2610 4338 2730 4409 eius
2778 4335 3061 4394 voluntate
3108 4335 3430 4396 Subsistaut.
3483 4333 3611 4392 ldeo

2009 4430 2282 4490 Abraham
2314 4445 2437 4488 cum
2455 4438 2610 4502 pater
2628 4429 2806 4488 adhuc
2832 4443 2937 4484 non
2959 4435 3128 4494 esset,
3154 4436 3380 4484 vocatus
3411 4435 3495 4484 est
3514 4440 3609 4498 pa-

2010 4536 2090 4582 ter
2119 4525 2410 4586 multarum
2441 4523 2686 4598 gentium
2707 4569 2725 4598 ,
2767 4531 2824 4580 et
2855 4521 3120 4590 credidit,
3156 4535 3384 4578 securus
3413 4519 3482 4578 de
3513 4519 3614 4582 Dei

294 4633 590 4703 promissio
630 4633 779 4689 omni
809 4633 1004 4690 semini
1030 4673 1050 4702 ,
1104 4634 1208 4690 hoc
1248 4643 1360 4699 est,
1407 4635 1557 4691 omni
1590 4634 1795 4691 homini
1835 4651 1902 4692 ex
1931 4620 1980 4680 D
2011 4623 2272 4692 Ροῑθηῐῖθο
2294 4619 2365 4677 Ui
2385 4629 2566 4680 a“lem
2600 4627 2757 4691 1³³161⁸
2777 4616 2983 4678 Clitis“
3005 4615 3148 4675 idem
3171 4629 3298 4678 esse
3318 4615 3462 4678 Deus
3486 4629 3608 4678 cre-

295 4725 666 4797 omnigeute,
703 4725 809 4783 nisi
841 4725 1000 4782 fuerit
1032 4743 1098 4782 ex
1142 4726 1283 4793 ﬁde;
1313 4728 1435 4799 quia
1480 4729 1632 4799 origo
1675 4729 1906 4800 promis-

298 4817 471 4874 sionis
511 4832 578 4874 ex
612 4817 717 4873 ﬁde
747 4825 866 4886 est,
914 4834 1021 4874 non
1063 4836 1130 4874 ex
1176 4820 1323 4890 lege;
1357 4820 1479 4890 quia
1523 4822 1613 4890 qui
1653 4821 1755 4877 sub
1788 4822 1906 4892 lege

295 4918 450 4978 sunt,
471 4911 550 4966 rei
572 4919 700 4968 sunt
723 4928 736 4964 :
763 4909 1058 4981 promissio
1084 4925 1262 4970 autem
1290 4915 1399 4968 reis
1425 4913 1541 4968 dari
1566 4929 1668 4970 non
1695 4921 1904 4985 potest;

298 5019 364 5060 ac
393 5017 492 5074 per
521 5003 625 5057 hoc
653 5003 973 5076 puriﬁcandi
1003 5014 1130 5060 sunt
1158 5007 1309 5077 prius
1333 5021 1429 5077 per
1455 5006 1646 5069 ﬁdem;
1677 5015 1736 5060 ιιι
1760 5006 1908 5077 digni

301 5099 438 5154 ﬁant
458 5096 567 5153 dici
593 5096 685 5155 ﬁlii
710 5098 827 5164 Dei,
853 5108 904 5155 et
924 5099 992 5154 sit
1011 5101 1162 5158 firma
1191 5102 1498 5171 promissio.
1518 5101 1573 5160 Si
1596 5102 1740 5160 enim
1769 5101 1906 5157 ﬁlios

300 5189 401 5248 Dei
434 5203 494 5246 se
523 5189 727 5259 dicant,
758 5206 880 5248 cum
909 5190 1018 5248 sint
1043 5191 1147 5258 rei,
1194 5192 1294 5249 hoc
1319 5202 1432 5259 est,
1475 5195 1575 5251 sub
1604 5195 1750 5263 lege,
1800 5209 1906 5250 non

298 5295 387 5342 εει
417 5283 670 5350 ﬁrmum;
702 5285 828 5355 quia
857 5285 949 5338 ﬁlii
981 5285 1076 5341 Dei
1110 5284 1268 5342 liberi
1296 5296 1422 5343 sunt
1453 5302 1482 5342 a
1517 5297 1762 5359 peccato.
1800 5298 1820 5323 ο
1852 5287 1908 5342 Si

298 5395 439 5454 ergo
468 5381 560 5450 qui
589 5379 690 5436 sub
719 5380 838 5451 lege
879 5387 1042 5447 sunt,
1087 5381 1311 5436 eruendi
1358 5381 1426 5436 de
1463 5381 1564 5436 sub
1603 5382 1720 5453 lege
1759 5389 1904 5448 sunt,

381 5533 407 5561 η
434 5523 597 5578 Rom.
618 5522 751 5579 edit.
785 5537 848 5579 ac
877 5524 1035 5596 pauci
1083 5536 1241 5591 mss.,
1275 5525 1394 5592 quia
1427 5539 1654 5579 omnium
1705 5531 1914 5594 peream

303 5598 610 5743 abi’uggi'b.
638 5669 788 5743 c_od.,
814 5679 902 5724 aut
929 5670 1143 5743 sanguis
1169 5669 1348 5724 mortis
1371 5670 1480 5743 lege
1501 5667 1793 5737 expiandus
1818 5675 1918 5722 est.

309 5741 529 5804 Remig.
558 5755 624 5795 ac
645 5741 886 5809 Tbttan.,
912 5742 1170 5798 mustella;
1208 5741 1517 5810 expiandus.

391 5826 413 5850 ετ
448 5811 580 5867 Mss.
614 5811 937 5886 aliquotLSi
969 5830 1088 5886 ergo
1109 5815 1198 5884 qui
1221 5808 1313 5886 sub
1342 5814 1451 5885 lege
1479 5821 1623 5878 sunt,
1655 5808 1926 5886 erudiendi

313 5896 437 5942 sunt
468 5901 484 5939 :
515 5880 795 5952 nonnulli,
826 5883 886 5939 Si
914 5880 1202 5961 ergo'qn'asi
1230 5885 1324 5938 sub
1353 5880 1462 5958 le'ge
1482 5893 1598 5938 sunt
1630 5880 1921 5946 erudiendi,

2009 4717 2256 4780 deretur,
2293 4715 2379 4770 cui
2419 4713 2652 4770 credidit
2682 4711 2980 4782 Abraham,
3017 4709 3125 4770 tale
3160 4709 3374 4782 signum
3425 4708 3608 4768 datum

2010 4823 2095 4868 est
2129 4813 2180 4866 in
2209 4809 2468 4866 Zacliaria
2509 4815 2565 4863 et
2595 4805 2878 4868 Elisabeth
2907 4803 3064 4874 (Luc.
3101 4819 3152 4871 ι,
3184 4804 3299 4872 15),
3329 4817 3452 4860 cum
3486 4815 3613 4872 pro-

2012 4905 2199 4960 missio
2226 4901 2472 4958 redditur
2501 4901 2555 4955 in
2579 4899 2806 4966 mundo,
2831 4898 3147 4954 imminente
3175 4893 3416 4962 Christo,
3449 4892 3609 4965 quale

2011 5000 2200 5055 datum
2233 4996 2410 5054 fuerat
2452 4995 2505 5054 in
2539 4993 2813 5052 Abraham
2857 5000 2912 5048 et
2941 4992 3070 5047 Sara
3106 5033 3120 5058 ,
3151 4989 3369 5061 quando
3396 4988 3606 5058 signata

2013 5093 2308 5163 promissio
2339 5101 2452 5156 est;
2485 5099 2542 5148 ut
2569 5088 2731 5148 simili
2759 5102 2962 5158 genere
2992 5094 3242 5142 emortua
3272 5095 3501 5152 corpora
3523 5093 3610 5136 sc-

2017 5196 2234 5244 nectute
2261 5192 2591 5258 generarent
2619 5189 2864 5238 sanctum
2913 5180 3177 5241 Joannem
3211 5220 3226 5246 ,
3263 5175 3404 5236 sicut
3449 5181 3610 5232 natus

2017 5281 2192 5339 fuerat
2220 5291 2274 5336 et
2306 5280 2470 5336 Isaac.

2095 5376 2276 5447 (γεγε.
2313 5374 2429 5444 18.)
2461 5371 2562 5440 Qui
2584 5381 2766 5432 contra
2795 5387 2938 5442 spem
2964 5371 3018 5425 in
3046 5381 3188 5438 spent
3215 5362 3430 5418 credidit
3459 5360 3613 5429 (Gen.

2022 5529 2074 5572 ut
2095 5517 2186 5573 sub
2215 5518 2324 5588 lege
2352 5516 2475 5571 sint.

2100 5589 2123 5626 ἀ
2160 5575 2348 5643 Οοιῖεχ
2379 5585 2540 5642 Corb.
2559 5627 2572 5651 ,
2603 5599 2710 5638 esse
2726 5582 2868 5650 apud
2891 5595 3024 5651 eum,
3049 5586 3104 5631 ut
3135 5586 3178 5632 et
3201 5585 3372 5650 gentes
3389 5575 3623 5631 credant.

2105 5673 2126 5699 θ
2155 5661 2230 5715 lta
2262 5661 2394 5714 edit.
2421 5649 2565 5712 tlill.
2589 5657 2640 5709 in
2671 5649 2842 5722 marg.
2892 5661 2943 5706 et
2992 5649 3151 5703 Rom.
3203 5649 3259 5704 in
3298 5664 3451 5717 corp.
3486 5662 3627 5722 cum

2031 5749 2162 5790 mss.
2196 5729 2474 5786 nonnullis
2507 5747 2520 5780 :
2554 5727 2677 5781 aliae
2709 5718 2890 5778 autem
2932 5722 3064 5775 edit.
3093 5736 3156 5775 ac
3187 5718 3628 5798 niss.,justiﬁca~

2035 5818 2113 5860 tus
2140 5813 2238 5868 est,
2267 5817 2405 5856 unus
2424 5799 2700 5872 judicatus
2724 5804 2820 5860 est,
2853 5811 2968 5850 cum
2998 5810 3090 5848 sua
3120 5791 3377 5867 conjuge,
3427 5791 3533 5843 duo
3575 5791 3630 5842 in

2037 5895 2128 5933 sua
2161 5875 2397 5944 conjuge.
