4082 6306
495 289 562 342 87
1475 282 1569 340 AD
1605 282 1832 339 OPERA
1875 283 1934 341 S.
1979 281 2306 340 AMBROSII
2346 281 2710 340 APPENDIX.
3733 285 3806 342 88

491 419 582 470 xv,
612 402 692 472 5).
727 399 1070 457 Manifestum
1095 407 1211 466 est,
1241 398 1366 469 quia
1411 397 1539 454 dum
1571 414 1724 470 spem
1769 413 1879 454 non
1923 398 2089 455 habe-
2117 402 2173 463 Α
2196 397 2307 454 ﬁati
2333 397 2502 454 Deum
2527 398 2906 470 neglexerunt,
2943 397 3162 455 discreti
3181 399 3553 467 salvarentur,
3580 401 3679 459 Dei
3705 401 3806 458 do-

487 505 574 551 ret
603 493 904 566 generandi
935 491 1234 557 Abraham,
1267 490 1498 546 credidit
1531 491 1640 548 Deo
1671 491 1776 564 51
1803 491 1962 548 ﬁdem
1999 493 2092 546 ha-

493 590 629 645 bens
656 596 847 644 contra
889 601 1040 659 spem
1087 600 1352 658 generare
1387 601 1447 641 se
1477 629 1492 653 ,
1539 585 1636 640 sed
1677 587 1858 642 sciens
1910 587 2092 642 omnia

492 697 656 753 posse
689 683 878 738 Deum.

571 775 638 832 Ut
668 777 816 844 fieret
839 785 985 848 pater
1021 775 1309 829 multarum
1341 775 1570 846 gentium
1593 813 1610 842 ,
1641 773 1924 826 secundum
1958 773 2094 841 quod

488 869 686 924 dictum
737 877 810 923 est
839 885 856 922 :
911 869 1004 924 Sic
1047 870 1146 921 erit
1178 883 1346 922 semen
1383 876 1530 920 tuum
1563 865 1713 928 (Gen.
1755 863 1868 937 15).
1900 866 2013 920 1100
2041 866 2093 920 in

489 963 691 1018 Genesi
719 979 732 1029 ;
757 961 1056 1018 ostendens
1093 960 1238 1015 enim
1293 959 1368 1014 illi
1415 959 1603 1014 stellas
1635 959 1757 1014 coeli
1789 958 1927 1012 dixit
1961 975 1974 1010 :
2006 957 2095 1013 Sic

497 1058 591 1112 erit
624 1072 796 1110 semen
829 1066 997 1122 tuum,
1031 1052 1178 1124 quod
1200 1053 1433 1109 credens
1456 1052 1790 1124 justiticatus
1815 1059 1920 1107 est.
1961 1051 2095 1106 Cre-

492 1155 635 1210 didit
667 1155 814 1210 enim
849 1153 992 1223 quod
1021 1150 1225 1207 mundo
1250 1149 1588 1220 impossibile
1615 1149 1850 1214 videtur,
1883 1147 2009 1204 dmn
2043 1149 2094 1201 in

491 1262 681 1304 rerum
717 1255 968 1301 naturam
998 1259 1106 1301 non
1137 1243 1284 1300 cadit
1317 1284 1332 1309 ,
1363 1253 1420 1298 ut
1442 1241 1656 1314 possint
1683 1257 1844 1298 senes
1872 1257 2100 1313 genera-

499 1358 581 1409 re,
616 1351 670 1398 et
701 1351 845 1397 tanta
873 1343 1029 1412 copia
1064 1339 1417 1411 multiplicari
1445 1353 1634 1395 semen
1664 1355 1878 1406 eorum,
1911 1347 1970 1394 ut
1999 1355 2098 1394 nu-

496 1437 698 1492 merari
727 1451 834 1492 non
879 1440 1072 1507 possit.
1107 1435 1342 1505 Ideoque
1378 1435 1616 1505 pretiosa
1645 1442 1729 1490 est
1774 1433 1930 1500 ﬁdes,
1975 1437 2098 1503 quia

492 1539 687 1588 contra
721 1533 770 1586 id
798 1531 942 1601 quod
965 1533 1068 1586 scit
1093 1530 1372 1596 autvidet,
1391 1530 1566 1586 credit
1585 1530 1822 1584 ﬁtturum
1847 1547 1859 1582 :
1884 1529 1982 1584 hac
2004 1544 2100 1600 spe

492 1625 814 1680 consolatur
839 1639 919 1688 se,
947 1624 1074 1700 quia
1109 1624 1252 1680 Deus
1287 1631 1368 1678 est
1400 1623 1487 1692 qui
1533 1622 1838 1692 promittit;
1883 1621 1951 1676 de
1991 1639 2098 1692 quo

492 1717 616 1786 plus
639 1717 830 1772 sentiri
863 1731 960 1787 par
981 1725 1085 1780 est,
1107 1731 1268 1788 quam
1295 1717 1532 1771 humana
1558 1715 1906 1770 imbecillitas
1928 1715 2098 1784 capit.

2201 495 2369 550 minio
2396 495 2712 566 mancipati.

2269 587 2465 660 (Vers.
2503 587 2752 659 23-25.)
2809 589 2930 642 Non
2977 601 3152 643 autem
3195 591 3448 658 scriptum
3497 601 3570 644 est
3601 599 3806 644 tantum

2198 691 2408 752 prapter
2433 682 2604 752 ipsum
2629 683 2797 736 solum
2819 724 2834 748 ,
2865 682 2987 752 quia
3017 691 3314 752 reputatum
3343 693 3416 738 est
3447 684 3528 738 illi
3553 683 3626 737 ad
3642 686 3810 753 justi-

2198 779 2322 832 tiam
2347 775 2500 850 (Gen.
2535 792 2627 842 xv,
2661 776 2720 847 4)
2752 795 2765 832 :
2799 778 2890 831 sed
2931 791 2978 833 et
3013 789 3223 848 prapter
3249 795 3360 842 nos,
3415 780 3606 849 quibus
3645 795 3806 848 repu-

2199 869 2391 924 tabitur
2418 868 2740 923 credentibus
2771 869 2824 922 in
2868 884 3004 932 eum,
3035 869 3120 939 qui
3149 869 3414 923 suscitavit
3437 867 3620 924 Jesum
3655 867 3812 923 Chri-

2197 973 2334 1018 stum
2365 960 2648 1016 Dominum
2679 973 2914 1016 nostrum
2967 979 3000 1015 a
3037 964 3277 1028 mortuis,
3327 963 3415 1034 qui
3455 961 3682 1016 traditus
3729 973 3808 1016 est

2201 1067 2412 1128 propter
2437 1065 2652 1128 peccata
2684 1065 2884 1120 nostra,
2919 1063 2966 1108 et
2991 1055 3274 1109 resurrexit
3303 1065 3514 1126 propter
3531 1055 3808 1128 justiﬁca-

2200 1153 2392 1206 tionem
2433 1159 2684 1205 nostram.
2741 1149 2796 1205 In
2850 1149 3126 1206 Abraham
3173 1149 3406 1205 formam
3451 1151 3636 1206 datam
3675 1150 3812 1206 dicit

2199 1244 2402 1302 Juda-is
2447 1253 2502 1300 et
2553 1245 2830 1316 gentibus,
2879 1253 2936 1298 ut
2977 1244 3228 1314 exemplo
3269 1245 3386 1314 ejus
3431 1244 3724 1300 credamus
3755 1247 3812 1300 in

2203 1339 2399 1404 Deum,
2431 1347 2487 1394 et
2517 1339 2570 1394 in
2595 1338 2896 1404 Christum,
2937 1348 2992 1393 et
3020 1339 3076 1394 in
3123 1337 3384 1409 Spiritum
3429 1349 3704 1408 sanctum,
3756 1349 3816 1394 et

2203 1441 2487 1501 reputetur
2536 1431 2694 1486 nobis
2742 1431 2976 1502 jnstitia.
3029 1429 3291 1498 Quamvis
3323 1431 3542 1487 diﬂerat
3583 1429 3610 1470 ἀ
3661 1434 3812 1504 quod

2203 1542 2348 1582 nunc
2374 1527 2636 1594 creditur,
2671 1543 2838 1582 unum
2871 1535 3052 1582 tamen
3085 1527 3287 1580 donum
3323 1526 3486 1582 habet
3503 1527 3660 1582 ﬁdes.
3697 1525 3814 1582 lioc

2202 1633 2334 1690 ergo
2361 1621 2778 1690 consequimur,
2821 1620 2964 1690 quod
2995 1621 3273 1676 credimus
3303 1638 3314 1672 τ
3347 1621 3638 1677 credentes
3664 1625 3814 1676 enim

2203 1713 2480 1770 Christum
2505 1715 2602 1770 Dei
2627 1729 2750 1770 esse
2775 1715 2996 1782 Filium,
3025 1731 3054 1769 a
3079 1715 3188 1770 Deo
3207 1715 3532 1786 adoptamur
3555 1717 3608 1770 in
3633 1715 3816 1782 ﬁlios;

571 1809 755 1880 (Vers.
795 1807 1014 1882 19-22.)
1045 1809 1109 1864 Et
1134 1827 1234 1864 non
1259 1809 1550 1878 inﬁrmatus
1575 1813 1648 1862 e’st
1675 1807 1779 1876 ﬁde
1813 1824 1830 1862 :
1859 1825 1951 1862 nec
1977 1824 2100 1862 con-
2131 1813 2180 1871 B
2208 1807 2342 1863 nihil
2373 1809 2517 1863 enim
2551 1809 2692 1864 ultra
2727 1808 2895 1879 potuit
2924 1808 3130 1864 donare
3151 1807 3526 1876 credentibus,
3558 1823 3720 1879 quant
3757 1821 3818 1864 ut

505 1905 748 1958 siderarit
798 1921 986 1975 corpus
1035 1920 1188 1958 suum
1209 1907 1326 1977 jam
1355 1911 1642 1957 emortuum
1669 1943 1684 1968 ,
1711 1917 1827 1955 cum
1845 1903 1961 1972 jam
1995 1905 2102 1972 fere

494 2008 698 2052 centum
730 2009 862 2052 esset
883 2013 1168 2064 annorum,
1195 2006 1243 2051 et
1271 2005 1561 2050 emortuam
1583 1994 1786 2048 rulvam
1811 1995 1979 2048 Sorte.
2037 1991 2102 2047 In

497 2091 900 2162 repromissione
924 2099 1098 2146 autem
1123 2088 1218 2144 Dei
1247 2105 1351 2143 non
1381 2088 1636 2142 litesitarit
1667 2086 1981 2156 diffidentia,
2014 2087 2104 2141 sed

495 2183 837 2252 conﬁrmatus
867 2191 944 2236 est
967 2183 1020 2238 in
1052 2183 1178 2252 fide,
1223 2182 1400 2236 dando
1450 2181 1672 2253 gloriam
1715 2177 1827 2234 Deo
1859 2197 1876 2232 :
1907 2189 2102 2233 certum

503 2279 694 2333 habens
720 2279 843 2348 quia
871 2293 986 2350 qua:
1014 2277 1271 2348 promisit,
1305 2286 1484 2347 potens
1515 2286 1588 2330 est
1629 2284 1676 2330 et
1719 2276 1928 2345 facere;
1957 2274 2104 2328 ideo-

502 2387 602 2443 que
616 2372 929 2428 testimatum
959 2383 1034 2426 est
1067 2371 1150 2426 illi
1175 2373 1244 2426 ad
1250 2371 1534 2443 justitiam.
1559 2369 1670 2424 Hoc
1692 2369 1853 2425 laude
1883 2369 2102 2440 dignum

496 2465 751 2536 praadicat
790 2466 1100 2532 Abraham;
1139 2467 1261 2536 quia
1307 2479 1432 2520 cum
1476 2479 1538 2520 sc
1566 2465 1732 2520 sciret
1763 2480 1871 2520 non
1897 2481 2058 2536 posse
2085 2508 2099 2532 ,

495 2560 870 2619 infirmitatem
908 2577 1064 2618 suam
1090 2561 1197 2617 ﬁde
1229 2561 1504 2626 ﬁrmavit;
1532 2569 1588 2614 ut
1609 2559 1860 2616 crederet
1887 2575 1946 2616 se
1979 2576 2104 2631 pos-

497 2672 556 2712 se
585 2673 684 2728 per
724 2659 917 2726 Deum,
965 2656 1114 2728 quod
1153 2657 1326 2712 sciret
1365 2654 1484 2712 ﬁeri
1527 2671 1622 2726 per
1672 2654 1858 2710 mundi
1885 2655 2102 2711 decreta

503 2766 609 2806 non
641 2765 821 2822 posse.
866 2751 1042 2822 Magni
1085 2766 1240 2820 ergo,
1275 2751 1452 2806 meriti
1493 2759 1577 2804 est
1607 2750 1750 2820 apud
1787 2751 1980 2817 Deum,
2013 2753 2106 2822 qui

499 2853 691 2900 contra
722 2843 1012 2900 scientiam
1061 2858 1215 2898 suam
1267 2843 1383 2898 Deo
1415 2843 1682 2910 credidit,
1712 2859 1819 2900 non
1851 2844 2107 2902 dubitans

497 2951 662 3006 posse
711 2937 888 3004 illum,
942 2947 996 2990 ut
1047 2945 1176 3006 pote
1226 2935 1397 2991 Deum
1425 2977 1440 3004 ,
1482 2938 1626 3006 quod
1658 2937 1761 2994 scit
1801 2937 2103 2993 secundum

504 3029 691 3084 mundi
724 3030 989 3084 rationem
1010 3029 1125 3084 ﬁeri
1157 3043 1262 3084 non
1279 3044 1460 3099 posse.
1483 3029 1586 3086 Pro
1607 3039 1756 3086 certo
1781 3031 1925 3086 enim
1943 3031 2106 3087 habet

501 3121 671 3178 Deum
693 3122 836 3177 ultra
863 3122 1133 3178 rationem
1149 3121 1334 3178 mundi
1355 3137 1510 3188 esse;
1537 3138 1700 3180 nemo
1723 3125 1868 3180 enim
1894 3126 2034 3180 intra
2053 3126 2104 3180 id

2209 1900 2300 1954 lilii
2343 1901 2437 1956 Dei
2461 1899 2716 1956 dicantur
2743 1943 2757 1969 ,
2808 1899 3030 1970 perﬁdis
3067 1901 3352 1956 abdicatis.
3387 1901 3497 1956 Nos
3523 1901 3672 1956 enim
3717 1900 3817 1956 ﬁlii

2208 1993 2300 2048 Dei
2327 2009 2606 2060 vocamur,
2633 1995 2708 2048 illi
2736 2003 2914 2050 autem
2949 2009 3052 2050 nec
3081 1995 3224 2050 servi
3253 1995 3399 2066 digni
3431 2004 3557 2050 sunt
3589 2011 3804 2052 nuncu-

2207 2088 2346 2157 pari.
2379 2086 2484 2142 Pro
2515 2085 2724 2142 inﬁuita
2757 2086 2900 2142 enim
2941 2087 3345 2158 magniﬁcentia
3387 2103 3484 2142 sua
3533 2087 3677 2144 Deus
3713 2089 3820 2142 hoc

2207 2179 2430 2236 donavit
2455 2180 2807 2251 diligentibus
2829 2196 2906 2248 se,
2939 2181 3084 2252 quod
3116 2197 3214 2236 sua
3251 2182 3474 2254 dignum
3516 2193 3602 2240 est
3641 2183 3818 2253 maje-

2206 2282 2368 2342 state,
2387 2289 2494 2330 non
2507 2275 2650 2344 quod
2670 2273 2923 2330 homines
2949 2285 3281 2343 mereantur;
3303 2277 3426 2346 quia
3449 2275 3502 2330 in
3527 2275 3670 2332 dono
3695 2277 3822 2346 plus

2207 2368 2377 2439 magis
2408 2369 2585 2424 dantis
2611 2385 2771 2440 quam
2806 2369 3128 2440 accipientis
3155 2369 3540 2426 consideratur
3563 2371 3818 2427 sublimi-

2211 2472 2312 2528 tas,
2341 2472 2394 2517 et
2433 2479 2500 2519 ex
2529 2477 2594 2518 eo
2623 2462 2742 2532 plus
2773 2463 2972 2532 accipit
2998 2463 3174 2519 laudis
3201 2507 3216 2532 ,
3259 2480 3384 2520 cum
3417 2466 3660 2535 parvulis
3696 2481 3818 2520 ma-

2207 2570 2312 2626 gna
2341 2555 2480 2611 dona
2509 2555 2737 2627 largitur
2761 2571 2855 2627 per
2878 2555 3177 2625 Christum,
3203 2559 3294 2628 qui
3314 2557 3486 2613 nostri
3529 2573 3691 2614 causa
3721 2573 3818 2612 oc—

2209 2647 2320 2704 cidi
2351 2663 2411 2705 se
2457 2663 2649 2720 passus
2701 2661 2830 2716 eSt;
2883 2660 2940 2706 ut
2979 2665 3100 2716 nos,
3149 2651 3272 2706 data
3304 2653 3484 2720 venia,
3517 2667 3547 2706 a
3575 2653 3814 2708 secunda

2207 2751 2386 2798 morte
2411 2752 2652 2810 erueret,
2685 2743 2738 2799 id
2769 2754 2875 2812 est,
2905 2761 2935 2799 a
2969 2760 3127 2816 pcena
3162 2745 3360 2801 inferni
3391 2763 3404 2800 :
3437 2756 3494 2800 et
3521 2745 3762 2802 surrexit
3795 2789 3812 2810 ,

2213 2847 2236 2872 τ’
2271 2848 2328 2893 ut
2357 2853 2454 2908 per
2491 2838 2732 2894 laetitiam
2781 2840 3042 2910 triumphi
3095 2841 3290 2898 mortis
3339 2841 3536 2896 evictze
3574 2839 3812 2912 gratiam

2209 2931 2368 2986 nobis
2391 2973 2407 2998 ,
2433 2933 2841 3003 justiticationis
2869 2933 3132 3000 donaret,
3167 2945 3224 2989 ut
3251 2933 3400 3006 digni
3431 2949 3678 2991 essemus
3704 2933 3812 2990 dici

2211 3026 2304 3080 ﬁlii
2339 3026 2456 3081 Dei.
2487 3029 2627 3082 Ante
2669 3027 2979 3098 passionem
3029 3029 3176 3084 enim
3215 3029 3306 3100 qui
3352 3029 3612 3102 baptizati
3657 3037 3810 3092 sum,

2210 3121 2386 3175 solam
2412 3120 2796 3176 remissionem
2839 3131 3170 3192 acceperunt
3209 3131 3554 3192 peccatorum
3581 3137 3814 3193 quorum

497 3229 624 3270 esse
651 3215 918 3272 dicendus
948 3225 1054 3282 est,
1088 3216 1230 3288 quod
1259 3217 1485 3272 creavit.
1518 3216 1648 3274 Ideo
1679 3217 1990 3288 hujusmodi
2017 3235 2105 3274 re-
2133 3205 2176 3271 C
2211 3213 2329 3269 zelo
2357 3221 2576 3268 satanas
2602 3213 2802 3270 occidit
2845 3213 3187 3272 Salvatorem
3222 3231 3234 3268 :
3279 3224 3402 3282 post
3451 3215 3812 3270 resurrectio-

502 3307 873 3364 munerandus
901 3317 984 3364 est
1006 3323 1034 3363 a
1066 3308 1199 3376 Deo,
1227 3309 1353 3380 quia
1378 3312 1586 3365 auctori
1615 3325 1716 3367 suo
1743 3313 1865 3381 plus
1890 3311 2104 3378 tribuit,

500 3413 662 3469 quam
697 3399 815 3470 ipse
845 3401 1006 3471 sapit.
1038 3399 1192 3468 Quod
1218 3401 1437 3472 quidem
1485 3403 1684 3457 nullius
1715 3403 1874 3472 pretii
1908 3413 2056 3459 esset
2083 3445 2100 3470 ,

503 3492 548 3546 si
581 3507 773 3549 omnes
799 3509 952 3565 aequa
998 3496 1304 3551 sentirent:
1339 3496 1433 3552 sed
1467 3497 1763 3553 multorum
1803 3497 2104 3554 difﬁdentia

503 3587 924 3643 commendatur
955 3587 1089 3644 ﬁdes
1122 3589 1462 3645 credentium
1493 3591 1634 3660 apud
1679 3591 1866 3647 Deum.
1912 3591 2106 3647 Ilorta-

501 3689 589 3734 tur
611 3695 742 3752 ergo
772 3692 962 3752 gentes
994 3679 1020 3708 ⁸
1050 3679 1116 3736 ad
1147 3681 1288 3738 hanc
1335 3682 1461 3738 ﬁdei
1514 3683 1850 3750 ﬁrmitatem,
1905 3691 1962 3738 ut
2006 3683 2102 3739 Dei

499 3775 920 3845 promissionem
961 3786 1018 3831 et
1051 3776 1282 3846 gratiam
1335 3776 1456 3831 sine
1514 3777 1696 3846 aliqua
1748 3776 2104 3848 ambiguitate

499 3869 824 3941 suscipiant,
852 3871 1034 3925 securi
1079 3869 1334 3940 exemplo
1374 3869 1611 3924 Abrahze
1653 3871 1778 3940 quia
1821 3869 1944 3924 inde
1982 3885 2104 3924 crc-

498 3962 650 4017 denti
683 3963 798 4017 laus
829 3964 1048 4028 crescit,
1087 3965 1130 4017 si
1153 3963 1294 4034 quod
1323 3962 1644 4018 incredibile
1675 3972 1790 4029 est,
1823 3973 1876 4017 et
1904 3961 2106 4018 mundo

496 4055 723 4111 stultum
752 4056 990 4122 videtur,
1018 4057 1280 4111 credatur
1307 4071 1322 4120 ;
1356 4056 1478 4125 quia
1510 4054 1539 4092 ι)
1564 4064 1770 4126 quanto
1795 4055 2108 4124 impossibi-

499 4148 552 4204 le
583 4156 806 4218 putatur
835 4148 982 4219 quod
1012 4147 1282 4213 creditur,
1331 4156 1480 4201 tanto
1524 4147 1696 4217 magis
1735 4147 2106 4204 honorabilior

501 4241 605 4296 erit
633 4241 865 4297 credens
894 4259 908 4295 :
957 4249 1014 4296 et
1046 4256 1172 4296 vere
1204 4251 1384 4296 tamen
1419 4239 1643 4296 stultmn
1673 4248 1820 4297 esset
1849 4242 1953 4296 hoc
1981 4255 2095 4296 cre-

502 4335 657 4402 dere,
689 4337 734 4391 si
762 4337 880 4391 sine
901 4335 1016 4391 Deo
1063 4335 1179 4391 ﬁeri
1223 4335 1514 4390 diceretur.
1547 4334 1616 4390 Et
1646 4335 1771 4391 ideo
1802 4343 1950 4390 tanto
1989 4337 2107 4390 lau-

501 4427 737 4484 dabilior
761 4437 846 4484 est
875 4427 1106 4484 Abrahae
1139 4427 1275 4483 ﬁdes
1303 4436 1632 4484 cmterorum
1667 4428 1806 4494 ﬁde;
1835 4430 1958 4500 quia
1984 4430 2104 4484 nul-

499 4521 565 4577 lis
595 4523 874 4593 signorum
909 4522 1174 4593 prodigiis
1206 4531 1436 4576 attracta
1465 4531 1568 4577 est.
1602 4523 1867 4589 Quoniam
1919 4533 2098 4579 autem

2211 3321 2334 3362 nem
2363 3321 2516 3372 vero,
2549 3315 2656 3362 tam
2683 3307 2722 3362 ii
2745 3308 2832 3380 qui
2859 3309 3034 3378 prius,
3060 3323 3221 3379 quam
3251 3308 3344 3364 isti
3377 3309 3467 3378 qui
3495 3319 3681 3378 postea
3703 3307 3802 3363 ba-

2207 3399 2392 3469 ptizali
2424 3407 2552 3454 sunt
2581 3415 2772 3456 omnes
2797 3401 3076 3471 justiﬁcati
3095 3411 3332 3473 suntper
3357 3402 3540 3458 datam
3570 3401 3802 3458 formam

2210 3493 2316 3566 52
2347 3492 2469 3549 ﬁdei
2496 3493 2802 3562 Trinitatis,
2847 3505 3184 3567 acceptoque
3218 3496 3427 3568 Spiritu
3465 3505 3679 3563 sancto,
3712 3495 3808 3567 qui

2208 3591 2421 3659 signum
2456 3597 2538 3644 est
2567 3589 2930 3656 credentium,
2963 3590 3104 3660 quod
3137 3592 3245 3646 sint
3275 3591 3369 3646 ﬁlii
3401 3591 3518 3647 Dei.
3549 3590 3619 3646 Et.
3647 3601 3704 3644 ut
3731 3589 3803 3644 ad

2207 3684 2486 3739 cumulum
2521 3683 2680 3738 nobis
2705 3683 3114 3754 justiﬁcationis
3151 3683 3439 3754 proﬁceret
3463 3726 3478 3752 ,
3512 3698 3810 3752 resurgens

2207 3775 2492 3846 praeceptis
2510 3775 2624 3830 suis
2645 3775 3026 3831 auctoritatem
3053 3775 3277 3842 tribuit;
3301 3785 3359 3830 ut
3379 3791 3570 3830 eorum
3589 3775 3610 3813 ί
3627 3774 3810 3831 aemuli

2207 3867 2420 3924 meritis
2469 3883 2766 3940 augeamus
2814 3884 2952 3936 nos,
2996 3885 3094 3940 per
3139 3887 3262 3942 quae
3313 3871 3544 3942 gloriam
3584 3871 3806 3941 adepti,

2206 3961 2340 4015 clari
2371 3976 2729 4031 appareamus
2763 3963 2814 4017 in
2845 3978 3014 4034 regno
3039 3963 3136 4018 Dei
3164 4007 3179 4031 ,
3213 3965 3316 4018 hac
3359 3963 3552 4018 ﬁducia
3583 3979 3687 4034 qua
3715 3964 3808 4034 ju-

2207 4057 2422 4110 stiﬁcati
2451 4071 2482 4110 a
2513 4067 2687 4114 morte
2712 4061 2884 4116 teneri
2917 4075 3022 4116 non
3045 4062 3336 4131 possimus.
3363 4060 3632 4118 Passione
3659 4064 3807 4118 enim

2206 4146 2510 4203 Salvatoris
2538 4152 2682 4204 victa
2729 4167 2896 4218 mors,
2924 4167 3044 4223 qua:
3073 4153 3223 4224 prius
3253 4167 3416 4208 causa
3453 4155 3669 4224 peccati
3703 4154 3808 4209 do-

2208 4243 2521 4300 minabatur
2543 4289 2556 4313 ,
2587 4245 2915 4316 justiﬁcatos
2944 4248 3012 4302 ab
3043 4261 3109 4304 eo
3137 4249 3377 4305 retinere
3407 4263 3514 4304 non
3547 4249 3730 4305 audet.

2818 4339 3047 4397 CAPUT
3087 4341 3153 4397 V.

2279 4429 2461 4502 (Vers.
2495 4432 2573 4503 1.)
2622 4430 2904 4502 Justi/icati
2957 4434 3118 4505 igitur
3157 4451 3220 4490 ex
3282 4435 3426 4505 ﬁde,
3489 4453 3670 4506 pacem
3711 4437 3812 4490 ha-

2208 4523 2418 4577 beanms
2476 4525 2545 4579 ad
2609 4525 2776 4580 Deum
2827 4543 2917 4599 per
2971 4525 3250 4598 Dominum
3327 4539 3562 4584 nostrum
3627 4528 3812 4584 Iesum

503 4615 740 4670 mundus
769 4625 920 4671 certa
951 4616 1069 4686 lege
1093 4625 1147 4670 et
1177 4623 1448 4684 potestate
1474 4616 1808 4687 gubernatur
1833 4661 1845 4684 ,
1879 4629 1935 4674 ει
1957 4619 2102 4690 regi-
2127 4603 2179 4663 Ῑ)
2208 4613 2492 4671 Christum.
2525 4617 2722 4674 Pacem
2778 4635 2900 4674 cum
2936 4619 3045 4676 Deo
3093 4620 3297 4677 habere
3329 4621 3464 4678 ﬁdes
3515 4622 3665 4688 facit,
3701 4641 3812 4679 non

501 4717 588 4762 tur
619 4707 784 4762 modo
810 4707 1036 4764 deﬁnito
1065 4723 1094 4761 a
1139 4707 1293 4763 Deo:
1327 4709 1350 4736 °
1385 4709 1637 4766 homines
1690 4722 1868 4765 autem
1917 4711 2099 4766 carnis

499 4815 688 4855 amore
717 4801 859 4856 circa
889 4802 1155 4856 rationem
1184 4799 1436 4867 studiosi,
1465 4801 1636 4858 Deum
1665 4801 1822 4874 hujus
1849 4803 2096 4873 opiﬁcem

503 4893 896 4964 neglexerunt;
927 4894 1091 4962 Deus,
1123 4905 1438 4950 uterrorem
1470 4896 1734 4963 auferret,
1756 4897 2098 4953 ctdominum

501 5001 560 5042 se
583 4987 824 5042 omnium
872 4987 1297 5052 demonstraret,
1347 4988 1452 5045 hoc
1505 5005 1564 5045 se
1585 5005 1743 5061 posse
1797 5003 1851 5047 et
1903 4993 2099 5049 fecisse

500 5081 788 5151 praedicari
811 5082 1003 5150 voluit,
1050 5082 1194 5153 quod
1251 5082 1452 5138 mundo
1498 5083 1838 5153 impossibile
1868 5095 1991 5151 est;
2044 5098 2097 5142 ut

499 5176 588 5248 qui
621 5177 723 5232 hoc
749 5175 1326 5232 crederentdamnatis
1347 5177 1413 5232 iis
1441 5179 1534 5248 qui
1567 5178 1778 5235 ratione
1807 5181 1993 5236 mundi
2020 5183 2100 5236 in-

567 5355 592 5414 ἐι
622 5343 803 5399 Codex
830 5341 1020 5408 Corb.,
1049 5341 1118 5394 ad
1147 5341 1285 5396 hanc
1324 5341 1448 5414 fidei
1479 5341 1805 5414 dignitatem.

571 5413 598 5452 ι’
630 5415 883 5470 Nonnulli
912 5429 1072 5477 mss.,
1101 5423 1288 5484 quanto
1318 5413 1793 5483 stultum’putatur.

575 5489 788 5609 cii-Item.
820 5486 980 5554 edit.,
1017 5484 1265 5541 Homines
1285 5495 1459 5540 autem
1479 5487 1617 5540 circa
1645 5487 1897 5542 rationem
1924 5487 2092 5542 carnis

575 5574 578 5607 ἱ
613 5575 740 5609 1081.

497 5559 740 5612 studiosi.

571 5626 599 5666 ἀ
623 5629 742 5684 Vet.
768 5629 898 5684 edit.
927 5631 1216 5700 pluresque
1241 5644 1396 5697 mss.,
1413 5630 1553 5699 quod
1580 5646 1682 5685 non
1703 5631 1949 5693 creditur,
1971 5632 2091 5700 qni-

498 5701 647 5764 dam,
675 5703 812 5771 quod
841 5718 945 5757 non
967 5703 1166 5757 credit:
1199 5703 1394 5758 melius
1425 5711 1518 5757 aut
1543 5703 1676 5757 edit.
1719 5701 1904 5767 llom.,
1951 5703 2089 5770 quod

491 5775 745 5840 creditur,
778 5784 871 5830 aut
895 5774 1015 5844 cod.
1044 5774 1230 5838 Mich.,
1261 5773 1400 5842 quod
1425 5790 1563 5836 nunc
1589 5773 1840 5827 creditur.

555 5855 578 5880 υ
605 5845 676 5902 Ita
705 5862 835 5903 mss.
864 5842 1046 5918 plures
1073 5861 1134 5900 ac
1158 5847 1402 5916 potiores
1430 5862 1442 5898 :
1476 5846 1566 5898 alii
1594 5843 1777 5898 tamen
1807 5842 2079 5912 nonnulli,

2211 4710 2296 4765 lex
2325 4729 2338 4764 :
2368 4710 2482 4767 hare
2510 4713 2652 4767 enim
2679 4729 2778 4768 nos
2799 4714 2909 4770 Deo
2937 4717 3272 4782 reconciliat,
3298 4717 3524 4774 sublatis
3545 4719 3810 4790 peccatis,

2209 4819 2330 4875 quae
2388 4821 2486 4860 nos
2515 4806 2628 4862 Deo
2659 4806 2900 4862 fecerant
2951 4807 3220 4864 inimicos.
3258 4810 3324 4865 Et
3371 4811 3498 4882 quia
3545 4811 3815 4869 Dominus

2208 4899 2368 4954 .lesus
2401 4899 2564 4970 hujus
2591 4901 2779 4970 gratim
2805 4900 3054 4956 minister
3080 4911 3182 4968 est,
3205 4919 3302 4973 per
3330 4903 3502 4976 ipsum
3535 4905 3814 4975 paciﬁcati

2210 5008 2400 5048 sumus
2447 4994 2556 5048 Deo
2589 5011 2602 5047 :
2637 4995 2814 5064 major
2857 4996 3002 5050 enim
3057 4995 3214 5064 ﬁdes,
3247 5013 3406 5068 quam
3442 4999 3528 5054 lex
3557 5009 3638 5053 est
3669 5016 3685 5066 ;
3721 4999 3816 5057 lex

2211 5089 2355 5144 enim
2383 5097 2568 5142 nostra
2591 5104 2750 5144 causa
2784 5097 2889 5158 est,
2921 5089 3056 5146 ﬁdes
3109 5092 3235 5148 Dei:
3262 5102 3317 5148 et
3345 5095 3432 5149 lex
3462 5095 3528 5149 ad
3561 5111 3818 5165 przesen-

2211 5191 2319 5238 tem
2343 5182 2688 5253 disciplinam
2723 5183 2982 5253 pertinet,
3007 5184 3139 5242 ﬁdes
3173 5202 3303 5242 vero
3328 5187 3393 5242 ad
3421 5188 3650 5244 salutem
3683 5203 3818 5260 per-

2196 5353 2252 5418 et
2287 5357 2477 5418 omnes
2535 5342 2692 5418 edit.,
2722 5355 2776 5399 ut
2807 5361 2901 5416 pro
2939 5345 3119 5400 laetitia
3165 5346 3458 5416 triumphi:
3509 5361 3648 5402 unus
3701 5363 3820 5418 prie

2200 5415 2378 5470 ltetitia
2407 5413 2660 5485 triumphi

2279 5485 2297 5524 τ
2318 5485 2531 5561 Omnes
2559 5486 2691 5540 edit.
2724 5501 2787 5540 ac
2815 5487 3033 5558 quidam
3066 5503 3226 5554 mss.,
3249 5490 3462 5544 wnwlos
3491 5505 3582 5544 nos
3615 5491 3714 5544 hac
3741 5493 3810 5561 ﬁ-

2204 5557 2360 5612 ducia
2387 5563 2596 5628 faceret.
2629 5573 2718 5622 per
2739 5557 2892 5632 quam
2929 5561 3294 5632 iustificemur,
3329 5561 3526 5614 meritis
3553 5577 3646 5614 nos
3701 5557 3808 5616 au-

2205 5646 2455 5702 geremus,
2478 5647 2578 5702 per
2599 5646 2752 5699 quam
2776 5631 2960 5696 (Rom.
2993 5634 3148 5695 edit.,
3177 5633 3469 5702 meritisque
3495 5649 3810 5702 augeantur,

2193 5711 2240 5779 e_t
2265 5701 2492 5779 tandem)
2528 5702 2755 5779 gloriam
2779 5703 3136 5779 _adepti,_clr_rri
3169 5701 3508 5779 appareamus
3546 5701 3602 5779 in
3643 5701 3810 5779 regno

2191 5772 2322 5836 Dei;
2353 5774 2473 5840 quia
2509 5774 2810 5844 justi/irati,
2837 5786 2944 5831 etc.
2971 5775 3078 5831 Sed
3133 5772 3304 5832 multo
3333 5776 3676 5832 commodius
3701 5772 3804 5832 alii

2187 5845 2310 5900 cod.
2330 5854 2386 5899 ut
2411 5845 2462 5900 in
2495 5853 2772 5900 contextu.
