4082 6306
252 321 326 377 89
1133 317 1629 378 COMMENTARIA
1670 315 1736 373 IN
1779 313 2169 374 EPISTOLAM
2210 313 2302 372 AD
2343 313 2698 372 ROMANOS.
3505 316 3578 370 90

255 444 506 507 petuam.
541 436 656 493 Sed
687 438 778 509 qui
809 438 877 494 de
905 436 1126 493 Christo
1153 450 1259 491 non
1292 436 1361 490 ita
1389 434 1577 500 sentit,
1598 442 1656 488 ut
1675 433 1862 500 debet,
1895 438 1950 497 Α
1975 435 2163 490 mundi
2191 450 2206 489 :
2230 435 2321 506 qui
2353 433 2581 490 audacia
2605 433 2902 491 verborum
2933 433 3169 491 terrenis
3195 434 3363 490 armis
3385 444 3578 492 contra

257 529 327 584 ad
378 528 509 585 ﬁdei
560 533 790 601 praemia
850 547 956 586 non
987 530 1188 601 poterit
1234 529 1554 601 pervenire;
1587 529 1711 600 quia
1744 527 1870 584 fidei

254 637 364 678 non
397 633 550 678 tenet
574 625 885 680 veritatem.

334 716 524 788 (νει-ε.
555 718 638 788 2.)
674 717 778 772 Per
803 735 950 789 quem
995 730 1042 772 et
1087 734 1348 773 accessum
1385 718 1631 773 habemus
1675 735 1764 790 per
1807 720 1871 788 [i-

260 809 380 864 dem
408 811 461 863 in
491 811 718 882 gratiam
747 811 899 865 istant
924 827 944 875 ;
975 812 1024 865 in
1055 828 1154 882 qua
1178 820 1395 875 stamus,
1427 821 1477 864 et
1504 812 1791 882 gloriamur
1819 813 1871 866 in

259 921 355 976 spe
382 905 568 977 gloria:
609 906 842 975 ﬁliorum
893 905 1008 960 Dei.
1040 905 1382 962 Manifestum
1437 917 1519 962 est
1557 923 1658 978 per
1708 907 1869 964 Chri-

260 1007 407 1052 stum
437 1013 539 1053 nos
582 999 792 1054 aditum
825 1000 1030 1056 habere
1061 1000 1126 1055 ad
1158 1001 1386 1072 gratiam
1417 1001 1546 1066 Dei;
1579 1003 1694 1071 ipse
1723 1003 1867 1058 enim

258 1102 346 1148 est
385 1093 595 1149 arbiter
648 1094 741 1150 Dei
795 1104 852 1150 et
879 1095 1183 1162 hominum,
1229 1097 1318 1166 qui
1348 1110 1447 1151 nos
1495 1096 1740 1152 doctrina
1773 1112 1868 1153 sua

255 1185 506 1256 erigens,
538 1201 764 1257 sperare
793 1187 922 1243 fecit
949 1188 1152 1244 donum
1179 1189 1365 1261 gratias
1409 1189 1526 1255 Dei,
1561 1198 1770 1246 stantes
1814 1191 1866 1246 in

255 1279 366 1337 ﬁde
397 1283 540 1352 ejus.
590 1281 718 1338 Ideo
761 1292 994 1350 stantes,
1052 1285 1175 1355 quia
1210 1285 1360 1354 prius
1405 1283 1718 1354 iacuimus:
1751 1301 1867 1341 cre-

253 1375 456 1430 dentes
482 1385 670 1432 autem
703 1378 874 1433 erecti
920 1393 1129 1442 sumus,
1163 1379 1464 1448 gloriantes
1493 1379 1543 1433 in
1574 1394 1672 1450 Spe
1707 1381 1865 1434 clari-

253 1472 407 1538 tatis,
439 1486 605 1541 quam
655 1473 905 1542 promisit
932 1473 1075 1528 Deus
1097 1473 1275 1528 nobis.

331 1562 516 1635 (Vers.
551 1563 635 1635 5.)
667 1563 790 1618 Non
840 1565 1010 1620 solum
1037 1576 1230 1632 autem,
1260 1567 1351 1621 sed
1405 1577 1452 1620 ct
1496 1567 1787 1637 gloriamur
1810 1567 1864 1620 in

251 1657 684 1712 tribulationibus
748 1661 955 1713 nostris.
1006 1659 1268 1727 Quoniam
1323 1674 1424 1729 per
1482 1659 1866 1715 tribulationes

251 1760 474 1823 oportet
521 1766 624 1806 nos
670 1751 874 1807 intrare
928 1753 981 1806 in
1014 1767 1240 1824 regnum
1270 1753 1365 1808 Dei
1415 1752 1556 1823 (Act.
1612 1753 1862 1824 xwﬂi),

1977 529 2226 586 caelestia
2250 528 2536 594 dimicant,
2563 536 2620 582 et
2647 529 2958 584 carnalibus
2975 529 3243 585 adversus
3268 527 3533 599 Spiritalia
3563 546 3577 593 ;

1976 631 2031 678 et
2053 623 2353 694 prudentes
2408 638 2467 678 se
2508 623 2691 678 dicere
2749 639 2856 678 non
2887 625 3235 680 erubescunt.
3267 623 3404 680 Nam
3436 624 3580 679 sicut

1976 717 2252 787 peregrini
2282 715 2519 771 hominis
2552 714 2929 784 improbabilis
2959 717 3114 789 origo
3145 719 3197 773 in
3224 726 3369 773 terra
3399 717 3576 774 aliena

1975 819 2098 875 est;
2134 810 2204 864 ita
2227 817 2283 863 et
2333 807 2456 863 ﬁdei
2496 815 2697 862 nostra:
2728 809 2932 863 veritas
2964 811 3346 889 peregrinatur
3376 811 3429 866 in
3461 820 3572 866 ter-

1976 903 2052 958 ris
2083 921 2095 957 :
2129 914 2186 958 et
2211 904 2336 974 quia
2362 910 2552 958 natura
2581 900 2702 972 ejus
2727 902 2909 957 verbis
2953 903 3215 974 explicari
3243 921 3348 960 non
3374 915 3575 978 potest,

1976 998 2212 1062 virtutis,
2245 1012 2367 1068 quae
2421 995 2598 1066 major
2656 1010 2743 1051 res
2794 1005 2900 1064 est,
2932 997 3246 1054 testimonio
3299 1014 3582 1056 commen-

1973 1096 2151 1153 datur.

2047 1191 2236 1264 (Vers.
2270 1189 2303 1246 6
2331 1205 2383 1246 et
2414 1188 2506 1262 7.)
2539 1189 2609 1246 Ut
2636 1191 2761 1260 quid
2809 1192 2944 1246 enim
2973 1190 3230 1259 Christus,
3261 1207 3377 1245 cum
3407 1193 3579 1246 adhuc

1972 1293 2266 1355 peccatores
2296 1299 2539 1349 essemus,
2570 1285 2854 1339 secundum
2884 1296 3081 1354 tempus
3106 1300 3201 1357 pro
3231 1285 3406 1354 impiis
3435 1302 3576 1338 mor-

1973 1387 2091 1431 tuus
2123 1379 2243 1432 est?
2274 1377 2378 1431 Via:
2411 1377 2546 1430 enim
2582 1395 2674 1448 pro
2693 1381 2843 1450 justo
2869 1379 2984 1448 quis
3031 1379 3248 1432 moritur
3283 1395 3300 1443 ;
3331 1395 3449 1432 nam
3481 1395 3576 1449 pro

1971 1473 2102 1527 bono
2131 1475 2348 1544 forsitan
2370 1478 2486 1547 qttis
2511 1478 2704 1533 audeat
2725 1481 2858 1534 mori
2880 1481 2905 1532 ?
2936 1479 2989 1535 Si
3017 1494 3114 1550 pro
3145 1479 3250 1553 53
3275 1479 3575 1533 incredulis

1968 1580 2032 1620 ac
2058 1566 2172 1622 Deo
2199 1567 2439 1626 inimicis
2479 1571 2732 1628 Christus
2758 1573 2824 1628 ad
2859 1585 3072 1643 tempus
3117 1573 3279 1629 morti
3311 1588 3369 1628 se
3398 1573 3570 1639 dedit,

1968 1659 2033 1713 ad
2061 1670 2275 1730 tempus
2302 1664 2447 1718 enim
2501 1675 2749 1721 mortuus
2777 1676 2883 1732 est,
2910 1667 3032 1736 quia
3063 1666 3220 1723 tertia
3267 1665 3355 1720 die
3383 1681 3568 1720 resur-

1968 1757 2109 1810 rexit
2135 1776 2146 1820 ;
2176 1767 2378 1827 quanto
2409 1763 2578 1831 magis
2610 1777 2730 1816 cum
2759 1763 2813 1817 in
2843 1762 2995 1817 illum
3023 1762 3319 1827 credimus,
3351 1758 3565 1814 auxiliis

253 1849 388 1905 ideo
417 1858 470 1904 et
504 1849 557 1902 in
593 1847 680 1902 bis
707 1848 1046 1918 gloriandum
1078 1847 1261 1904 docet.
1297 1849 1426 1919 Spei
1456 1858 1635 1904 autem
1681 1849 1862 1903 addita
1896 1846 1943 1905 B
1971 1853 2083 1906 suis
2117 1854 2320 1909 mttniet
2367 1855 2516 1911 nos?
2549 1857 2628 1911 Ad
2660 1857 2761 1912 hoc
2785 1857 2930 1911 enim
2970 1872 3071 1928 pro
3127 1857 3282 1912 nobis
3331 1865 3574 1910 mortuus

255 1943 546 1998 tribulatio
569 1955 916 2012 augmentum
948 1942 1074 1998 facit
1106 1944 1314 2014 praemii
1336 1961 1350 2010 ;
1371 1943 1537 1999 index
1567 1945 1710 1998 enim
1743 1943 1862 1998 fixa:

257 2040 378 2111 spei
405 2039 690 2094 tribulatio
711 2049 818 2104 est,
849 2055 971 2108 qua:
1001 2041 1375 2096 testimonium
1399 2040 1652 2110 perhibet
1683 2040 1748 2094 ad
1771 2055 1861 2094 co-

248 2130 648 2187 ronam.Unde
680 2130 946 2186 Dominus
968 2132 1042 2187 ait
1072 2150 1084 2185 :
1119 2131 1265 2186 Beati
1288 2133 1453 2198 eritis,
1482 2149 1599 2186 cum
1624 2149 1710 2186 vos
1740 2148 1857 2202 per-

251 2237 558 2299 sequentur,
582 2235 628 2279 et
651 2225 822 2280 dicent
844 2242 994 2280 ontne
1033 2227 1225 2281 malum
1247 2227 1516 2281 adversum
1545 2243 1630 2281 vos
1651 2237 1863 2298 prapter

250 2322 522 2395 justitiam
543 2319 657 2374 Dei.
685 2318 919 2375 Gaudete
947 2329 993 2374 et
1017 2321 1306 2386 exsultate;
1331 2337 1444 2375 erce
1468 2323 1602 2374 enim
1647 2321 1861 2393 capiosa

256 2423 338 2467 est
370 2429 560 2466 merces
584 2422 742 2466 vestra
770 2413 821 2465 in
847 2412 972 2466 ctrlo
999 2410 1217 2484 (Matth.
1272 2428 1326 2477 v,
1355 2410 1466 2483 Η).
1498 2413 1861 2467 Contemnere

252 2506 406 2560 enim
433 2505 730 2575 prtesentia,
749 2512 806 2560 et
825 2519 943 2575 qute
964 2505 1359 2560 oblectamento
1386 2514 1532 2569 sunt,
1557 2515 1610 2561 et
1633 2505 1684 2559 in
1712 2521 1860 2576 pres-

251 2614 380 2655 sura
413 2613 518 2654 nou
537 2599 732 2655 cedere
758 2614 852 2670 spe
869 2599 1174 2654 futurorum
1198 2601 1374 2669 magni
1401 2600 1578 2654 meriti
1605 2608 1688 2654 est
1717 2600 1858 2671 apud

255 2693 452 2746 Deum.
480 2691 714 2760 Ideoque
755 2692 807 2746 in
862 2691 1298 2747 tribulationibus
1345 2691 1684 2762 gloriandum
1734 2704 1856 2755 est;

248 2786 376 2856 quia
410 2795 561 2840 tanto
593 2785 710 2854 plus
743 2796 1092 2856 accepturum
1125 2801 1184 2842 se
1208 2787 1400 2853 credit,
1429 2797 1632 2858 quanto
1674 2787 1728 2842 in
1763 2787 1858 2843 tri-

251 2879 538 2935 bulatione
563 2894 622 2934 se
659 2880 855 2935 viderit
877 2879 1180 2936 fortiorem.

323 2974 562 3028 Scientes
609 2976 746 3044 quod
797 2975 1070 3029 tribulatio
1103 2975 1407 3044 patientiam
1452 2984 1714 3046 aperatur.
1746 2975 1858 3030 Hoc

247 3076 334 3123 est
389 3067 798 3122 tribulationem
857 3067 1172 3136 patientiam
1227 3069 1441 3136 aperari
1473 3110 1486 3132 ,
1544 3069 1588 3122 si
1636 3067 1860 3122 tribula-

247 3163 325 3217 tio
347 3162 460 3232 ipsa
495 3169 702 3215 motum
747 3173 852 3214 non
888 3163 1124 3230 patiatur
1155 3161 1490 3216 inﬁrmitatis
1521 3171 1612 3216 aut
1639 3162 1856 3218 dubita-

249 3255 440 3311 tionis.

325 3347 508 3419 (Vers.
529 3349 609 3418 4.)
631 3347 892 3404 Patientia
909 3360 1080 3405 autem
1108 3352 1484 3421 probationem.
1515 3350 1858 3408 Manifestum

248 3451 336 3496 est
366 3443 494 3512 quia
541 3444 828 3512 patientia,
885 3445 928 3498 si
965 3445 1084 3499 talis
1117 3445 1279 3500 fuerit
1327 3446 1543 3516 qualem
1591 3445 1855 3513 diximus,

253 3537 415 3590 ﬁrma
443 3535 719 3591 videbitur
747 3538 1013 3606 probatio.

325 3626 580 3682 Probatio
607 3641 777 3682 autem
801 3647 962 3698 spem.
1016 3630 1152 3700 Spes
1177 3629 1227 3685 in
1261 3645 1327 3686 eo
1354 3631 1443 3702 qui
1474 3632 1736 3702 probatus
1779 3633 1858 3687 vi-

249 3722 432 3791 detur,
475 3740 586 3779 non
632 3725 908 3780 immerito
954 3725 1191 3791 dicitur;
1239 3726 1436 3798 dignus
1463 3729 1606 3782 enim
1628 3728 1855 3795 scietur,

251 3825 582 3886 accepturus
607 3820 1109 3874 remunerationem
1136 3820 1187 3873 in
1221 3835 1389 3890 regno
1421 3820 1538 3875 Dei.

323 3910 508 3982 (Vers.
543 3912 627 3984 5.)
661 3911 794 3984 Spes
823 3923 996 3966 autem
1025 3930 1123 3967 non
1149 3914 1457 3983 confundit;
1487 3916 1607 3983 quia
1630 3916 1858 3969 charitas

253 4003 347 4058 Dei
371 4002 571 4071 diffusa
597 4015 672 4060 est
714 4006 769 4058 in
796 4005 1037 4060 cordibus
1077 4009 1266 4061 nostris
1312 4025 1403 4076 per
1429 4007 1688 4078 Spiritum
1730 4025 1854 4062 san-

253 4107 414 4164 ctum,
459 4099 547 4165 qui
578 4097 732 4151 datus
761 4109 836 4152 est
878 4098 1046 4152 nobis.
1075 4100 1214 4169 Spes
1242 4117 1347 4155 non
1395 4100 1696 4166 confundit,
1727 4101 1854 4156 dum

257 4190 404 4246 stulti
429 4203 484 4246 et
517 4192 742 4247 hebetes
774 4207 803 4246 a
833 4193 1056 4261 perfidis
1083 4193 1412 4263 judicamur,
1433 4195 1722 4250 credentes
1738 4210 1858 4264 quae

255 4284 532 4339 mundana
555 4296 747 4340 carent
776 4286 1023 4351 ratione;
1050 4288 1245 4357 pignus
1272 4288 1416 4341 enim
1458 4287 1739 4342 cbaritatis
1761 4287 1855 4342 Dei

256 4375 516 4432 habemus
547 4377 600 4431 in
632 4377 791 4432 nobis
837 4377 1103 4448 Spiritum
1151 4390 1398 4433 sanctqu
1435 4379 1620 4433 datum
1676 4379 1851 4433 nobis.

258 4468 439 4525 Fidele
471 4472 618 4524 enim
649 4485 774 4525 esse
800 4471 1128 4539 promissum
1145 4472 1239 4526 Dei
1268 4472 1706 4541 probalSpiritus
1731 4488 1855 4525 san-

254 4570 371 4616 ctus
399 4561 560 4616 datus
609 4561 901 4633 apostolis,
934 4573 986 4618 et
1011 4565 1206 4629 .nobis,
1233 4565 1322 4634 qtti
1361 4565 1611 4634 prteslitit
1641 4581 1654 4630 ;
1689 4574 1744 4619 ιιι
1774 4566 1854 4621 di-

255 4654 422 4708 versis
447 4654 649 4724 liuguis
667 4654 906 4725 imperiti
923 4656 1276 4727 loquerentur
1295 4673 1417 4712 cum
1435 4659 1820 4728 interpretatio
1835 4691 1849 4701 -
1885 4639 1933 4704 Ῑ)

253 4748 411 4804 nibus
441 4749 508 4803 ad
540 4749 973 4804 conﬁrmandam
1001 4765 1176 4822 Spem,
1206 4761 1264 4806 ut
1295 4761 1350 4806 et
1391 4752 1715 4808 charitatem
1757 4755 1851 4810 Dei

249 4845 664 4900 commendaret
689 4845 743 4899 in
777 4847 936 4900 nobis
966 4845 1166 4916 (Actor.
1199 4863 1256 4912 ιι,
1287 4849 1342 4917 4)
1369 4865 1384 4913 ;
1417 4859 1474 4901 ιιι
1502 4851 1626 4917 quia
1651 4850 1852 4906 charos

249 4937 365 4992 falli
396 4938 740 5008 impossibile
763 4947 868 5003 est,
902 4953 1127 4994 securos
1169 4955 1267 4992 nos
1289 4939 1492 4995 faceret
1533 4941 1601 4995 de
1625 4942 1855 5011 promis-

247 5034 444 5089 sione:
475 5033 601 5104 quia
633 5042 690 5089 et
746 5033 886 5088 Deus
930 5042 1033 5097 est,
1073 5035 1163 5103 qui
1218 5035 1586 5104 promisit;et
1634 5036 1697 5090 iis
1720 5054 1856 5106 quos

244 5128 452 5184 charos
479 5128 686 5183 habere
718 5130 828 5182 vult
849 5128 1136 5198 promisit;
1165 5129 1288 5197 quia
1315 5129 1458 5185 enim
1491 5129 1616 5183 fidei
1651 5137 1851 5183 nostra:

248 5221 524 5277 rationem
577 5221 814 5276 hmnaua
851 5221 1015 5277 verba
1057 5237 1308 5277 asserere
1355 5236 1462 5276 non
1520 5222 1702 5276 valent
1749 5221 1852 5276 nisi

244 5318 515 5371 virtutum
547 5315 884 5380 testimonio,
918 5331 1040 5386 qua:
1070 5330 1194 5370 cum
1243 5323 1448 5381 tacent,
1478 5317 1739 5381 clamant,
1769 5331 1853 5370 ra-

242 5409 533 5466 tionabilis
566 5409 900 5481 approbatur
950 5409 1016 5464 ad
1065 5409 1439 5465 confusionem
1498 5409 1848 5479 prudentium

324 5605 351 5633 α
385 5598 524 5652 Rom
552 5595 716 5659 etlit.,
755 5595 892 5650 Nam
919 5597 1041 5650 dum
1067 5596 1207 5668 apud
1238 5596 1468 5668 homines
1495 5593 1861 5668 morirideba-

235 5683 354 5734 tur,
383 5671 474 5724 ille
497 5669 644 5737 apud
673 5668 892 5736 inferos,
911 5667 1185 5729 etc.,Vet.
1210 5667 1341 5722 edit.
1373 5681 1438 5721 ac
1467 5682 1598 5722 mss.
1631 5667 1772 5721 inter
1799 5681 1860 5721 se

236 5760 355 5800 non
390 5742 751 5810 discrepant,
786 5739 884 5792 nisi
918 5741 1058 5808 quod
1132 5754 1232 5810 pro
1284 5740 1620 5794 irreverentes
1663 5740 1859 5808 legitur

236 5820 296 5874 in
324 5812 634 5877 nonnullis,
664 5820 965 5874 reverenter.
1172 5872 1174 5876 τ
1566 5874 1570 5879 ι

324 5886 350 5922 θ’
379 5885 546 5943 Rom.
580 5881 798 5951 edit.,et
827 5879 1215 5940 decrementttm.
1245 5884 1383 5942 infra
1410 5898 1535 5940 vero
1560 5897 1660 5953 pro
1691 5893 1858 5937 muta-

1968 1955 2072 2014 est,
2109 1954 2165 2000 ut
2197 1957 2251 2001 et
2277 1949 2439 2002 vitam
2487 1960 2542 2003 et
2569 1949 2798 2019 gloriam
2834 1950 2991 2006 nobis
3031 1951 3362 2021 acquireret.
3386 1948 3574 2015 Itaque

1967 2042 2010 2096 si
2043 2059 2138 2111 pro
2167 2043 2403 2099 inimicis
2448 2054 2694 2099 tnortuus
2739 2054 2844 2108 est,
2879 2054 3140 2116 quantum
3189 2051 3409 2114 praestet
3436 2043 3571 2096 ami-

1965 2139 2063 2203 cis,
2099 2138 2263 2194 debet
2291 2139 2539 2211 iutelligi.
2578 2150 2602 2176 ⁸
2635 2139 2786 2210 Apud
2822 2139 3070 2194 homines
3101 2138 3324 2208 ergo,id
3357 2147 3459 2202 est,
3487 2153 3574 2191 se-

1963 2231 2199 2286 cundum
2249 2240 2463 2301 tempus
2518 2233 2654 2288 mori
2683 2233 2831 2288 visus
2861 2239 2946 2288 est
2974 2249 2987 2297 ;
3017 2232 3108 2287 ille
3138 2231 3281 2286 enim
3314 2229 3458 2301 apud
3488 2231 3566 2284 in-

1966 2325 2110 2378 feros
2139 2340 2238 2394 pro
2265 2326 2440 2380 salute
2481 2327 2784 2381 animarum
2841 2328 3206 2382 irrcverentes
3234 2336 3289 2382 et
3326 2341 3561 2396 nequam

1963 2421 2186 2491 spiritus
2213 2421 2510 2489 judicabat.
2539 2421 2808 2491 Tempora
2843 2424 2893 2477 in
2935 2423 3137 2477 mundo
3170 2431 3315 2487 sunt,
3337 2422 3427 2476 ubi
3457 2421 3567 2474 ori-

1966 2522 2053 2567 tur
2077 2523 2129 2568 ct
2147 2515 2347 2568 occidit
2367 2514 2474 2580 sol,
2496 2525 2549 2569 et
2570 2515 2694 2568 luna
2719 2515 3114 2570 incrementum
3136 2513 3162 2551 ¹’
3185 2523 3238 2569 ει
3265 2515 3532 2570 detrimen
3552 2545 3566 2554 ς

1965 2616 2077 2661 ιιιιιι
2109 2606 2260 2672 facit,
2308 2618 2360 2662 et
2387 2606 2502 2662 dies
2524 2617 2571 2661 et
2616 2624 2722 2662 nox
2771 2609 2821 2662 in
2852 2617 2993 2661 statu
3026 2621 3126 2661 suo
3181 2622 3287 2662 non
3318 2620 3570 2677 perseve—

1965 2709 2086 2754 rant
2114 2717 2128 2760 ;
2158 2716 2246 2755 res
2292 2700 2434 2754 enim
2477 2716 2598 2771 quze
2642 2701 2871 2772 tempori
2904 2711 2958 2756 et
2987 2700 3131 2754 aetati
3183 2700 3424 2770 subjecta
3460 2712 3564 2767 est,

1964 2795 2241 2850 mutabilis
2268 2810 2490 2865 semper
2535 2804 2638 2849 εει.
2695 2795 2827 2849 Huic
2858 2811 2987 2866 ergo
3036 2794 3267 2866 tempori
3317 2794 3570 2849 Christus

1964 2896 2205 2942 mortuus
2253 2897 2376 2952 est,
2426 2888 2552 2942 dum
2607 2889 2844 2942 excessit
2885 2904 2916 2943 e
2963 2902 3213 2958 corpore.
3248 2887 3352 2944 Ubi
3383 2898 3564 2942 autem

1964 2987 2175 3049 tempus
2208 2994 2313 3034 non
2341 2989 2424 3034 est
2449 2986 2507 3034 et
2537 2990 2687 3043 tetas,
2718 2981 2787 3035 ibi
2834 2995 2942 3034 non
2975 2980 3150 3035 solum
3179 2981 3354 3045 vivus,
3390 2979 3483 3034 sed
3513 2989 3568 3034 et

1963 3071 2135 3126 vietor
2157 3081 2408 3142 repertus
2439 3081 2544 3127 est.
2598 3073 2731 3127 Ilinc
2777 3073 2944 3128 voluit
2977 3073 3230 3128 affectum
3266 3073 3569 3127 Salvatoris

1961 3171 2094 3236 erga
2125 3181 2225 3221 nos
2271 3167 2664 3222 commendare
2690 3210 2705 3234 ,
2754 3184 2876 3222 cum
2919 3168 3091 3222 dicit:
3133 3167 3237 3222 Via;
3292 3184 3385 3237 pro
3422 3169 3571 3239 justo

1883 3236 1927 3299 ί)
1960 3263 2078 3332 quis
2107 3262 2322 3315 moritur
2345 3277 2362 3315 :
2383 3260 2635 3318 Christus
2659 3273 2842 3318 autem
2867 3279 2966 3334 pro
2987 3263 3167 3332 impiis
3190 3273 3435 3316 mortuus
3463 3269 3568 3316 est.

1963 3353 2020 3410 Si
2051 3355 2197 3409 enim
2227 3369 2328 3424 pro
2353 3356 2500 3423 justo
2553 3356 2639 3411 vix
2689 3357 2886 3427 aliquis
2933 3357 3184 3421 moritur,
3229 3371 3326 3425 pro
3385 3355 3568 3426 impiis

1961 3447 2236 3518 quomodo
2259 3457 2434 3518 potest
2459 3449 2574 3503 fieri
2600 3458 2656 3502 ut
2681 3450 2801 3520 quis
2819 3448 3119 3503 moriatur?
3145 3449 3206 3502 Et
3230 3450 3272 3503 si
3305 3463 3404 3519 pro
3423 3449 3568 3503 bono

1963 3556 2072 3596 uno
2118 3541 2258 3596 forte
2285 3541 2478 3595 audeat
2505 3542 2628 3611 quis
2661 3543 2819 3606 mori,
2854 3551 2944 3595 aut
2996 3541 3138 3595 forte
3191 3558 3294 3595 non
3343 3539 3564 3604 audeat,

1960 3636 2086 3706 quia
2104 3644 2393 3705 utrumque
2415 3635 2635 3690 difficile
2649 3650 2771 3691 esse
2795 3635 3087 3706 significat;
3109 3632 3565 3704 quemadmodum

1961 3729 2136 3784 videri
2171 3736 2370 3798 potest,
2397 3728 2668 3783 utaudeat
2697 3729 2896 3798 aliquis
2928 3743 3026 3797 pro
3054 3728 3352 3781 umltorum
3374 3727 3566 3795 impie-

1965 3823 2166 3876 tatibus
2199 3822 2357 3876 mori.
2393 3820 2603 3875 Etenim
2648 3821 2690 3874 si
2720 3821 2840 3889 quis
2871 3835 2968 3890 pro
2990 3820 3136 3888 justo
3177 3831 3268 3872 aut
3301 3817 3444 3870 bono
3468 3833 3558 3870 att-

1960 3912 2086 3967 deat
2118 3911 2255 3967 forte
2280 3913 2417 3967 mori
2464 3913 2814 3968 miseratione
2839 3911 3072 3982 quadam
3105 3911 3333 3977 illectus,
3367 3919 3459 3963 aut
3483 3909 3562 3963 af-

1965 4004 2108 4059 fectu
2141 4005 2405 4059 bonorum
2452 4020 2678 4076 operum
2727 4005 2885 4074 ejus:
2921 4020 3017 4075 pro
3063 4002 3243 4072 impiis
3289 4016 3422 4056 vero
3454 4015 3560 4055 non

1961 4098 2160 4164 solum,
2194 4097 2336 4167 quod
2384 4097 2610 4152 suadeat
2641 4099 2803 4164 muri,
2831 4099 3028 4162 deest;
3075 4098 3168 4151 sed
3223 4105 3276 4150 et
3332 4095 3473 4164 quod
3507 4093 3560 4148 in

1963 4193 2236 4264 lacrytnas
2264 4203 2547 4263 provocet.
2591 4192 2840 4248 Christus
2871 4202 3052 4246 autem
3087 4199 3331 4244 mortuus
3353 4197 3436 4243 est
3465 4203 3562 4256 pro

1963 4288 2334 4358 impietatibus
2366 4289 2573 4358 populi,
2604 4298 2658 4342 et
2712 4287 2888 4342 adhuc
2915 4297 2936 4324 ο
2971 4301 3078 4340 non
3126 4287 3208 4338 sui
3235 4299 3250 4348 ;
3279 4292 3336 4338 ut
3379 4282 3560 4336 omnia

1961 4398 2082 4452 quae
2111 4380 2344 4436 mundus
2401 4381 2618 4446 diffidit,
2665 4379 2875 4435 faceret
2918 4379 3220 4435 credibilia.
3263 4376 3404 4431 Duos
3431 4392 3562 4445 ergo

1961 4474 2160 4544 gradus
2191 4473 2338 4539 fecit,
2369 4475 2525 4544 juSti,
2552 4485 2606 4528 et
2644 4475 2768 4529 boni
2798 4493 2809 4529 :
2843 4475 3095 4545 quamvis
3126 4474 3271 4527 enim
3303 4484 3356 4525 et
3383 4471 3561 4542 justus

1963 4569 2138 4623 bonus
2161 4569 2422 4625 dicendus
2443 4571 2738 4635 sit;tamen
2765 4585 2961 4639 genera
2988 4570 3100 4638 ipsa
3131 4566 3329 4635 posuit,
3347 4565 3556 4636 justqu

1958 4666 2231 4722 exercitio
2255 4667 2595 4737 significans,
2630 4665 2830 4719 bonum
2865 4680 2996 4718 vero
3045 4674 3258 4728 natura,
3283 4662 3373 4730 qui
3423 4659 3558 4714 sim-

1959 4762 2198 4833 plicitate
2221 4742 2480 4817 innocens
2529 4760 2763 4814 dicatur.
2799 4758 2954 4813 Unde
3007 4755 3258 4826 quamvis
3313 4754 3559 4810 melioris

1959 4855 2138 4909 tneriti
2161 4855 2254 4918 sit,
2284 4861 2544 4923 quantum
2591 4852 2656 4906 ad
2692 4851 2870 4906 locum
2896 4851 3055 4905 istmn
3092 4849 3349 4920 pertinet,
3380 4849 3559 4918 justus

1957 4962 2118 5018 quam
2163 4946 2335 4998 bonus
2370 4961 2384 5009 ;
2415 4955 2590 4999 tamen
2617 4960 2710 5013 pro
2755 4946 2906 5007 bono,
2947 4944 3139 5016 inquit,
3191 4953 3326 5015 forte
3372 4943 3559 5014 aliquis

1957 5041 2142 5092 audeat
2189 5038 2354 5105 mori;
2379 5046 2436 5092 ut
2463 5038 2584 5108 quia
2619 5037 2984 5092 miserabilior
3015 5052 3174 5092 causa
3233 5037 3556 5091 innocentia:

1959 5140 2063 5193 est,
2097 5130 2162 5185 ad
2193 5131 2296 5186 hoc
2323 5131 2442 5200 cogi
2483 5133 2621 5185 forte
2650 5131 2888 5201 aliquem
2935 5146 3093 5200 posse
3137 5129 3424 5198 significat.
3456 5126 3554 5180 be-

1961 5225 2123 5295 nique
2155 5235 2347 5294 optant
2378 5233 2630 5295 parentes
2678 5240 2778 5296 pro
2807 5225 2961 5279 bonis
2987 5224 3109 5278 ﬁliis
3137 5223 3296 5287 mori,
3331 5235 3438 5275 non
3470 5220 3522 5274 di

1957 5332 2074 5373 cam
2107 5334 2302 5372 uxores
2353 5333 2451 5388 pro
2494 5318 2654 5374 bonis
2693 5318 2922 5373 maritis.
2966 5318 3099 5371 Nam
3146 5315 3191 5368 si
3225 5313 3450 5368 velimus
3488 5315 3556 5368 de

1959 5410 2102 5466 bono
2126 5419 2179 5468 et
2201 5409 2348 5482 justo
2378 5408 3021 5480 proponere,aliquando
3041 5407 3321 5462 meliorem
3355 5405 3558 5474 justum

1965 5595 2105 5661 bilis,
2141 5597 2391 5652 nonnulli
2419 5613 2550 5653 mss.
2583 5599 2784 5653 habent
2811 5595 3065 5647 mortalis.

2042 5678 2062 5705 ο
2097 5667 2221 5721 Non
2248 5670 2353 5734 sui,
2391 5670 2492 5722 huc
2522 5686 2652 5723 mss.
2683 5669 2844 5722 (Iorb.
2878 5675 2931 5718 et
2987 5665 3196 5733 lietnig.
3230 5663 3403 5728 addit,
3434 5666 3563 5717 sicut

1965 5755 2062 5808 pro
2120 5737 2327 5792 callidis
2380 5741 2695 5793 debitoribus
2737 5748 2826 5791 aut
2875 5737 3042 5792 tardis
3076 5738 3223 5809 tarde
3268 5737 3382 5806 quis
3411 5737 3565 5806 ﬁdem

1960 5828 2107 5867 suam
2138 5810 2364 5881 obligare
2389 5813 2637 5883 patiatur.
