4082 6306
518 295 586 358 9i
1553 287 1646 348 AD
1683 285 1914 346 OPERA
1949 283 2008 344 6.
2050 283 2137 350 AN

2250 283 2380 344 OSll
2417 282 2791 348 APPENDIX.
3767 282 3838 340 93

519 412 1002 485 deprehendimus.
1031 407 1322 481 aliquando
1353 407 1782 480 praeponendum
1809 405 2032 462 bonum.
2055 403 2116 460 Si
2149 409 2194 476 Α
2218 401 2500 460 Christum
2541 411 2876 460 consecutos
2917 415 3022 460 nos
3051 401 3386 474 gaudeamus
3419 417 3436 454 :
3467 407 3528 458 ut
3557 400 3690 474 quia
3737 416 3836 472 per

519 510 668 565 enim
687 509 840 577 juxta
857 507 950 562 Dei
976 505 1148 577 legem
1173 504 1264 574 qui
1289 503 1466 572 justus
1491 501 1804 568 est,melior
1833 501 1978 558 bono
1997 507 2116 564 est;

521 604 614 660 scd
645 603 739 660 illo
769 603 861 674 qui
891 601 1124 656 necdum
1156 615 1342 657 secum
1371 599 1658 666 laboravit,
1681 610 1742 656 ut
1767 597 2120 669 ampliﬁcaret

519 715 580 757 se
601 699 794 762 bonis;
819 697 1086 754 exercitio
1123 697 1268 752 enim
1319 697 1522 752 bonum
1563 703 1770 750 natura:
1799 709 1916 750 sua:
1941 693 2122 764 justus

523 793 854 852 meliorabit.
896 790 952 846 Si
991 798 1171 848 autem
1217 789 1373 860 juxta
1425 787 1688 844 mundum
1735 787 1897 843 luerit
1919 786 2120 858 justus,

519 888 858 963 praeponitur
887 886 964 942 illi
987 885 1166 942 bonus
1193 895 1416 955 propter
1437 882 1844 945 innocentiam,
1875 880 2002 952 quia
2025 879 2125 935 bu-

519 979 764 1052 jusmodi
811 985 1056 1034 nonest
1093 987 1118 1016 α
1147 979 1266 1033 sine
1321 976 1612 1032 severitate
1654 974 1891 1046 justitia.
1941 973 2124 1042 Itaque

520 1073 696 1130 omnis
717 1083 913 1128 natura
941 1069 1080 1126 bona
1109 1079 1212 1135 est,
1245 1068 1454 1139 justitia
1507 1076 1688 1123 autem
1721 1066 1855 1137 legis
1886 1065 1982 1122 Dei
2013 1063 2127 1120 fru—

521 1179 641 1224 ctus
665 1175 754 1224 est
779 1173 1094 1235 competens
1123 1174 1330 1220 naturm
1359 1179 1375 1229 ;
1407 1161 1638 1233 ideoque
1667 1161 1878 1232 justitia
1909 1159 2127 1216 bonitas

521 1270 626 1324 est,
663 1259 808 1316 unde
829 1259 958 1330 justi
985 1272 1204 1328 semper
1231 1257 1580 1328 appellantur
1623 1265 1678 1312 et
1707 1254 1858 1310 boni.
1881 1253 2004 1310 Non
2049 1262 2128 1308 ta-

525 1369 650 1410 men
679 1367 896 1422 semper
921 1351 1048 1408 boni
1075 1350 1206 1421 justi
1235 1393 1250 1417 ,
1281 1351 1406 1420 quia
1439 1363 1548 1404 non
1581 1357 1802 1420 propter
1831 1361 1998 1418 opera
2027 1363 2126 1404 vo-

525 1457 721 1506 cantur
774 1447 904 1504 boni
941 1487 954 1512 ,
1004 1445 1098 1502 sed
1153 1453 1376 1516 propter
1425 1443 1796 1500 innocentiam
1855 1459 1868 1498 :
1915 1442 2129 1513 justitia

524 1543 666 1598 enim
703 1539 948 1610 perlecta
969 1545 1057 1594 est
1095 1537 1310 1594 bonitas
1335 1537 1464 1594 dum
1505 1537 1682 1607 explet
1731 1550 1896 1607 opere
1921 1545 2130 1592 natura:

529 1649 642 1690 suae
669 1633 832 1690 bona.

595 1725 806 1801 (γεγε.
863 1724 967 1796 8.)
1023 1724 1362 1781 Commendat
1391 1734 1566 1780 autem
1621 1741 1772 1780 suout
1828 1725 2130 1780 charitatem

2225 499 2398 568 ipsum
2426 498 2787 570 cognovimus
2813 499 3016 568 Deum,
3061 499 3366 570 gloriantes
3413 498 3466 554 in
3499 513 3589 565 eo,
3634 497 3836 554 redda-

2223 606 2344 646 mus
2371 591 2422 646 ei
2449 590 2924 649 honoriﬁcentiam
2975 607 3158 662 parem
3195 592 3310 650 Deo
3335 591 3510 658 Patri,
3563 593 3688 662 ipso
3729 592 3834 648 sibi

2223 683 2422 740 idoneo
2473 692 2619 742 teste
2671 683 3035 756 prmdicante;
3095 683 3164 740 Ut
3209 685 3576 752 honori/irent,
3631 682 3829 754 inquit,

2225 778 2274 830 F
2277 779 2450 845 ilium,
2481 780 2615 836 sicut
2639 779 2988 850 honoriﬁcam
3011 777 3222 834 Patrem
3251 776 3309 850 (1
3315 794 3436 834 catt.
3467 793 3524 842 ν.
3553 776 3676 849 25).
3705 776 3834 834 Post

2225 873 2322 930 Dei
2351 889 2486 946 ergo
2513 873 2691 930 Patris
2723 872 3144 945 providentiam,
3177 881 3234 930 et
3281 871 3484 930 donum
3515 869 3662 942 quod
3685 869 3832 926 dedit

2225 984 2324 1042 per
2349 967 2650 1038 Christum,
2703 977 2760 1022 ut
2805 981 3096 1038 personam
3123 967 3252 1022 Filii
3291 965 3454 1022 nobis
3501 973 3720 1036 gratam
3747 965 3836 1020 4a.

2227 1078 2398 1133 ceret,
2435 1067 2560 1136 quia
2595 1081 2690 1136 per
2713 1081 2884 1122 unum
2911 1063 3192 1122 Christum
3241 1061 3516 1132 redempti
3547 1074 3742 1116 sumus
3771 1058 3837 1116 ab

2229 1175 2344 1222 uno
2371 1161 2483 1218 Deo
2509 1159 2694 1228 Patre,
2727 1158 2930 1230 adjecit
2959 1175 2974 1213 :

2301 1256 2486 1331 (Vera.
2533 1256 2654 1328 t2.)
2693 1253 2984 1326 Propterea
3025 1255 3158 1310 sicut
3213 1268 3306 1323 per
3351 1267 3514 1306 unum
3575 1251 3838 1310 hominem

2231 1362 2498 1424 peccatum
2543 1351 2600 1406 in
2627 1351 2766 1406 hunc
2797 1349 3053 1406 mundum
3083 1349 3320 1412 intrauit,
3370 1356 3418 1404 et
3449 1361 3542 1418 per
3567 1355 3838 1418 peccatum

2231 1462 2410 1510 mors;
2441 1444 2516 1498 sic
2557 1444 2614 1498 in
2645 1460 2822 1499 omnes
2847 1443 3084 1500 homines
3125 1457 3270 1498 mors
3299 1441 3630 1512 pertransiit,
3657 1440 3715 1494 in
3737 1455 3840 1508 quo

2235 1556 2410 1596 omnes
2440 1549 2802 1610 peccauerunt.
2859 1537 3128 1608 Quoniam
3181 1536 3436 1606 superius
3463 1533 3558 1590 Dei
3607 1533 3840 1606 gratiam

2235 1649 2334 1706 per
2381 1633 2658 1692 Christum
2705 1633 2890 1688 datam
2937 1629 3186 1690 ostendit
3239 1627 3544 1687 secundum
3585 1626 3840 1684 ordinem

2237 1725 2513 1793 veritatis;
2545 1737 2566 1764 ε
2591 1741 2738 1794 nunc
2787 1725 2964 1796 ipsum
3015 1723 3265 1782 ordinem
3297 1722 3456 1778 unius
3487 1721 3584 1778 Dei
3637 1721 3840 1786 Patris,

524 1821 661 1878 Deus
691 1822 746 1874 in
777 1818 944 1874 nobis.
967 1817 1060 1874 Sic
1082 1817 1429 1874 commendat
1449 1832 1602 1873 suam
1632 1818 1979 1884 charitatcm,
2007 1819 2132 1872 dum
2167 1827 2214 1886 Β
2241 1835 2340 1891 ρει·
2369 1835 2534 1876 unum
2576 1817 2854 1876 Christum
2881 1817 3084 1878 Filium
3128 1815 3248 1887 ejus
3273 1814 3552 1880 declarat;
3609 1821 3666 1868 ut
3715 1812 3844 1883 quia

525 1917 704 1970 adhuc
730 1912 971 1969 inimicis
999 1912 1114 1969 suis
1137 1912 1440 1969 benevolus
1470 1921 1574 1980 est,
1607 1921 1662 1968 et
1703 1912 1874 1968 mittit
1901 1911 1992 1982 qui
2021 1913 2131 1967 sal-

527 2017 620 2064 vet
645 2022 776 2072 eos;
809 2020 932 2062 cum
964 2006 1151 2075 utique
1181 2021 1288 2060 non
1313 2013 1644 2060 mercantur.

604 2101 789 2174 (Vers.
822 2098 904 2169 9.)
943 2098 1202 2166 Quoniam
1227 2099 1272 2154 si
1302 2115 1420 2154 cum
1448 2099 1617 2154 adhuc
1665 2107 1958 2170 peccatores
1997 2117 2133 2158 esse-

537 2211 673 2264 mus,
701 2193 938 2250 Christus
967 2209 1063 2264 pro
1091 2193 1236 2248 nobis
1261 2203 1496 2248 mortuus
1525 2204 1620 2260 est,
1654 2193 1820 2248 multo
1850 2195 2012 2266 magis
2046 2199 2140 2268 ju-

534 2292 748 2362 stiﬁcati
775 2290 990 2346 nuncin
1013 2293 1266 2362 sanguine
1291 2290 1477 2362 ipsius,
1493 2291 1622 2346 salvi
1644 2292 1831 2346 erimus
1855 2289 1918 2344 ab
1939 2291 2020 2346 ira
2050 2308 2139 2364 per

533 2385 730 2457 ipsum.
769 2383 884 2441 Hoc
933 2384 1091 2450 dicit,
1134 2383 1258 2454 quia
1309 2385 1356 2438 si
1385 2397 1486 2454 pro
1515 2381 1894 2454 peccatoribus
1943 2383 2138 2438 Filium

531 2493 690 2534 suum
733 2478 874 2534 Deus
895 2476 1074 2534 occidi
1097 2476 1372 2549 permisit,
1405 2475 1534 2548 quid
1565 2476 1724 2532 laciet
1751 2491 1850 2547 pro
1871 2475 2140 2548 justitica-

534 2573 625 2639 tis,
657 2571 762 2628 nisi
789 2580 974 2630 servet
993 2587 1091 2628 eos
1125 2573 1193 2628 ab
1225 2573 1328 2638 ira,
1357 2571 1410 2626 id
1441 2579 1552 2638 cst,
1578 2579 1724 2628 tutos
1763 2571 1888 2628 illos
1917 2579 2144 2642 prazstet

536 2666 605 2722 ab
658 2664 919 2722 illusione
948 2664 1190 2730 diaboli;
1245 2673 1308 2720 ut
1349 2663 1534 2720 securi
1589 2663 1697 2720 sint
1726 2663 1780 2718 in
1811 2662 1902 2720 die
1926 2663 2142 2732 judicii,

539 2775 664 2814 cum
711 2759 948 2829 cteperit
997 2756 1240 2829 perﬁdos
1305 2756 1444 2812 ultio
1496 2755 1822 2812 devastare?
1876 2755 2142 2826 Quoniam

535 2854 681 2909 enim
733 2851 952 2908 bonitas
1005 2851 1100 2908 Dei
1130 2851 1342 2907 nullum
1375 2849 1558 2921 perire
1587 2849 1724 2916 vult,
1757 2859 1990 2908 mortem
2023 2849 2143 2922 dig-

537 2949 822 3004 nissimam
853 2946 1036 3013 dedit;
1067 2954 1124 3002 ut
1152 2943 1585 3016 iutelligcntibus
1615 2942 1712 3000 Dei
1739 2944 1968 3015 gratiam
1997 2944 2144 3002 circa

537 3055 620 3106 se,
651 3039 878 3096 adderet
908 3038 1235 3110 dignitatem
1273 3049 1326 3094 et
1357 3037 1614 3108 gloriam,
1647 3035 1675 3076 1)
1701 3039 1928 3108 ingratis
1953 3053 2146 3102 cumu-

537 3135 682 3192 laret
713 3149 950 3206 poenam.
986 3134 1190 3205 Ingrati
1219 3133 1256 3190 ii
1285 3143 1418 3190 sunt
1463 3134 1550 3204 qui
1574 3173 1589 3200 ,
1619 3133 1732 3191 Deo
1757 3143 2007 3199 vocante,
2035 3132 2146 3190 dis-

2234 1915 2432 1980 Adam,
2457 1931 2620 1983 unus,
2652 1914 2706 1970 id
2733 1923 2842 1982 est,
2871 1911 2984 1968 Eva
3005 1953 3021 1982 ,
3053 1920 3108 1970 et
3161 1911 3282 1981 ipsa
3309 1909 3458 1966 enim
3499 1907 3676 1964 Adam
3731 1915 3842 1974 est,

2237 2011 2482 2082 peccavit
2535 2010 2588 2066 in
2635 2009 2926 2076 omnibus;
2960 2007 3032 2064 ita
3075 2021 3216 2063 unus
3255 2002 3510 2062 Christus
3539 2001 3714 2058 Filius
3743 2001 3848 2058 Dei

2237 2112 2516 2174 peccatum
2574 2103 2706 2160 vicit
2757 2103 2813 2158 in
2865 2099 3148 2158 omnibus.
3209 2099 3281 2154 Et
3319 2097 3444 2168 quia
3499 2093 3846 2167 propositum

2237 2201 2426 2272 gratia:
2449 2199 2543 2254 Dei
2571 2213 2696 2269 erga
2726 2212 2902 2270 genus
2944 2196 3242 2256 humanum
3273 2191 3516 2252 ostendit
3545 2208 3560 2256 ;
3619 2201 3676 2244 ut
3725 2190 3844 2260 ipsa

2237 2293 2532 2366 primordia
2561 2293 2769 2364 peccati
2821 2291 3177 2356 ostenderet,
3209 2288 3278 2346 ab
3301 2286 3476 2348 Adam
3503 2284 3674 2354 cmpit
3701 2325 3715 2350 ,
3745 2281 3846 2352 qui

2239 2390 2472 2460 primum
2511 2388 2786 2459 peccavit;
2819 2396 2876 2442 ut
2925 2382 3324 2456 providentiam
3375 2379 3542 2436 unius
3589 2379 3684 2434 Dci
3743 2391 3848 2446 per

2241 2497 2406 2538 unum
2424 2481 2752 2538 reformasse
2781 2476 3191 2549 doceret,quod
3226 2491 3324 2548 per
3349 2489 3517 2532 unum
3551 2472 3728 2530 luerat
3759 2471 3848 2526 la-

2243 2589 2400 2645 psum
2431 2582 2486 2631 et
2519 2583 2744 2630 lractutn
2773 2574 2826 2630 in
2849 2581 3104 2630 mortem.
3151 2571 3248 2626 Hic
3279 2583 3414 2642 ergo
3457 2583 3598 2624 unus
3627 2575 3712 2624 est
3743 2579 3848 2636 per

2245 2684 2402 2740 quem
2421 2668 2634 2734 salvati,
2659 2667 2797 2724 hanc
2829 2667 2906 2723 illi
2933 2665 3326 2730 reverentiam,
3355 2677 3518 2733 quam
3547 2661 3658 2716 Deo
3685 2658 3838 2716 Patri

2245 2765 2532 2828 debemus,
2585 2765 2702 2835 ipso
2750 2763 2988 2818 volente.
3019 2761 3160 2818 Dicit
3187 2759 3334 2816 enim
3365 2757 3511 2814 idem
3537 2755 3648 2812 alio
3671 2754 3790 2810 loco
3827 2769 3846 2810 :

2249 2860 2350 2924 Qui
2381 2859 2432 2914 in
2465 2859 2545 2914 his
2573 2859 2728 2914 servit
2755 2858 2986 2920 Christo,
3017 2857 3186 2927 placet
3215 2854 3326 2910 Deo
3369 2851 3550 2926 (Rom.
3581 2865 3695 2916 ιιν,
3721 2846 3844 2916 18);

2247 2969 2368 3009 cum
2407 2953 2672 3024 scriptum
2697 2953 2770 3009 sit
2799 2971 2812 3007 :
2841 2951 3122 3008 Dominum
3153 2948 3326 3004 Deum
3375 2957 3520 3002 tuum
3571 2943 3844 3010 adorabis,

2247 3047 2402 3102 etilli
2445 3047 2546 3102 soli
2595 3044 3010 3120 seroics'(Deut.
3055 3060 3132 3107 vr,
3183 3040 3296 3114 15).
3329 3041 3387 3096 Si
3417 3054 3548 3109 ergo
3599 3037 3702 3094 soli
3731 3035 3850 3092 Deo

2247 3139 2596 3196 serviendum
2639 3139 2795 3206 dicit,
2853 3149 2908 3195 et
2935 3137 3160 3194 Christo
3203 3136 3410 3192 servire
3440 3131 3731 3204 praeepit,
3781 3130 3846 3186 in

543 3229 791 3286 sentiunt
815 3271 830 3293 ,
863 3228 958 3286 Dei
1002 3229 1231 3299 gratiam
1273 3228 1597 3294 abnuentes,
1653 3237 1713 3284 ut
1761 3229 1817 3284 in
1863 3229 2144 3301 proposito
2173 3227 2216 3288 C
2251 3237 2456 3290 unitate
2483 3235 2576 3291 Dei
2607 3243 2688 3291 est
2715 3234 2986 3300 Christus,
3030 3247 3131 3288 nec
3156 3231 3342 3303 diSpar
3369 3236 3461 3284 aut
3485 3227 3624 3282 alter
3655 3226 3843 3294 Deus;

543 3322 754 3380 erroris
777 3331 830 3377 et
859 3323 1216 3392 malignitatis
1245 3333 1618 3392 permaneant.

617 3415 796 3489 (νεεδ.
834 3415 943 3486 10.)
987 3415 1048 3471 Si
1090 3417 1222 3472 enim
1267 3433 1384 3472 cum
1409 3417 1608 3472 inimici
1635 3431 1894 3481 essemus,
1919 3415 2144 3472 reconci-

540 3512 654 3566 liati
693 3526 872 3565 sumus
901 3508 1010 3566 Deo
1057 3527 1146 3582 per
1189 3521 1407 3566 mortem
1435 3510 1572 3566 Filii
1602 3515 1732 3584 ejus,
1761 3512 1924 3566 multo
1977 3511 2146 3583 inagis

539 3605 860 3661 reconciliati
899 3606 1028 3662 salui
1081 3607 1274 3660 erimus
1321 3607 1378 3661 in
1423 3607 1530 3662 vita
1577 3606 1764 3677 ipsius.
1799 3605 2142 3662 Manifestum

540 3709 644 3767 est,
673 3701 798 3771 quia
846 3700 915 3766 si,
967 3709 1024 3756 ut
1072 3701 1458 3758 reconciliaret
1489 3716 1590 3758 nos
1619 3701 1744 3770 sibi,
1779 3702 1926 3758 Deus
1944 3700 2142 3756 Filium

542 3809 702 3851 suum
753 3795 916 3851 morti
967 3795 1222 3866 tradidit,
1271 3805 1476 3868 quanto
1525 3797 1697 3868 magis
1762 3796 2146 3854 reconciliatos

544 3889 728 3944 salvos
781 3887 946 3945 faciet
991 3893 1044 3946 in
1087 3892 1200 3946 vita
1248 3892 1464 3962 ipsius?
1519 3901 1542 3930 θ
1574 3890 1692 3946 Non
1743 3893 1892 3948 enim
1947 3891 2148 3962 poterit

545 3979 654 4054 55.
707 3981 930 4038 minime
995 3983 1232 4054 diligere
1289 3985 1535 4046 amicos,
1604 3984 1696 4052 qui
1753 3984 1976 4054 prodest
2045 3981 2141 4038 ini-

540 4072 720 4126 micis.
745 4070 800 4127 Si
825 4073 971 4128 enim
1021 4089 1170 4130 mors
1199 4074 1498 4130 Salvatoris
1533 4073 1734 4142 proluit
1765 4074 1926 4129 nobis
1967 4073 2147 4128 adhuc

541 4166 747 4236 impiis,
801 4173 1008 4236 quanto
1061 4168 1232 4238 magis
1275 4165 1589 4236 justificatis
1613 4165 1726 4222 vita
1779 4167 1971 4237 ipsius,
2019 4181 2144 4222 cum

547 4260 779 4331 resurgit
807 4275 837 4315 a
868 4261 1144 4316 mortuis?
1173 4261 1315 4330 Quia
1357 4261 1496 4316 sicut
1527 4275 1678 4318 mors
1719 4261 1838 4332 ejus
1867 4277 1898 4318 a
1925 4261 2148 4318 diabolo

543 4368 642 4410 nos
669 4352 835 4420 eruit,
869 4353 942 4407 ita
967 4363 1023 4410 et
1051 4355 1160 4410 vita
1190 4354 1310 4424 ejus
1361 4352 1431 4409 de
1465 4353 1554 4410 die
1579 4353 1771 4424 judicii
1809 4355 1904 4411 Dei
1947 4369 2050 4411 nos
2081 4355 2146 4410 li-

549 4445 760 4502 berabit
774 4485 788 4500 .

621 4541 803 4614 (Vers.
839 4542 952 4614 ii.)
997 4543 1120 4599 Non
1149 4545 1324 4600 solum
1363 4551 1540 4598 autem
1579 4543 1695 4612 hoc,
1743 4545 1834 4601 sed
1875 4553 1922 4600 et
1951 4545 2148 4618 gloria—

2245 3329 2464 3400 quando
2489 3343 2611 3385 cum
2651 3329 2752 3385 soli
2785 3329 2898 3386 Deo
2927 3327 3280 3385 serviendum
3315 3323 3334 3364 ί
3363 3325 3450 3380 lex
3477 3323 3647 3388 dicat,
3691 3335 3846 3376 com-

2249 3423 2492 3479 muniter
2521 3421 2712 3494 utique
2741 3422 2960 3478 Christo
2979 3422 3230 3478 serviens
3261 3419 3371 3475 Deo
3399 3418 3618 3489 placere
3641 3414 3850 3487 praedi-

2246 3525 2421 3571 catur.
2451 3515 2616 3586 lgitur
2644 3516 2776 3570 sicut
2827 3531 2919 3586 per
2965 3531 3128 3568 unum
3183 3513 3440 3568 hominem
3470 3520 3736 3583 peccatum
3787 3507 3854 3564 in

2249 3609 2384 3664 [tunc
2439 3609 2692 3665 mundum
2743 3609 2978 3674 intrarit,
3023 3619 3070 3662 et
3111 3624 3200 3680 per
3235 3616 3502 3680 peccatum
3553 3621 3717 3672 mors,
3769 3603 3852 3658 ita

2245 3714 2300 3762 et
2331 3719 2428 3774 per
2477 3719 2644 3760 unum
2691 3701 2970 3759 Christum
3001 3701 3280 3758 damnatio
3327 3710 3384 3754 et
3415 3711 3564 3754 mors
3595 3695 3804 3767 peccati
3829 3735 3854 3762 ,

2249 3805 2515 3867 praestans
2543 3797 2708 3852 vitam
2751 3803 3038 3862 aeternam,
3067 3793 3211 3864 quod
3243 3790 3470 3848 inferius
3505 3788 3774 3846 declarat.

2275 3963 2280 3968 ι
2321 3889 2388 3944 In
2415 3906 2538 3959 quo,
2575 3887 2626 3944 id
2651 3896 2756 3954 est,
2787 3889 2840 3944 in
2871 3886 3074 3954 Adam,
3119 3901 3294 3942 omnes
3321 3892 3682 3955 peccauerunt.
3721 3881 3858 3938 [deo

2250 3984 2411 4050 dixit,
2435 3985 2490 4037 in
2528 3999 2646 4054 quo,
2674 3999 2796 4038 cum
2823 3983 2892 4039 de
2921 3981 3150 4037 muliere
3179 3980 3452 4050 loquatur,
3485 3977 3610 4049 quia
3639 3991 3750 4034 non
3779 3975 3858 4034 ad

2250 4080 2490 4152 speciem
2543 4080 2748 4146 retulit,
2805 4079 2902 4136 sed
2947 4078 3016 4134 ad
3049 4093 3240 4149 genus.
3271 4073 3619 4132 Manifestum
3669 4074 3859 4144 itaque

2251 4186 2336 4234 est
2361 4178 2416 4232 in
2449 4175 2620 4232 Adam
2647 4191 2840 4232 omnes
2883 4187 3146 4246 peccasse
3185 4172 3340 4245 quasi
3383 4171 3438 4226 in
3485 4182 3700 4234 massa;
3733 4168 3858 4239 ipsa

2251 4271 2394 4326 enim
2435 4285 2530 4341 per
2556 4277 2835 4341 peccatum
2863 4274 3178 4336 corruptus,
3209 4279 3346 4336 quos
3375 4262 3605 4335 genuit,
3657 4273 3862 4316 omnes

2253 4365 2361 4422 nati
2391 4375 2519 4420 sunt
2545 4365 2649 4421 sub
2673 4371 2919 4435 peccato.
2952 4362 3031 4417 Ex
3087 4375 3154 4417 eo
3191 4359 3357 4431 igitur
3385 4356 3568 4414 cuncti
3597 4363 3862 4428 peccato-

2251 4475 2360 4526 res,
2396 4460 2521 4531 quia
2567 4473 2724 4516 exeo
2751 4458 2870 4529 ipso
2911 4470 3097 4511 sumus
3137 4468 3359 4518 omnes;
3393 4451 3480 4506 hic
3509 4451 3656 4506 enim
3683 4449 3862 4505 bene-

2235 4556 2434 4620 licium
2491 4555 2584 4610 Dei
2639 4552 2901 4625 perdidit,
2947 4545 3554 4620 dutn.prtevaricavit,
3597 4545 3866 4616 indiguus

553 4651 673 4687 mur
703 4635 758 4688 in
786 4632 898 4690 Dco
925 4653 1013 4706 per
1055 4636 1339 4693 Dominum
1377 4645 1610 4692 nostrum
1637 4637 1819 4694 lerunt
1861 4638 2144 4706 Christum,
2175 4637 2228 4697 D
2255 4649 2429 4704 factus
2455 4647 2621 4704 edere
2648 4647 2717 4704 de
2757 4647 2960 4702 arbore
3009 4645 3157 4708 vitae,
3217 4650 3277 4696 ut
3323 4646 3656 4696 moreretur.
3711 4637 3868 4694 Mors

551 4746 644 4801 per
669 4745 822 4800 quem
853 4747 992 4785 nunc
1023 4731 1502 4788 reconciliationem
1527 4733 1834 4805 accepimus.
1875 4733 1994 4790 Non
2029 4745 2148 4792 lan-

553 4834 664 4879 tum
699 4839 796 4895 pro
828 4837 1046 4898 accepta
1103 4828 1278 4884 salute
1327 4836 1382 4883 et
1434 4829 1728 4886 securitate
1781 4830 1894 4888 Deo
1943 4832 2148 4904 gratias

550 4920 794 4990 agendas
841 4921 1024 4990 docet,
1076 4924 1174 4980 sed
1223 4933 1276 4980 et
1319 4924 1660 4996 gloriandum
1730 4943 1826 4998 per
1869 4929 2148 4990 Christum

549 5010 736 5068 Jesum
779 5012 834 5068 in
875 5014 1010 5082 Deo,
1037 5013 1064 5052 «ι
1088 5017 1178 5088 qui
1223 5015 1480 5088 dignatus
1520 5025 1606 5072 cst
1631 5033 1694 5074 ex
1727 5021 1911 5092 impiis
1951 5031 2007 5078 et
2041 5023 2143 5078 ini-

551 5107 708 5164 micis
726 5107 832 5163 dici
857 5123 956 5166 nos
983 5125 1112 5167 suos
1139 5111 1381 5178 amicos;
1417 5118 1476 5166 ut
1507 5112 1685 5169 omnia
1740 5113 2006 5173 beneficia
2047 5133 2146 5189 per

575 5365 586 5377 .
623 5303 649 5332 ⁸
681 5295 884 5377 Omnes
905 5294 1128 5377 cdit._ae
1159 5297 1530 5377 plu_res_mss.,
1560 5297 1670 5377 sine
1696 5298 1956 5377 impietate
1973 5301 2138 5377 justi-

551 5368 622 5452 tia
651 5383 670 5422 :
697 5368 867 5452 magis
897 5369 1166 5452 concinne
1191 5370 1279 5452 a
1301 5369 1521 5452 .plures,
1555 5370 1666 5425 sine
1692 5373 1954 5452 severitate
1973 5368 2140 5445 )‘ustie

551 5441 716 5562 (imre
736 5441 930 5508 quibus
959 5441 1124 5513 aliqui
1151 5441 1439 5513 adjiciunt,
1469 5458 1560 5497 nec
1586 5445 1822 5500 severitas
1845 5441 2086 5501 inanimis
2107 5461 2140 5500 a

553 5525 635 5561 ma
661 5521 770 5563 ma.

625 5579 654 5662 ιζ
688 5583 915 5662 Ingratis
941 5589 1242 5662 cunmlaret
1264 5605 1489 5660 pronam,
1525 5587 1680 5644 abest
1713 5603 1741 5644 a
1773 5589 1982 5646 cunctis
2004 5607 2139 5648 mss.

555 5658 612 5705 at
641 5655 692 5706 in
728 5655 870 5709 nulla
889 5657 1021 5714 edit.
1045 5677 1148 5716 non
1174 5655 1487 5717 exhibetur.

629 5733 652 5806 ξ
679 5723 836 5781 Rom.
867 5729 995 5806 edit.
1021 5747 1051 5788 ε
1081 5737 1245 5790 variis
1275 5736 1398 5790 lect.
1425 5733 1552 5790 Gill.
1581 5733 1700 5789 lucc
1716 5733 1954 5806 restituit
1981 5752 1995 5788 :
2027 5735 2148 5789 Non

559 5802 785 5878 επίξηοεετ
833 5802 1158 5878 qui_pt'odest
1199 5808 1466 5874 inimicis;
1507 5823 1630 5878 qute
1679 5805 1844 5861 verba
1875 5807 2038 5862 etiam
2095 5807 2150 5861 in

563 5868 683 5925 cod.
720 5868 873 5929 Vind.
907 5868 1114 5952 Tlntan.
1141 5889 1195 5956 et
1223 5868 1834 5956 liemigfreperiuntur.

2255 4752 2434 4796 autem
2463 4739 2757 4795 dissolutio
2783 4737 3029 4807 corporis
3051 4743 3166 4800 est,
3199 4749 3322 4788 cum
3349 4731 3526 4786 anima
3557 4745 3586 4783 a
3619 4745 3868 4800 corpore

2255 4841 2556 4904 separatur.
2591 4832 2686 4886 Est
2721 4839 2777 4887 et
2811 4829 2916 4884 alia
2956 4841 3125 4892 mors,
3155 4843 3274 4898 qum
3307 4823 3542 4880 secunda
3571 4821 3780 4878 dicitur
3807 4824 3864 4878 in

2251 4927 2523 5001 gelieuna,
2555 4941 2716 4998 quam
2750 4939 2854 4980 non
2883 4931 3105 4995 peccato
3129 4921 3262 4977 Atla:
3303 4919 3556 4990 patimur,
3607 4917 3708 4972 sed
3737 4917 3867 4986 ejus

2249 5022 2536 5078 occasione
2585 5019 2823 5090 propriis
2853 5018 3086 5090 peccatis
3127 5014 3424 5086 acquiritur
3465 5029 3480 5065 :
3521 5026 3550 5065 a
3579 5026 3688 5081 qua
3720 5011 3861 5066 boni

2253 5115 2524 5170 immunes
2553 5120 2701 5178 sunt,
2737 5119 2948 5166 tantum
2976 5107 3122 5180 quod
3155 5107 3206 5161 in
3240 5106 3458 5162 inferno
3485 5111 3671 5172 erant,
3707 5113 3734 5150 Β
3763 5101 3868 5160 sed

2322 5295 2348 5336 εὶ
2373 5298 2504 5372 Mss.
2535 5298 2781 5372 aliquot,
2815 5300 2903 5368 qui
2931 5299 3176 5372 dignatus
3197 5303 3274 5351 est
3302 5293 3412 5364 ﬁlio
3441 5306 3536 5346 suo
3565 5291 3774 5345 arbitro
3805 5307 3872 5346 ea:

2251 5371 2429 5440 impiis
2447 5414 2462 5438 ,
2495 5379 2604 5426 etc.

2328 5433 2349 5480 ξ’
2389 5433 2463 5496 Ita
2523 5451 2633 5498 vet.
2683 5443 2814 5500 edit.
2853 5451 2909 5498 et
2947 5441 3124 5497 cuncti
3165 5455 3293 5496 mss.
3349 5437 3420 5492 At
3455 5441 3644 5492 contra
3693 5433 3866 5490 Rom.

2251 5513 2408 5587 edit,
2443 5531 2576 5567 nunc
2607 5517 2772 5587 ipsum
2803 5519 2952 5587 unius
2983 5513 3077 5567 Dei
3109 5511 3305 5587 Patris,
3329 5521 3434 5587 e_tc.
3603 5577 3615 5587 _
3763 5575 3800 5587 _
3851 5579 3856 5583 τ

2329 5575 2576 5640 {Omnes
2600 5575 2757 5650 e'dit.,
2791 5586 2897 5640 Leo:
2921 5592 3204 5638 commonet
3241 5580 3446 5636 Christo
3485 5577 3714 5632 sentiens
3751 5575 3876 5631 Deo

2255 5659 2460 5730 placere
2487 5657 2692 5712 dicatur
2726 5673 2742 5712 :
2769 5671 2900 5713 mss.
2932 5669 3063 5711 vero
3103 5651 3548 5724 frequentissimi,
3581 5656 3644 5702 ut
3669 5663 3780 5703 nos
3807 5650 3869 5704 in

2257 5739 2432 5786 textu.

2335 5811 2358 5847 ις
2390 5800 2642 5856 Nonnulli
2671 5816 2803 5856 mss.
2824 5843 2838 5870 ,
2873 5802 2962 5856 sed
2994 5799 3277 5872 superiore,
3321 5797 3466 5872 quasi
3495 5793 3660 5872 litera
3707 5795 3878 5872 pur-i-

2267 5882 2370 5928 tate
2401 5873 2532 5927 :alii
2563 5873 2770 5944 aliquot
2798 5867 2932 5943 ,ised
2961 5867 3249 5942 superiora,
3294 5867 3442 5942 quasi
3489 5867 3672 5938 libera,
3708 5867 3874 5940 Yall.
