4082 6306
242 306 320 367 95
1122 306 1615 367 COMMENTAth
1659 308 1725 366 1N
1767 309 2161 369 EPISTDLAM
2201 311 2295 368 AD
2342 310 2690 370 DOMANOS.
3497 320 3571 378 9-5

238 425 553 497 superiori,
582 427 744 498 quasi
775 426 825 484 in
854 426 1043 491 libera,
1075 423 1165 496 qui
1215 424 1283 480 ad
1333 421 1508 479 cmlos
1550 424 1854 482 ascendere
1880 425 1930 486 Α
1960 423 2108 478 benti
2134 424 2386 480 notitiam
2413 425 2698 482 Creatoris
2721 425 2890 482 vitam
2914 442 3069 484 suam
3104 427 3226 499 lege
3250 429 3567 500 relraenarc,

244 534 356 574 non
417 529 724 590 poterant;
774 519 1043 578 sententia
1095 517 1240 573 enim
1276 517 1600 574 tenebantur
1651 517 1773 574 data
1804 520 1860 575 in

240 613 448 680 Adam,
475 614 624 682 quod
655 613 1076 685 chirographum
1106 612 1159 666 in
1185 611 1423 668 decretis
1451 619 1629 669 morte
1652 611 1858 669 Christi

241 707 493 764 deletum
554 717 642 766 est
687 709 914 782 (Coloss.
968 725 1030 776 tt,
1060 708 1172 781 M).
1211 707 1492 766 Sententia
1526 717 1709 767 autem
1760 710 1856 767 de-

241 802 390 858 creti
426 801 548 870 fuit,
584 813 644 859 ut
670 804 834 860 unius
863 802 1098 859 hominis
1137 817 1336 874 corpus
1356 805 1664 860 solveretur
1693 818 1858 875 super

245 906 459 954 terram
494 915 509 952 :
543 899 730 954 anima
758 912 892 954 vero
911 897 1142 954 vinculis
1188 896 1384 954 inferni
1437 899 1656 956 detenta
1689 899 1852 956 exitia

247 998 561 1062 pateretur.

319 1085 507 1157 (Vera.
544 1085 662 1156 i3.)
709 1086 886 1156 Usque
904 1087 973 1141 ad
998 1088 1161 1160 legem
1185 1088 1323 1142 enim
1354 1098 1624 1159 peccatum
1663 1099 1773 1144 erat
1802 1091 1855 1144 iu

243 1179 349 1234 hoc
372 1180 571 1234 mundo
592 1196 611 1236 ,ο
628 1190 894 1252 peccatum
912 1190 1083 1236 autem
1103 1198 1204 1236 non
1229 1183 1606 1252 imputabatur,
1631 1200 1748 1238 cum
1771 1185 1858 1239 lea:

241 1290 353 1329 non
407 1283 558 1329 esset.
616 1273 674 1330 ln
729 1275 903 1331 Adam
961 1292 1152 1332 omnes
1199 1276 1331 1332 dicit
1386 1292 1659 1346 peccasse,
1716 1280 1856 1335 sicut

242 1384 416 1440 supra
451 1371 752 1426 memoravi
781 1412 794 1437 ,
823 1379 879 1426 et
905 1386 1077 1442 usque
1105 1370 1171 1425 ad
1195 1371 1369 1442 legem
1397 1371 1577 1427 datam
1611 1387 1717 1428 non
1755 1375 1856 1428 im-

241 1474 499 1536 putatum
527 1478 654 1520 esse
683 1473 998 1535 peccatum;
1027 1464 1295 1536 putabant
1331 1465 1474 1521 enim
1504 1481 1565 1522 se
1603 1465 1854 1524 homines

241 1557 400 1629 apud
430 1557 603 1612 Deum
628 1557 848 1628 impune
880 1571 1130 1628 peccare,
1155 1557 1250 1615 sed
1280 1573 1385 1614 non
1416 1559 1556 1629 apud
1582 1559 1854 1617 homines.

245 1649 364 1706 Nec
411 1651 558 1706 enim
587 1651 676 1706 lex
728 1651 996 1709 naturalis
1037 1654 1252 1724 penitus
1295 1653 1679 1725 obtorpuerat;
1727 1657 1854 1727 quia

243 1759 359 1801 non
387 1744 713 1814 ignorabant
741 1747 870 1816 quia
899 1747 1046 1818 quod
1081 1749 1188 1818 pati
1217 1749 1491 1814 nolebant,
1527 1752 1649 1806 aliis
1677 1751 1854 1809 facere

1963 533 2032 574 nc
2060 517 2354 574 frustretur
2376 519 2582 590 agnitio
2615 537 2628 576 :
2666 521 2824 575 tertia
2847 537 2981 576 vero
3010 537 3136 592 pars
3167 532 3253 580 est
3276 523 3528 583 docibilis
3551 570 3565 594 ,

1957 621 2018 668 ut
2045 613 2241 670 notitia
2263 615 2530 670 creatoris
2553 612 2673 678 Dei,
2702 621 2759 668 et
2777 615 3328 685 exemplummorum
3346 621 3566 676 caeteris

1958 706 2244 774 tradatur;
2276 716 2336 763 ut
2365 707 2583 764 discant
2622 718 2645 746 ι’
2672 707 3135 778 quemadmodum
3160 711 3304 782 apud
3340 711 3572 770 Creato-

1958 819 2076 860 rem
2104 805 2360 861 meritum
2387 805 2714 861 collocatur.
2746 803 2874 860 Haec
2901 813 2989 861 est
3019 821 3147 862 vera
3171 815 3227 863 et
3253 807 3562 866 ChriSIiana

1958 900 2269 971 prudentia.

2029 995 2213 1067 (Vers.
2247 994 2366 1066 M.)
2426 993 2534 1049 Sed
2587 993 2820 1067 regnavit
2846 1010 2987 1050 mors
3018 994 3081 1049 ab
3109 993 3281 1050 Adam
3307 1010 3469 1069 usque
3497 998 3566 1052 ad

1959 1089 2194 1162 Moysen.
2225 1089 2494 1158 Quoniam
2525 1104 2634 1145 non
2659 1090 3032 1162 imputabatttr
3055 1099 3344 1161 peccatum
3365 1136 3380 1160 ,
3415 1101 3569 1149 ante-

1956 1198 2120 1255 quam
2162 1184 2252 1239 lex
2297 1183 2524 1240 daretur
2573 1197 2673 1254 per
2718 1181 2985 1254 Moysen,
3046 1183 3192 1240 sicut
3239 1183 3386 1250 dixi;
3443 1186 3565 1256 ipsa

1955 1279 2329 1350 usurpationis
2377 1277 2702 1348 impunitate
2731 1278 3000 1349 regnabat
3029 1292 3214 1347 mors,
3250 1278 3431 1336 sciens
3461 1279 3568 1335 sibi

1956 1373 2086 1428 illos
2111 1372 2364 1429 devotos.
2395 1371 2681 1443 Regnabat
2709 1385 2840 1442 ergo
2872 1386 3027 1426 mors
3057 1370 3360 1427 securitate
3391 1371 3568 1428 domi-

1954 1467 2191 1522 nationis
2221 1481 2334 1521 surc
2365 1475 2471 1520 tam
2497 1465 2550 1520 in
2584 1464 2708 1532 bos,
2737 1463 2830 1534 qui
2862 1463 2930 1520 ad
2960 1471 3180 1534 tempus
3211 1464 3555 1532 evadebant,

1955 1577 2119 1632 quam
2153 1561 2207 1615 in
2236 1560 2361 1615 illos
2389 1559 2481 1631 qui
2503 1559 2672 1615 etiam
2697 1557 2786 1613 hic
2817 1570 3010 1628 poenas
3041 1557 3246 1614 dabant
3274 1573 3376 1629 pro
3405 1559 3567 1617 malis

1955 1657 2070 1711 suis
2115 1655 2396 1725 operibus.
2451 1653 2657 1708 Omnes
2714 1652 2864 1708 enim
2918 1666 3053 1707 suos
3129 1666 3255 1708 esse
3301 1651 3561 1717 videbat;

1953 1749 2078 1820 quia
2127 1747 2216 1819 qui
2266 1747 2391 1818 facit
2436 1754 2720 1816 peccatum,
2772 1760 2946 1801 servus
3002 1754 3075 1799 est
3115 1746 3314 1816 peccati
3371 1744 3556 1814 (Joan.

245 1854 359 1894 non
388 1839 683 1896 debebant.
730 1839 862 1895 Nam
912 1857 1082 1914 usque
1131 1842 1267 1899 adeo
1321 1858 1428 1900 non
1459 1845 1704 1918 ignotum
1749 1846 1852 1902 fuit
1881 1834 1930 1896 B
1958 1857 2068 1908 rttt,
2101 1839 2234 1913 34):
2263 1840 2486 1912 impune
2513 1839 2659 1896 enim
2689 1837 2890 1895 cedere
2915 1848 3175 1910 putantes
3195 1883 3208 1907 ,
3263 1840 3433 1910 magis
3462 1840 3562 1895 dc-

249 1941 540 2004 peccatum
591 1933 736 1988 inter
778 1932 1048 2001 homines,
1103 1943 1162 1990 ut
1190 1935 1361 1991 Jacob
1391 1952 1515 1992 cuni
1563 1937 1707 1994 idola
1755 1954 1849 1994 sua

244 2025 388 2097 apud
421 2026 578 2082 illum
607 2037 881 2097 quaereret
910 2042 1071 2084 socer
1099 2029 1218 2100 cjus
1265 2030 1470 2098 Laban,
1525 2032 1580 2087 in
1612 2047 1722 2104 quo
1763 2033 1851 2088 in-

245 2129 470 2176 ventum
520 2121 716 2178 fuisset
741 2122 940 2178 furtum
972 2122 1130 2195 (Gen.
1161 2141 1312 2192 xxxt,
1345 2126 1415 2183 50
1442 2135 1490 2182 et
1535 2127 1692 2199 δρψ),
1741 2127 1848 2201 55

249 2224 430 2270 morte
457 2214 678 2286 dignum
705 2215 985 2286 judicaret
1015 2235 1026 2271 :
1061 2227 1118 2273 et
1139 2217 1339 2291 Joscph
1365 2221 1611 2290 quamvis
1643 2235 1739 2290 per
1761 2235 1852 2275 ca-

255 2309 538 2375 lumniam,
571 2320 750 2366 tamen
806 2314 959 2384 quasi
1009 2328 1135 2370 reus
1166 2314 1384 2371 clausus
1412 2315 1465 2370 in
1511 2330 1737 2372 carcere
1766 2325 1850 2372 est

260 2403 414 2474 (Gen.
436 2405 722 2478 xxxtx,90)
749 2424 763 2461 :
793 2416 848 2462 et
873 2407 1065 2477 pistor,
1094 2419 1148 2464 et
1172 2410 1430 2480 pincerna
1456 2410 1758 2466 Pharaonis
1779 2410 1850 2467 ob

255 2497 508 2554 delictum
524 2499 773 2555 similiter
790 2503 933 2571 passi
957 2512 1084 2558 sunt
1111 2501 1280 2572 (Ibid.
1309 2520 1396 2569 χι,
1425 2504 1480 2573 5)
1501 2522 1513 2558 :
1535 2513 1591 2560 et
1607 2504 1846 2578 Moyses,

251 2592 436 2646 occiso
462 2591 738 2666 Egyptio,
772 2602 800 2631 ι
829 2597 1111 2651 atterritus
1137 2596 1263 2671 lege
1293 2607 1372 2652 est
1405 2595 1604 2669 (Exod.
1639 2614 1698 2663 tt,
1733 2598 1846 2671 l2).

250 2685 537 2754 Quomodo
590 2703 724 2760 ergo
771 2704 878 2745 non
937 2669 1310 2760 imputabatur
1359 2703 1687 2763 peccatum,
1721 2709 1846 2750 cum

251 2781 334 2836 lex
363 2796 471 2837 non
501 2784 686 2840 esset?
716 2795 808 2840 aut
843 2785 1121 2857 quomodo
1162 2785 1562 2855 vindicabatur,
1596 2788 1699 2844 nisi
1758 2789 1844 2844 lex

251 2874 506 2930 sciretur?

321 2969 429 3024 Lex
463 2971 726 3026 naturalis
786 2987 1004 3044 semper
1033 2982 1144 3038 est,
1198 2988 1297 3030 nec
1353 2975 1700 3044 ignorabatur
1749 2977 1852 3030 ali-

249 3061 499 3132 quando;
541 3063 635 3118 sed
670 3063 960 3133 putabatur
985 3064 1054 3122 ad
1102 3076 1314 3136 tempus
1357 3076 1565 3121 tantum
1612 3069 1850 3122 auctori-

249 3165 416 3213 tatem
445 3157 672 3225 habere,
704 3173 816 3214 non
851 3169 905 3216 ct
926 3159 1070 3230 apud
1115 3159 1285 3216 Deum
1313 3176 1435 3218 reos
1458 3160 1661 3217 facere.
1699 3161 1854 3232 lgna!

1953 1937 2310 2008 linquebant:
2340 1937 2490 1990 circa
2536 1935 2654 1990 haec
2686 1943 2866 1990 tamen
2903 1945 3121 2005 peccata
3155 1935 3556 2006 promptiores,

1956 2045 2081 2101 qua:
2108 2028 2347 2084 mundus
2374 2029 2532 2099 quasi
2558 2028 2706 2083 licita
2731 2027 3028 2083 nutriebat.
3088 2028 3208 2097 Quo
3245 2027 3391 2083 facto
3419 2043 3551 2096 gau-

1951 2123 2120 2179 debat
2149 2123 2405 2189 Satanas,
2448 2137 2678 2179 securus
2702 2121 2851 2193 quod
2883 2135 3048 2177 causa
3076 2121 3211 2177 Atla:
3248 2121 3499 2178 relictum
3529 2135 3562 2176 ε

1953 2219 2066 2276 Ι)εο
2095 2217 2376 2275 hominem
2405 2217 2460 2273 in
2494 2217 2904 2289 possessionem
2937 2216 3192 2273 habebat.

2023 2312 2306 2383 Regnabat
2331 2327 2461 2383 ergo
2492 2326 2641 2367 mors
2669 2311 2724 2366 in
2759 2326 2872 2377 eos,
2906 2313 2995 2382 qui
3029 2322 3370 2383 peccaverunt
3401 2313 3456 2366 iu
3486 2312 3560 2369 si-

1951 2409 2299 2464 militudinem
2331 2407 2777 2478 pravaricationis
2823 2407 2971 2471 Ade,
3007 2407 3098 2474 qui
3143 2415 3228 2460 est
3275 2405 3444 2460 forma
3473 2405 3559 2460 lu-

1951 2503 2057 2558 turi
2086 2520 2099 2556 :
2134 2500 2276 2574 quod
2305 2501 2358 2556 in
2382 2501 2649 2571 subjectis
2677 2499 3125 2555 monstrabimus.
3148 2499 3334 2570 Itaque
3365 2513 3470 2553 non
3503 2500 3556 2553 in

1952 2612 2143 2654 omnes
2174 2605 2406 2652 mortem
2433 2610 2692 2666 regnasse
2737 2595 3086 2650 manifestum
3129 2603 3234 2660 est,
3283 2594 3408 2665 quia
3440 2608 3551 2650 non

1953 2700 2320 2764 peccaverunt
2373 2706 2568 2749 omnes
2630 2692 2682 2746 in
2733 2690 3147 2746 similitudinem
3223 2691 3559 2761 prevarica-

1953 2786 2119 2842 tionis
2169 2785 2325 2852 Adae,
2374 2785 2424 2840 id
2457 2791 2564 2850 est,
2623 2799 2727 2838 non
2775 2799 2968 2839 omnes
3001 2826 3015 2849 ,
3049 2792 3364 2853 contempto
3415 2784 3551 2852 Deo,

1951 2889 2342 2954 peccaverunt.
2367 2880 2466 2950 Qui
2492 2889 2674 2935 autem
2715 2887 2845 2934 sunt
2892 2878 3012 2950 qui,
3063 2887 3382 2949 contempto
3415 2879 3552 2948 Deo,

1951 2985 2344 3046 peccaverunt;
2380 2976 2483 3029 nisi
2513 2974 2603 3045 qui
2641 2973 2890 3043 neglecto
2930 2972 3194 3028 Creatore
3249 2972 3556 3028 servierunt

1952 3077 2219 3124 creatura:
2245 3110 2259 3135 ,
2315 3067 2452 3123 deos
2500 3066 2602 3122 sibi
2645 3066 3044 3121 constituentes
3086 3080 3226 3136 quos
3269 3066 3554 3134 colerent,

1952 3162 2018 3218 ad
2047 3161 2299 3233 injuriam
2332 3161 2427 3216 Dei
2451 3159 2514 3212 1”
2552 3161 2761 3217 Idcirco
2793 3160 3082 3215 laetabatur
3122 3160 3174 3214 in
3203 3160 3324 3215 istis
3363 3160 3556 3216 diabo-

245 3251 473 3307 rabatur
526 3254 668 3309 enim
716 3255 842 3325 quia
889 3255 1228 3326 judicaturus
1280 3268 1427 3314 esset
1490 3259 1636 3314 Deus
1675 3273 1847 3328 genus
1875 3248 1920 3310 C
1957 3255 2064 3322 lus,
2096 3254 2225 3326 quia
2255 3253 2478 3310 videbat
2506 3255 2630 3308 illos
2659 3254 2965 3310 imitatores
2994 3268 3124 3309 suos
3154 3254 3398 3310 etl'ectos.
3422 3254 3556 3310 Nam

244 3344 570 3414 humanum,
611 3362 675 3404 ac
699 3364 794 3418 per
833 3349 934 3405 hoc
958 3365 1064 3406 non
1117 3351 1490 3422 imputabatur
1538 3362 1842 3424 peccatum,

242 3439 271 3477 δ
298 3441 458 3510 quasi
489 3450 774 3511 peccatum
824 3457 932 3498 non
961 3446 1238 3515 cognitum
1280 3454 1425 3501 esset
1463 3447 1606 3515 apud
1653 3447 1844 3512 Deum,

243 3536 586 3593 incuriosum
611 3537 779 3593 Deum
805 3549 1136 3596 asserentes.
1170 3542 1237 3596 At
1265 3541 1352 3596 tibi
1387 3551 1565 3595 autem
1611 3541 1694 3596 lex
1723 3541 1846 3595 data

243 3640 324 3685 cst
361 3647 461 3702 per
483 3631 728 3702 Moysen,
754 3633 1161 3688 manifestatum
1207 3644 1291 3689 est
1332 3648 1527 3689 curare
1561 3635 1726 3688 Deum
1757 3648 1850 3688 res

243 3724 537 3791 humanas,
581 3734 774 3780 etnon
815 3723 1037 3796 impune
1079 3727 1148 3782 iis
1195 3726 1432 3782 futurum
1490 3727 1581 3798 qui
1625 3727 1851 3781 malefi-

240 3819 478 3884 cientes,
512 3831 856 3888 quacumque
883 3833 952 3874 ex
997 3833 1158 3874 causa
1190 3821 1243 3874 in
1303 3821 1555 3890 prmseuti
1589 3819 1846 3875 evadunt.

240 3911 382 3967 Nam
414 3912 600 4001 utique
621 3913 667 3968 si
699 3913 841 3969 inter
869 3929 948 3981 se,
982 3916 1237 3986 magistra
1285 3915 1492 3986 justitia
1515 3915 1600 3973 vel
1631 3924 1845 3979 natura,

240 4016 470 4078 peccata
499 4021 609 4063 non
638 4007 809 4064 inulta
840 4011 1171 4077 censebant;
1207 4021 1410 4083 quanto
1436 4013 1606 4083 magis
1636 4013 1805 4068 Deum
1831 4054 1844 4079 ,

239 4119 409 4175 quem
450 4103 638 4159 mundi
686 4103 933 4160 sciebant
975 4105 1258 4178 opillccm,
1295 4107 1410 4162 lucc
1458 4108 1845 4178 requisiturum

241 4215 353 4256 non
400 4198 702 4256 debuerant
751 4201 1047 4271 ignorare?
1083 4201 1296 4273 Quippe
1353 4217 1475 4258 cum
1516 4201 1753 4258 Sodoma
1796 4212 1850 4258 et

241 4294 553 4351 Gomorrha
587 4309 687 4366 per
709 4295 886 4366 ignem
915 4295 1236 4366 adjudicatae
1265 4299 1374 4353 sint
1407 4297 1660 4369 deperire
1692 4295 1845 4368 (Gen.

243 4402 357 4453 xix,
389 4385 508 4459 24),
539 4385 685 4458 quod
723 4387 927 4443 oblivio
967 4388 1185 4459 quidem
1231 4397 1474 4457 texerat;
1502 4391 1716 4463 Moyses
1753 4405 1849 4444 au-

243 4489 354 4536 tem
387 4488 446 4534 ut
476 4478 719 4536 ﬁrmaret
747 4480 918 4537 Deum
941 4481 1182 4553 judicem
1227 4481 1363 4550 fore,
1395 4483 1691 4540 scribendo
1729 4498 1848 4538 ma-

241 4574 551 4630 nil'estavit.
583 4574 690 4631 Sed
714 4590 835 4632 cum
868 4576 1242 4647 praetermisso
1271 4577 1404 4644 Deo,
1442 4578 1696 4649 tlgmenta
1729 4592 1842 4634 caa-

242 4679 447 4738 perunt
475 4668 532 4724 in
563 4668 828 4727 honorem
855 4670 952 4728 Dei
975 4671 1246 4742 recipere,
1273 4682 1296 4709 ο
1327 4671 1608 4742 depravati
1638 4681 1842 4741 mente,
1878 4655 1926 4717 ί)

244 4771 460 4830 partem
485 4761 616 4833 legis
656 4762 941 4829 naturalis,
971 4779 1093 4835 qua:
1127 4764 1296 4834 prima
1325 4772 1431 4829 est,
1476 4764 1842 4822 calcaverunt.

244 4854 383 4924 Quia
426 4857 511 4911 lex
556 4856 816 4912 naturalis
864 4865 975 4913 tres
1022 4858 1187 4914 habet
1220 4868 1427 4930 partes,
1471 4860 1628 4931 cujus
1670 4860 1844 4931 prima

245 4947 366 5004 haec
389 4956 496 5016 est,
530 4959 588 5003 ut
617 4949 831 5020 agnitus
857 4950 1158 5008 honoretur
1182 4951 1433 5022 Creator,
1455 4969 1558 5010 nec
1595 4954 1712 5025 ejus
1738 4954 1850 5009 cla-

245 5041 380 5097 ritas
426 5049 485 5096 et
531 5040 841 5112 majestasd
871 5043 1034 5098 alicui
1078 5043 1147 5100 de
1197 5047 1467 5101 creaturis
1513 5046 1848 5117 deputetur:

245 5133 489 5189 secunda
517 5142 698 5190 autem
724 5149 850 5205 pars
870 5145 956 5192 est
979 5137 1200 5193 moralis
1221 5179 1236 5205 ,
1267 5137 1368 5194 hoc
1397 5147 1502 5205 est,
1523 5147 1580 5194 ut
1605 5139 1746 5196 bene
1769 5138 1853 5194 vi.

249 5227 711 5296 vatur,modestia
723 5229 1348 5303 gubernante;congruit
1363 5232 1510 5288 enim
1532 5231 1736 5288 homini
1754 5233 1851 5290 ba-

246 5385 426 5454 addit,
466 5391 730 5457 tenebant,
787 5402 894 5445 non
929 5389 1290 5446 incommode.
1338 5391 1592 5445 Attamen
1652 5393 1847 5447 melius

248 5461 452 5533 reliqui
475 5475 606 5533 mss.
640 5473 692 5518 et
735 5476 928 5518 omnes
957 5462 1114 5526 edit.,
1161 5463 1252 5517 sed
1289 5463 1572 5533 superiori,
1605 5465 1753 5533 quasi
1789 5466 1846 5518 iu

250 5532 438 5596 libera,
467 5531 558 5588 ubi
591 5534 930 5603 subintellige
965 5535 1218 5588 custodia.

328 5614 352 5678 9
379 5604 504 5678 Mss.
530 5603 755 5678 aliquot,
785 5607 993 5660 territus
1017 5607 1173 5678 fugit.

322 5675 351 5714 ι)
381 5675 584 5749 Omnes
612 5676 754 5749 edit.
776 5688 832 5732 et
852 5675 1258 5748 quidain'mss”
1273 5680 1425 5749 quasi
1450 5687 1718 5747 peccatum
1740 5696 1843 5735 non

251 5758 384 5802 esset
407 5763 425 5801 :
448 5748 540 5801 alii
573 5747 756 5820 plures
782 5747 1259 5820 nobiseum,quasi
1287 5747 1556 5820 peccatum
1585 5751 1850 5818 cognitum

252 5836 357 5875 non
395 5827 525 5895 esset
554 5834 572 5873 :
597 5817 765 5895 Co_rb_.
797 5820 970 5887 solus,
1026 5817 1147 5893 quia
1191 5824 1236 5876 si
1269 5817 1540 5895 peccatum
1570 5817 1673 5877 τιοή
1721 5831 1854 5877 esset

253 5891 515 5964 cognitum
540 5889 685 5962 apud
718 5889 901 5960 Deum,
931 5889 1278 5952 incuriosum'
1309 5893 1477 5950 Deum
1509 5905 1811 5950 assererem.

1952 3358 2008 3406 et
2034 3349 2216 3404 Thare
2239 3346 2670 3417 paterAbrahm,
2692 3358 2747 3403 ct
2767 3347 2983 3404 Nachor
3013 3355 3069 3404 et
3090 3347 3275 3403 Laban
3302 3349 3556 3419 proprios

1954 3441 2093 3498 Deos
2122 3441 2225 3496 sibi
2256 3440 2628 3495 vindicabant.
2656 3440 2723 3494 Et
2754 3449 3036 3511 peccatum
3062 3440 3194 3495 Adte
3248 3458 3354 3497 non
3396 3441 3558 3512 longe

1949 3543 2035 3590 est
2061 3536 2128 3590 ab
2146 3533 2482 3597 idololatria;
2506 3533 3071 3604 prmvaricavitenim,
3094 3543 3292 3604 putans
3305 3549 3363 3589 se
3382 3533 3557 3588 homi-

1951 3647 2073 3686 nem
2100 3630 2338 3685 l'uturum
2357 3630 2548 3684 Deum.
2565 3628 2888 3684 Estimavit
2904 3631 3045 3684 cnim
3065 3629 3166 3686 hoc
3186 3631 3356 3700 magis
3372 3629 3559 3698 prolu-

1949 3734 2156 3790 turum,
2180 3724 2326 3795 quod
2347 3723 2600 3780 diabolus
2625 3723 2818 3788 suasit,
2855 3738 3015 3794 quam
3033 3726 3176 3793 quod
3211 3725 3352 3778 Deus
3369 3723 3554 3793 jussit,

1951 3817 2004 3871 in
2037 3817 2163 3873 loco
2196 3817 2288 3872 Dei
2343 3817 2622 3872 diabolum
2661 3825 2940 3880 statuens;
2985 3817 3132 3871 unde
3175 3828 3228 3871 et
3269 3816 3551 3887 subjectus

1948 3925 2030 3971 est
2055 3915 2292 3971 diabolo.
2334 3913 2602 3970 Similiter
2639 3921 2695 3970 ει
2738 3914 2815 3980 hi,
2849 3922 3194 3984 transgresso
3240 3912 3378 3976 Deo,
3409 3910 3538 3965 dum

1949 4018 2218 4066 creaturae
2243 4009 2510 4074 serviunt,
2534 4016 2762 4078 peccant
2783 4006 2945 4060 simili
2971 4005 3153 4071 modo,
3185 4020 3292 4059 non
3317 4005 3544 4073 eodem;

1951 4102 2074 4173 quia
2117 4101 2418 4157 similitudo
2463 4102 2603 4156 solet
2635 4101 2840 4155 habere
2869 4097 3070 4168 aliquid
3118 4096 3407 4152 dissimile.
3437 4096 3551 4152 Nec

1951 4198 2096 4254 enim
2125 4205 2306 4269 potest
2349 4197 2455 4253 dici
2487 4198 2612 4268 quia
2635 4204 2689 4250 ct
2716 4195 2769 4249 hi
2798 4194 2890 4265 qni
2940 4200 3276 4263 praeceptum
3327 4206 3552 4262 accepe-

1949 4300 2079 4347 runt
2132 4306 2244 4348 non
2297 4291 2494 4348 edendi
2543 4289 2612 4346 de
2661 4289 2860 4344 arbore
2915 4287 3060 4342 sicut
3110 4285 3282 4341 Adam
3329 4284 3552 4340 luerunt

1957 4385 2110 4459 (Gen.
2170 4401 2231 4454 tt,
2283 4386 2398 4458 l6),
2447 4385 2538 4456 qui
2586 4390 2980 4455 peccaverunt,
3031 4394 3140 4435 non
3195 4379 3555 4450 praevaricato

1957 4481 2088 4547 Deo,
2147 4482 2243 4538 sed
2299 4481 2351 4537 in
2406 4481 2523 4552 lege
2552 4480 2816 4536 naturali.
2875 4477 2978 4546 Qui
3031 4477 3175 4532 enim
3244 4474 3554 4543 intellexit,

1954 4578 2072 4634 sive
2110 4593 2175 4634 ex
2201 4577 2458 4642 traduce,
2491 4578 2606 4632 sive
2654 4574 2859 4631 indicio
2885 4573 3143 4639 naturali,
3179 4581 3232 4627 et
3258 4581 3557 4627 veneratus

1951 4680 2038 4728 est
2066 4671 2254 4737 Deum,
2308 4671 2439 4725 nulli
2487 4669 2956 4726 honoriﬁcentiam
2989 4667 3229 4723 nominis
3276 4682 3339 4722 ac
3385 4667 3556 4737 maje-

1952 4765 2113 4822 statis
2135 4765 2252 4834 ejus
2288 4764 2635 4835 impertiens;
2677 4763 2719 4818 si
2753 4763 3018 4833 peccavit,
3044 4763 3168 4833 quia
3211 4760 3556 4831 impossibile

1953 4869 2039 4915 est
2067 4873 2174 4914 non
2209 4871 2460 4930 peccare,
2491 4858 2592 4912 sub
2626 4857 2734 4911 Deo
2793 4859 3058 4926 peccavit,
3115 4870 3219 4910 non
3273 4855 3326 4908 in
3360 4854 3552 4918 Deum,

1953 4964 2112 5020 quem
2158 4948 2399 5021 judicem
2432 4948 2602 5003 sensit
2638 4964 2651 5002 :
2691 4944 2927 5017 ideoque
2962 4948 3012 5000 in
3049 4944 3364 5015 hnjusmodi
3406 4956 3556 4997 mors

1951 5059 2059 5101 non
2089 5045 2358 5116 regnavit.
2392 5043 2449 5098 in
2481 5044 2582 5098 hos
2610 5050 2790 5097 autem
2818 5084 2830 5104 ,
2857 5042 2966 5114 56
3003 5041 3146 5095 sicut
3194 5039 3330 5101 dixi,
3363 5051 3558 5106 regna-

1955 5142 2054 5206 vit,
2101 5141 2190 5212 qui
2245 5139 2345 5195 sub
2396 5139 2580 5208 specie
2636 5137 2908 5192 idolorum
2947 5134 3264 5191 servierunt
3313 5130 3551 5186 diabolo.

1955 5234 2244 5306 Propterea
2268 5234 2412 5306 quod
2438 5233 2519 5290 lex
2554 5232 2606 5288 in
2656 5231 2985 5287 auctoritate
3029 5243 3139 5282 non
3167 5233 3286 5281 erat
3314 5223 3556 5296 promul-

2033 5404 2054 5431 ο
2086 5391 2249 5447 Corb.
2280 5392 2474 5458 codex,
2522 5393 2788 5463 depravati
2835 5391 2993 5462 legem
3043 5385 3225 5440 mentis
3275 5387 3549 5451 naturalis,

1955 5481 2068 5536 quae
2096 5465 2284 5535 prima,
2315 5475 2425 5519 etc.

2025 5534 2050 5573 ἀ
2083 5529 2211 5590 Mss.
2254 5529 2479 5606 aliquot,
2509 5537 2666 5590 alicui
2692 5544 2876 5606 prrrter
2908 5529 3047 5584 Filio
3080 5530 3375 5606 deputetur.

2027 5618 2051 5644 ⁸
2080 5607 2245 5662 Corb.
2289 5602 2393 5664 ms.
2420 5651 2435 5676 ,
2489 5604 2924 5679 quemadmodum
2966 5611 3167 5655 creator
3234 5602 3414 5656 merito
3468 5619 3552 5656 c0-

1955 5681 2286 5807 10,:‘ridcirco
2310 5752 2701 5808 lwtabatur.....
2737 5746 2974 5814 effectos,
3001 5744 3188 5799 deerat
3216 5744 3267 5798 in
3297 5743 3556 5800 omnibus

1956 5822 2086 5879 edit.
2151 5825 2298 5896 quod
2357 5841 2460 5881 nos
2515 5834 2683 5895 prope
2735 5833 2802 5875 ex
2863 5816 3115 5874 omnibus
3181 5830 3315 5871 mss.
3391 5818 3554 5882 resti-

1963 5897 2183 5956 tuimus.
