4082 6306
548 274 624 335 93
1614 284 1707 340 AD
1746 283 1979 342 ΟΡΕΒΑ
2017 286 2077 345 S.
2120 285 2447 344 AMBROSII
2488 286 2858 344 APPENDIX.
3792 292 3860 351 96

548 411 698 474 gata,
725 401 966 472 iudicem
995 402 1164 458 Deum
1208 403 1529 474 praesentire
1558 405 1946 476 nequiverunt.
1981 404 2154 458 Maxi-
2184 410 2238 468 Α
2263 415 2474 468 serunt.
2522 404 2948 462 ltonorilicantes
3001 416 3282 464 auctorem
3312 406 3454 479 ejus,
3506 424 3618 466 non
3671 412 3857 483 utique

549 509 638 550 ma
666 496 813 551 enim
843 510 968 567 pars
991 497 1177 552 mundi
1209 497 1378 552 Deum
1411 496 1526 553 l'ore
1549 497 1792 568 iudicem
1823 498 2150 568 ignorabat:

558 590 818 662 perpauci
847 600 1027 646 autem
1060 592 1112 646 in
1137 605 1277 662 quos
1301 607 1409 648 non
1444 593 1691 663 regnavit
1720 608 1899 660 mors;
1933 592 1987 647 in
2017 607 2154 663 quos

555 693 738 739 autem
771 685 1046 754 regnavit,
1080 691 1205 755 post
1225 683 1384 740 istam
1413 695 1671 753 mortem,
1713 700 1835 756 quae
1873 689 2044 755 prima
2071 684 2157 740 di-

543 778 720 846 citur,
769 795 801 835 a
846 780 1085 836 secunda
1130 780 1346 849 excepti
1378 791 1508 835 sunt
1536 779 1603 835 ad
1646 794 1864 851 paruam
1889 789 1944 836 et
1972 779 2156 850 perdi-

547 871 750 928 tionem
786 870 1049 928 l‘utttram.
1082 873 1141 929 lu
1186 887 1324 944 quos
1372 881 1551 929 autem
1578 889 1684 928 non
1731 875 1998 944 regnavit,
2028 873 2154 944 quia

553 981 662 1022 non
710 977 1083 1038 peccaverunt
1137 968 1190 1023 in
1233 968 1648 1024 similitudinem
1691 969 2156 1039 prtcvaricationis

545 1058 700 1127 Adae,
730 1059 836 1117 sub
857 1074 954 1132 spe
983 1059 1248 1116 reservati
1275 1070 1404 1117 sunt
1426 1060 1724 1117 aladventui
1773 1061 2078 1117 Salvatoris
2101 1062 2153 1117 in

547 1154 785 1211 libera:
837 1156 978 1211 sicut
1017 1155 1218 1227 legitur
1257 1155 1326 1212 de
1364 1156 1669 1223 Abraham,
1722 1157 1847 1228 quia
1905 1157 2157 1228 quamvis

546 1248 691 1319 apud
731 1248 940 1305 inferos
985 1250 1180 1317 fuerit;
1220 1250 1493 1307 discretus
1547 1262 1726 1307 tamen
1774 1252 1936 1322 longo
1981 1253 2153 1307 inter-

551 1345 700 1399 vallo
733 1354 850 1414 est;
882 1345 958 1401 ita
997 1356 1057 1402 ut
1082 1346 1253 1402 chaos
1298 1357 1448 1403 esset
1500 1347 1693 1416 ingens
1740 1347 2078 1418 interiustos
2103 1356 2159 1403 et

547 1450 867 1512 peccatores
919 1441 1074 1516 (Luc.
1109 1458 1219 1508 xvi,
1251 1441 1365 1513 26).
1407 1441 1464 1498 Si
1497 1443 1640 1498 inter
1665 1443 1846 1512 iustos
1875 1450 1931 1497 et
1963 1456 2157 1512 pecca-

549 1544 696 1591 tores
724 1535 889 1592 chaos
915 1536 1108 1607 ingens
1133 1546 1272 1603 erat,
1299 1537 1327 1575 ιι
1355 1547 1556 1608 quanto
1582 1537 1754 1609 magis
1771 1537 1913 1593 inter
1936 1537 2154 1608 impios,

551 1639 608 1682 ut
657 1626 824 1697 iustis
862 1637 1011 1684 esset
1040 1628 1384 1700 refrigerium
1407 1672 1421 1696 ,
1453 1640 1507 1685 et
1543 1629 1919 1700 peccatoribus
1965 1639 2152 1696 :estus,

561 1720 748 1790 impiis
775 1736 906 1776 vero
949 1722 1144 1787 ardor;
1179 1731 1240 1778 ut
1264 1732 1392 1778 ante
1419 1723 1684 1794 iudicium
1707 1723 1832 1794 quid
1864 1724 2156 1794 unusquis-

2256 500 2500 570 regnavit
2529 499 2580 554 in
2621 515 2716 555 eos
2741 515 2889 556 mors
2917 519 2930 555 :
2966 512 3256 572 propterea
3309 506 3453 559 enim
3486 520 3750 576 regnasse
3776 506 3860 562 di-

2255 592 2425 660 citur,
2457 594 2581 664 quia
2639 594 2879 664 cognitio
2905 597 3068 652 unius
3112 597 3206 653 Dei
3238 610 3534 655 evanuerat
3572 601 3622 657 in
3676 605 3856 661 terris.

2256 685 2499 757 Denique
2525 687 2604 743 sic
2633 689 2797 758 cmpit
2826 689 2951 744 data
2975 690 3085 746 Lex
3112 709 3125 744 :
3150 691 3262 764 Ego
3288 709 3424 761 sum,
3446 694 3643 767 inquit,
3674 696 3857 753 Domi-

2258 795 2353 832 nus
2383 778 2524 834 Deus
2551 790 2688 847 tuus,
2713 782 2800 851 qui
2827 783 2982 837 eduxi
3013 794 3060 838 te
3090 787 3153 838 de
3190 783 3449 857 £gypto,
3485 788 3547 843 de
3575 789 3732 844 domo
3754 807 3857 846 ser-

2255 871 2426 926 vitutis
2448 888 2467 926 :
2496 889 2596 927 non
2625 883 2775 928 erunt
2804 875 2894 928 tibi
2923 876 3000 930 dii
3020 877 3111 932 alii
3134 888 3324 948 prteter
3356 895 3465 948 me;
3494 892 3542 936 et
3568 900 3670 938 non
3697 884 3857 954 facies

2259 965 2348 1018 tibi
2374 965 2588 1034 idolum,
2624 983 2784 1038 neque
2806 967 2967 1022 ullant
2996 971 3386 1027 similitudinem
3409 973 3606 1045 (Exod.
3644 993 3751 1044 xx,
3776 978 3852 1049 9.).

2260 1059 2391 1116 Data
2421 1062 2580 1132 igitur
2629 1063 2742 1119 Lex
2771 1075 2873 1134 c5t,
2910 1082 2978 1122 ne
3029 1083 3176 1124 mors
3206 1081 3501 1140 regnaret;
3535 1081 3594 1128 ut
3638 1075 3856 1131 abolitis

2260 1156 2496 1224 peccatis
2524 1156 2819 1226 prioribus,
2852 1160 2940 1213 uni
2979 1160 3090 1216 Deo
3117 1161 3514 1220 obsecundaret
3549 1181 3726 1236 genus
3757 1169 3854 1222 ltu-

2261 1262 2505 1303 manum.
2542 1249 2694 1304 L'nde
2725 1250 2835 1306 alio
2866 1251 2986 1307 loco
3012 1253 3144 1309 dicit
3195 1254 3338 1312 idem
3362 1259 3656 1327 Apostolus
3691 1279 3705 1313 :
3738 1259 3858 1316 Non

2257 1352 2431 1411 regnet
2449 1353 2715 1410 peccatum
2738 1344 2791 1399 in
2821 1356 2988 1400 restro
3018 1349 3228 1402 mortali
3255 1365 3492 1422 corpore,
3524 1362 3580 1406 ut
3605 1353 3856 1409 obediatis

2259 1438 2304 1492 ei
2333 1438 2588 1508 (ltom.vt,
2628 1439 2736 1512 l2).
2765 1440 2883 1508 Quo
2922 1443 3067 1499 dicto
3095 1444 3339 1500 ostendit
3362 1447 3527 1502 etiam
3568 1463 3715 1504 nunc
3744 1466 3860 1520 reg-

2261 1545 2390 1585 nare
2418 1540 2668 1598 mortem,
2700 1533 2744 1586 si
2768 1532 2880 1590 Lex
2910 1544 3320 1592 contemnatur.
3371 1537 3527 1607 Quod
3551 1540 3700 1595 enim
3742 1557 3859 1613 reg-

2261 1641 2386 1680 num
2405 1627 2599 1682 mortis
2617 1637 2718 1693 est,
2750 1629 2851 1683 nisi
2881 1643 3007 1685 cum
3028 1630 3088 1684 lit
3109 1631 3362 1688 voluntas
3385 1633 3669 1704 eius,dum
3696 1637 3863 1708 impe-

2261 1729 2366 1784 rat,
2398 1718 2465 1774 ad
2494 1720 2791 1790 perniciem
2821 1722 3156 1787 obedientis,
3177 1725 3335 1796 cuius
3362 1727 3574 1798 imperii
3604 1730 3859 1788 voluntas

548 1827 656 1883 que
692 1814 889 1884 dignus
910 1824 1078 1882 esset,
1112 1831 1220 1872 non
1247 1816 1487 1874 lateret?
1514 1819 1591 1872 Ac
1615 1834 1709 1887 per
1740 1817 1843 1872 hoc
1896 1817 2155 1888 regnabat
2187 1817 2234 1877 Β
2259 1822 2422 1886 caput
2441 1822 2525 1870 est
2553 1815 2914 1873 idololatriae?

551 1905 603 1960 in
636 1921 732 1962 eos
754 1922 926 1975 mors,
958 1909 1082 1979 quia
1114 1909 1518 1980 videbatopera
1548 1910 1871 1965 subtilitatis
1887 1925 2000 1966 suae
2029 1925 2159 1981 pro-

552 1998 750 2056 fecisse
779 2001 860 2056 eis
905 2001 972 2057 ad
1000 2017 1214 2073 pinnam
1242 2005 1396 2074 quasi
1445 2003 1702 2059 inimicis.
1736 2003 1853 2059 Non
1897 2003 2042 2058 enim
2079 2004 2158 2058 la-

551 2094 656 2148 tuit
689 2095 838 2150 illum
861 2097 926 2151 ad
962 2097 1064 2153 hoc
1096 2097 1298 2153 factum
1330 2097 1604 2152 hominem
1637 2099 1686 2152 in
1718 2097 1942 2162 mundo,
1967 2107 2025 2152 ut
2056 2099 2157 2153 im-

546 2188 760 2256 perium
784 2191 947 2247 unius
969 2191 1067 2248 Dei
1098 2192 1450 2264 praedicaret,
1495 2193 1638 2265 quod
1664 2194 2046 2266 praevaricatus
2074 2206 2157 2252 est

549 2280 800 2340 Satanas.

622 2375 702 2431 Ae
724 2377 770 2431 si
811 2377 864 2431 in
884 2377 1079 2436 Graeco
1112 2395 1218 2436 non
1255 2383 1326 2437 ita
1359 2393 1577 2439 cautum
1619 2384 1862 2450 dicatur;
1901 2385 1982 2441 sic
2007 2386 2152 2442 enim

548 2466 750 2524 dicitur
799 2473 1089 2543 scriptum,
1143 2476 1310 2531 etiam
1362 2479 1414 2532 in
1462 2492 1557 2534 eos
1597 2487 1831 2534 mortem
1873 2495 2152 2550 regnasse,

535 2563 638 2633 'qui
674 2580 782 2621 non
839 2579 1206 2635 peccaverunt
1256 2571 1310 2625 in
1363 2571 1776 2629 similitudinem
1824 2575 2154 2643 praevarica-

545 2655 709 2712 tionis
735 2658 890 2714 Adae.
924 2660 1123 2716 Tetum
1148 2664 1294 2718 enim
1329 2663 1418 2718 hic
1455 2667 1776 2736 complexus
1807 2667 2046 2734 videtur,
2096 2677 2153 2722 ut

547 2749 676 2817 quia
711 2765 881 2818 mors,
914 2752 964 2807 id
988 2762 1094 2819 est,
1123 2754 1415 2811 dissolutio
1436 2799 1452 2823 ,
1496 2774 1594 2828 per
1621 2760 1878 2814 invidiam
1907 2759 2046 2816 facta
2070 2771 2155 2816 est

549 2840 774 2912 diaboli,
809 2845 1046 2902 etiamin
1069 2863 1166 2904 eos
1205 2851 1298 2919 qui
1325 2866 1432 2905 non
1459 2863 1846 2922 peccaverunt,
1895 2869 2152 2925 regnasse

551 2946 781 2993 mortem
810 2939 992 3008 dicat,
1042 2945 1353 3000 moriuntur
1379 2947 1546 3014 enim,
1581 2951 1723 3020 quod
1775 2950 1884 3006 voti
1927 2961 2008 3007 est
2053 2952 2151 3007 Sa-

542 3039 705 3084 tanae.
779 3031 937 3099 Quod
992 3036 1038 3090 si
1092 3052 1279 3091 verum
1327 3051 1508 3105 esset,
1554 3058 1661 3097 non
1712 3046 1952 3114 oportuit
1995 3046 2148 3102 dici:

549 3119 796 3192 Regnavit
820 3141 961 3182 mors
987 3128 1052 3181 ab
1095 3129 1263 3184 Adam
1291 3148 1452 3202 usque
1478 3135 1547 3189 ad
1600 3135 1858 3208 Moysen;
1887 3139 1931 3193 si
1955 3139 2027 3194 ab
2050 3140 2148 3194 ini-

2333 1907 2401 1963 Et
2431 1919 2610 1964 tamen
2630 1910 2709 1966 sic
2733 1912 3109 1981 prtescribitur
3132 1915 3289 1970 nobis
3329 1915 3398 1972 dc
3419 1916 3626 1975 Grmcis
3648 1921 3855 1977 codici-

2260 2003 2382 2069 bus,
2425 2005 2577 2074 quasi
2620 2020 2725 2060 non
2777 2006 2878 2077 ipsi
2934 2008 3002 2062 ab
3033 2008 3266 2066 invicem
3314 2011 3658 2082 discrepent;
3715 2017 3855 2086 quod

2261 2101 2388 2156 facit
2419 2103 2661 2159 studium
2691 2107 3080 2164 contentionis.
3129 2110 3264 2177 Quia
3307 2111 3452 2166 enim
3482 2115 3708 2182 propria
3740 2112 3856 2182 quis

2257 2195 2584 2251 auctoritate
2612 2197 2689 2250 uti
2721 2213 2828 2252 non
2861 2209 3036 2268 potest
3065 2199 3132 2255 ad
3166 2202 3480 2270 victoriam,
3529 2202 3698 2259 verba
3726 2203 3855 2274 legis

2258 2286 2559 2356 adulterat;
2590 2301 2643 2345 ut
2664 2307 2883 2347 sensum
2907 2308 3063 2349 suum
3097 2297 3249 2366 quasi
3271 2297 3440 2353 verba
3466 2297 3603 2369 legis
3625 2307 3852 2363 asserat,

2256 2393 2316 2438 ut
2347 2399 2455 2440 non
2487 2386 2648 2454 ratio,
2707 2389 2801 2443 sed
2843 2391 3141 2446 auctoritas
3185 2393 3538 2462 praescribere
3585 2391 3852 2449 videatur.

2261 2487 2282 2514 ο
2305 2476 2535 2534 Constat
2555 2489 2735 2536 autem
2766 2496 2927 2551 porro
2959 2484 3090 2539 olim
3121 2484 3385 2554 quosdam
3416 2485 3644 2542 Latinos
3669 2486 3740 2543 de
3767 2501 3854 2541 ve-

2258 2569 2462 2626 teribus
2510 2575 2703 2643 graecis
2763 2577 3055 2632 translatos
3099 2578 3382 2635 codicibus
3415 2621 3430 2648 ,
3481 2595 3621 2652 quos
3680 2581 3854 2637 incor-

2255 2673 2446 2734 ruptos
2487 2665 2809 2735 simplicitas
2860 2655 3167 2740 temporum
3215 2674 3455 2729 servavit
3507 2683 3562 2728 et
3621 2674 3850 2744 probat:

2256 2765 2539 2828 postquam
2571 2769 2747 2816 autem
2779 2777 2808 2816 a
2832 2763 3123 2818 concordia
3167 2765 3365 2822 animis
3415 2766 3848 2834 discedentibus,

2255 2859 2307 2903 et
2337 2852 2607 2908 Itazreticis
2651 2856 3102 2924 perturbantibus
3161 2862 3399 2931 torqueri
3456 2862 3848 2932 quaestionibus

2253 2957 2553 3014 cmperunt,
2587 2949 2752 3004 multa
2797 2951 3082 3007 immutata
3131 2966 3259 3010 sunt
3283 2955 3351 3010 ad
3384 2971 3605 3012 sensum
3654 2957 3846 3013 huma-

2254 3054 2416 3103 num;
2444 3049 2500 3095 ut
2525 3040 2627 3096 ltoc
2642 3042 3016 3100 contineretur
3038 3046 3144 3118 57
3160 3047 3213 3102 in
3239 3048 3458 3116 litteris,
3477 3050 3619 3120 quod
3642 3049 3848 3106 homini

2252 3131 2534 3190 videretur
2563 3152 2577 3189 :
2604 3135 2745 3192 unde
2767 3138 2928 3192 etiam
2975 3138 3079 3208 ipsi
3121 3139 3296 3196 Grteci
3338 3141 3590 3199 diversos
3632 3143 3849 3199 codices

547 3212 622 3265 tio
654 3228 827 3285 usque
867 3217 932 3272 ad
966 3217 1126 3274 tinem
1156 3234 1348 3292 regnat
1375 3223 1427 3279 in
1461 3241 1675 3283 omnes.
1729 3230 1835 3284 Aut
1866 3229 2006 3287 forte
2029 3249 2148 3302 gra-
2181 3222 2224 3284 Ο
2258 3225 2482 3283 habent.
2525 3227 2638 3284 Hoc
2664 3241 2846 3286 autem
2875 3247 3062 3287 verum
3088 3234 3359 3303 arbitror,
3383 3237 3602 3307 quando
3628 3248 3682 3292 et
3716 3237 3850 3292 ratio

545 3303 646 3360 dus
673 3305 822 3374 fecit,
863 3318 919 3364 ut
945 3312 1013 3366 ab
1034 3313 1206 3368 Adam
1239 3332 1410 3386 usque
1436 3321 1502 3372 ad
1547 3319 1769 3393 Moysen
1813 3326 2144 3394 regnaverit,

543 3406 643 3453 eta
679 3399 862 3471 Moyse
882 3419 1055 3476 usque
1079 3407 1146 3462 ad
1185 3407 1486 3478 Cltristum,
1521 3429 1549 3467 a
1583 3414 1800 3470 Christo
1825 3433 1954 3472 vero
1977 3433 2147 3489 usque

543 3493 610 3548 ad
664 3494 856 3564 linem;
912 3509 969 3554 ut
997 3500 1065 3556 ad
1095 3518 1259 3573 quam
1288 3505 1578 3563 utilitatem
1612 3509 1728 3565 haec
1756 3510 1960 3566 locutio
1985 3513 2147 3578 proli-

539 3598 709 3653 ceret,
741 3605 862 3645 cum
895 3608 996 3649 nec
1024 3595 1103 3650 sic
1145 3597 1358 3655 locutus
1415 3602 1697 3672 probetur.
1748 3605 1893 3662 Dixit
1945 3608 2088 3663 enim
2129 3629 2140 3664 :

544 3678 618 3732 Ab
650 3679 817 3736 Adam
868 3688 1098 3755 regnavit
1138 3706 1280 3746 mors
1329 3710 1491 3764 usque
1517 3696 1588 3749 ad
1636 3695 1889 3769 Moysen,
1924 3711 2146 3771 propter

539 3773 684 3842 quod
735 3775 844 3831 Lex
876 3794 983 3834 non
1014 3792 1131 3837 erat
1163 3785 1534 3854 manifestata,
1569 3799 1627 3845 ut
1674 3791 1796 3846 data
1828 3793 1996 3864 Lege,
2045 3797 2144 3852 sub

535 3867 862 3924 auctoritate
891 3871 1009 3940 ejus
1033 3875 1302 3940 viverent,
1339 3878 1581 3936 scientes
1612 3882 1741 3952 quid
1763 3896 2043 3953 caverent,
2075 3903 2142 3941 ne

536 3969 793 4026 regnaret
843 3962 896 4016 in
941 3980 1038 4018 eos
1079 3983 1248 4022 mors.
1306 3968 1473 4040 Igitur
1515 3973 1762 4042 quiante
1802 3976 1998 4046 Legem
2039 3979 2140 4034 hoc

533 4050 792 4118 servavit,
823 4063 1018 4110 natura
1051 4058 1210 4124 duce,
1258 4064 1403 4131 quod
1444 4072 1638 4134 postea
1684 4067 1796 4122 Lex
1837 4070 2136 4138 mandavit,

534 4143 796 4213 numquid
844 4158 1020 4214 potest
1062 4151 1168 4205 dici
1227 4155 1349 4222 quia
1397 4171 1545 4210 mors
1578 4161 1829 4229 regnavit
1885 4161 1938 4216 in
1970 4165 2140 4218 eum?

541 4230 676 4288 Nam
708 4236 832 4291 vide
853 4239 981 4306 quid
1005 4240 1072 4298 de
1094 4258 1161 4298 eo
1187 4245 1449 4316 scriptum
1482 4248 1556 4303 sit
1581 4269 1594 4305 :
1617 4249 1923 4320 Peccatum,
1942 4255 2134 4325 inquit,

533 4343 635 4383 non
661 4331 1040 4403 imputabatur,
1075 4354 1191 4393 eum
1220 4339 1330 4395 Lex
1351 4358 1453 4396 non
1480 4355 1646 4412 esset;
1673 4354 1729 4401 et
1757 4347 1956 4419 adjecit
1987 4367 2000 4404 :
2029 4349 2138 4405 Sed

529 4425 760 4492 regnavit
790 4442 933 4482 mors
973 4429 1036 4484 ab
1082 4431 1251 4486 Adam
1293 4452 1452 4505 usque
1482 4440 1550 4492 ad
1576 4438 1826 4512 Moysen;
1859 4458 1926 4498 eo
1949 4444 2136 4516 utique

525 4523 795 4588 tempore,
828 4537 936 4592 quo
967 4524 1072 4580 Lex
1109 4542 1213 4583 non
1244 4538 1364 4584 erat
1392 4549 1405 4586 :
1435 4543 1490 4587 et
1511 4537 1769 4592 convenit
1793 4547 1849 4593 ut
1877 4540 2002 4609 quia
2032 4556 2130 4595 an-

2251 3329 2305 3374 et
2326 3319 2556 3376 historia
2601 3333 2654 3378 et
2702 3326 3001 3382 auctoritas
3025 3326 3345 3384 observatur
3379 3348 3391 3383 :
3426 3345 3550 3391 nam
3585 3331 3848 3402 hodieque

2252 3413 2304 3468 in
2329 3413 2534 3468 Latinis
2566 3416 3044 3486 reprehenduntur
3065 3421 3365 3485 codicibus,
3392 3423 3470 3479 sic
3503 3425 3848 3481 inveniuntur

2250 3521 2280 3560 a
2321 3507 2598 3563 veteribus
2649 3509 2849 3578 posita,
2900 3511 3257 3583 Tertulliaao,
3314 3515 3598 3574 Victorino
3643 3529 3700 3574 et
3742 3516 3845 3592 Cy-

2249 3600 2461 3671 priano.

2319 3693 2558 3750 Primum
2605 3694 2768 3766 igitur
2819 3697 2870 3753 in
2915 3698 3102 3754 Judtea
3149 3703 3313 3773 cmpit
3361 3704 3568 3760 destrui
3616 3721 3836 3778 regnum

2248 3787 2466 3852 mortis,
2498 3789 2625 3858 quia
2653 3799 2803 3844 notus
2829 3791 2882 3845 in
2907 3791 3095 3847 Judeea
3129 3793 3267 3849 Deus
3307 3797 3328 3868 (
3356 3794 3500 3851 Psal.
3541 3813 3704 3864 Lsxv,
3739 3801 3842 3868 9.):

2247 3896 2390 3936 nunc
2416 3891 2595 3936 autem
2627 3883 2677 3936 in
2703 3883 2952 3939 omnibus
2975 3887 3232 3956 gentibus
3253 3889 3497 3959 quotidie
3522 3890 3840 3958 destruitur,

2243 3974 2370 4028 dum
2405 3991 2592 4046 magna
2633 3993 2698 4031 ex
2742 3991 2894 4047 parte
2933 3996 2997 4036 ex
3033 3981 3160 4038 ﬁliis
3190 3981 3391 4040 diaboli
3426 3985 3566 4041 ﬁunt
3598 3986 3692 4042 lilii
3728 3987 3842 4043 Dei.

2244 4067 2431 4138 Itaque
2477 4085 2583 4123 non
2615 4071 2664 4124 in
2693 4087 2884 4127 omnes
2925 4077 3171 4144 regnavit
3213 4093 3382 4145 mors,
3416 4079 3511 4134 sed
3547 4081 3597 4134 itt
3630 4096 3731 4136 eos
3758 4082 3843 4153 qui

2243 4176 2602 4233 peccaverunt
2650 4167 2701 4221 in
2747 4168 3164 4227 similitudinem
3197 4174 3662 4243 prtevaricationis
3687 4176 3845 4241 Ada‘,

2239 4257 2383 4313 sicut
2415 4276 2577 4330 supra
2610 4265 2932 4319 memoravi.
2965 4266 3139 4322 Adam
3169 4279 3354 4325 autem
3399 4271 3520 4327 ideo
3555 4271 3728 4328 forma
3759 4273 3838 4328 l'u-

2240 4351 2342 4406 turi
2373 4361 2478 4420 est,
2501 4353 2622 4423 quia
2649 4354 2760 4425 jam
2790 4367 2900 4412 tum
2932 4359 2983 4414 in
3014 4361 3277 4430 mysterio
3301 4362 3552 4420 decrevit
3582 4365 3725 4422 Deus
3750 4382 3843 4437 per

2239 4459 2404 4500 unum
2459 4444 2733 4504 Christum
2777 4452 3091 4517 emendare,
3133 4457 3275 4525 quod
3308 4472 3404 4526 per
3433 4474 3601 4513 unum
3667 4460 3839 4515 Adam

2236 4534 2261 4573 ἀ
2281 4551 2562 4610 peccatum
2591 4555 2730 4611 erat,
2761 4544 2906 4600 sicut
2949 4546 3150 4602 dicitur
3179 4549 3231 4603 in
3262 4551 3590 4622 Apocalypsi
3616 4551 3842 4608 Joannis

527 4619 743 4679 tequztm
783 4613 893 4671 Lex
920 4616 1164 4688 daretur,
1192 4638 1338 4678 mors
1369 4630 1634 4698 regnavit,
1665 4630 1720 4685 in
1747 4646 1842 4686 eos
1867 4648 2128 4702 regnasse
2162 4612 2210 4674 Ῐ)
2237 4634 2472 4702 apostoli
2504 4636 2736 4708 :Agnus,
2761 4637 2956 4709 inquit,
2990 4642 3077 4711 qui
3105 4643 3304 4698 occisus
3325 4653 3400 4698 est
3421 4661 3451 4698 a
3475 4647 3840 4701 constitutione

529 4705 760 4775 dicatur,
792 4710 884 4781 qui
916 4726 1278 4782 peccaverunt
1329 4719 1379 4772 in
1424 4720 1837 4779 similitudinem
1873 4729 2131 4796 praevari-

529 4801 762 4857 cationis
794 4805 945 4870 Adae,
978 4808 1120 4864 sicut
1141 4824 1304 4882 supra
1333 4816 1778 4872 memoravimus.
1800 4820 1953 4875 Sicut
1981 4823 2126 4877 enim

533 4904 656 4960 post
684 4893 880 4967 Legem
911 4899 1092 4955 datam
1132 4905 1225 4972 qui
1260 4905 1425 4960 idolis
1476 4917 1573 4963 aut
1624 4909 1965 4968 fornicationi
2018 4931 2136 4970 ser-

530 4983 766 5054 vierunt,
794 5000 1208 5050 contemnentes
1232 4997 1621 5069 legislaturem,
1676 5006 1923 5074 regnavit
1957 5007 2007 5060 in
2037 5021 2133 5063 eos

529 5095 677 5137 mors
704 5102 717 5149 ;
743 5082 816 5139 ita
850 5095 904 5142 et
931 5099 1058 5144 ante
1086 5089 1284 5162 Legem
1325 5095 1414 5165 qui
1439 5111 1660 5152 sensum
1708 5098 1867 5170 Legis
1891 5116 2135 5170 prtesen-

595 5205 779 5261 ilCod.
850 5209 1120 5275 nonnulli,
1179 5213 1422 5268 adventui
1470 5215 1758 5272 Salvatoris
1822 5220 1874 5273 in
1927 5219 2122 5275 liberu-

521 5276 750 5360 tionem;
781 5280 870 5334 alii
922 5297 1078 5348 vero,
1126 5293 1180 5337 et
1211 5285 1344 5360 edit.
1374 5287 1477 5341 hoc
1529 5291 1670 5360 inter
1711 5305 1770 5343 se
1830 5291 2120 5360 dissident,

520 5351 662 5417 quod
712 5365 843 5425 mss.
915 5370 1020 5408 non
1073 5357 1250 5422 pauci,
1294 5373 1357 5413 ac
1401 5367 1510 5414 vet.
1541 5359 1674 5414 edit.
1716 5360 1966 5425 efferunt,
2029 5351 2125 5417 ad;

523 5432 669 5500 ventu
696 5437 714 5474 :
738 5424 930 5494 reliqui
985 5427 1214 5492 melius,
1273 5432 1516 5485 adventui
1547 5449 1565 5486 :
1597 5431 1758 5486 Rom.
1791 5433 1924 5488 edit.
1957 5424 2119 5500 sola,

521 5490 792 5548 adventus.

593 5559 619 5598 δ
653 5563 726 5617 Ita
767 5564 898 5622 Gill.
943 5584 1005 5624 ac
1053 5569 1214 5628 Rom.
1263 5574 1395 5630 edit.
1448 5590 1571 5629 cum
1619 5591 1750 5632 mss.
1805 5577 2116 5632 nonnullis:

519 5642 630 5719 vet.
667 5645 849 5719 autem
873 5640 1013 5719 edit.
1037 5654 1089 5719 et
1122 5646 1316 5717 reliqui
1370 5661 1528 5712 mss.,
1553 5657 1746 5715 quanto
1787 5649 1951 5719 magis
1995 5648 2116 5718 piis,

517 5715 564 5759 et
583 5709 746 5801 ju'stis
771 5709 1276 5801 essetrefrligeriuni.

594 5790 615 5816 ε
645 5779 801 5867 ῌοτη.
832 5779 998 5867 edit;
1020 5779 1237 5867 Constat
1259 5798 1426 5867 autem
1455 5793 1554 5861 [tae
1578 5809 1669 5867 per
1696 5792 1946 5867 quosdam
1966 5792 2116 5847 Lati-

515 5856 612 5905 nos
641 5852 704 5908 de
729 5855 982 5913 veteribus
1013 5856 1211 5914 Gra’cis
1253 5856 1531 5920 translatos
1578 5852 1954 5927 'olint'eodiees.
1987 5882 2114 5936 quos

2238 4729 2422 4782 mundi
2449 4728 2471 4798 (
2493 4729 2654 4802 Apoc.
2681 4748 2801 4798 xnt,
2825 4732 2914 4803 8).
2948 4733 3190 4807 Denique
3211 4735 3480 4808 subiecit:

2309 4824 2329 4897 (
2348 4825 2505 4880 Vcrs.
2541 4826 2657 4897 15.)
2689 4827 2798 4883 Sed
2842 4845 2943 4883 non
2973 4830 3103 4884 sicut
3135 4831 3400 4898 delictum,
3431 4834 3505 4889 ita
3533 4844 3580 4889 et
3620 4835 3836 4890 donum.

2239 4915 2470 4988 Propter
2497 4919 2640 4988 quod
2668 4921 2811 4976 enim
2849 4922 3080 4978 formam
3110 4940 3235 4982 esse
3265 4927 3404 4982 dixit
3444 4929 3611 4984 unius
3639 4928 3841 4986 Chriin

2239 5026 2405 5067 unum
2438 5013 2641 5081 Adam;
2679 5031 2745 5070 ne
2771 5026 2828 5071 et
2861 5032 3082 5074 causam
3116 5019 3248 5076 Adae
3300 5023 3462 5078 talem
3495 5023 3838 5094 signiﬁcasse

2239 5113 2540 5175 putaretur,
2589 5110 2768 5179 qualis
2795 5118 2852 5166 et
2881 5110 3089 5169 Christi
3119 5123 3234 5182 est;
3270 5115 3395 5172 ideo
3425 5117 3503 5174 ait
3532 5135 3544 5172 :
3579 5117 3688 5175 Sed
3732 5137 3838 5174 non

2236 5223 2560 5294 incorruptos
2612 5227 2920 5299 simplicitas
2950 5240 3236 5302 temporum
3277 5239 3495 5289 servavit
3524 5246 3572 5290 et
3608 5249 3780 5292 servat
3812 5255 3831 5292 :

2234 5307 2505 5366 postquam
2562 5309 2734 5353 autent
2789 5304 3066 5356 concordia
3114 5305 3302 5360 animis
3373 5307 3830 5365 dissidentibus....

2231 5370 2458 5438 torqueri
2493 5372 2896 5445 Δςιιιίλτξειὶοῃίίῃιε
2942 5378 3112 5445 coepit.
3170 5377 3291 5432 Vet.
3352 5386 3533 5433 autem
3572 5382 3708 5436 edit.
3763 5397 3827 5434 ac

2231 5454 2382 5516 mss.‘
2417 5441 2698 5497 nobiscum
2745 5443 2982 5510 faciunt,
3018 5441 3141 5502 ἠἰςί
3171 5451 3315 5516 qttod
3347 5449 3552 5505 ett-dem
3602 5453 3737 5506 edit.
3771 5469 3834 5509 ac

2228 5512 2384 5594 pauci
2418 5527 2550 5566 mss.
2583 5530 2698 5596 .pro
2741 5517 3128 5574 discedentibus
3179 5512 3381 5577 habent
3431 5522 3830 5587 dissidentibus.

2229 5597 2412 5637 minus
2441 5599 2728 5641 conetnne.

2299 5651 2324 5690 ιι
2371 5661 2450 5733 Ita_
2470 5657 2716 5728 plerique
2739 5673 2870 5714 mss.
2896 5671 2950 5716 at
2977 5662 3067 5716 alii
3094 5665 3360 5733 nonnulli,
3385 5675 3438 5720 et
3461 5680 3651 5720 omnes
3670 5666 3829 5728 edit.,

2227 5727 2624 5809 prwvaricatum
2662 5739 2775 5809 erat
2804 5748 2824 5786 :
2872 5735 2994 5789 cod.
3024 5751 3156 5792 vero
3176 5727 3367 5803 Corb.',
3400 5754 3491 5807 per
3517 5739 3831 5809 pramariea‘

2224 5798 2414 5854 tionem
2458 5812 2721 5870 peccatum
2747 5803 3048 5860 increverat.
