4082 6306
266 301 338 358 97
1134 289 1634 357 COMMENTARIA
1684 293 1743 352 IN
1789 288 2178 353 EI‘IS'I'OLAM
2221 292 2314 349 ΑΙ)
2355 290 2704 352 ROMANOS.
3528 293 3596 354 98

264 416 401 469 sicut
429 416 709 484 delictum,
735 418 803 470 itu
826 426 872 470 et
895 415 1128 480 donum;
1157 417 1280 486 quia
1311 415 1362 469 in
1389 430 1454 470 eo
1480 423 1685 469 tantum
1711 412 1877 468 forma
1912 423 1955 480 Α
1986 409 2178 464 stitiam
2211 409 2263 462 in
2297 425 2470 464 omnes
2501 409 2732 465 homines
2759 410 2813 464 in
2835 409 3272 483 jttstiﬁcationem
3300 409 3458 465 vita’:
3499 410 3605 465 hoc

265 507 449 563 Adam
492 508 710 564 Christi
751 519 853 576 est,
904 510 1025 580 quia
1074 507 1217 580 quod
1251 523 1390 563 unus
1433 508 1692 578 peccavit,
1743 523 1878 561 unus
1987 515 2094 571 est,
2119 504 2376 574 sicutper
2399 504 2560 560 unius
2581 504 2840 560 delictunt
2865 521 3056 561 omnes
3073 504 3601 560 condemnationem

266 602 614 657 emendavit.
1985 605 2298 652 meruerunt
2317 597 2570 652 similiter
2596 608 2908 667 peccantes,
2935 600 3007 653 ita
3030 607 3085 654 et
3117 599 3169 652 in
3191 599 3406 668 justitia
3441 599 3606 653 unius

344 697 409 751 Si
441 697 582 752 enim
615 697 771 752 unius
799 697 986 752 delicto
1013 696 1162 751 multi
1191 697 1378 750 mortui
1419 707 1558 760 sunt,
1583 695 1743 750 multo
1773 710 1882 748 ma—
1983 706 2173 748 omnes
2218 691 2658 762 justifieabuntur
2699 691 3010 748 credentes.
3056 695 3109 749 Si
3133 695 3224 765 qui
3281 694 3391 766 58
3417 702 3600 748 autent

266 789 346 859 gis
374 789 552 858 gratia
587 787 685 844 Dei
716 799 764 843 et
791 789 984 843 donum
1022 789 1073 843 in
1103 789 1273 860 gratia
1304 789 1455 844 unius
1487 787 1708 842 hominis
1751 785 1882 842 Jesu
1982 783 2495 842 condemnationem
2527 785 2668 840 hanc
2691 787 3003 856 generalem
3028 802 3151 843 esse
3176 796 3388 858 putant,
3429 787 3596 842 simili

270 880 475 936 Christi
503 883 556 936 in
585 883 762 953 plures
796 881 1115 938 abundavit:
1144 882 1247 937 hoc
1284 893 1389 946 est,
1422 882 1465 936 si
1501 881 1659 936 unius
1683 879 1881 935 delicto
1986 879 2146 936 modo
2175 889 2230 936 et
2272 879 2723 950 justificationem
2773 880 3088 951 generalem
3137 880 3436 952 accipient.
3492 880 3601 937 Sed

271 973 430 1028 multi
471 973 676 1029 mortui
708 986 856 1039 sunt,
884 974 1162 1029 imitantes
1193 973 1694 1044 praevaricationem
1731 971 1880 1042 ejus;
1987 991 2094 1028 non
2126 985 2209 1029 est
2237 989 2462 1039 verum,
2492 975 2616 1044 quia
2650 989 2756 1029 non
2790 987 2984 1030 omnes
3014 974 3268 1030 credunt.

273 1067 450 1138 magis
483 1067 659 1140 gratia
688 1068 784 1123 Dei
812 1078 865 1123 et
890 1067 1092 1122 donum
1120 1068 1170 1121 in
1205 1067 1390 1138 plures
1423 1065 1724 1122 abundavit
1752 1079 1884 1120 con-
2057 1065 2250 1137 (Vers.
2281 1065 2404 1138 19.)
2431 1066 2580 1122 Sicut
2607 1067 2746 1122 enim
2778 1084 2870 1136 per
2894 1067 3298 1122 inobedientiam
3325 1070 3483 1124 unius
3506 1069 3605 1124 Ito-

271 1161 551 1232 fngientes
577 1162 645 1217 ad
675 1177 758 1218 se.
787 1161 982 1218 Plures
1011 1162 1160 1218 enim
1185 1163 1414 1232 gratiam
1447 1167 1880 1230 consequuntur,
1984 1159 2136 1213 minis
2154 1168 2450 1230 peccatores
2483 1159 2747 1214 constituti
2769 1171 2891 1216 sunt
2919 1160 3097 1231 plures
3121 1177 3139 1214 :
3163 1161 3236 1214 ita
3259 1170 3306 1237 et
3333 1177 3424 1231 per
3446 1161 3603 1217 unius

272 1273 440 1326 quam
477 1256 680 1313 mortui
714 1265 842 1312 sunt
891 1256 1095 1312 delicto
1123 1255 1276 1312 Adae.
1327 1255 1482 1312 Unde
1532 1254 1884 1311 manifestum
1984 1255 2323 1310 obedientiam
2337 1256 2472 1329 justi
2503 1257 2888 1310 constituentur
2915 1256 3085 1310 multi.
3115 1255 3268 1323 Quos
3290 1271 3456 1327 supra
3477 1271 3600 1312 om-

274 1361 360 1407 est
394 1366 508 1405 non
539 1349 606 1406 de
637 1351 737 1406 hac
771 1361 968 1419 morte,
996 1366 1116 1422 qua:
1134 1351 1390 1406 omnibus
1435 1350 1743 1405 communis
1773 1358 1880 1415 est,

275 1444 658 1514 significasse;
699 1444 823 1514 quia
855 1459 1046 1500 omnes
1082 1443 1304 1498 omnino
1334 1441 1659 1507 moriuntur,
1688 1449 1742 1496 et
1777 1455 1883 1496 non

274 1546 462 1593 tamen
493 1551 686 1592 omnes
711 1536 939 1606 gratiam
970 1544 1384 1606 consequuntur
1409 1552 1421 1587 :
1451 1549 1626 1605 neque
1655 1542 1884 1589 mortem

280 1631 334 1688 in
366 1646 565 1686 omnes
597 1645 877 1701 regnasse,
908 1629 1002 1685 sed
1030 1631 1082 1685 in
1107 1643 1205 1685 eos
1235 1630 1323 1700 qui
1351 1628 1550 1684 delicto
1581 1627 1713 1682 Adae
1741 1642 1886 1682 mor-

282 1727 356 1781 tui
389 1732 543 1789 sunt,
587 1723 950 1795 significatur,
980 1733 1004 1760 ο
1038 1738 1174 1794 quos
1202 1722 1255 1776 in
1288 1721 1702 1776 similitudinem
1749 1735 1887 1790 prte-

282 1817 642 1872 varieationis
670 1815 798 1870 Adze
818 1815 950 1870 dicit
975 1829 1249 1885 peccasse.
1288 1815 1325 1869 li
1355 1823 1483 1870 sunt
1513 1829 1650 1886 quos
1678 1813 1808 1869 dicit
1833 1813 1886 1868 in
1919 1832 1967 1892 Β

284 1911 439 1966 unius
469 1909 677 1965 delicto
706 1909 904 1964 multos
932 1918 1202 1976 mortuos,
1235 1908 1462 1980 gratiam
1486 1917 1665 1963 autem
1692 1907 1783 1962 Dei
1829 1906 1880 1962 in

287 2005 470 2075 plures
501 2001 814 2067 abundare;
844 2003 969 2073 quia
997 2012 1050 2056 et
1073 2002 1124 2056 in
1159 2003 1222 2057 iis
1243 2003 1333 2073 qui
1357 2002 1556 2058 delicto
1585 2001 1717 2057 Adm.
1743 2017 1886 2058 mor-

287 2097 360 2152 tui
392 2097 674 2162 dieuntur,
712 2094 968 2150 similiter
1007 2105 1318 2165 peccantes,
1344 2105 1400 2150 et
1450 2096 1502 2150 in
1551 2095 1618 2150 iis
1652 2095 1742 2165 qui
1777 2110 1885 2150 non

291 2197 655 2260 peccaverunt
679 2189 732 2243 in
749 2188 849 2244 hac
871 2189 1001 2244 Adze
1024 2189 1490 2259 praevaricationis
1507 2189 1884 2256 similitudine,

296 2285 390 2342 Dei
416 2287 585 2355 gratia
615 2284 912 2340 abundavit
941 2303 954 2337 :
991 2293 1216 2356 paterno
1243 2294 1423 2340 autem
1456 2293 1679 2355 peccato
1699 2300 1766 2340 ex
1793 2285 1888 2340 Dei

302 2381 562 2437 sententia
589 2387 747 2436 erant
775 2379 918 2450 apud
967 2378 1191 2444 inferos,
1241 2378 1412 2448 gratia
1464 2377 1557 2433 Dei
1589 2377 1889 2432 abundavit

304 2479 355 2530 in
385 2475 643 2533 descensu
677 2472 1002 2541 Salvatoris,
1023 2473 1276 2528 omnibus
1307 2472 1443 2527 dans
1474 2471 1886 2542 indulgentiam,

296 2585 413 2626 cum
447 2570 726 2639 triumpho
753 2567 987 2624 sublatis
1011 2567 1088 2622 eis
1122 2567 1173 2622 in
1201 2566 1420 2623 ccelum.

364 2663 558 2731 (νει-ε.
591 2662 715 2733 16.)
744 2661 810 2716 Et
860 2679 963 2717 non
991 2661 1122 2716 sicut
1164 2679 1254 2731 per
1279 2678 1438 2716 unum
1497 2671 1787 2732 peccatum,
1822 2661 1893 2716 ila

295 2767 342 2812 et
363 2758 560 2811 donum
583 2773 600 2812 :
627 2774 746 2811 nam
761 2756 1026 2828 judicium
1050 2755 1256 2828 quidem
1284 2773 1348 2811 ex
1377 2771 1478 2810 uno
1500 2756 1556 2810 in
1578 2755 1892 2810 condemna-

295 2853 501 2917 tionem,
539 2853 734 2907 donum
774 2861 948 2906 autem
974 2868 1042 2906 ea:
1090 2853 1266 2908 multis
1312 2852 1516 2906 delictis
1543 2852 1597 2905 in
1630 2852 1893 2925 justi/ica-

297 2947 501 3000 tionem.
535 2944 821 3001 Manifeste
851 2944 1134 3002 diversum
1168 2955 1272 3011 est,
1307 2945 1430 3016 quia
1459 2961 1569 3000 uno
1598 2944 1728 3000 Adae
1772 2959 1897 3015 pec-

294 3052 412 3096 cato
435 3040 788 3096 condemnati
814 3048 962 3108 sunt,
993 3041 1084 3112 qui
1109 3042 1162 3096 in
1188 3041 1605 3098 similitudinem
1638 3042 1898 3112 prtevari-

297 3136 526 3191 cationis
580 3136 698 3206 ejus
744 3143 1104 3206 peccaverunt
1147 3151 1160 3190 :
1205 3136 1373 3205 gratia
1449 3151 1578 3192 vero
1648 3135 1741 3191 Dei
1803 3151 1899 3205 per

1988 1365 2089 1404 nes
2125 1349 2281 1417 dixit,
2327 1349 2416 1406 hic
2459 1350 2643 1421 plures
2691 1360 2746 1405 et
2796 1350 2998 1406 multos
3051 1351 3362 1422 significat;
3421 1353 3608 1422 plures

1986 1444 2132 1498 enim
2162 1443 2422 1498 delictum
2463 1443 2597 1499 Adtc
2627 1444 2806 1500 secuti
2841 1454 2971 1499 sunt
3004 1443 3443 1516 praevaricando,
3493 1459 3604 1501 non

1989 1551 2182 1591 omnes
2203 1553 2216 1590 :
2237 1546 2290 1593 et
2313 1536 2467 1592 multi
2489 1537 2621 1607 justi
2645 1537 3053 1593 constituentur
3078 1552 3174 1607 per
3188 1535 3354 1592 ﬁdem
3374 1535 3602 1604 Christi,

1993 1645 2100 1684 non
2124 1645 2336 1685 omnes.
2372 1629 2491 1685 Non
2516 1645 2648 1701 ergo
2675 1630 2726 1686 in
2759 1645 2856 1686 eos
2885 1631 3136 1700 regnavit
3161 1645 3331 1699 mors,
3368 1631 3458 1701 qui
3491 1648 3603 1688 non

1995 1734 2368 1794 peccaverunt
2401 1723 2453 1778 in
2484 1723 2907 1780 similitudinem
2941 1725 3412 1794 prtcvaricationis
3445 1724 3600 1782 Adae.

2072 1817 2264 1887 (Vcrs.
2300 1817 2429 1888 20.)
2469 1817 2578 1873 Lex
2623 1827 2797 1873 autem
2825 1817 3157 1883 subintravit,
3210 1827 3264 1871 nt
3312 1817 3603 1874 abundaret

1985 1912 2252 1968 delictum.
2279 1912 2463 1969 Potest
2478 1913 2584 1970 dici
2609 1929 2640 1969 e
2662 1923 2853 1968 contra
2874 1911 3020 1968 :Non
3054 1928 3186 1985 ergo
3205 1913 3448 1984 oportuit
3474 1912 3595 1968 dari

1989 2007 2210 2079 Legem,
2239 2023 2307 2064 ne
2332 2018 2554 2078 peccata
2577 2009 2978 2074 increscerent;
3003 2008 3049 2065 si
3073 2008 3219 2064 enim
3242 2018 3369 2064 ante
3394 2008 3601 2079 Legem

1990 2102 2171 2157 minus
2209 2112 2494 2172 peccatum
2525 2113 2628 2171 est,
2665 2119 2770 2159 non
2805 2119 2943 2173 opus
2987 2103 3089 2158 fuit
3132 2103 3272 2174 lege.
3304 2103 3472 2158 Plane
3500 2117 3596 2159 nc-

1989 2194 2226 2249 cessaria
2244 2193 2348 2249 fuit
2371 2193 2506 2262 Lex,
2537 2204 2595 2248 ut
2623 2194 2943 2252 ostenderet
2967 2195 3224 2266 imputari
3252 2195 3392 2265 apud
3423 2195 3597 2251 Deum

1992 2294 2237 2356 peccata,
2282 2302 2404 2356 qua:
2437 2287 2658 2357 impune
2703 2287 2818 2342 ﬁeri
2849 2286 3256 2355 credebantur;
3289 2297 3346 2342 ut
3375 2287 3444 2344 de
3492 2303 3601 2344 cat-

1994 2389 2110 2434 tero
2161 2379 2369 2434 scirent
2418 2380 2546 2450 quid
2595 2381 2802 2436 evitare
2867 2380 3157 2437 deberent.
3206 2379 3362 2437 Unde
3413 2381 3602 2436 Esaias

1993 2472 2261 2544 propheta
2291 2489 2304 2525 :
2338 2472 2470 2539 Lex,
2500 2473 2694 2543 inquit,
2720 2475 2770 2526 in
2799 2474 3123 2546 adjutorium
3155 2474 3278 2526 data
3301 2483 3377 2528 est
3407 2473 3598 2545 (Esai.

1995 2582 2111 2635 vtn,
2143 2566 2256 2635 ‘20)
2285 2584 2298 2619 :
2326 2574 2384 2621 ut
2411 2567 2535 2636 quia
2571 2566 2673 2637 ipsi
2708 2575 2916 2622 natura:
2945 2565 3348 2638 quodammodo
3394 2567 3601 2624 inserta

1994 2669 2120 2715 sunt
2141 2659 2370 2730 justitia:
2397 2660 2629 2724 semina,
2680 2659 2862 2716 addita
2893 2659 3000 2716 Lex
3033 2671 3139 2726 est,
3169 2661 3326 2732 cujus
3354 2663 3600 2717 auctori-

1997 2762 2107 2810 tate
2147 2763 2203 2810 et
2250 2753 2565 2824 magisterio
2597 2753 2874 2823 ingenium
2909 2753 3158 2810 naturale
3209 2754 3502 2825 proliceret
3531 2754 3600 2810 ad

1997 2848 2229 2905 fructum
2275 2848 2505 2920 justitia:
2550 2847 2883 2904 faciendum.
2917 2848 3076 2904 Sicut
3103 2853 3248 2903 enim
3280 2847 3306 2887 δ
3349 2848 3607 2905 nativitas

1997 2943 2209 3009 interit.
2245 2943 2349 2999 nisi
2381 2943 2711 2998 nutrimenta
2748 2942 2967 3010 habeat,
3015 2942 3220 3013 quibus
3253 2942 3364 2998 fota
3412 2942 3604 2999 adole-

2000 3047 2144 3105 scat;
2180 3038 2253 3093 ita
2287 3048 2341 3093 et
2370 3038 2620 3093 naturale
2656 3037 2881 3109 iustitia:
2915 3037 3218 3107 ingenium,
3251 3037 3359 3092 nisi
3404 3035 3608 3094 habeat

2000 3130 2144 3200 quod
2179 3130 2434 3201 respiciat
2465 3138 2520 3186 et
2553 3139 2870 3198 veneretur,
2903 3145 3010 3186 non
3043 3129 3203 3186 facile
3242 3131 3480 3200 prolicit,
3510 3131 3605 3189 sed

295 3229 571 3286 Christum
593 3246 698 3284 non
723 3246 788 3286 ex
816 3244 926 3285 uno
953 3228 1178 3293 delicto,
1208 3229 1302 3284 scd
1328 3245 1395 3285 ex
1419 3229 1600 3283 multis
1624 3229 1894 3299 justitiea-
1925 3231 1972 3294 ρ
2003 3234 2248 3296 aegrotat,
2273 3235 2326 3281 et
2358 3227 2869 3296 supervenientibus
2899 3225 3042 3282 cedit
3069 3226 3330 3296 peccatis.
3365 3224 3605 3283 Consue-

299 3327 372 3380 vit
401 3323 679 3392 homines,
713 3321 894 3378 dando
946 3322 1054 3377 illis
1095 3322 1472 3379 remissionem
1528 3331 1897 3392 peccatorum.

299 3415 408 3472 Hoc
439 3417 510 3472 ad
543 3415 1002 3488 magnificentiam
1033 3415 1255 3486 pietatis
1286 3414 1378 3470 Dei
1415 3422 1471 3470 et
1499 3413 1698 3470 Christi
1730 3413 1900 3484 loqui-

300 3519 411 3576 tur;
459 3518 521 3564 ut
548 3524 672 3564 cum
716 3508 914 3564 delicto
959 3507 1092 3564 Adae
1137 3507 1295 3563 multi
1351 3515 1602 3563 tenentur
1649 3522 1678 3560 a
1727 3515 1902 3562 morte

296 3601 537 3658 secunda
581 3601 634 3656 in
683 3599 894 3656 inferno
925 3598 1204 3666 inferiori;
1249 3598 1453 3655 donum
1500 3609 1678 3654 tamen
1709 3600 1901 3670 gratia:

300 3696 414 3761 Dei,
440 3711 570 3750 eum
588 3693 794 3763 justum
815 3701 961 3750 esset
981 3693 1142 3764 plecti
1169 3691 1315 3761 illos,
1342 3707 1445 3749 non
1470 3693 1644 3748 solum
1670 3692 1904 3764 ignoscit

299 3788 428 3853 illis,
455 3787 555 3845 sed
579 3787 862 3858 justificat.

368 3883 574 3957 (Vers.
611 3881 737 3954 17.)
770 3881 832 3937 Si
877 3881 1016 3936 enim
1056 3881 1209 3935 unius
1241 3881 1431 3935 delicto
1479 3896 1616 3935 mors
1669 3881 1902 3952 regnavit

301 3991 392 4046 per
422 3992 607 4042 unum,
637 3976 801 4030 multo
845 3974 1012 4046 magis
1041 3974 1417 4028 abundantiam
1447 3974 1629 4044 gratia:
1651 3983 1699 4029 et
1739 3973 1904 4028 dona-

301 4072 455 4126 tionis
477 4080 531 4127 et
538 4070 759 4141 justitite
775 4070 1108 4140 accipientes,
1131 4070 1184 4122 in
1203 4069 1306 4122 vita
1324 4069 1610 4140 regnabunt
1637 4085 1727 4140 per
1745 4085 1904 4122 unum

301 4165 483 4223 Iesum
504 4167 788 4222 Christum.
812 4164 1189 4221 Contuendum
1213 4173 1296 4220 est
1321 4180 1488 4218 ttnum
1512 4179 1634 4220 esse
1658 4179 1902 4230 sensum,

303 4271 356 4317 et
375 4263 428 4318 in
450 4261 601 4317 nullo
624 4261 869 4318 differre:
887 4269 1119 4316 mortem
1141 4260 1289 4316 enim
1315 4259 1746 4330 dicitregnasse,
1797 4276 1902 4315 non

305 4371 564 4430 regnare;
595 4357 722 4427 quia
759 4355 854 4427 qui
880 4353 1270 4410 intellexerunt
1297 4369 1393 4423 per
1420 4352 1617 4424 Legem
1639 4350 1903 4423 judicium

307 4447 425 4518 Dei,
456 4449 659 4507 sublati
705 4456 829 4504 sunt
860 4447 928 4504 de
954 4449 1074 4518 ejus
1103 4447 1355 4516 imperio.
1388 4445 1652 4518 Regnavit
1694 4456 1900 4516 autem,

306 4548 436 4617 quia
483 4545 603 4602 sine
647 4542 1085 4600 manifestatione
1116 4542 1252 4614 legis
1305 4541 1468 4596 timor
1512 4541 1604 4596 Dei
1647 4541 1701 4596 in
1749 4542 1906 4598 terris

2005 3319 2192 3374 tudine
2242 3319 2386 3376 enim
2419 3319 2771 3391 delinquendi
2825 3321 3119 3391 premitur,
3172 3334 3242 3376 ne
3292 3328 3506 3376 crescat
3556 3319 3609 3375 in

2001 3412 2262 3479 fructum,
2287 3421 2342 3468 et
2385 3428 2479 3483 per
2508 3413 2610 3469 hoc
2641 3413 3027 3486 exstinguitur.
3066 3411 3425 3468 Providenter
3469 3427 3602 3482 ergo

2001 3505 2125 3560 data
2156 3513 2239 3560 est
2266 3504 2377 3561 Lex
2408 3506 2460 3560 in
2495 3505 2846 3575 adjutorium,
2878 3507 3020 3562 sicut
3053 3514 3284 3562 testatur
3312 3505 3602 3578 pr0pheta:

2003 3600 2098 3655 sed
2133 3600 2365 3671 populus
2394 3608 2632 3655 veterem
2666 3601 3122 3658 consuetudinem
3151 3616 3392 3671 sequens
3424 3601 3609 3656 multi-

2006 3692 2226 3763 plicavit
2275 3701 2521 3762 peccata.
2555 3692 2678 3762 lpso
2707 3694 2850 3748 enim
2886 3709 2984 3750 usu
3015 3695 3136 3764 plus
3158 3695 3328 3764 coepit
3353 3709 3607 3764 peccare,

2005 3799 2168 3856 quam
2204 3795 2364 3839 antea
2400 3796 2723 3854 peccaverat
2756 3801 2770 3842 :
2811 3794 2865 3840 et
2892 3787 2973 3841 sic
3006 3785 3207 3840 factum
3241 3796 3348 3853 est,
3379 3796 3438 3839 ut
3479 3786 3605 3840 data

2005 3877 2150 3950 Lege
2193 3893 2301 3933 non
2348 3879 2746 3943 minuerentur,
2799 3877 2895 3934 sed
2947 3876 3296 3933 abundarent
3343 3885 3610 3949 peccata:

2004 3973 2298 4042 Apostolus
2325 3975 2469 4028 enim
2494 3971 2739 4028 ostendit
2764 3971 2892 4043 quid
2927 3971 3237 4042 provenerit
3267 3971 3394 4027 data
3423 3971 3596 4044 Lege,

2008 4084 2116 4123 non
2149 4067 2276 4138 quid
2326 4067 2438 4123 Lex
2481 4067 2695 4125 fecerit.
2727 4068 3012 4135 Quomodo
3045 4079 3226 4124 autem
3259 4068 3419 4141 Legis
3470 4069 3606 4127 vitio

2007 4162 2328 4218 crescebant
2352 4172 2594 4232 peccata,
2613 4179 2733 4234 qua:
2751 4162 3214 4230 comminabatur,
3237 4180 3305 4220 ne
3328 4175 3611 4236 peccetur:

2006 4255 2100 4311 sed
2132 4255 2472 4311 subintrasse
2502 4256 2702 4311 dicitur
2734 4265 2794 4312 ut
2821 4256 3130 4313 abundaret
3158 4258 3474 4328 peceatum?
3495 4258 3604 4314 Ve-

2008 4365 2129 4405 rum
2153 4358 2256 4416 est,
2292 4351 2418 4420 quia
2442 4350 2595 4421 quasi
2631 4349 2915 4422 profutura
2935 4350 3182 4418 intravit,
3208 4360 3409 4408 etcum
3435 4350 3618 4407 humi-

2011 4441 2164 4496 litate
2203 4461 2216 4498 :
2252 4452 2438 4512 postea
2493 4451 2675 4498 autem
2721 4443 2889 4515 cmpit
2938 4443 3206 4499 dominari
3260 4444 3362 4508 eis,
3414 4445 3616 4517 quibus

2010 4546 2353 4608 praeceperat
2391 4552 2459 4592 ne
2500 4546 2813 4608 peccarent,
2842 4547 2898 4594 et
2925 4537 3247 4610 peccabant.
3298 4539 3610 4598 Ostenderc

307 4653 417 4693 non
436 4645 573 4694 erat.
602 4636 858 4707 Superior
881 4650 1011 4707 ergo
1037 4649 1233 4692 sensus
1254 4643 1360 4702 est,
1388 4643 1446 4690 ut
1470 4636 1594 4706 quia
1621 4650 1765 4690 mors
1788 4652 1905 4708 reg-
1933 4629 1984 4690 D
2010 4633 2158 4690 enim
2188 4633 2353 4704 cwpit
2382 4633 2467 4688 lex
2494 4633 2882 4690 abundantiam
2926 4642 3314 4704 peccatorum;
3339 4650 3462 4692 cum
3494 4651 3616 4708 quae

310 4731 462 4787 navit
491 4731 560 4788 ab
591 4730 761 4786 Adam
791 4745 962 4800 usque
988 4728 1055 4784 ad
1100 4728 1317 4801 Moysen
1348 4727 1399 4783 in
1431 4743 1549 4794 eos,
1581 4729 1672 4800 qui
1717 4744 1912 4800 pecca-

317 4835 517 4884 verunt
542 4826 594 4880 in
619 4823 1027 4881 similitudinem
1057 4820 1524 4894 praevaricationis
1551 4821 1716 4888 Adae;
1743 4823 1914 4880 multo

312 4923 488 4994 magis
537 4919 710 4992 gratia
744 4926 938 4990 regnet
969 4915 1299 4972 abundantia
1345 4914 1476 4970 doni
1509 4914 1604 4971 Dei
1637 4914 1692 4971 in
1744 4917 1911 4971 vitam

313 5032 412 5089 per
444 5031 609 5072 unum
637 5013 824 5070 Iesum
853 5012 1150 5069 Christum.
1179 5010 1235 5068 Si
1267 5010 1412 5067 enim
1461 5026 1612 5066 mors
1640 5012 1912 5082 regnavit,

315 5127 489 5181 quare
531 5126 640 5166 non
673 5109 844 5180 magis
872 5107 1045 5178 gratia
1100 5113 1310 5178 regnet,
1343 5120 1463 5176 quae
1510 5104 1683 5160 multo
1736 5105 1915 5176 plures

315 5202 598 5272 jttstificat,
623 5215 783 5272 quam
799 5198 854 5254 hi
877 5206 1005 5254 sunt
1024 5197 1077 5253 in
1101 5213 1235 5268 quos
1257 5197 1505 5268 regnavit
1520 5213 1666 5253 mors
1686 5217 1697 5254 :
1716 5208 1918 5269 quanto

321 5297 494 5369 magis
513 5295 686 5367 gratia
709 5307 936 5365 regnare
955 5290 1228 5348 credenda
1248 5300 1354 5360 est,
1373 5305 1493 5362 qua:
1517 5291 1729 5347 confert
1751 5290 1916 5350 vitam

323 5404 422 5460 per
448 5386 762 5445 Christum?

395 5481 417 5548 (
446 5482 600 5538 Vers.
632 5478 762 5551 18.)
787 5477 962 5551 Igitur
986 5479 1118 5534 sicut
1146 5494 1238 5550 per
1264 5477 1421 5534 unius
1443 5480 1689 5535 delictum
1719 5480 1774 5534 in
1803 5497 1917 5534 om-

329 5589 419 5628 nes
450 5573 680 5629 homines
726 5571 780 5626 in
810 5570 1324 5638 condemnationem;
1361 5572 1434 5626 sic
1457 5583 1504 5627 et
1534 5589 1627 5642 per
1657 5574 1809 5629 unius
1829 5576 1924 5646 ju-

407 5784 435 5813 ⁸
473 5777 641 5835 Corb.
686 5775 832 5841 cod.,
858 5792 984 5845 quos
1026 5778 1082 5832 in
1113 5775 1538 5847 prazvaricatione
1565 5774 1921 5830 similitudinis

335 5852 466 5910 Adw
493 5865 732 5921 peccasse
755 5849 956 5903 asserit.

2010 4727 2388 4790 interdixerat,
2420 4727 2540 4798 plus
2574 4726 2775 4784 fiebant
2800 4742 2962 4798 quam
2993 4725 3138 4784 facta
3181 4738 3360 4785 erant.
3397 4742 3418 4768 ο
3452 4729 3622 4800 Igitur

2015 4821 2120 4877 hoc
2150 4821 2312 4876 modo
2336 4829 2392 4874 ut
2415 4819 2718 4876 abundaret
2741 4818 3022 4888 delictum,
3056 4821 3181 4877 data
3207 4831 3292 4879 est
3321 4823 3441 4890 lex;
3471 4837 3626 4878 com-

2018 4914 2284 4970 mendans
2334 4913 2482 4968 enim
2528 4912 2828 4984 Apostolus
2879 4911 3066 4982 fidem,
3099 4929 3196 4985 per
3226 4929 3391 4986 quam
3440 4915 3629 4982 utique

2021 5021 2240 5082 peccata
2267 5009 2540 5075 delentur,
2575 5008 2749 5080 legem
2779 5007 2919 5064 dixit
2965 5007 3190 5079 fecisse,
3226 5019 3281 5065 ut
3324 5009 3631 5065 abundaret

2023 5113 2330 5174 peccatum,
2384 5103 2528 5158 sicut
2566 5116 2729 5172 supra
2775 5101 2920 5168 dixi;
2950 5103 3078 5172 quia
3121 5117 3232 5159 non
3272 5101 3395 5155 data
3428 5109 3534 5166 cst,
3567 5108 3628 5155 ut

2021 5196 2375 5252 abolerentur
2422 5203 2666 5266 peccata,
2713 5193 2811 5251 sed
2861 5202 2921 5250 ut
2967 5193 3354 5250 abundarent:
3398 5192 3528 5249 dum
3576 5203 3632 5250 et

2024 5301 2152 5348 ante
2181 5293 2354 5362 legem
2389 5297 2709 5362 peccatores
2739 5288 3004 5357 ostendit,
3051 5297 3108 5346 et
3138 5296 3260 5360 post
3291 5287 3466 5358 legem
3506 5305 3635 5348 reos

2023 5401 2215 5442 omnes
2246 5386 2438 5442 tenuit.

2101 5479 2202 5536 Ubi
2254 5491 2429 5536 autem
2476 5480 2760 5535 abundavit
2822 5488 3134 5551 peccatum,
3180 5481 3632 5544 superabundavit

2027 5574 2224 5645 gratia.
2255 5571 2599 5630 Manifestum
2628 5579 2736 5640 est,
2785 5569 2908 5640 quia
2937 5583 3059 5624 cum
3085 5570 3391 5629 abundaret
3438 5590 3634 5646 pecca.

2105 5774 2129 5813 ι)
2171 5775 2312 5830 ιιιυιιι
2347 5771 2733 5847 codexCorln,
2767 5771 3008 5847 notioitas
3035 5772 3325 5847 intepescit.

2113 5849 2136 5878 θ
2179 5849 2350 5904 Paris.
2383 5845 2628 5918 quaedam
2648 5845 2806 5917 edit.,
2839 5844 3012 5920 Igitur
3039 5844 3157 5902 huic
3183 5849 3401 5918 mundo,
3417 5858 3524 5908 etc.
