4082 6306
463 173 531 232 D9
1439 163 1530 224 AD
1567 159 1802 222 OPEBA
1843 163 1901 224 8.
1946 157 2274 226 AMBROSII
2315 157 2684 220 APPENDIX.

3659 161 3784 222 £00

453 297 590 354 tum,
617 284 1080 356 superabundavit
1107 283 1286 358 gratia
1322 296 1336 336 :
1369 279 1498 338 dum
1530 281 1732 338 donum
1765 281 1860 337 Dei
1907 279 2060 336 venit
2087 294 2138 356 Α
2167 289 2360 337 ventes
2401 285 2650 352 peccato,
2699 275 2900 336 mortui
2949 289 3168 336 eramus
3221 275 3364 350 apud
3419 277 3616 343 Deum;
3675 279 3786 348 qui

447 397 517 440 ex
561 380 946 452 promissione,
995 388 1052 436 et
1078 379 1320 434 omnium
1351 385 1376 414 α
1405 385 1627 448 peccata
1675 375 1950 441 contexit;
1991 385 2051 430 ut

447 477 650 533 diaboli
675 474 880 532 invidia
914 474 1054 530 nihil
1077 489 1136 530 se
1178 471 1482 546 proiecisse
1505 471 1706 526 doleat.
1740 470 1876 540 Quia
1902 471 2048 527 enim

448 585 570 626 cum
603 569 726 626 data
755 577 899 626 esset
927 568 1014 624 lex
1057 566 1124 622 ad
1175 565 1468 622 utilitatem
1503 563 1820 630 humanam,
1863 562 1916 618 id
1945 561 2053 632 egit

443 665 717 733 diabolus,
747 673 807 720 ut
850 661 1128 721 suadendo
1159 661 1372 726 illicita,
1417 659 1756 724 initertcret;
1801 667 1860 714 ut
1905 659 2048 728 quod

447 758 795 830 profuturum
842 757 1028 814 datum
1071 764 1210 822 erat,
1261 755 1318 810 in
1351 753 1690 812 contrarium
1733 751 2048 824 proﬁceret,

442 853 568 908 dum
618 851 874 909 mandata
927 859 1244 922 contempta
1271 857 1422 916 sunt,
1451 847 1476 886 δ
1528 860 1586 902 ιιι
1613 862 1722 904 non
1751 847 1956 904 utilitas
1985 861 2049 902 ex

449 948 612 1022 Lege,
657 949 756 1006 sed
779 946 1041 1020 judicium
1087 945 1158 1002 ad
1187 943 1482 1002 vindictam
1527 942 1896 1014 procederet:
1924 949 2052 997 tunc

431 1040 617 1114 justus
663 1050 829 1114 atque
885 1040 1206 1098 misericors
1262 1038 1428 1106 Deus,
1479 1045 1540 1094 ut
1565 1036 1791 1110 gloriam
1848 1034 2052 1092 diaboli

446 1150 610 1206 quam
649 1134 718 1190 de
763 1131 1097 1206 triumphato
1129 1131 1352 1188 homine
1375 1131 1692 1204 qumsierat,
1725 1127 2052 1194 exiuaniret,

445 1226 646 1284 Filium
677 1241 840 1284 suum
869 1234 1162 1282 venturum
1191 1224 1458 1290 decrevit,
1487 1223 1582 1295 qui
1613 1221 1796 1278 omnia
1827 1230 2051 1292 peccata

437 1319 700 1386 donaret;
728 1327 788 1374 ut
813 1319 988 1390 major
1009 1319 1168 1374 lieret
1191 1317 1378 1372 lmtitia
1403 1332 1467 1372 ex
1492 1316 1635 1372 dono
1657 1315 1872 1386 gratim,
1893 1328 2051 1383 quam

437 1411 616 1468 fuerat
643 1412 825 1470 luctus
867 1427 934 1468 ex
985 1419 1231 1482 peccato.
1267 1409 1535 1467 Gaudium
1578 1407 1723 1464 enim
1773 1406 1902 1464 doni
1959 1405 2054 1462 Dei

439 1505 602 1564 etiam
623 1506 706 1562 his
721 1507 956 1580 proiicit,
975 1505 1044 1562 de
1067 1505 1264 1578 quibus
1283 1504 1620 1575 triumphare
1635 1517 1742 1558 non
1765 1501 1936 1572 potuit
1959 1499 2057 1556 Sa-

443 1611 628 1668 tanas;
656 1601 859 1660 idcirco
876 1599 1350 1672 superabundavit
1365 1600 1540 1672 gratia
1565 1611 1730 1668 super
1747 1607 2052 1669 peceatum,

444 1695 590 1768 quod
621 1697 798 1752 suasit
825 1696 1076 1752 Satanas.

519 1788 709 1861 (Vers.
736 1790 865 1856 ‘21.)
921 1788 990 1846 Ut
1019 1788 1458 1860 quemadmodum
1503 1787 1736 1860 regnavit
1789 1794 2052 1860 peccatum

445 1882 500 1936 iu
531 1893 769 1950 mortem,
815 1882 888 1936 ita
925 1891 974 1938 et
999 1883 1171 1954 gratia
1199 1891 1374 1956 regnet
1401 1899 1492 1952 per
1525 1881 1788 1954 justitiam
1815 1881 1869 1936 in
1897 1880 2053 1934 vitam

444 1985 692 2030 teteruam
736 1991 827 2046 per
887 1973 1071 2032 Iesum
1143 1975 1405 2031 Christum
1453 1973 1734 2030 Dominum
1795 1983 2048 2028 nostrum.

451 2067 745 2126 Peccatum
773 2070 1022 2140 regnavit
1061 2067 1298 2124 videndo
1327 2083 1464 2139 opus
1515 2083 1672 2124 suum
1705 2066 2056 2138 peccantibus

448 2161 500 2215 in
533 2171 765 2218 mortem
819 2160 1110 2234 proiicere,
1165 2160 1220 2218 in
1271 2177 1376 2234 qua
1431 2162 1773 2234 gloriabatur
1813 2172 1835 2200 ο
1885 2161 2053 2218 simili

443 2255 610 2312 modo
648 2264 774 2312 utet
801 2257 974 2326 gratia
997 2267 1188 2328 regnet
1214 2271 1311 2328 per
1326 2255 1598 2326 justitiam
1629 2256 1864 2312 invitam
1892 2263 2054 2312 aeter-

443 2363 591 2415 nam,
627 2363 723 2419 per
769 2349 956 2405 Jesum
1011 2349 1294 2406 Christum
1335 2349 1633 2406 Dominum
1665 2361 1944 2416 nostrum;
1996 2358 2056 2406 ut

443 2443 588 2500 sicut
640 2460 735 2512 per
761 2443 936 2500 Adam
971 2453 1212 2516 emptum
1245 2454 1526 2516 peccatum
1553 2448 1823 2516 regnavit,
1879 2446 1953 2500 ita
1999 2453 2053 2502 et

444 2551 541 2607 per
590 2535 866 2594 Christum
897 2539 1097 2608 gratia.
1132 2536 1224 2593 Sic
1261 2547 1442 2593 autem
1489 2547 1682 2610 regnat
1729 2537 1904 2610 gratia
1959 2552 2054 2608 per

441 2629 731 2700 justitiam,
766 2633 810 2685 si
861 2641 1080 2702 accepta
1111 2631 1438 2690 remissione
1487 2640 1860 2702 peccatorum,
1897 2631 2054 2702 justi-

449 2724 580 2780 tiam
608 2724 920 2792 sequimur;
955 2737 1014 2778 ut
1047 2723 1234 2779 videns
1281 2724 1456 2794 gratia
1501 2725 1734 2782 fructum
1763 2741 1823 2782 se
1849 2726 2056 2782 habere

445 2818 500 2874 in
531 2817 713 2886 bonis,
759 2831 898 2887 quos
941 2817 1196 2882 redemit,
1227 2827 1423 2888 regnet
1447 2819 1500 2874 in
1549 2819 1716 2874 vitam
1763 2828 2052 2885 aeternam,

441 2914 623 2972 sciens
646 2929 746 2970 nos
777 2914 987 2968 futuros
1017 2921 1282 2970 aeternos.
1315 2913 1743 2984 Superabundat
1766 2929 1897 2986 ergo
1919 2929 2051 2987 gra-

445 3009 543 3076 tia,
571 3008 698 3079 quia
730 3016 1011 3080 peccatum
1063 3006 1134 3064 ad
1167 3016 1384 3078 tempus
1413 3009 1692 3080 regnavit,
1742 3011 1918 3081 gratia
1957 3025 2054 3066 au-

2155 383 2350 448 peccat
2399 377 2570 440 enim,
2621 373 2752 430 vivit
2781 381 3028 442 peccato,
3063 371 3204 428 sicut
3247 371 3339 444 qui
3389 386 3500 426 non
3549 381 3784 441 peccat,

2157 468 2290 524 vivit
2319 467 2455 524 Deo.
2488 464 2920 538 Superveniente
2968 465 3113 521 enim
3143 463 3320 536 gratia
3357 463 3452 520 Dei
3479 478 3576 536 per
3597 463 3786 520 Chri—

2155 569 2383 630 stum,et
2397 576 2496 618 nos
2509 575 2606 632 per
2621 561 2780 616 tidem
2797 559 3250 632 lavacrospiritali
3269 566 3789 630 regenerante,cm-

2153 657 2335 730 pimus
2357 657 2536 714 vivere
2559 655 2694 722 Deo,
2723 654 2922 710 mortui
2943 663 3124 710 autem
3157 668 3282 710 esse
3301 653 3662 724 peccato,qui
3691 659 3790 708 est

2157 751 2444 820 diabolus;
2489 751 2596 808 hoc
2639 759 2722 806 est
2755 759 2936 806 tamen
2983 749 3124 806 mori
3153 757 3407 820 peccato,
3463 745 3700 804 liberari
3751 759 3788 800 a

2157 853 2405 916 peccato,
2437 843 2556 902 ﬁeri
2587 855 2770 902 autem
2799 859 3020 900 servum
3055 843 3172 900 Dei.
3197 842 3388 912 Itaque
3419 844 3622 898 mortui
3643 840 3776 912 jam

2159 951 2408 1012 peccato,
2433 955 2539 996 non
2579 937 2868 998 redeamus
2893 938 2964 996 ad
2989 937 3129 994 mala
3153 937 3418 1010 pristina;
3453 952 3526 994 ne
3559 935 3784 992 iterum

2161 1035 2404 1092 vivamus
2423 1041 2672 1106 peccato,
2697 1043 2752 1088 et
2773 1031 3072 1090 morientes
3095 1031 3226 1100 Deo,
3249 1031 3455 1088 amissa
3475 1030 3782 1104 dignitate,

2161 1143 2381 1200 prunam
2411 1143 2574 1200 quam
2607 1129 2904 1198 evasimus,
2935 1129 3304 1186 iueurramus.

2233 1224 2424 1295 (Vers.
2469 1222 2560 1296 5.)
2599 1225 2678 1278 An
2722 1224 2980 1296 ignoratis
3009 1223 3132 1290 quia
3160 1223 3472 1294 quicumque
3521 1215 3784 1292 baptizati

2159 1332 2334 1372 sumus
2365 1317 2418 1371 iu
2441 1315 2649 1372 Christo
2673 1315 2825 1384 Iesu,
2857 1317 2912 1372 in
2937 1327 3100 1372 morte
3129 1319 3244 1390 ejus
3263 1316 3516 1388 baptizati
3545 1314 3780 1370 sumus?

2157 1409 2276 1468 Hoc
2303 1409 2456 1478 dicit,
2485 1419 2546 1466 ut
2563 1409 2802 1468 sciamus
2833 1410 3136 1482 baptizatos
3163 1425 3264 1466 nos
3289 1409 3402 1482 jam
3425 1423 3538 1466 non
3559 1408 3782 1466 debere

2161 1521 2420 1576 peccare;
2444 1505 2570 1578 quia
2589 1521 2712 1562 cum
2729 1506 2794 1562 ba
2803 1505 3090 1578 ptizamur,
3109 1504 3506 1562 commorimur
3521 1503 3780 1560 Christo.

2163 1601 2278 1658 Hoc
2307 1601 2466 1656 estin
2513 1609 2692 1658 morte
2740 1601 2861 1671 ejus
2899 1599 3202 1670 baptizari;
3245 1598 3358 1656 illic
3387 1597 3534 1656 enim
3583 1596 3782 1653 omnia

2080 1719 2128 1780 Β
2157 1703 2383 1764 peccata
2441 1702 2628 1750 nostra
2697 1693 3032 1760 moriuntur,
3089 1699 3150 1748 ut
3192 1683 3472 1750 innovati'
3511 1687 3782 1762 deposita

2157 1795 2355 1852 morte,
2381 1801 2676 1858 resurgere
2703 1786 2987 1844 videamur
3005 1784 3074 1842 ad
3095 1785 3262 1842 vitam
3291 1782 3472 1842 renati
3499 1799 3516 1838 :
3543 1791 3602 1840 ut
3628 1795 3781 1853 quo-

2157 1880 2322 1936 modo
2359 1879 2614 1938 Christus
2641 1891 2891 1936 mortuus
2937 1887 3163 1952 peccato
3213 1878 3540 1946 resurrexit,
3591 1875 3666 1932 ita
3721 1885 3782 1932 et

2157 1989 2257 2032 nos
2287 1989 2382 2045 per
2421 1974 2752 2044 baptismum
2789 1988 2942 2045 spem
2983 1971 3412 2030 resurrectionis
3439 1969 3776 2026 habeamus.

2158 2070 2436 2142 Baptisma
2471 2071 2652 2142 itaque
2683 2085 2834 2128 iners
2865 2069 3072 2140 peccati
3105 2077 3208 2136 est,
3255 2075 3314 2124 ut
3357 2065 3467 2122 alia
3507 2075 3782 2136 sequatur

2157 2165 2438 2232 nativitas,
2473 2179 2596 2236 qua:
2621 2163 2875 2236 corporis
2919 2171 3180 2220 manente
3205 2161 3554 2234 compagine,
3593 2159 3782 2217 homi-

2156 2273 2282 2316 nem
2329 2268 2516 2316 mente
2547 2259 2799 2326 innovat,
2845 2257 3058 2329 sepulta
3089 2256 3334 2314 omnium
3363 2255 3640 2312 malorum
3679 2269 3780 2312 ac—

2159 2359 2311 2408 tuum
2357 2361 2646 2408 vetustate.

2234 2444 2421 2516 (Vers.
2457 2442 2550 2516 4.)
2601 2443 2904 2516 Cousepulti
2933 2445 3072 2502 enim
3121 2460 3300 2500 simius
3353 2460 3472 2500 cum
3519 2443 3614 2500 illo
3673 2459 3776 2516 per

2159 2535 2470 2606 baptismum
2487 2536 2539 2592 in
2573 2549 2828 2606 mortem;
2860 2547 2917 2594 ut
2953 2537 3392 2610 quemadmodum
3415 2535 3660 2592 Christus
3689 2553 3778 2592 re-

2157 2631 2378 2688 surrexit
2405 2649 2438 2686 α
2467 2633 2686 2688 mortuis
2717 2650 2807 2704 per
2835 2635 3070 2690 uirtutem
3116 2632 3316 2702 Patris,
3349 2634 3424 2688 ita
3469 2641 3517 2688 et
3557 2649 3662 2690 uos
3707 2633 3767 2688 in

2159 2729 2380 2784 novitate
2425 2729 2542 2784 uiue
2591 2730 2932 2786 ambulemus.
2983 2730 3111 2790 Haec
3153 2729 3364 2796 dicens,
3397 2729 3566 2784 etiam
3603 2727 3758 2784 istud

2159 2823 2451 2894 signiﬁcat,
2481 2825 2625 2894 quod
2674 2824 2910 2896 primum
2949 2832 3071 2892 est;
3111 2823 3238 2896 quia
3277 2821 3536 2878 Christus
3565 2835 3774 2892 corpus

2159 2933 2318 2973 suum
2347 2932 2378 2972 a
2407 2918 2642 2974 mortuis
2687 2919 2977 2987 excitavit,
3013 2919 3130 2989 ipse
3155 2917 3304 2976 enim
3335 2917 3508 2974 virtus
3555 2923 3638 2972 est
3669 2913 3774 2972 Dei

2161 3009 2363 3079 Patris,
2391 3011 2534 3068 sicut
2559 3010 2692 3068 dicit
2719 3028 2734 3065 :
2765 3012 2966 3068 Soluite
2989 3012 3238 3083 templum
3261 3012 3382 3078 hoc,
3402 3019 3454 3066 et
3481 3026 3574 3084 ego
3603 3009 3773 3064 tribus

445 3112 554 3160 tem
584 3104 641 3160 in
686 3113 976 3160 internum.
1008 3103 1108 3160 Dei
1159 3103 1304 3160 enim
1337 3119 1566 3176 regnum
1609 3114 1711 3172 est,
1739 3105 1910 3176 gratia
1945 3105 2054 3180 59
2079 3135 2122 3198 Ο
2159 3105 2336 3162 diebus
2367 3107 2602 3162 excitabo
2633 3107 2792 3164 illud.
2833 3105 2952 3163 Hoc
2995 3116 3196 3176 autem,
3228 3107 3428 3198 inquit,
3457 3105 3658 3162 dicebat
3705 3104 3775 3158 de

445 3209 732 3270 regnante,
789 3200 934 3256 sicut
969 3199 1170 3256 diaboli
1217 3215 1442 3270 regnum
1483 3208 1621 3266 erat,
1675 3211 1898 3270 peccato
1927 3216 2049 3272 reg-

445 3305 632 3352 nanto.
665 3294 864 3352 Totum
895 3302 1074 3350 tamen
1117 3293 1185 3350 ad
1211 3293 1488 3350 Christum
1543 3293 1732 3362 refert,
1765 3305 1826 3350 ut
1867 3295 2047 3351 omnis

441 3387 614 3459 gratia
645 3388 743 3444 Dei
769 3385 799 3426 (ι
819 3402 849 3442 a
875 3385 1096 3442 Christo
1117 3385 1377 3444 discatur.
1411 3385 1494 3444 Ad
1517 3387 1858 3458 superiorem
1884 3387 2048 3458 igitur

447 3497 671 3540 sensum
701 3480 1000 3554 respondet
1025 3479 1216 3538 dicens
1249 3499 1262 3534 :

1072 3574 1300 3632 CAPUT
1340 3575 1430 3630 Vl.

517 3672 710 3744 (Vers.
743 3673 833 3744 1.)
869 3673 1009 3741 Quid
1041 3687 1160 3744 ergo
1209 3671 1438 3726 dicemus
1467 3671 1492 3725 .9
1543 3669 1968 3728 Permanebimus
1993 3673 2049 3728 in

443 3777 674 3835 peccato,
708 3775 762 3820 ut
797 3767 966 3837 gratia
991 3764 1263 3821 abundet?
1293 3765 1459 3819 Absit.
1505 3763 1618 3820 Hoc
1645 3771 1750 3830 est,
1783 3765 2046 3838 numquid

441 3875 662 3931 semper
680 3863 1012 3929 peccandum
1032 3867 1138 3926 est,
1165 3869 1223 3914 ut
1239 3858 1443 3916 donum
1469 3859 1562 3914 Dei
1581 3859 1840 3927 abundet,
1859 3868 2046 3930 tegens

441 3963 631 4010 nostra
659 3963 911 4024 peccata;
941 3963 998 4008 ut
1031 3967 1249 4022 semper
1285 3952 1665 4008 remissionem
1697 3961 2044 4021 peccatorum

442 4055 750 4118 sperantes,
783 4047 911 4116 quia
939 4045 1088 4102 Deus
1114 4046 1238 4116 pius
1263 4054 1368 4108 est,
1413 4043 1616 4100 Christi
1643 4045 1870 4115 gratiam
1908 4061 2048 4116 prte-

441 4137 680 4194 fcramus
702 4138 724 4192 Τ
745 4136 864 4193 Νοιι
893 4138 1100 4209 utique.
1131 4136 1262 4193 Ideo
1307 4137 1451 4192 enim
1479 4136 1651 4191 nostri
1685 4137 1936 4194 misertus
1963 4146 2047 4196 est

445 4229 590 4288 Deus
619 4247 716 4303 per
745 4229 1050 4298 Christum,
1085 4239 1145 4285 ut
1173 4229 1242 4287 de
1269 4237 1474 4286 caetero
1505 4245 1610 4286 non
1647 4243 1958 4300 peccantes,
1994 4241 2051 4290 et

445 4327 698 4384 meritum
747 4326 906 4384 nobis
929 4335 986 4384 et
1007 4325 1103 4382 Dei
1129 4325 1362 4396 gratiam
1393 4325 1448 4380 in
1475 4340 1576 4382 nos
1605 4341 1835 4399 regnare
1879 4327 2048 4384 facia-

441 4435 586 4478 mus.
615 4419 805 4478 Aufert
843 4420 986 4478 enim
1019 4434 1246 4492 regnum
1271 4418 1463 4490 gratiae
1491 4419 1612 4486 Dei,
1645 4427 1700 4476 et
1723 4419 1889 4476 tradit
1914 4435 2043 4492 pec-

2155 3200 2345 3270 templo
2375 3201 2608 3272 corporis
2653 3199 2738 3254 sui
2767 3198 2962 3269 (Joau.
2987 3215 3050 3268 ιι,
3079 3200 3147 3256 19
3175 3208 3224 3256 et
3255 3199 3318 3256 2i
3349 3195 3404 3270 );
3436 3207 3492 3256 et
3521 3199 3648 3270 quia
3681 3211 3772 3254 re-

2151 3296 2392 3352 surrexit
2431 3297 2484 3350 in
2519 3311 2718 3352 novam
2768 3297 2960 3362 vitam,
3007 3311 3128 3366 quae
3175 3295 3288 3366 jam
3337 3293 3478 3350 mori
3525 3292 3770 3354 nesciat-

2147 3388 2300 3446 Nova
2329 3397 2512 3448 autem
2554 3389 2787 3454 dicitur;
2839 3389 2968 3460 quia
2997 3403 3028 3444 a
3076 3385 3299 3446 Christo
3337 3387 3462 3444 data
3503 3394 3610 3454 est,
3640 3401 3770 3457 qua:

2149 3489 2232 3536 est
2277 3479 2564 3552 disciplina
2593 3481 2916 3538 christiana.
2947 3480 3062 3540 Nos
3089 3491 3272 3540 autem
3317 3479 3584 3552 ebaptizati
3625 3493 3769 3536 cou—

2149 3573 2348 3646 sepulti
2391 3589 2586 3632 sumus
2614 3572 2834 3632 Christo
2867 3574 2886 3643 (
2905 3572 3108 3632 Colon.
3131 3591 3191 3644 ιι,
3239 3571 3340 3644 12)
3375 3583 3432 3628 ut
3458 3571 3529 3628 de
3554 3579 3764 3628 caetero

2152 3667 2292 3722 hanc
2334 3667 2501 3722 vitam
2548 3681 2868 3737 sequamur,
2904 3667 3092 3738 inqua
3141 3665 3398 3724 Christus
3430 3663 3758 3722 resurrexit.

2150 3758 2428 3829 Baptisma
2455 3759 2640 3830 itaque
2665 3759 3092 3818 resurrectionis
3113 3760 3307 3832 pignus
3335 3769 3441 3827 est,
3473 3768 3529 3816 et
3555 3760 3761 3829 imago;

2150 3859 2208 3908 ut
2225 3851 2338 3922 jam
2370 3851 2424 3906 in
2457 3852 2748 3922 prmceptis
2767 3853 2976 3910 Christi
3009 3863 3318 3919 manentes,
3357 3853 3422 3908 ad
3468 3851 3762 3924 prteterita

2149 3945 2328 4002 denuo
2359 3959 2469 4002 non
2499 3946 2872 4004 revolvamur.
2901 3948 3004 4018 Qui
3031 3949 3178 4006 enim
3207 3947 3463 4016 moritur,
3485 3948 3598 4019 jam
3641 3963 3756 4004 non

2149 4049 2371 4111 peccat:
2407 4055 2552 4098 mors
2583 4040 2732 4098 enim
2765 4041 2890 4098 linis
2937 4041 3145 4113 peccati
3173 4051 3277 4098 est.
3323 4039 3459 4098 Nam
3491 4040 3615 4096 ideo
3647 4056 3753 4112 per

2147 4152 2342 4208 aquam
2369 4138 2702 4208 celebratur,
2724 4149 2782 4196 ut
2805 4140 2946 4196 sicut
2973 4155 3112 4212 aqua
3139 4137 3332 4196 sordes
3361 4137 3606 4209 corporis
3651 4137 3752 4194 ab-

2146 4230 2276 4297 luit;
2321 4232 2394 4288 ita
2427 4240 2485 4290 et
2531 4247 2634 4288 nos
2681 4248 2780 4306 per
2829 4233 3162 4305 baptismum
3207 4233 3278 4290 ab
3323 4232 3470 4290 omni
3521 4241 3754 4302 peccato

2146 4325 2506 4396 spiritualiter
2529 4336 2792 4400 purgatos
2811 4321 2926 4385 'nos
2945 4335 3002 4386 et
3029 4327 3322 4384 innovatos
3347 4326 3662 4392 credamus;
3691 4333 3754 4382 ut

2145 4419 2293 4490 quod
2321 4421 2666 4492 incorporale
2695 4431 2802 4486 est,
2835 4421 3193 4480 invisibiiiter
3215 4421 3490 4478 abluatur.

442 4523 586 4584 cato,
615 4518 709 4586 qui
751 4531 946 4572 rursus
973 4512 1119 4570 redit
1148 4511 1215 4568 ad
1243 4522 1486 4572 veterem
1515 4513 1818 4589 hominem,
1841 4513 1896 4570 id
1933 4523 2038 4582 est,
2070 4545 2126 4606 Β
2221 4513 2416 4587 (Vers.
2441 4515 2538 4587 5.)
2573 4514 2638 4572 Si
2675 4516 2812 4572 enim
2835 4516 3176 4588 complantati
3203 4531 3381 4572 sumus
3417 4513 3756 4570 similitudini

442 4609 510 4666 ad
533 4612 694 4665 ritum
725 4609 1020 4681 praeteritae
1048 4607 1196 4664 vitae.
1223 4606 1443 4664 Duabus
1469 4608 1613 4666 enim
1645 4623 1712 4664 ex
1739 4609 1916 4666 causis
1945 4610 2042 4666 mi-

437 4703 793 4760 sericordiam
825 4702 1174 4774 accepimus;
1199 4710 1262 4758 ut
1283 4709 1340 4758 et
1363 4701 1566 4760 diaboli
1595 4718 1824 4776 regnum
1857 4704 2045 4760 exclu-

441 4795 680 4866 deretur,
701 4806 757 4856 et
777 4799 874 4854 Dei
909 4797 1200 4868 imper-ium
1224 4796 1598 4867 ignorantibus
1629 4798 2041 4868 prmdicaretur,

441 4905 538 4962 per
569 4891 672 4948 hoc
699 4891 874 4962 ipsum
909 4891 1176 4962 dignitate
1207 4890 1364 4948 nobis
1391 4891 1638 4963 quaesita.

511 4986 704 5055 (Vers.
734 4985 790 5042 ‘2.
817 4983 836 5057 )
863 4987 975 5055 Qui
1007 4989 1144 5042 enim
1187 4988 1388 5044 mortui
1407 5003 1590 5046 sumus
1621 4997 1852 5059 peccato,
1905 5006 2030 5060 qua-

440 5080 594 5136 modo
621 5080 796 5138 adhuc
826 5084 1051 5140 vivemus
1074 5079 1127 5136 iu
1157 5079 1296 5138 illo?
1326 5080 1441 5138 Hoc
1465 5079 1618 5150 dicit,
1649 5083 1910 5155 quoniam
1943 5084 2030 5138 vi-

512 5269 538 5296 “
576 5263 740 5320 Corb.
767 5265 915 5331 cod.,
943 5275 1146 5333 peccata
1171 5265 1450 5321 contraxit.
1471 5263 1740 5322 Continuo
1761 5278 1890 5320 vero
1915 5269 2036 5333 post

438 5332 662 5416 A_m(_:_rb.
714 5347 768 5392 et
797 5332 1074 5416 mss.rn_ot:
1103 5340 1259 5410 pauci
1289 5340 1476 5416 legunt
1517 5337 1796 5416 profecisse
1827 5332 2030 5398 doceat,

435 5403 528 5459 ubi
551 5405 701 5482 Eras.
727 5423 790 5464 ac
811 5423 928 5482 seq.
949 5412 1078 5468 edit.
1105 5403 1234 5467 cum
1259 5403 1379 5468 aliis
1407 5403 1542 5467 mss'.
1571 5403 1741 5478 magis
1765 5421 2029 5477 congrue,

437 5478 718 5560 profegsw
755 5478 947 5560 doleat.
1457 5554 1474 5560 _
1911 5551 1920 5560 .
1968 5549 1996 5560 ν.

511 5548 698 5625 1’_Vet_.
731 5556 885 5622 cdit.,
919 5569 972 5612 ut
1003 5573 1106 5612 non
1130 5556 1331 5612 utilitas
1356 5571 1422 5611 ea:
1449 5554 1608 5625 Lege,
1651 5549 2027 5625 commendatio

434 5621 619 5687 gratia:
657 5622 794 5694 Dei;
841 5629 929 5704 sed
958 5631 1217 5704 judicium
1251 5628 1320 5683 ad
1362 5621 1641 5704 vindictam
1670 5621 2029 5704 procederet:

437 5704 570 5747 mss.
602 5709 730 5751 vero
759 5709 814 5754 et
839 5695 998 5759 Rom.
1032 5703 1166 5759 edit.
1201 5701 1256 5756 in
1305 5708 1548 5754 nostram
1579 5695 1867 5749 lectionem
1900 5705 2029 5746 con-

434 5765 678 5838 veniunt,
715 5769 818 5830 nisi
859 5774 1000 5846 quod
1045 5789 1140 5847 pro
1173 5773 1240 5828 ad
1279 5769 1584 5836 uindictam,
1617 5764 1838 5822 illorum
1893 5775 2029 5818 nono

369 5989 490 6055 *Ἃ

2148 4611 2328 4666 mortis
2361 4613 2496 4684 ejus,
2529 4611 2687 4667 simul
2716 4619 2763 4666 et
2789 4610 3182 4666 resurrectionis
3215 4609 3427 4664 erimus.
3462 4607 3618 4666 Tunc
3647 4621 3752 4662 nos

2143 4703 2382 4760 feliciter
2423 4703 2554 4760 dicit
2583 4717 2746 4776 posse
2769 4718 3080 4777 resurgere,
3109 4703 3156 4760 si
3187 4701 3528 4760 similitudini
3559 4699 3751 4756 mortis

2145 4799 2266 4870 ejus
2313 4797 2582 4856 fuerimus
2625 4799 3004 4870 complantati,
3051 4798 3108 4858 id
3151 4807 3256 4865 est,
3281 4798 3330 4854 si
3375 4799 3428 4852 in
3472 4795 3750 4866 baptismo

2145 4892 2327 4950 omnia
2357 4891 2487 4948 vitia
2531 4891 2893 4963 deponentes,
2941 4893 2996 4950 in
3029 4907 3225 4952 novrum
3273 4891 3437 4948 vitam
3471 4888 3744 4955 translati,

2141 4987 2212 5046 de
2223 4997 2425 5046 caetero
2447 5002 2554 5044 non
2577 5002 2869 5058 peccemus
2893 5003 3025 5060 :per
3053 4987 3200 5060 quod
3225 4986 3386 5044 simul
3411 4993 3470 5042 et
3493 4997 3746 5046 resurre-

2137 5083 2334 5142 ctionis
2359 5082 2508 5140 illius
2529 5082 2740 5142 similes
2781 5083 3016 5151 erimus;
3039 5083 3344 5142 similitudo
3373 5081 3520 5140 enim
3549 5078 3743 5140 mortis

2144 5262 2278 5317 nulli
2309 5261 2532 5324 habent,
2563 5271 2610 5314 et
2636 5263 2880 5320 vindicta.

2217 5340 2238 5422 ἑ
2257 5334 2408 5422 μεθ.
2421 5332 2669 5422 quidam,
2683 5349 2705 5422 :7
2720 5335 2904 5422 §imilli
2931 5337 3081 5422 modo
3102 5343 3150 5392 et
3161 5335 3338 5422 gratia
3363 5343 3560 5418 regnet,
3589 5334 3738 5422 εμπ-

2145 5403 2433 5480 obedientes
2479 5404 2575 5458 sibi
2625 5405 2785 5474 facit;
2835 5406 2960 5480 dum
3003 5407 3044 5462 ii
3084 5403 3736 5480 quibusrmisericordiam

2141 5476 2303 5550 dedit,
2345 5483 2480 5529 recte
2515 5486 2805 5550 versantur,
2861 5475 3106 5534 heredes
3137 5479 3304 5550 futuri
3330 5493 3420 5547 per
3445 5475 3732 5550 Christum,

2140 5549 2272 5603 sicut
2295 5550 2500 5616 fuerant
2527 5545 2834 5616 perditionis
2865 5550 3074 5606 obnoxii
3097 5545 3188 5623 per
3219 5545 3402 5603 Adam.
3447 5547 3586 5614 Quid
3611 5563 3734 5620 ergo

2137 5619 2362 5673 dicemus
2387 5617 2410 5670 ?
2439 5623 2544 5672 etc.

2175 5621 2362 5674 icemus
2387 5621 2410 5670 ?
2439 5623 2544 5672 etc.

2205 5687 2233 5727 ά
2275 5689 2434 5744 Rom.
2459 5688 2588 5744 edit.
2619 5688 2759 5761 sola,
2790 5689 3046 5750 aChristo
3071 5693 3294 5750 dicatur.
