4082 6306
204 289 303 345 illi

1097 262 1711 348 COMMENTARIAT'IN
1752 267 2148 332 EPISTOLAM
2185 268 2280 329 AD
2319 269 2667 331 ROMANOS.

3422 274 3524 332 {0‘2

207 399 452 456 similem
484 396 776 468 prmstahit
802 394 1275 451 resurrectionem.
1306 391 1462 461 Quod
1501 392 1558 446 in
1588 391 1816 462 epistola
1844 391 1900 453 Α
1923 393 2108 445 autem
2153 385 2358 444 Christi
2413 386 2530 443 fore
2558 387 2800 444 creditur
2851 385 3187 443 immortale.
3239 385 3308 442 Ut
3344 394 3522 441 autem

209 509 308 550 sua
327 492 579 550 Joannes
608 491 890 562 apostolus
916 496 1182 546 memorat
1200 486 1390 543 dicens
1417 504 1430 540 :
1457 484 1665 542 Scimus
1695 483 1818 554 quia

209 603 326 641 cum
356 585 695 658 apparuerit,
717 583 909 638 similes
936 583 984 636 ei
1011 581 1200 636 erimus
1225 579 1267 649 (I
1287 579 1448 633 Josn.
1477 593 1560 643 ιιι,
1587 577 1680 649 ‘2),
1710 576 1814 631 hoc

208 689 316 745 est,
351 677 727 734 immortalem
753 686 808 732 et
845 674 1141 744 gloriosum
1172 686 1481 744 resurgere.
1514 670 1627 726 Nec
1671 670 1815 726 enim

207 771 329 826 haec
359 768 820 833 eritsimilitudo,
849 774 908 822 ut
939 765 1075 821 nihil
1101 764 1294 830 distet;
1335 763 1461 834 quia
1491 761 1690 818 similis
1711 762 1821 816 erit

210 868 266 924 in
285 867 544 938 corporis
569 865 769 938 gloria,
804 878 909 919 non
937 864 990 917 in
1017 861 1317 918 divinitatis
1347 869 1561 916 natura.

284 965 302 1036 (
329 962 492 1019 Vers.
517 961 552 1018 6
582 971 638 1018 et
667 961 762 1031 7.)
787 959 1018 1016 Scientes
1042 958 1138 1012 hoc
1163 958 1283 1029 quia
1304 967 1444 1012 uetus
1474 957 1625 1012 homo
1649 967 1818 1012 noster

212 1057 372 1112 simul
403 1055 694 1126 cruciﬁxus
724 1061 818 1118 est,
848 1061 908 1106 ut
952 1053 1250 1106 destruatur
1299 1067 1488 1123 corpus
1516 1051 1735 1122 peccati,
1766 1059 1820 1106 ut

211 1152 353 1206 ultra
373 1167 478 1204 non
505 1149 795 1204 serviamus
823 1155 1061 1218 peccato.
1096 1145 1260 1200 Multa
1291 1144 1517 1200 innectit
1541 1152 1600 1200 et
1631 1145 1813 1209 iterat,

213 1258 271 1301 ut
305 1246 615 1315 baptizatos
639 1243 835 1298 doceat
856 1242 968 1312 jam
1012 1254 1120 1296 non
1151 1240 1354 1297 debere
1390 1254 1621 1311 peccare
1653 1256 1667 1294 :
1700 1254 1820 1294 ma-

213 1343 363 1398 xime
395 1355 468 1395 ne
500 1339 567 1394 ad
606 1336 972 1393 idololatriam
1002 1342 1378 1399 revertantur;
1435 1333 1818 1404 gravissimum

213 1433 325 1505 θο
351 1432 500 1488 enim
522 1430 756 1496 crimen,
776 1436 832 1484 et
858 1435 1020 1499 caput
1045 1426 1209 1482 totius
1235 1425 1446 1482 erroris
1466 1435 1578 1493 est;
1606 1441 1674 1481 ne
1699 1441 1821 1495 per-

215 1527 348 1584 dant
371 1527 611 1599 gratiam
634 1531 916 1595 acceptam
947 1537 979 1578 a
1011 1522 1126 1577 Deo
1160 1537 1255 1592 per
1299 1519 1597 1577 Christum.
1632 1519 1823 1577 Homi-

218 1636 344 1677 nem
372 1635 507 1692 ergo
532 1627 770 1676 veterem
797 1626 952 1673 actus
979 1615 1291 1687 prmteritos
1331 1613 1491 1679 dicit;
1525 1615 1648 1684 quia
1676 1614 1822 1670 sicut

221 1722 247 1752 α
273 1727 448 1768 novus
481 1711 647 1768 homo
674 1725 780 1782 per
809 1708 972 1765 (idem
1026 1717 1083 1764 et
1111 1722 1304 1779 puram
1363 1707 1531 1762 vitam
1585 1705 1816 1774 dicitur,

1922 481 1989 536 ad
2039 481 2457 552 promissionem
2509 480 2653 536 hanc
2695 481 2972 546 veniatur,
3008 496 3116 537 non
3155 480 3523 536 odi-diendum

1921 573 2054 630 dicit
2080 582 2334 646 peccato;
2368 590 2438 631 ne
2460 582 2653 646 regnet
2685 575 2739 630 iu
2770 583 2960 632 nostro
2991 575 3209 634 mortali
3238 590 3472 646 corpore
3506 593 3519 629 :

1923 679 2116 738 regnat
2141 678 2321 726 autem
2351 670 2478 726 dum
2494 671 2744 740 imperet.
2775 669 2831 725 Si
2852 677 3027 727 autem
3049 685 3158 726 nou
3185 679 3396 740 regnat,
3417 686 3524 724 non

1922 762 2195 819 videbitur
2215 779 2413 832 corpus
2441 764 2548 821 hoc
2569 778 2695 821 esse
2727 764 2977 829 mortale,
2997 764 3122 835 quia
3155 765 3210 818 in
3243 779 3340 834 spe
3369 773 3528 820 atter-

1924 855 2114 912 uitatis
2149 866 2250 910 est.
2281 856 2399 912 Non
2439 867 2664 928 propter
2686 856 3101 914 dissolutionem
3130 857 3268 913 dixit
3295 858 3529 915 mortale

1919 964 2149 1022 corpus,
2181 949 2279 1005 sed
2312 958 2536 1021 propter
2565 965 2784 1021 pinnam
2830 948 3122 1022 gehennae;
3169 959 3227 1006 ut
3257 949 3352 1008 ille
3381 966 3528 1007 mor-

1924 1043 2052 1100 talis
2078 1043 2312 1109 dicatur,
2341 1044 2434 1112 qui
2465 1042 2517 1099 in
2551 1043 2860 1115 gehennam
2911 1044 3212 1101 mittendus
3239 1054 3350 1112 est;
3400 1047 3527 1116 quia

1923 1137 2015 1207 qui
2057 1148 2283 1207 peccato
2331 1137 2615 1204 obediuut,
2649 1151 2670 1178 ε
2717 1147 2950 1197 mortem
2983 1137 3281 1197 secundam
3325 1139 3528 1196 inferni

1923 1246 2031 1286 non
2073 1231 2338 1299 evadunt,
2363 1248 2393 1288 a
2425 1248 2530 1304 qua
2559 1233 2808 1291 Salvator
2829 1235 2884 1291 in
2908 1251 2968 1292 se
2997 1236 3288 1293 credentes
3313 1235 3516 1292 libera-

1921 1323 2018 1378 vit.
2064 1323 2296 1380 Mortale
2345 1339 2480 1396 ergo
2528 1325 2718 1383 dicens
2748 1342 2967 1399 corpus,
3020 1337 3191 1385 totum
3242 1328 3516 1385 hominem

1922 1417 2280 1488 signiﬁcavit;
2326 1420 2453 1490 quia
2515 1423 2606 1490 qui
2664 1421 2929 1479 obediunt
2968 1433 3218 1494 peccato,
3265 1425 3528 1480 mortales

1920 1510 2204 1568 dicuntur:
2223 1512 2413 1568 Anima
2431 1515 2590 1582 enim,
2607 1515 2804 1587 inquit,
2823 1533 2942 1585 qua?
2954 1521 3258 1590 peccatipsa
3279 1521 3532 1576 morietur

1923 1603 2156 1675 (Ezech.
2217 1621 2370 1672 svnt,
2399 1607 2482 1678 4),
2517 1607 2571 1664 id
2599 1619 2706 1676 est,
2753 1619 2903 1666 totus
2931 1611 3115 1682 homo,
3172 1629 3336 1671 emo
3379 1613 3527 1674 enim

1924 1695 1951 1735 ιι
1983 1699 2106 1755 sine
2145 1714 2378 1770 corpore
2404 1700 2758 1771 iudicabitur.

219 1807 290 1862 ita
313 1814 551 1864 etvetus
576 1805 743 1862 homo
784 1818 885 1874 per
926 1801 1288 1858 difﬁdentiam
1333 1810 1390 1857 et
1421 1799 1596 1856 malos
1639 1809 1817 1856 actus.
1850 1799 1898 1860 Β
1999 1791 2196 1864 (vers.
2232 1795 2319 1850 I3.
2348 1793 2368 1865 )
2401 1795 2510 1852 Sed
2546 1814 2712 1869 neque
2742 1801 3026 1857 cohibentis
3082 1805 3308 1859 membra
3359 1817 3530 1863 vestra

221 1899 330 1956 llos
350 1909 512 1958 actus
540 1897 830 1955 crnciiixos
863 1895 1017 1963 dicit,
1043 1895 1096 1950 id
1121 1904 1206 1950 est
1249 1903 1522 1960 mortuos;
1547 1901 1606 1948 ut
1623 1908 1823 1962 corpus

1928 1902 2076 1942 arma
2093 1888 2387 1960 iniquitatis
2407 1902 2634 1961 peccato.
2649 1891 2901 1949 Ostendit
2915 1895 2946 1948 d
2957 1896 3001 1950 ia
3011 1895 3190 1952 bolum
3205 1900 3412 1954 nostris
3434 1916 3534 1956 nos

221 1992 536 2049 destruatur
574 1990 809 2063 peccati,
834 1988 982 2061 quod
1013 1998 1098 2044 est
1122 1997 1320 2044 cuncta
1348 1987 1604 2042 crimina.
1627 1986 1823 2042 Omnia
1921 1979 2119 2051 iaculis
2150 1983 2502 2055 impugnare;
2547 1988 2768 2043 occasio
2795 1989 2941 2045 enim
2973 1989 3131 2046 datur
3159 1991 3239 2046 illi
3300 2009 3396 2062 per
3427 2009 3529 2048 no-

224 2091 368 2146 enim
403 2097 628 2162 peccata
673 2084 836 2140 simul
878 2098 1080 2155 corpus
1130 2081 1390 2154 appellat,
1431 2080 1576 2152 quod
1603 2080 1816 2138 destrui

227 2181 353 2239 dicit
379 2196 474 2252 per
496 2182 694 2238 bonam
726 2181 917 2248 vitam,
947 2188 1003 2234 et
1033 2178 1195 2234 [idem
1218 2177 1572 2234 catholicam.

305 2275 495 2347 (Vera.
520 2274 600 2346 8.)
624 2273 687 2332 Si
707 2282 882 2329 autem
907 2273 1100 2328 mortui
1129 2288 1304 2327 sumus
1335 2287 1452 2327 cum
1475 2272 1826 2339 Christo,cre-

240 2367 403 2422 (limus
421 2367 553 2437 quod
573 2368 726 2421 etiam
743 2366 898 2421 simul
920 2367 1142 2421 triremes
1163 2380 1280 2418 cum
1298 2364 1393 2420 illo
1407 2363 1607 2438 (ϐείω.
1631 2379 1684 2430 v,
1703 2363 1822 2434 Ἃ).

239 2452 570 2510 Manifestum
597 2465 681 2510 est
707 2453 808 2508 hos
834 2452 925 2524 qui
948 2467 1168 2509 carnem
1195 2450 1606 2517 cruciﬁxerunt,
1638 2450 1693 2508 id
1719 2462 1822 2517 est,

234 2548 484 2604 mundum
525 2563 646 2605 cum
699 2547 850 2604 vitiis
897 2556 952 2603 et
981 2544 1447 2617 concupiscentiis
1492 2544 1634 2616 eius,
1685 2544 1824 2601 mori

229 2645 453 2712 mundo,
501 2654 556 2701 et
582 2643 849 2701 commori
888 2641 1133 2709 Christo,
1184 2650 1405 2698 mternzc
1447 2655 1668 2712 quoque
1703 2640 1826 2696 vitae

231 2753 292 2795 ac
316 2740 544 2796 salutari
599 2739 993 2811 eoimaginari;
1027 2748 1086 2794 ut
1124 2736 1315 2809 glorise
1364 2735 1569 2793 Christi
1613 2735 1824 2793 similes

227 2833 366 2890 eliici
391 2843 725 2891 mereantur.
751 2831 893 2889 Caro
916 2847 1070 2900 vero,
1101 2832 1153 2887 id
1178 2841 1287 2898 est,
1318 2845 1519 2902 corpus
1545 2830 1625 2886 sic
1653 2830 1830 2886 cruci-

233 2928 434 2999 ﬁgitur,
469 2929 512 2983 si
539 2927 819 2984 desideria
850 2927 972 2998 ejus
1017 2926 1320 2994 calcentur,
1351 2923 1380 2964 δ
1402 2939 1525 2997 qum
1569 2934 1830 2982 manente

229 3023 281 3079 in
308 3039 370 3080 ea
393 3033 648 3096 peccato,
673 3033 936 3080 creantur
962 3039 1025 3080 es
1054 3023 1507 3094 praevaricatione
1533 3019 1694 3091 primi
1731 3021 1828 3074 ho-

230 3120 385 3176 minis
432 3129 646 3192 coepta:
679 3120 733 3176 in
772 3136 943 3177 carne
985 3119 1130 3177 enim
1153 3117 1408 3175 diabolus
1451 3115 1826 3187 cruciﬁgitur;

1925 2081 2042 2128 stra
2067 2083 2327 2144 peccata;
2351 2076 2843 2138 utdeserentenos
2865 2081 3000 2149 Deo,
3019 2094 3243 2155 accepta
3267 2092 3535 2154 potestate

1931 2171 2122 2227 illudat
2161 2183 2214 2228 et
2259 2174 2552 2232 mortilicet
2597 2191 2718 2232 nos.
2752 2177 2883 2235 Ideo
2927 2180 3172 2237 membra
3215 2192 3404 2238 nostra
3459 2180 3530 2235 ab

1927 2265 2075 2320 outni
2101 2280 2270 2336 opere
2290 2266 2597 2339 iniquitatis
2635 2272 2922 2329 continere
2947 2271 3236 2340 debemus,
3269 2285 3329 2330 ut
3351 2273 3532 2330 inimi-

1925 2374 2023 2416 cus
2046 2370 2232 2419 noster
2253 2362 2482 2420 inermis
2501 2365 2754 2422 iuvencus
2778 2366 3117 2438 subjiciatur.
3145 2368 3211 2423 Et
3232 2383 3339 2423 non
3364 2368 3532 2424 dixit:

1929 2453 2202 2513 Exhibete
2219 2472 2446 2528 corpora
2472 2469 2676 2522 vestra,
2706 2461 2802 2517 sed
2825 2463 3056 2516 meinbra
3083 2472 3292 2530 uestra;
3317 2473 3338 2499 ο
3364 2478 3538 2518 mem-

1936 2547 2052 2604 bris
2080 2550 2226 2605 enim
2255 2552 2523 2609 ministris
2547 2562 2784 2620 erratur,
2814 2570 2925 2610 non
2959 2564 3070 2610 toto
3091 2571 3343 2628 corpore.

2001 2643 2110 2700 Sed
2133 2646 2364 2702 exhibete
2377 2663 2468 2702 vos
2499 2647 2630 2716 Deo,
2657 2659 2917 2719 tamquam
2941 2667 3006 2705 ea:
3031 2653 3247 2706 mortuis
3275 2652 3516 2707 viventes.

1931 2737 2157 2794 Mortem
2185 2737 2551 2809 ignorantiam
2585 2752 2640 2798 et
2665 2743 3054 2799 inﬁdelitatem
3087 2760 3211 2802 cum
3247 2747 3386 2800 mala
3416 2750 3527 2801 vita

1929 2829 2240 2902 signiﬁcat;
2271 2834 2396 2904 quia
2431 2834 2537 2890 vita
2567 2845 2652 2892 est
2674 2849 3012 2907 cognoscere
3043 2837 3213 2894 Deum
3237 2853 3340 2909 per
3381 2839 3532 2894 Chri-

1929 2935 2094 2981 stum.
2129 2927 2267 2994 Quia
2317 2927 2466 2984 enim
2504 2943 2667 2984 nemo
2702 2931 2824 2986 sine
2854 2940 3083 3002 parente
3125 2940 3311 2987 ortum
3367 2934 3536 2988 sumit

1933 3019 2083 3086 vitae,
2109 3022 2296 3077 omnia
2329 3033 2510 3080 autem
2538 3039 2568 3078 a
2599 3023 2712 3080 Deo
2755 3036 2878 3081 orta
2925 3036 3053 3082 sunt
3106 3026 3173 3082 ad
3222 3029 3392 3082 vitam
3439 3042 3538 3098 per

1933 3115 2242 3182 Christum;
2270 3116 2480 3174 idcirco
2507 3118 2601 3189 qui
2631 3134 2739 3174 non
2777 3121 3064 3190 cognoscit
3100 3131 3383 3194 parentem
3415 3138 3533 3178 oin-

229 3212 341 3284 ipse
366 3218 517 3272 enim
543 3224 648 3284 est,
682 3216 773 3286 qui
809 3215 947 3271 fallit
971 3230 1074 3287 per
1096 3228 1344 3269 carnem.
1376 3212 1521 3269 Caro
1568 3225 1701 3281 ergo
1727 3208 1831 3264 ali-
1857 3200 1902 3263 C
1935 3208 2087 3266 nium
2131 3224 2256 3266 esse
2306 3210 2472 3267 Deum
2499 3225 2597 3281 per
2622 3209 2924 3280 Christum,
2972 3215 3138 3270 vitam
3174 3215 3376 3272 habere
3428 3232 3536 3270 non

229 3308 449 3378 quando
499 3308 758 3377 mundus,
802 3307 862 3363 id
893 3319 1000 3376 est,
1036 3308 1330 3374 elementa,
1379 3303 1674 3377 aliquando
1705 3318 1836 3358 vero

228 3415 424 3472 corpus
445 3401 683 3458 hominis
730 3401 1073 3474 intelligitur,
1111 3400 1195 3458 vel
1240 3401 1356 3474 ipsa
1389 3398 1568 3457 anima
1599 3410 1837 3469 sequens

229 3508 498 3566 corporea
539 3495 688 3551 vitia.

303 3587 500 3660 (Vere.
535 3589 571 3644 9
595 3596 655 3646 et
680 3586 765 3644 10.
791 3587 808 3658 )
847 3587 1085 3644 Scieutes
1112 3589 1249 3659 quod
1276 3586 1519 3642 Christus
1561 3598 1835 3655 resurgens

233 3697 296 3738 etc
315 3683 565 3750 mortuis,
589 3683 704 3753 jam
749 3698 854 3738 non
879 3683 1120 3746 moritur,
1175 3697 1313 3737 mors
1335 3681 1413 3736 illi
1435 3680 1574 3734 ultra
1608 3695 1710 3733 non
1733 3679 1832 3732 do-

235 3775 539 3831 minabitur.
575 3775 730 3842 Quod
777 3775 918 3829 enim
953 3785 1189 3829 mortuus
1221 3784 1293 3830 est
1338 3782 1568 3845 peccato,
1601 3781 1835 3826 mortuus

228 3880 303 3925 est
329 3871 495 3926 semel
525 3885 543 3925 :
571 3869 710 3940 quod
739 3878 912 3924 autem
959 3869 1102 3936 vicit,
1135 3869 1254 3924 vivit
1285 3867 1415 3924 Deo.
1469 3865 1833 3922 Securitatem

228 3963 550 4019 aeternitatis
585 3962 640 4017 in
662 3961 1071 4018 resurrectione
1117 3961 1420 4019 Saluatoris
1441 3957 1725 4016 ostendit:
1765 3958 1834 4014 ad

228 4072 386 4129 quam
421 4056 622 4112 venire
639 4056 931 4128 contingit,
961 4057 1011 4112 si
1037 4056 1286 4112 melioris
1310 4056 1435 4111 vitae
1466 4053 1632 4111 fuerit
1662 4070 1834 4110 temu-

229 4150 376 4208 latio.
402 4152 511 4220 Qui
536 4151 683 4208 enim
705 4151 845 4209 bene
866 4149 1226 4222 agendovivit
1250 4150 1380 4218 Deo,
1397 4149 1486 4206 hic
1512 4165 1643 4207 vere
1667 4149 1829 4214 vit-it;

233 4244 355 4315 quia
379 4251 648 4299 aeternam
681 4243 846 4299 habet
871 4243 1061 4300 vitam.

302 4337 500 4409 (Vere.
547 4337 674 4408 11.)
700 4336 788 4392 Ita
817 4345 863 4393 et
889 4352 977 4392 vos
1021 4336 1314 4392 existimate
1351 4352 1441 4392 vos
1467 4343 1696 4393 mortuos
1721 4337 1834 4404 qui-

229 4433 345 4488 dem
382 4447 497 4488 esse
531 4439 766 4504 peccato,
797 4431 1021 4487 uiuentes
1051 4439 1223 4487 autem
1253 4429 1367 4486 Deo
1394 4431 1449 4486 in
1475 4429 1681 4487 Christo
1704 4430 1834 4486 Jesu

231 4521 463 4580 Domino
490 4533 687 4580 nostra.
737 4523 831 4583 Sic
879 4524 1137 4596 loquitur,
1179 4535 1239 4581 ut
1288 4525 1480 4582 doceat
1513 4538 1619 4581 non
1673 4525 1833 4582 aliter

1937 3302 2161 3370 dicitur,
2209 3303 2314 3359 hoc
2365 3313 2472 3372 est,
2521 3305 2602 3360 sic
2640 3305 2876 3362 habetur
2922 3321 2986 3362 ac
3041 3307 3087 3362 si
3121 3323 3229 3363 non
3259 3309 3332 3364 sit
3375 3309 3540 3379 :ipse

1936 3396 2080 3452 enim
2107 3399 2462 3468 semetipsum
2499 3412 2622 3453 (asse
2653 3405 2851 3469 negat,
2872 3399 3004 3454 dum
3034 3403 3154 3456 sine
3180 3411 3408 3471 parente
3427 3401 3541 3458 Deo

1933 3505 2063 3549 esse
2085 3505 2148 3548 se
2177 3501 2355 3563 putat.
2387 3492 2577 3563 Itaque
2610 3492 2920 3562 ignorantia
2952 3503 3008 3550 et
3031 3496 3206 3567 turpis
3251 3497 3358 3551 vita
3385 3511 3540 3552 mors

1941 3595 2058 3653 est;
2091 3586 2225 3643 vitia
2269 3602 2392 3642 eum
2424 3587 2528 3642 ista
2557 3595 2786 3643 mortem
2819 3589 3130 3658 acquirunt,
3167 3604 3273 3644 non
3308 3599 3539 3646 mortem

1938 3680 2101 3747 bane,
2154 3695 2274 3750 quae
2340 3681 2648 3736 communis
2695 3691 2780 3737 est
2833 3683 3109 3749 omnibus,
3155 3682 3254 3738 sed
3304 3693 3540 3738 mortem

1935 3775 2220 3846 gehennae,
2244 3775 2385 3830 sicut
2399 3790 2564 3844 supra
2594 3776 2928 3842 memoravi;
2951 3785 3008 3830 ut
3028 3776 3269 3846 cognitio
3302 3776 3542 3844 parentis

1940 3867 2058 3934 Dei,
2111 3875 2168 3922 et
2197 3874 2387 3922 sancta
2417 3867 2769 3923 conversatio
2813 3869 2925 3922 vita
2979 3867 3074 3932 sit,
3118 3882 3228 3923 non
3259 3867 3380 3922 .ha-e
3419 3883 3544 3940 qua:

1933 3961 2162 4019 occasui
2189 3961 2459 4033 subiacet,
2489 3961 2591 4018 sed
2618 3961 2712 4018 illa
2742 3963 2910 4018 futuri
2933 3962 3140 4029 saeculi,
3165 3977 3285 4033 quin
3319 3973 3546 4020 vocatur

1937 4069 2160 4117 mterna.
2193 4058 2590 4128 Quamobrem,
2613 4059 2850 4114 exhibete
2879 4074 2967 4115 vos
2995 4057 3128 4126 Deo,
3156 4058 3352 4129 inquit,
3379 4074 3543 4130 quem

1937 4160 2334 4224 eoguoscentes
2379 4150 2690 4222 profecistis
2743 4152 2794 4206 in
2837 4152 3100 4218 salutem;
3137 4160 3197 4206 ut
3238 4151 3546 4208 inhonestae

1939 4247 2064 4301 vitae
2085 4245 2488 4311 renuntiantes,
2517 4244 2712 4302 essetis
2739 4260 2805 4299 ex
2852 4246 3084 4300 mortuis
3113 4245 3395 4302 viventes.

2004 4339 2115 4413 61
2143 4338 2210 4393 Et
2237 4339 2466 4395 membra
2487 4347 2658 4394 uestra
2684 4355 2828 4394 arma
2844 4339 3070 4412 justitia:
3092 4337 3220 4396 Deo.
3244 4339 3416 4396 Tanta
3449 4353 3548 4396 nos

1937 4431 2206 4487 modestia
2237 4431 2710 4487 conversationem
2734 4440 2978 4486 nostram
3001 4431 3116 4486 vult
3135 4433 3468 4502 gubernare,
3489 4441 3550 4489 ut

1937 4533 2094 4581 actus
2138 4524 2310 4581 nostri
2337 4523 2566 4594 justitiae
2603 4523 2698 4579 Dei
2727 4522 3098 4594 prolicieates,
3129 4539 3234 4580 non
3258 4525 3549 4582 mundana:

230 4620 369 4675 mori
391 4634 554 4691 posse
579 4627 826 4690 peccato,
851 4627 906 4674 et
927 4619 1038 4675 Deo
1055 4619 1442 4691 vivere,quam
1465 4618 1596 4674 utin
1619 4617 1837 4674 Christo
1863 4605 2165 4694 Djustitim
2207 4620 2362 4693 (quia
2408 4619 2596 4676 mundi
2632 4620 2840 4692 iustitia
2880 4620 3000 4677 sine
3048 4619 3155 4676 [ide
3197 4631 3281 4676 est
3321 4623 3546 4686 Christi,

231 4710 304 4767 sit
333 4713 521 4769 omnis
553 4728 718 4783 spes:
746 4728 912 4784 quem
956 4701 1247 4770 Dominum
1277 4723 1528 4770 nostrqu
1573 4714 1836 4786 appellat,

235 4816 294 4862 ut
317 4806 457 4862 nihil
479 4806 647 4878 Legio
692 4808 758 4864 ad
789 4807 1027 4863 salutem
1075 4808 1335 4878 proﬁciat
1357 4809 1752 4881 capessendam
1785 4810 1838 4864 in

232 4898 423 4958 futuro
453 4901 676 4971 saeculo,
705 4902 927 4975 quando
950 4917 1061 4961 non
1088 4903 1254 4962 aliter
1285 4903 1400 4962 Deo
1422 4904 1642 4970 vivitur,
1675 4918 1837 4975 quam

233 5008 333 5066 per
358 4993 660 5054 Christum.

303 5089 506 5162 (Vera.
551 5091 678 5162 42.)
714 5090 840 5148 Non
886 5109 1010 5165 ergo
1055 5104 1230 5167 regnet
1273 5102 1540 5164 peccatum
1579 5094 1632 5148 in
1677 5102 1841 5148 vestro

237 5187 451 5242 mortali
481 5203 717 5258 corpore,
745 5197 802 5242 ut
815 5188 1074 5244 obediatis
1096 5188 1523 5260 concupiscentiis
1541 5191 1674 5260 ejus.
1694 5187 1840 5243 Mor-

241 5283 348 5340 tale
379 5297 579 5354 corpus
602 5290 686 5338 est
712 5297 959 5339 excausa
984 5283 1451 5355 praevaricationis
1473 5282 1625 5348 Adio,
1648 5298 1715 5338 ex
1739 5281 1844 5339 [ide

313 5457 339 5518 τι
381 5445 612 5512 Quidam
645 5461 802 5518 mss.,
836 5461 997 5500 novus
1027 5447 1177 5501 homo
1205 5461 1292 5518 per
1342 5443 1629 5508 Christum,
1659 5445 1712 5498 id
1741 5455 1838 5512 est,

240 5517 468 5641 gniejus
500 5518 654 5584 fidem
685 5517 858 5584 habet,
891 5533 1180 5590 puramque
1219 5519 1375 5572 vitam
1424 5526 1643 5581 exercet,
1682 5533 1843 5572 novus

282 5600 456 5641 icitur.
479 5599 587 5641 etc.

282 5599 456 5656 icitur,
479 5599 587 5646 elc.

311 5661 341 5698 ι)
385 5661 512 5716 Mss.
548 5662 912 5733 ali‘quot,qaa:
963 5671 1173 5719 manent
1221 5663 1274 5717 in
1305 5677 1394 5728 ea;
1447 5670 1658 5733 peccato
1707 5660 1842 5716 enim

244 5744 511 5800 creantur,
545 5741 650 5788 etc.

321 5817 342 5844 ο
395 5806 508 5861 Vet.
535 5804 670 5860 edit.
697 5819 819 5861 cum
847 5822 974 5862 mss.
1008 5823 1112 5866 non
1138 5808 1345 5875 paucis,
1375 5813 1590 5862 mortem
1621 5804 1846 5875 inferni;

245 5872 375 5932 Gill.
426 5877 481 5935 in
538 5890 715 5950 marg.
767 5889 823 5936 et
861 5877 1023 5936 Rom.
1075 5872 1206 5940 edit.
1245 5872 1482 5950 incorp.
1536 5872 1842 5936 cummss.

1941 4717 2060 4773 sine
2082 4733 2186 4787 qua
2220 4730 2330 4772 non
2359 4717 2490 4783 vita,
2515 4715 2612 4773 sed
2649 4730 2800 4771 mors
2819 4726 2902 4771 est
2923 4714 2943 4788 )
2966 4730 3114 4771 arma
3139 4716 3448 4787 pracbemus
3470 4718 3549 4773 illi

1943 4811 2010 4866 ad
2041 4809 2414 4867 defendendos
2446 4825 2548 4865 nos
2575 4827 2588 4863 :
2623 4811 2710 4865 cui
2753 4825 2877 4868 cum
2905 4825 3055 4865 arma
3086 4826 3186 4882 per
3214 4825 3378 4881 opera
3405 4813 3548 4866 bona

1942 4904 2276 4977 praebemus,
2309 4903 2505 4974 dignos
2535 4917 2635 4958 nos
2663 4901 2896 4958 facimus
2927 4902 3172 4973 adjuvari
3199 4903 3269 4960 ab
3295 4918 3390 4970 ea;
3418 4903 3551 4974 quia

1939 4998 2147 5070 iustitia
2179 4997 2274 5054 Dei
2309 4996 2560 5068 indignos
2591 4996 2841 5068 despicit.
2891 4995 2990 5052 Ubi
3022 4996 3167 5052 enim
3209 4998 3423 5068 justi-tia
3455 4997 3551 5052 Dei

1949 5092 2137 5162 fuerit,
2171 5093 2242 5148 ibi
2291 5092 2500 5150 habitat
2545 5092 2783 5164 Spiritus
2825 5099 3048 5152 sanctus
3073 5094 3141 5149 ad
3187 5092 3550 5162 adiuvandam

1949 5187 2381 5245 imbecillitatem
2423 5195 2708 5252 nostram;
2756 5187 2898 5243 sicut
2939 5187 3090 5245 enim
3134 5194 3358 5257 peccato
3399 5199 3550 5241 anna

1951 5279 2280 5354 praebemus,
2314 5293 2441 5336 cum
2478 5278 2621 5335 male
2660 5278 2869 5349 agimus
2915 5296 2926 5333 :
2958 5280 3030 5336 ita
3061 5286 3116 5334 et
3139 5277 3384 5348 justitiae,
3428 5291 3552 5333 cum

1949 5440 2293 5511 quibusdam,
2315 5447 2531 5494 mortem
2548 5439 2862 5505 secundum;
2889 5453 3021 5494 mss.
3052 5452 3183 5492 vero
3209 5435 3366 5493 Gem.
3393 5437 3548 5495 Prat.

1952 5514 2112 5598 hiieli.
2158 5513 2291 5569 Vall.
2340 5511 2552 5568 Tltuan.
2588 5521 2639 5567 et
2673 5512 2881 5581 Remig.
2918 5520 3126 5564 mortem
3149 5511 3431 5566 secundum
3469 5514 3551 5566 in-

2007 5603 2085 5639 l'Ill
2093 5624 2105 5639 ο

2007 5603 2105 5640 νηι.

1953 5587 2003 5656 re
2024 5655 2050 5694 ἀ
2091 5657 2347 5712 Nonnulli
2380 5671 2542 5721 mss,
2576 5657 2688 5710 sine
2713 5668 2870 5728 causa
2897 5666 3111 5728 corpore
3119 5654 3477 5728 judicabitur.

2027 5739 2050 5767 ί·
2093 5729 2221 5785 Mss.
2258 5744 2364 5785 non
2422 5728 2598 5798 pauci,
2643 5724 2882 5779 membris
2926 5724 3287 5798 enini,f'prottt
3344 5738 3552 5797 peccata

1955 5801 2278 5868 dictaverint,
2310 5796 2583 5854 ministerii
2606 5803 2830 5864 erratur,
2856 5803 2949 5851 aut
2973 5796 3226 5855 ministris
3260 5796 3516 5857 armatur.
