4082 6306
620 270 721 328 105

1651 260 1742 318 AD
1780 257 2023 318 OPERA
2063 260 2120 315 S.
2165 254 2904 316 AMBROSII'APPENDIX.

3809 260 3897 318 104

613 396 760 440 recte
821 397 1124 449 versamur,
1177 380 1417 437 membra
1477 387 1663 436 nostra
1713 378 2088 435 custodientes
2142 377 2209 433 ab
2239 383 2284 439 Α
2316 378 2515 433 duobus
2542 379 2782 433 Dominis
2809 376 3000 432 servire
3046 374 3262 448 (Matth.
3295 391 3369 443 vt,
3411 376 3529 447 ‘24).
3567 389 3589 413 υ
3623 376 3692 432 Ει
3715 377 3762 434 in
3794 379 3897 450 lege

521 532 529 535 _
613 478 756 532 omni
789 475 1143 546 turpitudine.

679 568 860 640 (Vcrs.
893 565 1006 640 11.)
1039 567 1318 622 Peccatum
1352 575 1524 620 autem
1553 566 1708 622 vestri
1746 568 1863 638 jam
1909 581 2010 619 non
2041 564 2211 618 donti-

609 661 811 716 nabitur
834 678 854 728 ;
906 678 1006 716 non
1035 662 1174 715 enim
1203 659 1294 715 sub
1338 659 1475 730 Lege
1517 659 1656 725 estis,
1688 657 1777 711 sed
1804 657 1896 711 sub
1933 655 2121 728 gratia.
2153 655 2210 710 Si

606 754 903 811 secundum
932 765 1206 827 pratcepta
1232 769 1355 825 qua:
1384 753 1500 820 dat,
1531 751 1896 816 ambulemus,
1927 758 2208 820 peccatum

605 848 762 903 nobis
792 848 928 902 dicit
969 863 1078 902 non
1111 861 1272 917 posse
1299 844 1602 910 dominari;
1639 853 1663 880 η
1683 844 1751 899 iis
1774 844 1918 899 enim
1950 841 2212 897 domina-

608 949 715 1006 tur,
751 939 844 1012 qui
873 947 1121 1011 peccant.
1154 937 1268 993 Non
1301 939 1449 993 enim
1483 936 1556 991 ita
1585 935 1950 1002 ambulantes,
1991 944 2046 989 ut
2075 949 2212 1003 pra:-

601 1035 755 1104 cipit,
787 1035 892 1090 sub
924 1034 1068 1104 Lege
1099 1048 1290 1089 sumus
1324 1049 1337 1086 :
1367 1033 1412 1087 si
1445 1047 1577 1088 vero
1613 1047 1720 1086 non
1762 1044 2071 1101 peccemus,
2101 1044 2208 1085 non

605 1142 797 1184 sumus
822 1127 924 1182 sub
950 1126 1114 1198 Lege,
1143 1126 1241 1183 sed
1269 1126 1370 1182 sub
1393 1126 1588 1197 gratia.
1613 1124 1667 1181 Si
1690 1133 1869 1179 autem
1899 1138 2207 1194 peccemus,

605 1219 633 1260 ι)
661 1222 932 1277 vertimnr
957 1222 1059 1278 sub
1081 1221 1244 1292 Lege,
1265 1229 1322 1277 et
1343 1220 1566 1289 incipiet
1589 1221 1761 1275 nostri
1790 1218 2060 1274 dominari
2087 1234 2211 1289 pec-

605 1325 819 1383 eatum;
873 1316 998 1387 quia
1038 1317 1129 1384 qui
1174 1316 1302 1386 facit
1340 1325 1629 1388 peccatum,
1675 1331 1847 1368 servus
1889 1324 1965 1369 est
2013 1315 2209 1383 peccati

605 1409 792 1473 (Joan.
814 1427 928 1479 vttt,
947 1411 1072 1482 34):
1094 1421 1146 1467 et
1173 1426 1396 1467 necesse
1425 1420 1593 1466 estut
1619 1411 1690 1465 sit
1708 1411 1808 1466 sub
1831 1409 1995 1480 Lege,
2021 1425 2212 1480 quam-

603 1506 697 1561 diu
731 1507 960 1562 remissa
984 1522 1092 1562 non
1125 1507 1359 1576 accipit;
1391 1516 1672 1576 peccatum
1703 1505 1847 1561 enim
1885 1503 2209 1559 auctoritate

605 1597 766 1670 Legis
804 1613 960 1656 reum
996 1599 1124 1654 facit
1156 1609 1500 1670 peccatorem
1536 1614 1638 1654 :ac
1679 1614 1778 1669 per
1822 1599 1924 1653 hoc
1966 1598 2052 1652 cui
2083 1596 2207 1652 data

605 1693 860 1750 remissio
883 1703 986 1763 est,
1013 1704 1068 1749 et
1091 1694 1330 1750 custodit
1357 1707 1437 1758 se,
1462 1709 1532 1748 ne
1556 1692 1624 1748 de
1651 1704 1853 1748 caetero
1875 1701 2083 1762 peccet,
2115 1705 2209 1746 ne-

2316 471 2522 527 dictum
2555 481 2640 528 est
2671 490 2683 526 :
2713 470 2856 527 Deus
2882 489 2986 527 non
3006 471 3273 526 deridetur
3301 471 3503 544 (Galat.
3533 488 3610 538 Vl,
3643 472 3720 546 7).

2391 565 2569 635 (Vers.
2603 566 2692 632 17,
2718 565 2834 638 18.)
2863 565 3073 621 Gratias
3100 577 3273 621 autem
3315 565 3452 634 Deo,
3478 567 3620 639 quod
3643 584 3752 621 cum
3779 570 3896 640 fuis-

2315 659 2437 712 setis
2465 659 2595 713 servi
2629 659 3122 731 peccati,'obedistis
3149 677 3215 716 ea:
3257 661 3411 715 corde
3449 662 3501 715 in
3543 678 3657 716 eam
3697 666 3897 733 formam

2315 753 2584 818 doctrinae,
2615 755 2667 808 in
2693 771 2796 824 qua
2818 755 2998 809 traditi
3022 755 3164 810 estis.
3185 755 3460 810 Credentes
3491 767 3660 811 autem
3685 757 3738 811 in
3759 757 3896 812 Chri-

2315 855 2470 911 stum,
2518 847 2648 900 servi
2688 848 2812 917 facti
2858 864 3038 902 sumus
3068 849 3309 917 iustitiae.
3340 849 3469 918 Ejus
3498 850 3645 905 enim
3685 849 3896 905 dicimur

2313 941 2478 1005 servi,
2527 941 2614 996 cui
2661 941 2969 996 obedimus.
3017 942 3086 997 Et
3137 945 3262 1010 quia
3304 942 3509 1012 justum
3562 952 3648 998 est
3696 943 3895 1000 obedire

2311 1034 2528 1092 Christo
2555 1036 2635 1108 (et
2675 1037 2790 1107 ipse
2824 1038 2968 1094 enim
3007 1037 3217 1108 justitia
3257 1044 3365 1104 est,
3400 1046 3453 1092 et
3481 1053 3603 1108 quae
3648 1039 3892 1108 praecipit,

2308 1129 2452 1198 justa
2475 1132 2625 1203 sunt)
2650 1131 2854 1188 idcirco
2881 1133 3016 1188 dicit
3041 1149 3231 1189 servos
3261 1150 3362 1189 nos
3391 1135 3565 1190 factos
3592 1135 3814 1205 justitia:
3839 1153 3894 1191 ex

2313 1225 2498 1292 corde,
2526 1242 2632 1282 non
2659 1242 2729 1283 ex
2758 1227 2904 1298 lege;
2939 1243 3007 1283 ex
3032 1229 3333 1293 voluntate,
3367 1245 3470 1283 non
3495 1246 3561 1284 ex
3594 1230 3787 1286 timore
3813 1247 3823 1282 :
3849 1241 3895 1284 ut

2316 1321 2582 1390 professio
2626 1331 2812 1376 nostra
2859 1321 3025 1376 animi
3062 1322 3269 1392 jttdicio
3301 1333 3600 1392 promatur.
3629 1323 3732 1380 Per
3758 1337 3893 1379 natus

2313 1430 2427 1468 ram
2454 1415 2599 1470 enim
2624 1414 2827 1469 inducti
2857 1430 3045 1470 sumus
3068 1415 3133 1470 ad
3166 1415 3346 1481 ﬁdem,
3375 1433 3480 1472 non
3510 1433 3607 1488 per
3636 1418 3826 1490 legem,
3849 1421 3890 1475 in

2311 1524 2414 1578 qua
2447 1507 2616 1562 forma
2665 1508 2926 1564 doctrinm
2972 1508 3066 1564 Dei
3115 1511 3346 1580 imperio
3390 1511 3514 1566 facti
3565 1528 3772 1580 sumus,
3815 1515 3891 1584 qui

2311 1600 2464 1655 finxit
2495 1609 2765 1657 naturam.
2801 1601 2857 1656 ln
2887 1611 3078 1657 natura
3114 1603 3263 1658 enim
3295 1603 3580 1670 habemus,
3613 1615 3671 1660 ut
3709 1620 3889 1677 cogno-

2309 1707 2527 1749 scamus
2549 1710 2578 1747 a
2610 1711 2739 1764 quo,
2766 1705 2819 1749 et
2853 1710 2948 1765 per
2976 1710 3162 1766 quem,
3196 1705 3252 1751 et
3285 1696 3336 1750 in
3365 1712 3474 1768 quo
3501 1713 3688 1753 sumus
3718 1697 3887 1753 creati.

604 1803 710 1858 quc
743 1797 1026 1858 peccatum
1063 1787 1112 1843 ei
1146 1787 1540 1855 dominabitur,
1580 1802 1758 1858 neque
1793 1786 1892 1843 sub
1923 1787 2066 1857 Lege
2100 1797 2205 1842 est.
2240 1782 2288 1841 B
2315 1786 2508 1842 Forma
2533 1802 2666 1859 ergo
2687 1789 2950 1843 doctrina.-
2972 1798 3076 1854 cst,
3106 1787 3160 1843 in
3191 1805 3351 1860 quam
3387 1789 3610 1845 tradidit
3637 1807 3738 1846 nos
3758 1805 3889 1846 crea-

599 1880 793 1938 Cessat
821 1882 966 1939 enim
1007 1881 1149 1938 circa
1183 1898 1310 1939 eum
1336 1882 1640 1937 auctoritas
1670 1881 1850 1952 Legis,
1884 1879 1978 1951 qui
2008 1880 2208 1936 libera-

605 1983 689 2029 tus
723 1983 805 2030 est
845 1991 874 2029 a
907 1985 1162 2046 peccato;
1194 1991 1331 2047 quos
1367 1976 1514 2032 enim
1559 1991 1681 2030 reos
1709 1983 1857 2030 tenet
1889 1975 1996 2040 lex,
2026 1972 2208 2030 traditi

602 2078 731 2125 sunt
759 2069 888 2126 illia
914 2079 1158 2140 peccato.
1183 2070 1287 2138 Qui
1319 2085 1452 2142 ergo
1482 2071 1723 2142 peccatis
1749 2079 1944 2126 exutus
1966 2079 2070 2133 est,
2097 2084 2206 2124 non

601 2174 783 2232 potest
812 2178 938 2220 esse
974 2165 1076 2220 sub
1108 2165 1272 2236 Lege.

673 2257 855 2328 (Vers.
888 2257 1002 2329 15.)
1031 2258 1169 2325 Quid
1191 2275 1313 2330 ergo
1332 2260 1357 2312 7
1379 2259 1725 2327 peccabimus,
1756 2259 1876 2329 quia
1907 2274 2007 2312 non
2031 2273 2204 2312 sumus

597 2351 688 2405 sub
715 2350 874 2423 Lege,
907 2352 1000 2406 sed
1027 2353 1120 2406 sub
1143 2353 1357 2425 gratia?
1390 2351 1559 2407 Absit.
1592 2353 1858 2420 Quoniam
1886 2352 1996 2407 Lex
2025 2367 2056 2406 a
2093 2351 2204 2407 Deo

596 2453 701 2511 est,
728 2459 792 2500 ac
818 2460 914 2515 per
935 2444 1039 2502 hoc
1072 2461 1141 2502 ne
1167 2445 1312 2502 forte
1331 2456 1726 2518 opponeretur,
1747 2459 1769 2486 ο
1800 2448 1916 2518 ipse
1947 2447 2050 2502 sibi
2075 2461 2203 2516 pro-

597 2539 780 2608 posuit
812 2555 825 2591 :
851 2539 908 2595 Si
940 2553 1006 2595 ex
1033 2540 1142 2595 Deo
1169 2549 1253 2596 est
1277 2539 1411 2609 Lex,
1443 2541 1643 2610 inquit,
1670 2557 1769 2596 cur
1803 2555 1911 2595 non
1935 2539 2202 2596 debemus

593 2645 716 2686 esse
745 2631 847 2686 sub
878 2630 1042 2704 Lege.
1071 2632 1188 2688 Hoc
1217 2643 1428 2704 purgat,
1451 2647 1514 2688 ac
1533 2633 1693 2689 docet
1719 2648 1845 2689 cum
1879 2632 1974 2689 Dei
2005 2633 2200 2689 volun-

597 2733 733 2792 tate,
768 2726 860 2796 qui
885 2726 1047 2797 Legis
1071 2736 1262 2782 auctor
1282 2735 1388 2795 est,
1418 2743 1448 2781 a
1474 2727 1694 2782 Christo
1717 2741 1817 2782 nos
1847 2727 2107 2783 liberatos
2131 2725 2200 2781 de

596 2820 698 2876 sub
731 2821 875 2891 lege,
904 2820 1153 2892 quamvis
1179 2819 1326 2876 enim
1357 2830 1511 2876 recte
1539 2819 1662 2876 data
1698 2820 1769 2875 sit
1795 2820 1904 2876 Lex
1938 2819 2086 2894 (data
2118 2828 2202 2874 est

594 2914 762 2979 enim,
797 2921 855 2968 ut
883 2922 942 2970 et
981 2929 1106 2970 reos
1131 2913 1449 2970 ostenderet
1479 2913 1620 2985 apud
1663 2915 1854 2980 Deum,
1882 2915 1973 2986 qui
2004 2929 2196 2985 pecea-

599 3015 796 3062 verunt
815 3014 942 3064 ante
963 3007 1195 3079 Legem;
1220 3018 1275 3063 et
1302 3009 1482 3064 timori
1506 3018 1669 3076 esset,
1697 3019 1755 3064 ut
1775 3010 1845 3065 de
1866 3020 2068 3066 caetero
2091 3025 2196 3066 non

598 3101 938 3171 peccaretur)
961 3103 1057 3158 sed
1086 3105 1212 3174 quia
1238 3102 1539 3159 inﬁmitatis
1568 3118 1680 3159 suae
1715 3104 2086 3160 imbecillitate
2106 3120 2198 3176 ge-

2313 1893 2396 1936 tor
2424 1881 2768 1947 naturaliter,
2812 1883 2914 1938 hoc
2941 1892 3048 1949 est,
3083 1883 3227 1952 quod
3256 1899 3418 1954 supra
3447 1884 3589 1939 dixit
3615 1902 3628 1938 :
3660 1885 3770 1958 62
3796 1883 3889 1953 Ipsi

2309 1977 2407 2030 sibi
2436 1987 2554 2030 sunt
2585 1974 2693 2030 Lea:
2721 1976 2902 2044 (Rom.
2937 1993 2996 2042 ll,
3040 1975 3158 2046 14);
3192 1976 3318 2032 dum
3349 1976 3533 2033 vident
3569 1988 3776 2033 naturae
3795 1994 3889 2034 sua:

2308 2084 2452 2138 esse,
2475 2069 2617 2140 quod
2649 2068 2911 2136 credunt;
2937 2079 2996 2124 ut
3032 2070 3176 2140 quod
3202 2069 3405 2125 JlldiBiS
3434 2071 3523 2126 lex
3550 2079 3606 2127 et
3629 2073 3887 2143 propheta

2310 2163 2674 2232 przetlicarunt
2696 2163 2764 2220 de
2787 2164 3024 2229 Christo,
3056 2164 3156 2220 hoc
3183 2165 3416 2235 gentiles
3444 2162 3461 2201 ί
3488 2181 3556 2220 ex
3585 2166 3751 2221 corde
3772 2182 3884 2222 COll-

2309 2257 2498 2312 lidant.
2533 2257 2671 2312 llinc
2710 2257 2913 2328 gratias
2942 2255 3109 2312 refert
3140 2256 3397 2323 Domino,
3428 2258 3555 2328 quia
3586 2273 3712 2312 cum
3745 2273 3881 2314 ρεςε-

2309 2365 2429 2404 mus
2478 2350 2621 2406 servi
2653 2350 2886 2420 peccati,
2911 2348 3255 2405 obedivimns
3282 2365 3352 2403 ex
3396 2348 3565 2405 corde
3618 2348 3886 2406 credentes

2307 2445 2360 2499 in
2405 2443 2717 2510 Christum;
2769 2454 2825 2498 ut
2869 2444 3204 2500 serviremus
3247 2442 3392 2507 Deo,
3436 2457 3546 2500 non
3596 2457 3691 2515 per
3735 2443 3884 2514 legem

2305 2539 2504 2611 Moysi,
2528 2540 2622 2594 sed
2658 2554 2754 2609 per
2790 2539 2964 2608 legem
2993 2547 3225 2593 naturae.

2376 2631 2556 2703 (Vers.
2613 2631 2727 2702 19.)
2781 2629 3088 2685 Humanum
3134 2631 3252 2685 dico
3297 2639 3508 2703 propter
3553 2630 3885 2698 inﬁrmitatem

2302 2725 2474 2780 carnis
2505 2736 2702 2780 vestrm.
2727 2725 2861 2780 Dum
2891 2724 3267 2780 infirmitatem
3295 2725 3474 2779 carnis
3498 2731 3786 2788 memorat,
3805 2722 3887 2777 mi-

2303 2834 2404 2874 nus
2431 2835 2490 2874 se
2518 2820 2787 2890 signiﬁcat
2813 2819 3036 2890 exigere
3070 2818 3141 2874 ab
3187 2817 3429 2885 homine,
3477 2833 3642 2888 quam
3683 2816 3884 2888 dignum

2302 2925 2386 2970 est
2412 2918 2556 2971 circa
2587 2915 2680 2971 Dei
2706 2914 2996 2970 culturam.
3029 2914 3275 2985 Denique
3303 2911 3682 2967 sttbittfertur:

2379 3011 2528 3066 Sicut
2546 3012 2683 3064 enim
2708 3007 3261 3064 exhibuistis'membra
3286 3018 3454 3061 vestra
3470 3007 3663 3060 servire
3684 3007 3885 3059 immun-

2301 3103 2443 3156 ditia:
2474 3111 2521 3156 et
2565 3101 2849 3172 iniquitati,
2889 3100 2958 3154 ad
2986 3100 3341 3171 iniquitatem;
3386 3099 3461 3153 ita
3492 3115 3632 3152 nunc
3673 3097 3885 3152 ea-hibete

597 3212 699 3252 nus
727 3197 1024 3252 humanum
1050 3212 1080 3251 a
1108 3200 1348 3269 peccatis
1373 3215 1431 3254 se
1459 3198 1707 3256 inhibere
1730 3215 1838 3254 non
1865 3201 2061 3270 potuit,
2089 3199 2198 3256 fac-
2229 3180 2272 3239 (λ
2305 3197 2530 3250 membra
2554 3207 2723 3250 vestra
2750 3196 2939 3250 servire
2963 3194 3210 3267 justitiw,
3242 3195 3296 3248 in
3326 3194 3805 3262 sancti/icationem.
3830 3191 3886 3247 Ut

599 3299 711 3345 tum
743 3289 1042 3345 obnoxium
1076 3291 1269 3345 mortis
1313 3290 1541 3357 inferni;
1585 3299 1765 3347 motus
1811 3293 1956 3349 Deus
1994 3293 2198 3364 pietate

597 3382 904 3438 clementiae
921 3399 1055 3450 suae,
1075 3399 1180 3454 qua
1206 3399 1425 3455 semper
1449 3386 1689 3441 humano
1711 3386 1896 3456 generi
1918 3386 2196 3453 subvenit,

599 3477 839 3541 providit
869 3493 964 3548 per
994 3477 1289 3544 Christum,
1341 3495 1448 3550 qua
1495 3481 1710 3536 ratione
1748 3481 2050 3552 desperatis
2085 3482 2196 3550 jam

598 3569 822 3627 daretur
849 3572 1094 3640 medela;
1127 3583 1184 3628 ut
1215 3574 1536 3629 remissione
1561 3583 1908 3644 peccatorum
1944 3586 2191 3646 accepta,

599 3665 738 3722 eruti
765 3681 796 3721 a
823 3665 992 3740 Lege,
1029 3683 1151 3738 quze
1191 3667 1314 3724 illos
1345 3667 1580 3724 habebat
1623 3667 1892 3723 obnoxios
1913 3709 1927 3735 ,
1973 3677 2030 3723 et
2060 3669 2200 3724 rele-

596 3758 704 3814 vati
732 3767 788 3815 et
814 3761 1069 3832 reparati,
1108 3761 1219 3817 Deo
1250 3761 1544 3833 adjuvante
1574 3757 1603 3798 ἀ
1648 3776 1744 3832 per
1773 3761 1960 3829 fidem,
1989 3762 2136 3817 vitiis
2164 3778 2192 3816 a

592 3850 790 3922 quibus
833 3852 984 3922 prius
1008 3851 1231 3923 ;subacti
1261 3851 1497 3919 fuerant,
1533 3862 1930 3924 repugnarent;
1966 3852 2196 3923 ideoque

597 3961 704 4000 non
746 3946 1090 4015 peccavimus
1129 3946 1281 4016 quasi
1321 3945 1523 4018 Legem
1570 3955 1898 4016 spernentes
1937 3946 2064 4012 Dei,
2098 3945 2194 4001 sed

595 4039 766 4106 ipsius
825 4039 920 4094 Dei
968 4039 1124 4110 quasi
1180 4039 1578 4110 providentiam
1631 4037 1808 4095 secuti
1856 4052 2046 4094 sumus
2097 4054 2195 4109 per

595 4130 892 4186 Christum.

667 4224 852 4297 (Vers.
879 4225 991 4296 16,)
1024 4225 1253 4281 Nescitis
1279 4227 1399 4297 quia
1424 4227 1506 4281 cui
1535 4226 1785 4282 exhibetis
1812 4243 1902 4282 vos
1931 4243 2101 4283 servos
2125 4228 2194 4282 ad

595 4319 958 4388 obedientium,
986 4321 1118 4375 servi
1148 4321 1266 4375 estis
1290 4323 1424 4392 ejus,
1453 4321 1538 4375 cui
1569 4319 1834 4386 obedistis,
1863 4321 1966 4375 sive
1998 4323 2195 4392 peccati

591 4415 647 4470 in
670 4423 903 4479 mortem,
929 4414 1036 4468 sive
1057 4413 1366 4469 obeditionis
1387 4414 1456 4468 ad
1472 4414 1757 4487 jttstitiam.
1776 4412 1934 4469 Nunc
1956 4429 2024 4470 ne
2044 4415 2190 4470 aliud

596 4508 932 4578 proﬁtentes,
955 4507 1102 4563 aliud
1123 4508 1406 4574 faciamus,
1425 4518 1617 4563 etcum
1638 4507 1731 4564 Dei
1762 4508 1906 4563 servi
1932 4508 2187 4575 dicimur,

2301 3291 2646 3344 occasionem
2683 3289 2844 3344 nobis
2875 3286 3116 3344 auferret
3157 3287 3372 3344 timoris
3403 3289 3703 3344 accedendi
3729 3287 3795 3343 ad
3831 3288 3883 3338 ti-

2301 3383 2448 3449 dem,
2477 3384 2600 3454 quia
2629 3384 2782 3454 quasi
2814 3382 3177 3453 importabilis
3205 3384 3364 3439 nobis
3382 3393 3439 3438 et
3465 3399 3662 3454 aspera
3695 3383 3886 3438 videre-

2301 3485 2410 3544 tur,
2433 3491 2496 3533 ea
2523 3491 2782 3532 mensura
2813 3492 2913 3533 nos
2938 3477 3050 3533 Deo
3072 3479 3282 3533 servire
3314 3478 3595 3548 praecepit,
3620 3494 3724 3548 qua
3755 3477 3884 3548 prius

2299 3569 2696 3626 famulabamnr
2721 3569 2940 3628 diabolo
2965 3588 2980 3627 :
3011 3587 3131 3627 cum
3164 3572 3349 3641 utique
3371 3572 3699 3642 propensius
3725 3570 3880 3626 debe-

2299 3675 2380 3720 ret
2406 3665 2599 3721 serviri
2634 3666 2742 3721 Deo
2771 3682 2933 3734 quam
2957 3665 3203 3733 diabolo,
3225 3667 3427 3736 quippe
3452 3681 3578 3721 cum
3609 3665 3695 3720 hic
3726 3664 3880 3726 salus,

2298 3760 2410 3816 illic
2461 3761 2737 3816 damnatio
2785 3770 3073 3830 operetur;
3124 3759 3368 3816 medicus
3410 3769 3590 3815 tamen
3637 3759 3883 3830 spiritalis

2298 3871 2404 3911 non
2435 3856 2555 3926 plus
2581 3871 2610 3910 a
2643 3857 2798 3911 nobis
2823 3855 3016 3926 exigit,
3048 3872 3116 3911 ne
3143 3855 3272 3910 dum
3305 3864 3577 3926 praecepta
3599 3855 3754 3923 quasi
3776 3869 3880 3925 gra-

2298 3949 2380 4003 via
2421 3950 2750 4020 fugeremus,
2781 3949 3184 4019 perpendentes
3222 3949 3596 4004 inﬁrmitatem
3628 3959 3879 4007 nostram,

2299 4057 2642 4098 maneremus
2682 4043 2734 4098 in
2775 4051 2972 4099 morte.
3007 4041 3166 4099 Unde
3211 4043 3476 4098 Dominus
3513 4061 3526 4098 :
3569 4041 3779 4109 Tollite,
3816 4042 3882 4095 in-

2296 4140 2432 4210 quit.
2456 4143 2648 4213 jugum
2674 4157 2844 4195 meum
2866 4155 3021 4212 super
3045 4154 3228 4194 vos....
3254 4140 3375 4208 quia
3396 4155 3550 4194 suave
3578 4147 3751 4206 est,.et
3773 4152 3883 4192 onus

2295 4249 2463 4288 meum
2494 4234 2596 4289 leve
2629 4232 2849 4304 (Matth.
2875 4249 2950 4301 XI,
2981 4233 3097 4304 29).

2370 4325 2553 4399 (Vers.
2585 4328 2657 4383 20
2677 4337 2734 4385 et
2757 4327 2878 4398 ‘21.)
2904 4327 3036 4382 Cum
3062 4329 3198 4384 enim
3225 4330 3360 4385 servi
3387 4329 3564 4386 essetis
3581 4328 3801 4401 peccati.
3830 4328 3883 4379 lis

2295 4421 2402 4475 beri
2424 4421 2594 4492 fuistis
2617 4421 2857 4492 justitite.
2887 4422 3050 4490 Quem
3075 4425 3213 4476 enim
3242 4423 3468 4492 fructum
3492 4421 3746 4476 habuistis
3776 4431 3881 4473 tunc

2294 4516 2346 4569 in
2373 4517 2498 4584 illis,
2523 4517 2577 4571 in
2604 4517 2791 4588 quibus
2839 4535 2976 4572 nunc
3004 4517 3342 4573 erubescitis?
3367 4515 3507 4570 Nam
3534 4517 3658 4586 ﬁnis
3687 4515 3882 4569 illorum

592 4603 762 4675 gestis
784 4603 930 4659 servi
950 4601 1153 4659 diaboli
1184 4602 1552 4668 inveniamur;
1581 4611 1882 4672 praemonet
1902 4610 1958 4658 et
1981 4602 2191 4659 denun-
2215 4577 2266 4637 D
2295 4625 2430 4664 mors
2469 4577 2561 4665 est.
2596 4577 2940 4667 hlanifestum
2972 4621 3074 4679 est,
3118 4611 3245 4682 quia
3283 4612 3377 4683 qui
3411 4577 3546 4668 liber
3574 4619 3661 4666 est
3695 4626 3725 4664 a
3761 4611 3878 4671 Deo,

598 4697 696 4752 tiat
725 4696 845 4767 ejus
867 4711 967 4753 nos
996 4711 1188 4752 servos
1216 4711 1363 4762 esse,
1392 4696 1546 4768 cujus
1567 4707 1622 4751 et
1651 4698 1980 4752 voluntatem
2003 4697 2190 4768 exple—

592 4805 714 4847 tnus
737 4791 1030 4862 operibus;
1060 4800 1116 4848 et
1148 4808 1256 4848 non
1293 4805 1484 4863 parum
1518 4793 1713 4848 obesse
1741 4791 1910 4847 Deum
1941 4793 2185 4849 conﬁteri

591 4883 900 4952 Dominum,
936 4895 991 4940 et
1035 4883 1248 4940 actibus
1299 4883 1522 4940 diabolo
1566 4883 1818 4941 famulari
1854 4903 1866 4939 :
1916 4901 2038 4941 nam
2085 4885 2189 4942 hoc

589 4980 723 5037 olim
743 4980 888 5036 Deus
919 4979 1167 5046 denotat,
1197 4989 1254 5036 et
1282 4990 1504 5036 accusat
1533 4981 1728 5037 dicens
1757 4999 1770 5036 :
1800 4981 1951 5036 Plebs
1973 4981 2084 5037 haec
2109 4983 2180 5037 la-

591 5075 687 5132 biis
712 5092 796 5132 me
820 5077 1061 5144 honorat,
1086 5092 1178 5130 cor
1203 5086 1378 5132 autem
1398 5093 1576 5131 eorum
1599 5077 1748 5150 longe
1768 5086 1839 5132 est
1865 5094 1895 5131 a
1919 5094 2000 5133 me
2018 5077 2186 5150 (Esai.

591 5188 739 5244 xm,
762 5171 876 5244 15).
898 5171 968 5228 Et
995 5171 1257 5228 Dominus
1283 5171 1361 5228 ait
1387 5173 1439 5228 in
1471 5173 1768 5246 Evangelio
1799 5172 2002 5230 :Nemo
2027 5185 2190 5247 potest

663 5325 689 5354 ιι
720 5315 888 5394 βοιιι).
908 5316 1060 5383 cod.,
1099 5313 1173 5372 Iis
1197 5317 1334 5371 enim
1350 5317 1671 5394 dominatur,
1697 5321 1783 5390 qui
1807 5335 2044 5394 peccant;
2065 5323 2186 5392 quia

592 5390 758 5444 omnis
796 5401 1035 5458 peccator
1085 5404 1260 5446 servus
1283 5401 1355 5445 est
1389 5391 1609 5458 peccati,
1641 5399 1689 5445 et
1735 5390 1936 5450 necesse
1965 5403 2040 5450 est
2079 5390 2189 5448 esse

583 5461 682 5536 sub
711 5460 870 5536 Lege.

662 5530 690 5571 δ
721 5530 880 5612 Etim.
916 5534 1050 5612 edit.
1081 5533 1237 5612 sola,
1265 5548 1530 5612 versamur
1556 5536 1648 5589 sub
1673 5535 1825 5612 Lege.

669 5616 690 5643 ε
719 5603 856 5678 Ead.
888 5606 1022 5662 edit.
1054 5607 1195 5674 sola,
1218 5606 1329 5677 ipse
1354 5608 1452 5661 sibi
1485 5603 1916 5678 opposuitflnfra
1941 5627 2076 5668 vero
2100 5611 2192 5667 ubi

592 5673 709 5732 haec
737 5677 854 5746 ipsa
881 5691 1004 5733 cum
1039 5673 1188 5754 mss.
1209 5673 1579 5754 nonnull_is,'et
1609 5678 1736 5735 Gill.
1768 5682 1833 5754 in,
1853 5698 2052 5754 marg,
2082 5683 2194 5739 Hoc

591 5758 776 5820 purgat
801 5765 830 5832 ,1
877 5758 988 5806 vet.
1045 5750 1176 5806 edit.
1225 5765 1348 5806 cum
1393 5751 1513 5808 aliis
1558 5767 1694 5809 mss.
1751 5750 2031 5822 exhibent,
2078 5754 2196 5810 lloc

591 5833 872 5893 cognoscit.

2289 4713 2374 4758 est
2402 4718 2591 4760 servus
2625 4705 2867 4776 peccati;
2893 4706 3020 4761 dum
3055 4715 3246 4777 peccat
3267 4706 3440 4771 enim,
3472 4704 3681 4760 recedit
3707 4720 3739 4759 a
3764 4703 3880 4761 Deo.

2287 4808 2343 4854 et
2371 4799 2428 4855 lit
2454 4803 2557 4857 sub
2587 4814 2829 4873 peccato.
2857 4803 3058 4872 Quales
3089 4820 3220 4876 ergo
3249 4814 3378 4860 sunt
3416 4803 3624 4859 fructus
3657 4800 3878 4874 peccati,

2289 4903 2314 4941 ε
2341 4896 2391 4950 in
2411 4898 2607 4968 quibus
2627 4900 2939 4954 conversati
2966 4899 3314 4956 addiscentes
3331 4899 3526 4956 bonam
3555 4901 3746 4967 vitam,
3766 4913 3880 4952 emt-

2297 4988 2592 5059 fundimur,
2634 5007 2700 5049 eo
2746 4993 2891 5063 quod
2935 4992 3136 5048 dttdum
3183 4993 3414 5063 turpiter
3454 4991 3753 5047 vixerimus
3795 4997 3880 5043 :et

2299 5102 2403 5142 non
2437 5088 2610 5143 solum
2645 5089 2768 5155 hoc,
2802 5089 2926 5160 quia
2960 5098 3016 5145 et
3045 5089 3312 5146 sententia
3353 5101 3687 5160 paganorum
3724 5084 3880 5154 turpis

2294 5188 2349 5234 et
2377 5178 2520 5236 foeda
2552 5189 2658 5250 est,
2687 5182 2924 5238 maxime
2951 5198 3074 5253 qua:
3105 5183 3159 5239 in
3191 5182 3424 5254 Phrygia
3456 5181 3535 5236 im
3549 5191 3675 5236 enta
3704 5188 3807 5247 est,
3836 5177 3877 5230 in

2366 5317 2392 5356 ἀ
2419 5319 2496 5376 Ita
2522 5321 2655 5377 edit.
2703 5337 2895 5378 omnes
2924 5342 2938 5378 :
2969 5332 3024 5379 at
3047 5334 3241 5381 contra
3267 5338 3399 5380 mss.
3433 5320 3503 5378 ad
3531 5335 3700 5376 unum
3725 5329 3881 5374 voces

2296 5408 2385 5462 per
2414 5394 2570 5462 ﬁdem
2601 5409 2705 5449 non
2725 5395 3042 5453 admittunt.

2369 5477 2390 5504 ο
2421 5465 2578 5522 Rom.
2611 5465 2742 5534 edit,
2767 5468 2907 5532 sola,
2935 5477 2984 5522 et
3005 5469 3132 5524 alibi
3153 5470 3350 5524 dictum
3371 5479 3466 5524 est.

2369 5540 2388 5578 ί
2425 5539 2500 5594 lta
2542 5553 2732 5594 omnes
2786 5554 2920 5595 mss.
2977 5551 3167 5597 contra
3218 5556 3350 5596 vero
3401 5551 3594 5595 omnes
3622 5535 3792 5601 edit.,
3823 5548 3878 5587 επ

2292 5613 2445 5685 corde
2467 5611 2846 5685 conﬁteantur;
2870 5613 3090 5670 Amerb.
3105 5657 3118 5681 ,
3147 5615 3482 5685 confitentur.

2365 5697 2390 5733 ε
2414 5684 2614 5740 Omnes
2635 5683 2791 5748 edit.,
2813 5685 2868 5737 in
2890 5685 3073 5754 quibus
3101 5682 3456 5752 addiscentes;
3483 5682 3676 5739 melius
3701 5689 3876 5756 omnes

2296 5773 2456 5823 mss.,
2497 5757 2548 5809 in
2577 5757 2762 5822 quibus
2795 5749 3100 5824 conversati,
3142 5749 3500 5823 addiscentes;
3549 5768 3696 5810 uuus
3735 5749 3873 5805 abdi-

2293 5838 2488 5897 cantes,
2521 5829 2614 5884 sed
2647 5843 2815 5900 pravo
2835 5842 3021 5888 sensu.

4017 3227 4020 3388 Ι

4013 3781 4015 3893 l

4011 3987 4013 4145 ψ

4013 3781 4015 3893 l

4011 3987 4013 4145 ψ

4007 4477 4009 4619 1
