4082 6306
194 226 300 282 105

1077 234 1589 299 COMMENTARIA
1621 240 1686 299 ΙΝ
1729 239 2117 302 lsPlS’l‘OLAM
2164 247 2254 303 AD
2294 246 2643 313 ROMANOS.

3411 270 3513 328 106

193 356 299 412 qna
324 352 349 379 ει
377 342 485 400 nisi
510 357 745 417 Spurcus
773 348 1009 420 intersit,
1031 366 1433 414 sacramentum
1464 369 1671 416 mutum
1697 370 1801 429 est,
1834 368 1879 425 Α
1912 360 2031 432 lege
2061 370 2288 432 naturae,
2308 381 2432 436 quae
2454 368 2579 425 data
2603 377 2688 426 est
2710 373 2914 431 mundo
2940 390 2951 428 :
2974 374 3089 434 haec
3110 376 3221 436 Lex
3245 385 3518 452 generalis

192 443 249 490 et
272 438 548 506 torpescit
578 440 800 513 religio!
829 443 973 502 Ecce
1018 450 1248 505 maculis
1279 451 1441 521 plena
1472 452 1717 524 libertas,
1748 465 1803 511 et

192 528 553 597 squaloribus
578 532 845 605 obligata,
880 538 1038 610 cujus
1070 555 1208 611 opus
1241 552 1451 613 turpem
1490 546 1800 605 mercedem

192 620 363 679 habet
397 643 413 681 :
446 624 615 699 Cujus
636 630 757 699 ﬁnis
786 648 924 688 mors
953 644 1028 690 est
1056 652 1074 690 :
1099 637 1262 694 linem
1286 638 1647 698 dixltexitum
1676 642 1801 698 vitm

189 725 243 773 et
273 726 525 787 actuum,
557 724 646 779 cui
676 732 771 781 aut
800 741 970 796 mors,
1000 739 1095 785 aut
1122 730 1233 786 vita
1256 733 1519 790 succedit.
1550 733 1659 792 Scd
1699 736 1801 794 hac

189 810 317 868 loco
352 828 508 870 mors
534 814 760 889 duplex,
797 834 828 875 a
860 830 1037 879 morte
1066 823 1212 881 enim
1240 826 1309 882 ad
1352 837 1584 886 mortem
1616 838 1796 887 trans-

188 905 320 962 itur.

260 1002 451 1075 (Vers.
477 1004 599 1077 22.)
645 1005 807 1064 Nunc
836 1026 956 1067 vero
986 1013 1194 1072 liberati
1216 1032 1249 1071 a
1273 1028 1504 1089 peccato,
1535 1022 1669 1077 servi
1694 1038 1795 1076 au-

188 1105 285 1152 tem
311 1097 445 1167 {acti
493 1100 625 1169 Deo,
669 1103 865 1161 habetis
896 1111 1121 1179 fructum
1146 1120 1372 1167 vestrum
1402 1113 1457 1167 in
1486 1115 1791 1183 sanctiﬁca-

183 1191 401 1261 tionem,
427 1194 584 1263 ﬁnem
609 1212 728 1253 vero
749 1199 906 1255 vitam
935 1212 1200 1259 retentam.
1230 1204 1343 1262 Hoc
1366 1216 1472 1275 est,
1495 1208 1539 1264 si
1571 1218 1793 1281 accepta

181 1288 517 1347 remissione
541 1304 910 1366 peccatorum,
938 1297 1206 1357 bonarum
1229 1312 1447 1358 actuum
1477 1306 1658 1361 mmuli
1680 1306 1795 1365 fue-

183 1382 377 1449 rimus,
412 1386 760 1457 acquiremus
797 1392 1169 1464 sanctitatem,
1200 1397 1364 1454 linem
1402 1415 1535 1457 vero
1564 1400 1791 1460 habebi-

184 1490 328 1543 mus,
356 1476 410 1533 id
435 1488 541 1549 est,
565 1481 794 1553 exitum,
818 1485 986 1543 vitam
1013 1499 1365 1562 perpetuam;
1390 1509 1420 1549 a
1450 1507 1628 1554 marte
1645 1500 1789 1555 enim

184 1570 308 1637 hac,
336 1587 501 1643 quam
548 1574 712 1634 linem
742 1577 901 1647 dixit,
953 1583 1303 1643 transibimus
1334 1588 1398 1644 ad
1438 1590 1627 1659 vitam,
1669 1607 1790 1663 qua:

185 1665 303 1721 sine
331 1665 442 1724 ﬁne
464 1679 570 1727 est.

1905 462 2007 509 est.
2053 453 2207 512 Nunc
2236 471 2370 513 vero
2412 460 2575 517 aliam
2608 467 2867 536 prapanit
2907 471 3201 539 specialem
3238 475 3512 547 (quamvis

1903 557 1955 602 et
1981 550 2094 618 ipsa
2120 552 2394 620 generalis
2421 564 2528 623 est,
2571 557 2668 613 sed
2690 559 2817 616 dum
2846 579 2955 619 nan
2995 566 3259 639 recipitur
3288 571 3357 628 ab
3384 588 3505 629 om-

1903 638 2084 707 nibus,
2115 639 2172 695 lit
2216 642 2500 717 specialis)
2537 662 2635 717 per
2661 665 2822 722 quam
2853 656 2967 711 vult
2988 638 3223 727 probare
3246 668 3507 725 assertio—

1900 746 2030 787 nem
2060 745 2254 801 suam;
2300 735 2569 807 gradatim
2611 742 2757 800 enim
2798 747 2911 802 vult
2948 751 3171 811 tradere
3199 757 3506 817 veritatem.

1904 826 2049 884 Dicit
2069 842 2202 901 ergo
2228 848 2241 884 :

1973 920 2157 993 (Vers.
2177 923 2263 993 2.)
2284 924 2425 983 Nam
2446 945 2563 1002 qua:
2581 932 2676 987 sub
2695 935 2805 991 viro
2828 946 2904 992 est
2925 941 3131 1010 mulier,
3153 946 3349 1005 virente
3374 951 3504 1017 viro,

1897 1015 2116 1091 alligata
2145 1026 2220 1073 est
2246 1020 2352 1095 legi
2378 1022 2496 1078 viri.
2535 1024 2665 1083 Haec
2700 1027 2788 1085 lex
2832 1030 2900 1088 de
2929 1032 3229 1108 Evangelia
3258 1051 3366 1112 est,
3396 1015 3504 1103 non

1897 1124 1964 1165 ex
2006 1109 2215 1185 Moyse,
2259 1131 2436 1189 neque
2464 1134 2528 1175 ex
2557 1120 2769 1191 justitia
2817 1133 3055 1186 terrena.
3086 1132 3310 1204 Aliquid
3350 1109 3504 1213 ergo,

1896 1201 2036 1261 duce
2064 1214 2282 1275 natura,
2314 1210 2519 1283 aliquid
2549 1228 2617 1270 ex
2646 1216 2765 1289 lege
2786 1216 2959 1291 Moysi
2981 1201 3353 1297 addisce'ntes,
3382 1201 3506 1304 per;

1898 1295 2023 1354 fecti
2073 1300 2199 1357 lacti
2248 1314 2374 1360 sunt
2426 1322 2523 1377 per
2567 1308 2924 1384 Evangelium
2974 1316 3200 1377 Christi.
3245 1295 3508 1397 Sequenti

1896 1405 2028 1464 ergo
2073 1396 2328 1469 exempla
2364 1401 2612 1470 apertius
2636 1405 2832 1463 suadet
2861 1396 3349 1473 Christianismum
3373 1436 3507 1477 exu-

1897 1491 2007 1539 tum
2058 1501 2183 1543 esse
2209 1503 2239 1544 a
2282 1488 2399 1563 lege
2441 1494 2733 1565 factarum,
2774 1513 2881 1555 non
2913 1502 2981 1558 ab
3026 1507 3177 1562 omni
3209 1508 3367 1583 lege;
3402 1529 3505 1571 nec

1894 1579 2034 1637 ultra
2050 1580 2162 1654 jam
2188 1585 2446 1656 expedire
2467 1604 2591 1646 esse
2614 1591 2716 1647 sub
2738 1592 2881 1665 lege,
2907 1612 2978 1653 ne
2997 1601 3228 1671 gratiam
3245 1579 3495 1664 Deieva—

1893 1683 2021 1731 cuet
2042 1690 2296 1734 reversus
2325 1681 2428 1736 sub
2455 1681 2668 1754 legem;
2698 1686 2822 1757 quia
2859 1689 2957 1746 Dei
2985 1694 3157 1763 gratia
3193 1696 3445 1758 liberavit
3470 1719 3501 1759 a

256 1758 441 1831 (Vers.
471 1762 593 1835 25.)
610 1762 753 1820 Nam
781 1783 971 1824 merces
1000 1773 1197 1841 peccati
1216 1790 1353 1830 mors
1382 1786 1477 1833 est.
1506 1776 1784 1849 Quaestum
1817 1777 1865 1839 B
1893 1766 2013 1841 lese
2042 1768 2340 1840 hominem:
2364 1784 2423 1829 ιιι
2454 1776 2672 1847 spirit",
2705 1778 2761 1835 id
2792 1789 2878 1838 θεῖ
2897 1795 3105 1855 meme.
3129 1791 3335 1848 servm
3364 1793 3503 1852 Deo-

182 1853 395 1922 peecati
432 1864 667 1913 mortem
690 1857 843 1926 dicit,
872 1858 900 1898 ι)
923 1863 1047 1933 quia
1074 1878 1173 1935 per
1200 1877 1482 1937 peccatum
1506 1886 1655 1929 mors
1684 1888 1699 1928 :
1726 1888 1790 1931 ac

187 1958 280 2015 per
304 1947 405 2001 hoc
427 1948 519 2018 qui
544 1948 614 2005 de
634 1960 835 2010 caetero
854 1954 1133 2014 abstinent
1153 1973 1215 2016 se
1241 1976 1271 2015 a
1294 1964 1557 2034 peccatis,
1583 1968 1790 2039 stipen-

188 2038 333 2094 dium
372 2041 649 2113 accipiunt
679 2046 843 2102 vitam
885 2058 1183 2119 aeternam;
1215 2054 1340 2125 quia
1367 2056 1459 2127 qui
1507 2074 1614 2116 non
1661 2038 1788 2131 pec-

189 2141 335 2201 cant,
365 2134 529 2192 alieni
555 2148 684 2193 sunt
712 2155 742 2195 a
771 2150 951 2199 morte
988 2146 1250 2203 secunda.

263 2226 445 2284 Gratia
484 2242 656 2287 autem
688 2232 786 2290 Dei
813 2237 916 2291 vita
959 2248 1155 2295 (eterna
1194 2243 1248 2295 in
1289 2242 1495 2301 Christo
1520 2244 1648 2302 Iesu
1678 2247 1786 2305 Do-

199 2323 335 2378 mino
362 2336 557 2383 nostra.
586 2326 738 2385 Sicut
763 2331 909 2387 enim
938 2344 1233 2404 sequentes
1260 2350 1565 2408 peccatum,
1593 2343 1781 2413 acqui-

200 2425 326 2471 runt
354 2428 607 2488 mortem;
636 2421 709 2477 ita
756 2433 809 2480 et
838 2436 1135 2496 sequentes
1160 2430 1393 2500 gratiam
1435 2432 1554 2500 Dei,
1573 2432 1637 2490 ’id
1664 2443 1782 2505 est,

197 2508 355 2567 tidem
384 2512 603 2585 Christi,
644 2531 765 2588 quae
805 2518 975 2576 donat
1010 2534 1255 2594 peccata,
1295 2525 1577 2585 habebunt
1616 2530 1781 2588 vitam

191 2613 479 2672 aeternam;
510 2616 567 2663 ut
592 2610 867 2681 gaudeant
904 2626 964 2669 se
989 2613 1057 2670 ad
1083 2624 1299 2686 tempus
1326 2617 1576 2690 dissolvi,
1604 2622 1783 2679 scien-

189 2704 269 2753 tes
297 2712 357 2756 se
396 2698 539 2758 hanc
562 2702 729 2760 vitam
759 2717 1174 2779 consecuturos,
1203 2727 1325 2784 quae
1364 2723 1421 2771 et
1445 2715 1595 2772 omni
1618 2717 1783 2775 taedia

184 2801 385 2861 careat,
425 2803 483 2851 et
507 2799 912 2859 successionem
956 2818 1064 2861 nan
1096 2804 1315 2864 habeat.
1354 2809 1529 2880 Quam
1558 2822 1781 2872 sanctus

180 2884 397 2943 Simeon
417 2900 701 2963 exoptans,
723 2895 879 2967 petiit
900 2912 961 2956 se
984 2899 1115 2958 hinc
1134 2901 1361 2961 dissolvi
1394 2904 1551 2979 (Luc.
1573 2923 1633 2977 ιι,
1659 2907 1775 2983 29);

182 2986 240 3034 ut
278 2980 382 3037 iret
414 2982 470 3038 in
515 3000 667 3056 pace,
700 2987 755 3044 id
782 2998 867 3047 est
892 2990 1024 3061 vita,
1052 3009 1173 3065 quae
1201 2997 1405 3054 nullam
1446 3000 1653 3071 patitur
1696 2980 1779 3058 in-

178 3073 578 3143 quietudinem.
607 3078 676 3136 Et
700 3081 807 3139 hoc
836 3082 1036 3142 donum
1060 3100 1092 3142 a
1114 3086 1232 3145 Deo
1260 3105 1358 3161 per
1376 3090 1653 3150 Christum
1680 3110 1778 3151 no-

1894 1861 2051 1920 Sicut
2093 1864 2240 1922 enim
2281 1868 2505 1939 mulier,
2533 1881 2750 1930 mortuo
2779 1874 2920 1945 viro,
2948 1876 3178 1939 liberata
3215 1892 3299 1941 est
3325 1900 3354 1941 a
3382 1886 3503 1960 lege

1894 1956 2015 2026 viri,
2045 1975 2152 2016 non
2183 1975 2214 2016 a
2239 1961 2361 2034 lege
2389 1974 2595 2022 natura:
2621 1986 2633 2020 :
2660 1966 2734 2023 ita
2757 1978 2813 2025 et
2844 1970 2899 2027 lii
2925 1974 3017 2044 qui
3044 1976 3221 2047 gratia
3249 1978 3346 2037 Dei
3377 1978 3402 2017 ἀ
3428 1981 3500 2039 Ιί-

1891 2051 2063 2108 berati
2092 2068 2122 2109 a
2165 2054 2288 2127 lege
2316 2066 2464 2127 sunt,
2500 2074 2530 2114 a
2557 2074 2664 2132 qua
2691 2063 3020 2122 tenebantur
3046 2069 3162 2136 rei;
3198 2080 3257 2127 ut
3284 2084 3501 2131 mortua

1890 2145 1997 2202 illis
2025 2147 2115 2215 sit,
2144 2158 2203 2204 ut
2232 2147 2655 2211 Christianisma
2671 2154 2847 2226 juncti
2880 2174 2987 2216 non
3018 2163 3127 2219 sint
3148 2164 3407 2225 adulteri.
3434 2169 3503 2228 Si

1888 2242 2034 2298 enim
2066 2242 2151 2300 lex
2185 2245 2328 2313 apud
2355 2245 2479 2303 illas
2506 2247 2660 2316 vivit,
2692 2249 2929 2310 adulteri
2959 2265 3107 2322 sunt,
3142 2267 3198 2314 et
3226 2260 3358 2317 nihil
3386 2262 3500 2320 illis

1887 2333 2132 2403 proderit
2154 2334 2264 2391 dici
2287 2335 2650 2409 Christianos,
2681 2344 2805 2414 quia
2836 2345 3062 2403 obnoxii
3084 2361 3247 2407 erunt
3273 2353 3490 2411 ultioni.

1887 2426 1998 2483 Nec
2020 2427 2167 2484 enim
2193 2427 2329 2501 legis
2360 2431 2464 2487 erit
2492 2432 2726 2500 adulter,
2760 2437 2857 2493 sed
2899 2438 3202 2512 Evangelii,
3226 2446 3319 2517 qui
3348 2463 3497 2504 mar-

1885 2528 1976 2577 tua
2010 2520 2132 2593 lege
2160 2521 2391 2593 junctus
2430 2524 2747 2598 Evangelia,
2801 2538 2925 2600 post
2975 2533 3117 2589 redit
3156 2533 3224 2591 ad
3272 2537 3492 2610 legem;

1890 2626 1913 2653 ε
1947 2624 2164 2674 mortua
2216 2617 2365 2674 enim
2422 2618 2513 2676 lex
2558 2619 2786 2689 dicitur,
2822 2624 3041 2695 quando
3070 2643 3233 2700 quem
3266 2632 3490 2690 tenebat

1884 2722 2063 2776 reum,
2106 2708 2348 2780 ignotum
2379 2718 2466 2766 est
2494 2710 2569 2779 ei,
2603 2713 2926 2771 auctoritate
2953 2716 3090 2788 legis
3113 2732 3390 2779 cessante.

1956 2800 2235 2874 (Vers.‘_3.)
2255 2801 2409 2871 Quod
2436 2802 2481 2857 si
2510 2813 2742 2860 mortuus
2770 2806 2928 2877 fuerit
2943 2810 3021 2864 vir
3035 2814 3169 2884 ejus,
3185 2814 3403 2872 liberata
3420 2831 3495 2875 est

1881 2911 1915 2950 a
1932 2894 2041 2967 lege
2056 2895 2184 2962 viri;
2200 2908 2255 2951 ut
2278 2912 2379 2952 non
2399 2898 2466 2953 sit
2481 2898 2738 2968 adultera,
2753 2900 2798 2956 si
2804 2904 2998 2975 juncta
3018 2909 3175 2979 fuerit
3190 2912 3341 2968 alteri
3359 2914 3488 2970 viro.

1881 2987 2095 3047 Sublati
2136 3006 2163 3045 a
2196 2989 2362 3063 Lege,
2392 3002 2620 3064 accepta
2666 2994 2991 3055 remissione
3036 3012 3410 3076 peccatorum,
3438 3020 3495 3065 et

1876 3083 2050 3155 juncti
2079 3084 2395 3157 Evangelia,
2422 3102 2532 3144 non
2556 3098 2687 3145 sunt
2712 3089 3166 3169 adulteriLegis;
3191 3099 3315 3171 quia
3341 3117 3490 3160 mar-

176 3164 258 3222 bis
287 3168 475 3225 datum
507 3171 797 3231 Dominum
826 3186 1079 3236 nostrum
1106 3188 1366 3250 testatur;
1398 3195 1456 3241 ut
1487 3185 1600 3244 Deo
1628 3186 1776 3246 Patri

1885 3186 1973 3235 tua
2003 3179 2148 3251 apud
2191 3180 2316 3237 illos
2346 3190 2453 3237 est.
2490 3181 2548 3238 Si
2589 3190 2772 3241 autem
2815 3164 3100 3247 servantes
3132 3164 3353 3265 Legem,
3401 3213 3493 3255 ac-

174 3260 375 3329 gratias
428 3280 529 3335 per
575 3266 784 3326 nullum
825 3270 1057 3330 alterum
1113 3274 1217 3332 nisi
1265 3291 1363 3348 per
1410 3276 1607 3337 Filium
1657 3282 1777 3355 ejus

174 3367 419 3426 agamus.

787 3458 1015 3519 CAPUT
1049 3461 1162 3519 Vll.

240 3543 428 3618 (Vers.
463 3548 545 3621 1.)
576 3550 655 3605 An
681 3551 953 3626 ignoratis.
982 3560 1194 3627 fratres,
1224 3560 1499 3618 scientibus
1526 3564 1663 3619 enim
1692 3564 1769 3621 ιε-

168 3654 280 3710 gem
304 3640 514 3712 loquor.
549 3641 622 3700 Ut
648 3645 861 3703 animos
889 3662 1076 3705 eorum
1106 3651 1286 3709 lirmet
1314 3653 1368 3709 in
1393 3653 1643 3713 doctrina
1683 3657 1769 3714 di-

166 3729 311 3800 vina,
341 3735 602 3807 exemplo
644 3733 895 3795 humana:
927 3740 1063 3813 legis
1094 3743 1304 3813 utitur;
1352 3754 1408 3801 ut
1438 3747 1634 3805 iterum
1676 3766 1773 3821 per

166 3830 381 3882 terrena
421 3828 649 3886 suadeat
677 3830 946 3901 caelestia,
969 3834 1115 3892 sicut
1142 3846 1198 3893 et
1229 3852 1259 3892 a
1290 3839 1477 3897 mundi
1516 3851 1769 3899 creatura

164 3917 305 3976 Deus
338 3923 733 3994 cognoscitur;
757 3926 883 3999 quia
926 3928 1071 3985 enim
1099 3932 1259 3988 unius
1284 3941 1371 3990 est
1412 3943 1606 4005 totum,
1639 3936 1772 3995 licet

162 4009 395 4070 diversae
419 4016 534 4071 sint
554 4031 666 4086 res,
691 4032 758 4075 ex
785 4019 967 4093 aliqua
999 4032 1179 4081 tamen
1214 4035 1369 4097 parte
1394 4027 1499 4085 sibi
1529 4028 1768 4088 invicem

158 4107 369 4166 similes
396 4120 548 4166 sunt.
590 4109 783 4171 Sciunt
808 4130 940 4188 ergo
975 4116 1149 4190 legem
1182 4119 1451 4191 Romani;
1500 4124 1625 4195 quia
1657 4140 1764 4182 non

159 4209 285 4254 sunt
314 4201 543 4259 barbari
574 4223 589 4259 :
628 4206 723 4262 sed
749 4211 1289 4281 comprehenderunt
1318 4217 1621 4275 naturalem
1647 4219 1767 4292 jus-

156 4292 329 4349 titiam
362 4306 386 4335 ο
420 4297 619 4369 partim
644 4314 710 4356 ex
740 4316 825 4370 se,
848 4303 1046 4374 partim
1077 4320 1146 4363 ex
1174 4306 1380 4367 Graecis
1412 4326 1426 4365 :
1460 4327 1586 4368 nam
1616 4312 1766 4386 leges

158 4383 425 4445 Romanis
452 4390 647 4463 63fex
666 4392 896 4453 Athenis
918 4399 1145 4469 perlata:
1165 4412 1294 4458 sunt
1321 4420 1335 4459 :
1368 4404 1511 4462 sicut
1537 4414 1594 4463 et
1612 4383 1764 4464 Grae-

154 4478 233 4535 cis
260 4496 330 4535 ex
358 4480 629 4541 Hebraeis.
652 4485 805 4557 “Ante
830 4488 1053 4563 Moysen
1079 4494 1227 4550 enim
1254 4512 1362 4553 non
1393 4498 1598 4557 latebat
1625 4501 1761 4571 Lex;

1879 3274 2078 3331 cedere
2117 3288 2182 3331 se
2222 3282 2414 3346 putant
2442 3275 2512 3332 ad
2540 3276 2927 3350 Evangelium,
2958 3283 3037 3341 rei
3065 3295 3228 3343 erunt
3254 3297 3310 3345 et
3338 3289 3493 3346 adul-

1878 3369 2019 3438 teri;
2061 3368 2191 3442 quia
2222 3370 2343 3425 viva
2386 3370 2507 3444 lege
2543 3370 2846 3443 junxerunt
2873 3389 2933 3433 se
2958 3377 3106 3449 ﬁdei,
3141 3390 3197 3437 et
3239 3392 3402 3441 erunt
3434 3386 3488 3443 in

1876 3471 2106 3536 utraque
2128 3463 2383 3521 adulteri.

1946 3559 2131 3633 (Vers.
2157 3559 2239 3631 ιι.)
2264 3557 2471 3632 Itaque,
2497 3563 2687 3634 fratres
2707 3563 2829 3631 mei,
2851 3569 2901 3620 et
2924 3582 3010 3621 vos
3033 3569 3337 3640 mortiﬁcati
3360 3575 3485 3629 estis

1873 3654 2003 3727 Legi
2050 3670 2140 3722 per
2185 3670 2374 3726 corpus
2417 3652 2630 3710 Christi.
2675 3655 2947 3723 Quoniam
2994 3658 3248 3719 Salvator
3296 3674 3486 3724 noster

1872 3759 2074 3818 corpus
2100 3762 2257 3802 suum
2282 3746 2503 3803 diabolo
2524 3748 2847 3820 cruciﬁgere
2872 3752 3145 3823 permisit,
3168 3756 3354 3814 sciens
3381 3774 3482 3830 pro

1873 3840 2035 3897 nobis
2054 3854 2178 3897 esse
2198 3848 2253 3896 et
2279 3838 2649 3909 contra'_illum
2671 3858 2687 3909 ;
2710 3839 2917 3898 idcirco
2940 3857 3039 3914 per
3058 3860 3260 3919 corpus
3277 3848 3481 3907 Christi

1871 3932 2057 3990 salvas
2085 3947 2185 3989 nos
2228 3931 2364 3989 dicit
2415 3930 2613 3988 factos.
2643 3931 2779 3989 Mori
2823 3934 2969 3990 enim
3000 3935 3105 4009 legi
3150 3939 3260 3996 Deo
3291 3942 3477 4001 vivere

1871 4034 1995 4093 est;
2024 4024 2151 4098 quia
2175 4025 2291 4082 Lex
2316 4023 2631 4081 dominatur
2659 4026 3062 4097 peccatoribus.
3095 4030 3194 4088 Cui
3221 4049 3354 4107 ergo
3382 4036 3470 4092 di-

1870 4120 2159 4177 mittuntur
2206 4127 2451 4191 peccata,
2483 4119 2720 4176 moritur
2749 4119 2901 4193 Legi,
2956 4122 3061 4181 hac
3110 4134 3213 4195 est,
3248 4129 3469 4188 liberari

1866 4230 1896 4271 a
1928 4214 2091 4287 Lege.
2125 4214 2316 4287 Itaque
2344 4229 2446 4286 per
2472 4228 2675 4286 corpus
2713 4215 2922 4273 Christi
2952 4216 3056 4275 hoc
3078 4223 3475 4294 consequimur

1866 4311 2225 4379 beneﬁcium;
2277 4309 2500 4368 tradens
2543 4310 2688 4368 enim
2736 4326 2937 4383 corpus
2987 4328 3148 4371 suum
3197 4317 3474 4389 Salvator,

1867 4413 2099 4462 mortem
2134 4405 2289 4471 vicit,
2329 4413 2384 4461 et
2428 4414 2711 4477 peccatum
2741 4405 3039 4464 damnavit.
3076 4409 3135 4465 ln
3177 4411 3298 4482 ipso
3324 4418 3469 4474 enim

1867 4496 2115 4569 peccavit
2132 4496 2405 4565 diabolus,
2427 4511 2553 4555 cum
2581 4498 2733 4554 illum
2757 4499 3108 4559 innocentem
3134 4506 3355 4576 occidit,
3380 4511 3476 4582 qui

155 4571 250 4627 sed
281 4573 424 4629 ordo
458 4591 563 4633 non
592 4589 730 4648 erat,
767 4597 943 4655 neque
970 4589 1290 4645 auctoritas.
1317 4589 1432 4647 Non
1462 4591 1764 4664 ignoranti-
1785 4586 1841 4647 D
1866 4600 2153 4663 peccatum
2180 4591 2405 4647 omnino
2435 4591 2710 4658 ηθεείτθις
2740 4606 2866 4647 cum
2887 4592 3034 4650 εηίῐιι
3057 4595 3340 4656 hominem
3366 4602 3475 4659 Sibi

153 4662 255 4722 bus
285 4682 425 4740 ergo
454 4670 630 4743 legem
658 4674 795 4731 dicit
825 4694 841 4733 :

225 4759 370 4825 Quia
413 4761 525 4819 Lex
561 4766 862 4825 dominatur
891 4773 1111 4843 homini,
1140 4787 1333 4849 quanto
1360 4790 1590 4851 tempore
1619 4781 1758 4838 virit.

219 4852 343 4912 Non
371 4866 461 4913 est
485 4861 756 4919 occultum
788 4880 1011 4924 omnem
1043 4869 1208 4926 vitam
1234 4871 1471 4929 hominis
1508 4890 1631 4933 esse
1658 4876 1761 4934 sub

222 5026 248 5053 τι
275 5017 410 5104 lict.
447 5020 577 5104 edit.
611 5032 665 5078 ct
694 5040 826 5081 mss.
854 5029 1125 5104 nonnulli,
1150 5031 1270 5087 Nisi
1298 5034 1563 5104 spurcitiis
1590 5035 1750 5091 inter-

147 5088 245 5169 ςὶις
275 5088 445 5172 Rom.
479 5094 701 5178 editiac
725 5100 941 5178 pauculi
967 5088 1135 5178 etiam
1159 5088 1453 5178 mss.,fnisi
1478 5088 1751 5178 spurcities

147 5159 398 5228 intersit;
426 5164 522 5221 sed
540 5166 633 5221 alii
659 5159 791 5224 mss.
820 5174 994 5229 multo
1016 5159 1233 5247 plures,
1246 5159 1383 5234 ut'in
1412 5159 1587 5235 textiu.
1611 5159 1750 5235 alii;

146 5246 239 5288 sus
270 5248 434 5316 vero_
456 5251 555 5316 pro
584 5253 965 5316 sacramentum
990 5246 1193 5301 malum
1226 5260 1326 5316 est,
1359 5258 1417 5304 ut
1444 5250 1498 5305 in
1530 5250 1666 5307 edit.
1696 5260 1754 5307 et

146 5317 286 5393 mss.
316 5306 647 5393 quibusdam
667 5310 922 5393 habetur,
942 5317 994 5373 in
1025 5319 1147 5393 aliis
1177 5306 1751 5393 cod.'legitur,sacra-i

148 5386 384 5453 mentum
405 5390 596 5437 motum
622 5393 720 5453 est,
747 5385 802 5441 in
829 5388 953 5445 aliis
978 5391 1198 5446 nothum
1217 5402 1315 5447 est.

215 5445 487 5537 {Omnes
514 5455 647 5537 edit.
674 5445 739 5537 ac
767 5461 921 5528 pauci
955 5445 1545 5537 mss.,quiapeccatum
1568 5482 1708 5523 mors
1734 5483 1752 5522 :

145 5519 346 5601 melius
376 5528 586 5593 caeteri,
610 5529 731 5601 quia
761 5519 850 5600 per
875 5519 1326 5601 peccatum'mor's.

219 5601 243 5630 ε
275 5592 375 5679 Sic
410 5592 771 5679 omnes'edit.
798 5592 1015 5663 etmss.
1045 5607 1257 5679 aliquot
1286 5625 1301 5663 :
1345 5609 1440 5666 alii
1462 5625 1598 5668 vero
1636 5624 1748 5667 non

145 5663 305 5753 ρδυεί
328 5664 457 5753 haec
486 5682 600 5738 prae
632 5685 693 5726 se
721 5671 901 5753 ferunt
933 5696 948 5733 :
975 5663 1277 5753 ﬂanimea:
1304 5663 1751 5753 0555519455.;

143 5733 521 5822 αι”ώῖωίίδ
564 5745 796 5811 mm"
824 5758 941 5804 αηιε
965 5733 1187 5822 εἵσω
1216 5733 1330 5808 ἦὸὴ
1348 5733 1748 5809 uastius;

146 5804 238 5862 sed
262 5807 403 5863 ordo
429 5825 536 5866 non
562 5804 695 5881 erat,
726 5832 881 5888 neque
920 5804 1747 5897 aucto'r'itasEVna'm—ieoisbrdo

581 5905 858 5975 Ρλτιοι.
903 5916 1106 5981 XVII.

176 6057 203 6065 σ-
222 6058 230 6063 .

1865 4684 2073 4757 peccati
2097 4698 2259 4740 causa
2291 4682 2629 4753 defenderet,
2658 4685 2911 4742 inventus
2938 4694 3025 4743 est
3054 4687 3108 4744 in
3135 4704 3204 4747 ea
3233 4707 3381 4762 reus,
3410 4695 3467 4754 in

1863 4796 1974 4854 quo
2002 4780 2314 4837 accusabat.
2344 4777 2481 4835 Hinc
2510 4777 2712 4835 factum
2745 4787 2832 4836 est
2868 4788 2927 4836 ut
2954 4795 3147 4841 omnes
3174 4788 3471 4849 credentes

1865 4874 1919 4933 in
1944 4874 2249 4941 Christum,
2271 4880 2536 4932 eruantur
2555 4888 2586 4929 a
2609 4873 2749 4945 lege,
2766 4874 2989 4932 sublata
3010 4888 3267 4949 peccato;
3297 4881 3317 4922 ί
3341 4886 3465 4956 quia

1858 5032 2116 5113 Romanis
2140 5048 2206 5087 ea:
2232 5030 2449 5113 Athenis
2481 5032 2715 5113 perlatus
2743 5040 2852 5113 est;
2899 5033 2993 5113 alii
3016 5040 3307 5113 nonnulli,
3340 5060 3465 5113 par-

1860 5108 1953 5161 tim
1979 5122 2044 5161 ca;
2075 5102 2305 5183 Creusis;
2351 5101 2488 5159 sicut
2527 5113 2576 5158 et
2607 5101 2779 5183 (ἕνρεὶ
2810 5104 3157 5183 ethelmeis
3184 5127 3204 5165 :
3231 5101 3465 5183 quamvis

1858 5180 1997 5234 enim
2023 5186 2141 5232 ante
2169 5174 2482 5245 Magum...
2515 5192 2637 5232 nam
2662 5173 2826 5248 Leges
2867 5174 3119 5235 Romanis
3147 5197 3212 5236 ex
3242 5173 3466 5246 'Atltenis

1860 5252 2603 5399 pesulligstz'l‘i‘quot,_liberati
2627 5336 2661 5399 ρ
2697 5320 2833 5394 Lege
2859 5336 2963 5399 non
2990 5332 3141 5378 erunt
3168 5323 3262 5399 sub
3290 5327 3407 5399 illa,
3432 5351 3465 5389 a

1861 5412 1965 5466 qua
1990 5394 2299 5476 tenebantur
2317 5392 2418 5461 rei,
2446 5408 2538 5448 nec
2578 5390 2719 5446 ultra
2758 5390 3002 5463 inpedire
3029 5410 3139 5450 esse
3163 5395 3257 5450 sub
3283 5390 3461 5476 Leg'e;

1858 5476 1916 5522 ut
1944 5475 2185 5549 mortem,
2213 5471 2322 5549 e10;
2380 5532 2429 5549 η
2501 5544 2511 5549 _
2684 5535 2696 5546 .
2788 5533 2808 5549 .
2935 5535 2967 5549 ..
3004 5536 3016 5549 .

1934 5549 1957 5576 ο
2002 5532 2176 5595 Iidem
2190 5608 2199 5610 _
2213 5532 2588 5610 cod._)_lortua
2610 5535 2752 5590 enim
2775 5533 2887 5589 ιω)
2911 5535 3124 5610 dicitur,
3146 5556 3268 5600 cum
3289 5561 3458 5607 cessat

1856 5613 1971 5672 eius
2001 5608 2303 5665 auctoritas.
2334 5604 2397 5663 Si
2427 5615 2597 5662 autem
2625 5614 2882 5672 mortuus,
2913 5616 3020 5664 etc.

1877 5632 1971 5683 qua
2001 5632 2303 5665 aucwnsus.
2334 5632 2397 5663 os
2427 5632 2597 5691 (tuteris
2625 5632 2882 5672 manu",
2913 5632 3020 5664 cui.

1934 5681 1953 5721 ι
1988 5682 2121 5739 Mss.
2149 5678 2341 5750 Carm,
2366 5694 2492 5748 quia
2516 5685 2741 5734 vinctum
2767 5690 3128 5745 peccatum....
3160 5702 3195 5742 a
3216 5705 3319 5759 quo
3342 5695 3457 5752 υίη-

1852 5762 1965 5812 σιω
1991 5762 2088 5812 est.

3012 5922 3053 5981 ι
