  <div class='ocr_page' id='page_1' title='image "/cluster/home/n/w/nwhite01/storage/ocr_20150623/17/hvd.32044015471329/059.png"; bbox 0 0 4082 6306; ppageno 0'>
   <div class='ocr_carea' id='block_1_1' title="bbox 603 201 706 260">
    <p class='ocr_par' dir='ltr' id='par_1_1' title="bbox 603 201 706 260">
     <span class='ocr_line' id='line_1_1' title="bbox 603 201 706 260; baseline -0.058 1"><span class='ocrx_word' id='word_1_1' title='bbox 603 201 706 260; x_wconf 69' lang='grc' dir='ltr'><strong>1οἹ</strong></span> 
     </span>
    </p>
   </div>
   <div class='ocr_carea' id='block_1_2' title="bbox 1547 189 3904 292">
    <p class='ocr_par' dir='ltr' id='par_1_2' title="bbox 1547 189 3904 292">
     <span class='ocr_line' id='line_1_2' title="bbox 1547 189 3904 292; baseline 0 -40"><span class='ocrx_word' id='word_1_2' title='bbox 1547 192 1640 252; x_wconf 83' lang='lat' dir='ltr'><strong>AD</strong></span> <span class='ocrx_word' id='word_1_3' title='bbox 1677 189 1908 252; x_wconf 79' lang='lat' dir='ltr'><strong>OPERA</strong></span> <span class='ocrx_word' id='word_1_4' title='bbox 1947 189 2202 292; x_wconf 49' lang='lat' dir='ltr'><strong>SANQTI</strong></span> <span class='ocrx_word' id='word_1_5' title='bbox 2243 189 2578 250; x_wconf 75' lang='lat' dir='ltr'><strong>AMBROSH</strong></span> <span class='ocrx_word' id='word_1_6' title='bbox 2617 192 2990 256; x_wconf 72' lang='lat' dir='ltr'><strong>APPENDIX.</strong></span> <span class='ocrx_word' id='word_1_7' title='bbox 3821 193 3904 252; x_wconf 66' lang='lat' dir='ltr'><strong>id!</strong></span> 
     </span>
    </p>
   </div>
   <div class='ocr_carea' id='block_1_3' title="bbox 599 307 3902 384">
    <p class='ocr_par' dir='ltr' id='par_1_3' title="bbox 599 307 3902 384">
     <span class='ocr_line' id='line_1_3' title="bbox 599 307 3902 384; baseline -0.003 -14"><span class='ocrx_word' id='word_1_8' title='bbox 599 317 804 370; x_wconf 86' lang='lat' dir='ltr'><strong>victum</strong></span> <span class='ocrx_word' id='word_1_9' title='bbox 860 319 1162 384; x_wconf 87' lang='lat' dir='ltr'><strong>peccatum,</strong></span> <span class='ocrx_word' id='word_1_10' title='bbox 1212 308 1356 382; x_wconf 90' lang='lat' dir='ltr'><strong>quod</strong></span> <span class='ocrx_word' id='word_1_11' title='bbox 1403 315 1488 364; x_wconf 80' lang='lat' dir='ltr'><strong>est</strong></span> <span class='ocrx_word' id='word_1_12' title='bbox 1529 307 1782 364; x_wconf 82' lang='lat' dir='ltr'><strong>diabolus</strong></span> <span class='ocrx_word' id='word_1_13' title='bbox 1809 353 1822 376; x_wconf 91' lang='lat'><strong>,</strong></span> <span class='ocrx_word' id='word_1_14' title='bbox 1867 325 1962 380; x_wconf 90' lang='lat' dir='ltr'><strong>per</strong></span> <span class='ocrx_word' id='word_1_15' title='bbox 2007 323 2204 378; x_wconf 82' lang='lat' dir='ltr'><strong>corpus</strong></span> <span class='ocrx_word' id='word_1_16' title='bbox 2233 309 2364 370; x_wconf 84' lang='lat' dir='ltr'><strong>Ain</strong></span> <span class='ocrx_word' id='word_1_17' title='bbox 2393 327 2493 384; x_wconf 81' lang='lat' dir='ltr'><strong>qua</strong></span> <span class='ocrx_word' id='word_1_18' title='bbox 2528 311 3338 368; x_wconf 79' lang='lat' dir='ltr'><strong>detinebantur.Solutisumusa</strong></span> <span class='ocrx_word' id='word_1_19' title='bbox 3359 311 3530 382; x_wconf 81' lang='lat' dir='ltr'><strong>Lege,</strong></span> <span class='ocrx_word' id='word_1_20' title='bbox 3557 307 3692 364; x_wconf 84' lang='lat' dir='ltr'><strong>dum</strong></span> <span class='ocrx_word' id='word_1_21' title='bbox 3725 307 3902 362; x_wconf 79' lang='lat' dir='ltr'><strong>remis-</strong></span> 
     </span>
    </p>
   </div>
   <div class='ocr_carea' id='block_1_4' title="bbox 603 402 2201 474">
    <p class='ocr_par' dir='ltr' id='par_1_4' title="bbox 603 402 2201 474">
     <span class='ocr_line' id='line_1_4' title="bbox 603 402 2201 474; baseline -0.006 -8"><span class='ocrx_word' id='word_1_22' title='bbox 603 409 836 474; x_wconf 89' lang='lat' dir='ltr'><strong>Christi,</strong></span> <span class='ocrx_word' id='word_1_23' title='bbox 867 422 972 460; x_wconf 90' lang='lat' dir='ltr'><strong>non</strong></span> <span class='ocrx_word' id='word_1_24' title='bbox 1003 405 1166 460; x_wconf 82' lang='lat' dir='ltr'><strong>habet</strong></span> <span class='ocrx_word' id='word_1_25' title='bbox 1193 404 1574 458; x_wconf 70' lang='lat' dir='ltr'><strong>auctoritatem</strong></span> <span class='ocrx_word' id='word_1_26' title='bbox 1603 403 1656 458; x_wconf 89' lang='lat' dir='ltr'><strong>iu</strong></span> <span class='ocrx_word' id='word_1_27' title='bbox 1688 419 1804 470; x_wconf 86' lang='lat' dir='ltr'><strong>eos,</strong></span> <span class='ocrx_word' id='word_1_28' title='bbox 1841 402 1929 474; x_wconf 85' lang='lat' dir='ltr'><strong>qui</strong></span> <span class='ocrx_word' id='word_1_29' title='bbox 1959 403 2026 458; x_wconf 89' lang='lat' dir='ltr'><strong>ad</strong></span> <span class='ocrx_word' id='word_1_30' title='bbox 2053 402 2201 456; x_wconf 90' lang='lat' dir='ltr'><strong>illum</strong></span> 
     </span>
    </p>
   </div>
   <div class='ocr_carea' id='block_1_5' title="bbox 603 495 2206 576">
    <p class='ocr_par' dir='ltr' id='par_1_5' title="bbox 603 495 2206 576">
     <span class='ocr_line' id='line_1_5' title="bbox 603 495 2206 576; baseline -0.006 -17"><span class='ocrx_word' id='word_1_31' title='bbox 603 502 900 576; x_wconf 73' lang='lat' dir='ltr'><strong>pertinent.</strong></span> <span class='ocrx_word' id='word_1_32' title='bbox 931 515 961 554; x_wconf 90' lang='lat' dir='ltr'><strong>a</strong></span> <span class='ocrx_word' id='word_1_33' title='bbox 988 513 1096 570; x_wconf 90' lang='lat' dir='ltr'><strong>quo</strong></span> <span class='ocrx_word' id='word_1_34' title='bbox 1125 497 1302 553; x_wconf 87' lang='lat' dir='ltr'><strong>victus</strong></span> <span class='ocrx_word' id='word_1_35' title='bbox 1331 505 1438 552; x_wconf 90' lang='lat' dir='ltr'><strong>est.</strong></span> <span class='ocrx_word' id='word_1_36' title='bbox 1467 495 1606 551; x_wconf 90' lang='lat' dir='ltr'><strong>Dum</strong></span> <span class='ocrx_word' id='word_1_37' title='bbox 1636 497 1784 552; x_wconf 89' lang='lat' dir='ltr'><strong>enim</strong></span> <span class='ocrx_word' id='word_1_38' title='bbox 1807 512 1912 552; x_wconf 90' lang='lat' dir='ltr'><strong>non</strong></span> <span class='ocrx_word' id='word_1_39' title='bbox 1937 505 2122 566; x_wconf 86' lang='lat' dir='ltr'><strong>peccat</strong></span> <span class='ocrx_word' id='word_1_40' title='bbox 2152 505 2206 552; x_wconf 88' lang='lat' dir='ltr'><strong>et</strong></span> 
     </span>
    </p>
   </div>
   <div class='ocr_carea' id='block_1_6' title="bbox 601 587 2208 662">
    <p class='ocr_par' dir='ltr' id='par_1_6' title="bbox 601 587 2208 662">
     <span class='ocr_line' id='line_1_6' title="bbox 601 587 2208 662; baseline -0.004 -12"><span class='ocrx_word' id='word_1_41' title='bbox 601 593 870 652; x_wconf 83' lang='lat' dir='ltr'><strong>occiditur</strong></span> <span class='ocrx_word' id='word_1_42' title='bbox 891 591 1040 662; x_wconf 89' lang='lat' dir='ltr'><strong>quasi</strong></span> <span class='ocrx_word' id='word_1_43' title='bbox 1073 605 1234 656; x_wconf 91' lang='lat' dir='ltr'><strong>reus;</strong></span> <span class='ocrx_word' id='word_1_44' title='bbox 1263 589 1394 646; x_wconf 85' lang='lat' dir='ltr'><strong>vicit</strong></span> <span class='ocrx_word' id='word_1_45' title='bbox 1421 599 1704 659; x_wconf 85' lang='lat' dir='ltr'><strong>peccatum</strong></span> <span class='ocrx_word' id='word_1_46' title='bbox 1733 587 1802 644; x_wconf 90' lang='lat' dir='ltr'><strong>de</strong></span> <span class='ocrx_word' id='word_1_47' title='bbox 1828 599 2073 659; x_wconf 83' lang='lat' dir='ltr'><strong>peccato,</strong></span> <span class='ocrx_word' id='word_1_48' title='bbox 2105 587 2208 643; x_wconf 90' lang='lat' dir='ltr'><strong>hoc</strong></span> 
     </span>
    </p>
   </div>
   <div class='ocr_carea' id='block_1_7' title="bbox 601 681 2202 758">
    <p class='ocr_par' dir='ltr' id='par_1_7' title="bbox 601 681 2202 758">
     <span class='ocr_line' id='line_1_7' title="bbox 601 681 2202 758; baseline -0.004 -13"><span class='ocrx_word' id='word_1_49' title='bbox 601 697 706 756; x_wconf 90' lang='lat' dir='ltr'><strong>est,</strong></span> <span class='ocrx_word' id='word_1_50' title='bbox 735 685 1009 743; x_wconf 85' lang='lat' dir='ltr'><strong>diabolum</strong></span> <span class='ocrx_word' id='word_1_51' title='bbox 1053 685 1274 758; x_wconf 44' lang='lat' dir='ltr'><strong>prot‘irio</strong></span> <span class='ocrx_word' id='word_1_52' title='bbox 1313 695 1560 754; x_wconf 89' lang='lat' dir='ltr'><strong>peccato,</strong></span> <span class='ocrx_word' id='word_1_53' title='bbox 1593 683 1738 754; x_wconf 86' lang='lat' dir='ltr'><strong>quod</strong></span> <span class='ocrx_word' id='word_1_54' title='bbox 1773 683 1824 738; x_wconf 93' lang='lat' dir='ltr'><strong>in</strong></span> <span class='ocrx_word' id='word_1_55' title='bbox 1867 697 1933 740; x_wconf 91' lang='lat' dir='ltr'><strong>eo</strong></span> <span class='ocrx_word' id='word_1_56' title='bbox 1965 681 2202 747; x_wconf 75' lang='lat' dir='ltr'><strong>admisit,</strong></span> 
     </span>
    </p>
   </div>
   <div class='ocr_carea' id='block_1_8' title="bbox 601 774 2208 848">
    <p class='ocr_par' dir='ltr' id='par_1_8' title="bbox 601 774 2208 848">
     <span class='ocr_line' id='line_1_8' title="bbox 601 774 2208 848; baseline -0.004 -10"><span class='ocrx_word' id='word_1_57' title='bbox 601 781 914 838; x_wconf 82' lang='lat' dir='ltr'><strong>damnavit:</strong></span> <span class='ocrx_word' id='word_1_58' title='bbox 944 789 1000 835; x_wconf 91' lang='lat' dir='ltr'><strong>et</strong></span> <span class='ocrx_word' id='word_1_59' title='bbox 1040 777 1465 848; x_wconf 75' lang='lat' dir='ltr'><strong>chirographum</strong></span> <span class='ocrx_word' id='word_1_60' title='bbox 1498 775 1638 845; x_wconf 90' lang='lat' dir='ltr'><strong>quod</strong></span> <span class='ocrx_word' id='word_1_61' title='bbox 1689 783 1910 845; x_wconf 83' lang='lat' dir='ltr'><strong>peccato</strong></span> <span class='ocrx_word' id='word_1_62' title='bbox 1943 774 2072 830; x_wconf 79' lang='lat' dir='ltr'><strong>Atla:</strong></span> <span class='ocrx_word' id='word_1_63' title='bbox 2113 774 2208 832; x_wconf 79' lang='lat' dir='ltr'><strong>tle-</strong></span> 
     </span>
    </p>
   </div>
   <div class='ocr_carea' id='block_1_9' title="bbox 599 868 2206 947">
    <p class='ocr_par' dir='ltr' id='par_1_9' title="bbox 599 868 2206 947">
     <span class='ocr_line' id='line_1_9' title="bbox 599 868 2206 947; baseline -0.006 -13"><span class='ocrx_word' id='word_1_64' title='bbox 599 887 809 934; x_wconf 89' lang='lat' dir='ltr'><strong>cretum</strong></span> <span class='ocrx_word' id='word_1_65' title='bbox 833 883 977 947; x_wconf 82' lang='lat' dir='ltr'><strong>erat,</strong></span> <span class='ocrx_word' id='word_1_66' title='bbox 1001 871 1206 930; x_wconf 87' lang='lat' dir='ltr'><strong>delevit</strong></span> <span class='ocrx_word' id='word_1_67' title='bbox 1234 870 1456 944; x_wconf 84' lang='lat' dir='ltr'><strong>(Coloss.</strong></span> <span class='ocrx_word' id='word_1_68' title='bbox 1492 887 1550 936; x_wconf 89' lang='lat' dir='ltr'><strong>tt,</strong></span> <span class='ocrx_word' id='word_1_69' title='bbox 1585 869 1704 942; x_wconf 61' lang='lat' dir='ltr'><strong>id);</strong></span> <span class='ocrx_word' id='word_1_70' title='bbox 1737 869 1951 942; x_wconf 77' lang='lat' dir='ltr'><strong>quando</strong></span> <span class='ocrx_word' id='word_1_71' title='bbox 1978 870 2046 924; x_wconf 90' lang='lat' dir='ltr'><strong>ab</strong></span> <span class='ocrx_word' id='word_1_72' title='bbox 2065 868 2206 925; x_wconf 61' lang='lat' dir='ltr'><strong>iniec</strong></span> 
     </span>
    </p>
   </div>
   <div class='ocr_carea' id='block_1_10' title="bbox 601 966 2206 1038">
    <p class='ocr_par' dir='ltr' id='par_1_10' title="bbox 601 966 2206 1038">
     <span class='ocr_line' id='line_1_10' title="bbox 601 966 2206 1038; baseline -0.004 -9"><span class='ocrx_word' id='word_1_73' title='bbox 601 975 675 1029; x_wconf 89' lang='lat' dir='ltr'><strong>ris</strong></span> <span class='ocrx_word' id='word_1_74' title='bbox 725 969 1054 1034; x_wconf 81' lang='lat' dir='ltr'><strong>resurrexit,</strong></span> <span class='ocrx_word' id='word_1_75' title='bbox 1104 968 1228 1024; x_wconf 87' lang='lat' dir='ltr'><strong>data</strong></span> <span class='ocrx_word' id='word_1_76' title='bbox 1283 967 1592 1038; x_wconf 70' lang='lat' dir='ltr'><strong>huiusmodi</strong></span> <span class='ocrx_word' id='word_1_77' title='bbox 1643 967 1816 1024; x_wconf 78' lang='lat' dir='ltr'><strong>forma</strong></span> <span class='ocrx_word' id='word_1_78' title='bbox 1855 966 2206 1024; x_wconf 86' lang='lat' dir='ltr'><strong>credentibus</strong></span> 
     </span>
    </p>
   </div>
   <div class='ocr_carea' id='block_1_11' title="bbox 601 1063 2207 1138">
    <p class='ocr_par' dir='ltr' id='par_1_11' title="bbox 601 1063 2207 1138">
     <span class='ocr_line' id='line_1_11' title="bbox 601 1063 2207 1138; baseline -0.002 -14"><span class='ocrx_word' id='word_1_79' title='bbox 601 1070 726 1134; x_wconf 84' lang='lat' dir='ltr'><strong>sibi,</strong></span> <span class='ocrx_word' id='word_1_80' title='bbox 753 1081 814 1124; x_wconf 87' lang='lat' dir='ltr'><strong>ut</strong></span> <span class='ocrx_word' id='word_1_81' title='bbox 843 1085 870 1121; x_wconf 89' lang='lat' dir='ltr'><strong>a</strong></span> <span class='ocrx_word' id='word_1_82' title='bbox 905 1075 1084 1124; x_wconf 90' lang='lat' dir='ltr'><strong>morte</strong></span> <span class='ocrx_word' id='word_1_83' title='bbox 1111 1065 1354 1123; x_wconf 89' lang='lat' dir='ltr'><strong>secunda</strong></span> <span class='ocrx_word' id='word_1_84' title='bbox 1392 1063 1564 1124; x_wconf 79' lang='lat' dir='ltr'><strong>teneri</strong></span> <span class='ocrx_word' id='word_1_85' title='bbox 1595 1081 1700 1122; x_wconf 89' lang='lat' dir='ltr'><strong>non</strong></span> <span class='ocrx_word' id='word_1_86' title='bbox 1735 1077 1976 1138; x_wconf 85' lang='lat' dir='ltr'><strong>possent.</strong></span> <span class='ocrx_word' id='word_1_87' title='bbox 2001 1067 2081 1122; x_wconf 74' lang='lat' dir='ltr'><strong>Ae</strong></span> <span class='ocrx_word' id='word_1_88' title='bbox 2109 1080 2207 1136; x_wconf 89' lang='lat' dir='ltr'><strong>per</strong></span> 
     </span>
    </p>
   </div>
   <div class='ocr_carea' id='block_1_12' title="bbox 599 1159 2204 1234">
    <p class='ocr_par' dir='ltr' id='par_1_12' title="bbox 599 1159 2204 1234">
     <span class='ocr_line' id='line_1_12' title="bbox 599 1159 2204 1234; baseline -0.002 -17"><span class='ocrx_word' id='word_1_89' title='bbox 599 1162 704 1218; x_wconf 92' lang='lat' dir='ltr'><strong>hoc</strong></span> <span class='ocrx_word' id='word_1_90' title='bbox 733 1161 931 1216; x_wconf 88' lang='lat' dir='ltr'><strong>mortui</strong></span> <span class='ocrx_word' id='word_1_91' title='bbox 954 1175 1142 1216; x_wconf 88' lang='lat' dir='ltr'><strong>sumus</strong></span> <span class='ocrx_word' id='word_1_92' title='bbox 1169 1159 1298 1234; x_wconf 79' lang='lat' dir='ltr'><strong>Legi</strong></span> <span class='ocrx_word' id='word_1_93' title='bbox 1323 1175 1418 1230; x_wconf 89' lang='lat' dir='ltr'><strong>per</strong></span> <span class='ocrx_word' id='word_1_94' title='bbox 1446 1175 1643 1230; x_wconf 87' lang='lat' dir='ltr'><strong>corpus</strong></span> <span class='ocrx_word' id='word_1_95' title='bbox 1664 1159 1908 1226; x_wconf 79' lang='lat' dir='ltr'><strong>Christi;</strong></span> <span class='ocrx_word' id='word_1_96' title='bbox 1940 1161 2029 1230; x_wconf 88' lang='lat' dir='ltr'><strong>qui</strong></span> <span class='ocrx_word' id='word_1_97' title='bbox 2059 1159 2204 1215; x_wconf 90' lang='lat' dir='ltr'><strong>enim</strong></span> 
     </span>
    </p>
   </div>
   <div class='ocr_carea' id='block_1_13' title="bbox 601 1251 2204 1324">
    <p class='ocr_par' dir='ltr' id='par_1_13' title="bbox 601 1251 2204 1324">
     <span class='ocr_line' id='line_1_13' title="bbox 601 1251 2204 1324; baseline -0.004 -13"><span class='ocrx_word' id='word_1_98' title='bbox 601 1255 734 1324; x_wconf 77' lang='lat' dir='ltr'><strong>Legi</strong></span> <span class='ocrx_word' id='word_1_99' title='bbox 778 1263 1023 1309; x_wconf 88' lang='lat' dir='ltr'><strong>mortuus</strong></span> <span class='ocrx_word' id='word_1_100' title='bbox 1051 1267 1158 1308; x_wconf 90' lang='lat' dir='ltr'><strong>non</strong></span> <span class='ocrx_word' id='word_1_101' title='bbox 1201 1253 1385 1318; x_wconf 88' lang='lat' dir='ltr'><strong>fuerit,</strong></span> <span class='ocrx_word' id='word_1_102' title='bbox 1421 1266 1548 1308; x_wconf 87' lang='lat' dir='ltr'><strong>reus</strong></span> <span class='ocrx_word' id='word_1_103' title='bbox 1573 1260 1658 1308; x_wconf 91' lang='lat' dir='ltr'><strong>est</strong></span> <span class='ocrx_word' id='word_1_104' title='bbox 1687 1269 1700 1306; x_wconf 91' lang='lat'>:</span> <span class='ocrx_word' id='word_1_105' title='bbox 1733 1261 1788 1308; x_wconf 89' lang='lat' dir='ltr'><strong>et</strong></span> <span class='ocrx_word' id='word_1_106' title='bbox 1813 1251 1908 1324; x_wconf 87' lang='lat' dir='ltr'><strong>qui</strong></span> <span class='ocrx_word' id='word_1_107' title='bbox 1933 1267 2058 1308; x_wconf 87' lang='lat' dir='ltr'><strong>reus</strong></span> <span class='ocrx_word' id='word_1_108' title='bbox 2097 1258 2204 1316; x_wconf 91' lang='lat' dir='ltr'><strong>est,</strong></span> 
     </span>
    </p>
   </div>
   <div class='ocr_carea' id='block_1_14' title="bbox 601 1345 1782 1428">
    <p class='ocr_par' dir='ltr' id='par_1_14' title="bbox 601 1345 1782 1428">
     <span class='ocr_line' id='line_1_14' title="bbox 601 1345 1782 1428; baseline -0.004 -24"><span class='ocrx_word' id='word_1_109' title='bbox 601 1346 898 1404; x_wconf 85' lang='lat' dir='ltr'><strong>secundam</strong></span> <span class='ocrx_word' id='word_1_110' title='bbox 929 1355 1162 1402; x_wconf 89' lang='lat' dir='ltr'><strong>mortem</strong></span> <span class='ocrx_word' id='word_1_111' title='bbox 1185 1345 1420 1428; x_wconf 79' lang='lat' dir='ltr'><strong>evadere</strong></span> <span class='ocrx_word' id='word_1_112' title='bbox 1448 1361 1560 1402; x_wconf 89' lang='lat' dir='ltr'><strong>non</strong></span> <span class='ocrx_word' id='word_1_113' title='bbox 1584 1354 1782 1416; x_wconf 86' lang='lat' dir='ltr'><strong>potest.</strong></span> 
     </span>
    </p>
   </div>
   <div class='ocr_carea' id='block_1_15' title="bbox 678 1437 2210 1510">
    <p class='ocr_par' dir='ltr' id='par_1_15' title="bbox 678 1437 2210 1510">
     <span class='ocr_line' id='line_1_15' title="bbox 678 1437 2210 1510; baseline -0.003 -14"><span class='ocrx_word' id='word_1_114' title='bbox 678 1439 746 1496; x_wconf 90' lang='lat' dir='ltr'><strong>Ut</strong></span> <span class='ocrx_word' id='word_1_115' title='bbox 770 1439 885 1495; x_wconf 79' lang='lat' dir='ltr'><strong>sitis</strong></span> <span class='ocrx_word' id='word_1_116' title='bbox 906 1439 1122 1494; x_wconf 84' lang='lat' dir='ltr'><strong>alterius</strong></span> <span class='ocrx_word' id='word_1_117' title='bbox 1143 1439 1235 1510; x_wconf 85' lang='lat' dir='ltr'><strong>qui</strong></span> <span class='ocrx_word' id='word_1_118' title='bbox 1266 1455 1328 1493; x_wconf 76' lang='lat' dir='ltr'><strong>ea:</strong></span> <span class='ocrx_word' id='word_1_119' title='bbox 1359 1439 1576 1494; x_wconf 86' lang='lat' dir='ltr'><strong>mortuis</strong></span> <span class='ocrx_word' id='word_1_120' title='bbox 1607 1439 1910 1506; x_wconf 73' lang='lat' dir='ltr'><strong>resurrexit,</strong></span> <span class='ocrx_word' id='word_1_121' title='bbox 1941 1449 1996 1494; x_wconf 88' lang='lat' dir='ltr'><strong>ut</strong></span> <span class='ocrx_word' id='word_1_122' title='bbox 2023 1437 2210 1510; x_wconf 76' lang='lat' dir='ltr'><strong>fructi-</strong></span> 
     </span>
    </p>
   </div>
   <div class='ocr_carea' id='block_1_16' title="bbox 602 1531 2204 1610">
    <p class='ocr_par' dir='ltr' id='par_1_16' title="bbox 602 1531 2204 1610">
     <span class='ocr_line' id='line_1_16' title="bbox 602 1531 2204 1610; baseline -0.003 -21"><span class='ocrx_word' id='word_1_123' title='bbox 602 1533 817 1610; x_wconf 74' lang='lat' dir='ltr'><strong>ﬁcemus</strong></span> <span class='ocrx_word' id='word_1_124' title='bbox 847 1531 974 1588; x_wconf 88' lang='lat' dir='ltr'><strong>Deo.</strong></span> <span class='ocrx_word' id='word_1_125' title='bbox 1001 1531 1114 1587; x_wconf 86' lang='lat' dir='ltr'><strong>Hoc</strong></span> <span class='ocrx_word' id='word_1_126' title='bbox 1145 1531 1298 1598; x_wconf 86' lang='lat' dir='ltr'><strong>dicit,</strong></span> <span class='ocrx_word' id='word_1_127' title='bbox 1318 1533 1442 1604; x_wconf 85' lang='lat' dir='ltr'><strong>quia</strong></span> <span class='ocrx_word' id='word_1_128' title='bbox 1469 1532 1590 1588; x_wconf 92' lang='lat' dir='ltr'><strong>ideo</strong></span> <span class='ocrx_word' id='word_1_129' title='bbox 1612 1534 1813 1588; x_wconf 84' lang='lat' dir='ltr'><strong>mortui</strong></span> <span class='ocrx_word' id='word_1_130' title='bbox 1838 1547 2028 1588; x_wconf 87' lang='lat' dir='ltr'><strong>sumus</strong></span> <span class='ocrx_word' id='word_1_131' title='bbox 2051 1532 2204 1604; x_wconf 85' lang='lat' dir='ltr'><strong>Legi,</strong></span> 
     </span>
    </p>
   </div>
   <div class='ocr_carea' id='block_1_17' title="bbox 603 1621 2210 1682">
    <p class='ocr_par' dir='ltr' id='par_1_17' title="bbox 603 1621 2210 1682">
     <span class='ocr_line' id='line_1_17' title="bbox 603 1621 2210 1682; baseline -0.002 0"><span class='ocrx_word' id='word_1_132' title='bbox 603 1635 662 1682; x_wconf 89' lang='lat' dir='ltr'><strong>ut</strong></span> <span class='ocrx_word' id='word_1_133' title='bbox 691 1625 758 1682; x_wconf 92' lang='lat' dir='ltr'><strong>de</strong></span> <span class='ocrx_word' id='word_1_134' title='bbox 785 1633 988 1682; x_wconf 76' lang='lat' dir='ltr'><strong>caetero</strong></span> <span class='ocrx_word' id='word_1_135' title='bbox 1011 1621 1212 1679; x_wconf 87' lang='lat' dir='ltr'><strong>Christi</strong></span> <span class='ocrx_word' id='word_1_136' title='bbox 1258 1625 1428 1678; x_wconf 86' lang='lat' dir='ltr'><strong>simus</strong></span> <span class='ocrx_word' id='word_1_137' title='bbox 1471 1625 1612 1680; x_wconf 82' lang='lat' dir='ltr'><strong>servi</strong></span> <span class='ocrx_word' id='word_1_138' title='bbox 1643 1625 1816 1680; x_wconf 90' lang='lat' dir='ltr'><strong>solius</strong></span> <span class='ocrx_word' id='word_1_139' title='bbox 1847 1642 1860 1677; x_wconf 91' lang='lat'>:</span> <span class='ocrx_word' id='word_1_140' title='bbox 1886 1637 1942 1680; x_wconf 89' lang='lat' dir='ltr'><strong>et</strong></span> <span class='ocrx_word' id='word_1_141' title='bbox 1975 1624 2078 1682; x_wconf 90' lang='lat' dir='ltr'><strong>hoc</strong></span> <span class='ocrx_word' id='word_1_142' title='bbox 2103 1623 2210 1680; x_wconf 90' lang='lat' dir='ltr'><strong>erit</strong></span> 
     </span>
    </p>
   </div>
   <div class='ocr_carea' id='block_1_18' title="bbox 2310 401 3904 478">
    <p class='ocr_par' dir='ltr' id='par_1_18' title="bbox 2310 401 3904 478">
     <span class='ocr_line' id='line_1_18' title="bbox 2310 401 3904 478; baseline -0.001 -18"><span class='ocrx_word' id='word_1_143' title='bbox 2310 405 2522 462; x_wconf 90' lang='lat' dir='ltr'><strong>sionem</strong></span> <span class='ocrx_word' id='word_1_144' title='bbox 2555 415 2904 478; x_wconf 84' lang='lat' dir='ltr'><strong>peccatorum</strong></span> <span class='ocrx_word' id='word_1_145' title='bbox 2933 407 3279 478; x_wconf 84' lang='lat' dir='ltr'><strong>accepimus;</strong></span> <span class='ocrx_word' id='word_1_146' title='bbox 3313 421 3424 464; x_wconf 84' lang='lat' dir='ltr'><strong>non</strong></span> <span class='ocrx_word' id='word_1_147' title='bbox 3447 405 3602 462; x_wconf 86' lang='lat' dir='ltr'><strong>enim</strong></span> <span class='ocrx_word' id='word_1_148' title='bbox 3621 403 3738 474; x_wconf 80' lang='lat' dir='ltr'><strong>jam</strong></span> <span class='ocrx_word' id='word_1_149' title='bbox 3759 401 3904 458; x_wconf 69' lang='lat' dir='ltr'><strong>habet</strong></span> 
     </span>
    </p>
   </div>
   <div class='ocr_carea' id='block_1_19' title="bbox 2312 497 3900 572">
    <p class='ocr_par' dir='ltr' id='par_1_19' title="bbox 2312 497 3900 572">
     <span class='ocr_line' id='line_1_19' title="bbox 2312 497 3900 572; baseline -0.004 -15"><span class='ocrx_word' id='word_1_150' title='bbox 2312 501 2364 557; x_wconf 92' lang='lat' dir='ltr'><strong>in</strong></span> <span class='ocrx_word' id='word_1_151' title='bbox 2391 515 2492 558; x_wconf 90' lang='lat' dir='ltr'><strong>nos</strong></span> <span class='ocrx_word' id='word_1_152' title='bbox 2523 509 2854 572; x_wconf 81' lang='lat' dir='ltr'><strong>potestatem</strong></span> <span class='ocrx_word' id='word_1_153' title='bbox 2879 543 2896 570; x_wconf 91' lang='lat'><strong>,</strong></span> <span class='ocrx_word' id='word_1_154' title='bbox 2929 502 3112 558; x_wconf 85' lang='lat' dir='ltr'><strong>infidis</strong></span> <span class='ocrx_word' id='word_1_155' title='bbox 3131 502 3275 559; x_wconf 90' lang='lat' dir='ltr'><strong>enim</strong></span> <span class='ocrx_word' id='word_1_156' title='bbox 3309 511 3366 558; x_wconf 88' lang='lat' dir='ltr'><strong>et</strong></span> <span class='ocrx_word' id='word_1_157' title='bbox 3401 497 3792 568; x_wconf 77' lang='lat' dir='ltr'><strong>peccatoribus</strong></span> <span class='ocrx_word' id='word_1_158' title='bbox 3815 497 3900 552; x_wconf 86' lang='lat' dir='ltr'><strong>do-</strong></span> 
     </span>
    </p>
   </div>
   <div class='ocr_carea' id='block_1_20' title="bbox 2312 590 3900 661">
    <p class='ocr_par' dir='ltr' id='par_1_20' title="bbox 2312 590 3900 661">
     <span class='ocr_line' id='line_1_20' title="bbox 2312 590 3900 661; baseline -0.001 -13"><span class='ocrx_word' id='word_1_159' title='bbox 2312 594 2572 652; x_wconf 86' lang='lat' dir='ltr'><strong>minatur.</strong></span> <span class='ocrx_word' id='word_1_160' title='bbox 2601 595 2712 650; x_wconf 85' lang='lat' dir='ltr'><strong>Lex</strong></span> <span class='ocrx_word' id='word_1_161' title='bbox 2741 603 2924 650; x_wconf 88' lang='lat' dir='ltr'><strong>autem</strong></span> <span class='ocrx_word' id='word_1_162' title='bbox 2953 597 3146 652; x_wconf 86' lang='lat' dir='ltr'><strong>mortis</strong></span> <span class='ocrx_word' id='word_1_163' title='bbox 3173 595 3300 652; x_wconf 79' lang='lat' dir='ltr'><strong>ideo</strong></span> <span class='ocrx_word' id='word_1_164' title='bbox 3333 594 3480 652; x_wconf 83' lang='lat' dir='ltr'><strong>dicta</strong></span> <span class='ocrx_word' id='word_1_165' title='bbox 3511 601 3602 652; x_wconf 87' lang='lat' dir='ltr'><strong>est</strong></span> <span class='ocrx_word' id='word_1_166' title='bbox 3623 635 3638 656; x_wconf 87' lang='lat'><strong>,</strong></span> <span class='ocrx_word' id='word_1_167' title='bbox 3663 590 3787 660; x_wconf 82' lang='lat' dir='ltr'><strong>quia</strong></span> <span class='ocrx_word' id='word_1_168' title='bbox 3813 607 3900 661; x_wconf 84' lang='lat' dir='ltr'><strong>pu-</strong></span> 
     </span>
    </p>
   </div>
   <div class='ocr_carea' id='block_1_21' title="bbox 2313 684 3900 760">
    <p class='ocr_par' dir='ltr' id='par_1_21' title="bbox 2313 684 3900 760">
     <span class='ocr_line' id='line_1_21' title="bbox 2313 684 3900 760; baseline -0.004 -14"><span class='ocrx_word' id='word_1_169' title='bbox 2313 692 2391 748; x_wconf 89' lang='lat' dir='ltr'><strong>nit</strong></span> <span class='ocrx_word' id='word_1_170' title='bbox 2415 705 2568 758; x_wconf 83' lang='lat' dir='ltr'><strong>reos;</strong></span> <span class='ocrx_word' id='word_1_171' title='bbox 2595 690 2892 748; x_wconf 81' lang='lat' dir='ltr'><strong>mortiﬁeat</strong></span> <span class='ocrx_word' id='word_1_172' title='bbox 2917 701 3100 748; x_wconf 84' lang='lat' dir='ltr'><strong>autem</strong></span> <span class='ocrx_word' id='word_1_173' title='bbox 3125 697 3447 760; x_wconf 78' lang='lat' dir='ltr'><strong>peceatores</strong></span> <span class='ocrx_word' id='word_1_174' title='bbox 3465 706 3480 742; x_wconf 85' lang='lat'>:</span> <span class='ocrx_word' id='word_1_175' title='bbox 3499 703 3614 744; x_wconf 85' lang='lat' dir='ltr'><strong>non</strong></span> <span class='ocrx_word' id='word_1_176' title='bbox 3635 701 3766 758; x_wconf 75' lang='lat' dir='ltr'><strong>ergo</strong></span> <span class='ocrx_word' id='word_1_177' title='bbox 3779 684 3900 740; x_wconf 79' lang='lat' dir='ltr'><strong>maia</strong></span> 
     </span>
    </p>
   </div>
   <div class='ocr_carea' id='block_1_22' title="bbox 2311 779 3896 858">
    <p class='ocr_par' dir='ltr' id='par_1_22' title="bbox 2311 779 3896 858">
     <span class='ocr_line' id='line_1_22' title="bbox 2311 779 3896 858; baseline -0.005 -16"><span class='ocrx_word' id='word_1_178' title='bbox 2311 796 2416 854; x_wconf 76' lang='lat' dir='ltr'><strong>eat,</strong></span> <span class='ocrx_word' id='word_1_179' title='bbox 2449 785 2546 842; x_wconf 87' lang='lat' dir='ltr'><strong>sed</strong></span> <span class='ocrx_word' id='word_1_180' title='bbox 2571 785 2742 858; x_wconf 88' lang='lat' dir='ltr'><strong>justa.</strong></span> <span class='ocrx_word' id='word_1_181' title='bbox 2769 786 3028 854; x_wconf 82' lang='lat' dir='ltr'><strong>Quatnvis</strong></span> <span class='ocrx_word' id='word_1_182' title='bbox 3059 786 3206 842; x_wconf 83' lang='lat' dir='ltr'><strong>enim</strong></span> <span class='ocrx_word' id='word_1_183' title='bbox 3225 784 3434 840; x_wconf 81' lang='lat' dir='ltr'><strong>malum</strong></span> <span class='ocrx_word' id='word_1_184' title='bbox 3464 779 3896 854; x_wconf 75' lang='lat' dir='ltr'><strong>sitpatietibus,</strong></span> 
     </span>
    </p>
   </div>
   <div class='ocr_carea' id='block_1_23' title="bbox 2311 874 3896 952">
    <p class='ocr_par' dir='ltr' id='par_1_23' title="bbox 2311 874 3896 952">
     <span class='ocr_line' id='line_1_23' title="bbox 2311 874 3896 952; baseline -0.004 -18"><span class='ocrx_word' id='word_1_185' title='bbox 2311 877 2456 950; x_wconf 81' lang='lat' dir='ltr'><strong>quod</strong></span> <span class='ocrx_word' id='word_1_186' title='bbox 2487 879 2730 936; x_wconf 82' lang='lat' dir='ltr'><strong>infertur</strong></span> <span class='ocrx_word' id='word_1_187' title='bbox 2756 894 2786 934; x_wconf 86' lang='lat' dir='ltr'><strong>a</strong></span> <span class='ocrx_word' id='word_1_188' title='bbox 2817 879 3000 952; x_wconf 81' lang='lat' dir='ltr'><strong>Lege;</strong></span> <span class='ocrx_word' id='word_1_189' title='bbox 3031 879 3132 936; x_wconf 88' lang='lat' dir='ltr'><strong>sed</strong></span> <span class='ocrx_word' id='word_1_190' title='bbox 3179 879 3270 933; x_wconf 87' lang='lat' dir='ltr'><strong>illa</strong></span> <span class='ocrx_word' id='word_1_191' title='bbox 3313 893 3424 932; x_wconf 89' lang='lat' dir='ltr'><strong>non</strong></span> <span class='ocrx_word' id='word_1_192' title='bbox 3455 884 3544 932; x_wconf 88' lang='lat' dir='ltr'><strong>est</strong></span> <span class='ocrx_word' id='word_1_193' title='bbox 3587 875 3726 930; x_wconf 85' lang='lat' dir='ltr'><strong>mala</strong></span> <span class='ocrx_word' id='word_1_194' title='bbox 3751 917 3766 940; x_wconf 93' lang='lat'><strong>,</strong></span> <span class='ocrx_word' id='word_1_195' title='bbox 3795 874 3896 945; x_wconf 79' lang='lat' dir='ltr'><strong>qui:</strong></span> 
     </span>
    </p>
   </div>
   <div class='ocr_carea' id='block_1_24' title="bbox 2305 967 3896 1044">
    <p class='ocr_par' dir='ltr' id='par_1_24' title="bbox 2305 967 3896 1044">
     <span class='ocr_line' id='line_1_24' title="bbox 2305 967 3896 1044; baseline -0.004 -16"><span class='ocrx_word' id='word_1_196' title='bbox 2305 972 2456 1044; x_wconf 83' lang='lat' dir='ltr'><strong>juste</strong></span> <span class='ocrx_word' id='word_1_197' title='bbox 2481 973 2644 1030; x_wconf 82' lang='lat' dir='ltr'><strong>infert</strong></span> <span class='ocrx_word' id='word_1_198' title='bbox 2693 973 2850 1028; x_wconf 86' lang='lat' dir='ltr'><strong>iram.</strong></span> <span class='ocrx_word' id='word_1_199' title='bbox 2881 971 3072 1044; x_wconf 82' lang='lat' dir='ltr'><strong>itaque</strong></span> <span class='ocrx_word' id='word_1_200' title='bbox 3095 987 3204 1028; x_wconf 88' lang='lat' dir='ltr'><strong>non</strong></span> <span class='ocrx_word' id='word_1_201' title='bbox 3227 971 3370 1030; x_wconf 84' lang='lat' dir='ltr'><strong>mala</strong></span> <span class='ocrx_word' id='word_1_202' title='bbox 3403 981 3492 1026; x_wconf 81' lang='lat' dir='ltr'><strong>est</strong></span> <span class='ocrx_word' id='word_1_203' title='bbox 3516 967 3896 1040; x_wconf 65' lang='lat' dir='ltr'><strong>mecastor-ibus,</strong></span> 
     </span>
    </p>
   </div>
   <div class='ocr_carea' id='block_1_25' title="bbox 2311 1061 3896 1138">
    <p class='ocr_par' dir='ltr' id='par_1_25' title="bbox 2311 1061 3896 1138">
     <span class='ocr_line' id='line_1_25' title="bbox 2311 1061 3896 1138; baseline -0.005 -16"><span class='ocrx_word' id='word_1_204' title='bbox 2311 1067 2408 1122; x_wconf 83' lang='lat' dir='ltr'><strong>sed</strong></span> <span class='ocrx_word' id='word_1_205' title='bbox 2433 1065 2602 1138; x_wconf 86' lang='lat' dir='ltr'><strong>justa,</strong></span> <span class='ocrx_word' id='word_1_206' title='bbox 2635 1067 2796 1124; x_wconf 89' lang='lat' dir='ltr'><strong>bonis</strong></span> <span class='ocrx_word' id='word_1_207' title='bbox 2821 1081 2954 1124; x_wconf 83' lang='lat' dir='ltr'><strong>vero</strong></span> <span class='ocrx_word' id='word_1_208' title='bbox 2983 1064 3247 1136; x_wconf 81' lang='lat' dir='ltr'><strong>spiritalis</strong></span> <span class='ocrx_word' id='word_1_209' title='bbox 3273 1073 3376 1122; x_wconf 86' lang='lat' dir='ltr'><strong>est.</strong></span> <span class='ocrx_word' id='word_1_210' title='bbox 3409 1063 3548 1131; x_wconf 86' lang='lat' dir='ltr'><strong>Quis</strong></span> <span class='ocrx_word' id='word_1_211' title='bbox 3583 1061 3732 1118; x_wconf 86' lang='lat' dir='ltr'><strong>enim</strong></span> <span class='ocrx_word' id='word_1_212' title='bbox 3759 1061 3896 1116; x_wconf 84' lang='lat' dir='ltr'><strong>dubi-</strong></span> 
     </span>
    </p>
   </div>
   <div class='ocr_carea' id='block_1_26' title="bbox 2314 1154 3898 1232">
    <p class='ocr_par' dir='ltr' id='par_1_26' title="bbox 2314 1154 3898 1232">
     <span class='ocr_line' id='line_1_26' title="bbox 2314 1154 3898 1232; baseline -0.004 -16"><span class='ocrx_word' id='word_1_213' title='bbox 2314 1169 2389 1216; x_wconf 93' lang='lat' dir='ltr'><strong>tet</strong></span> <span class='ocrx_word' id='word_1_214' title='bbox 2427 1160 2677 1230; x_wconf 77' lang='lat' dir='ltr'><strong>Spiritale</strong></span> <span class='ocrx_word' id='word_1_215' title='bbox 2716 1175 2840 1216; x_wconf 87' lang='lat' dir='ltr'><strong>esse</strong></span> <span class='ocrx_word' id='word_1_216' title='bbox 2887 1160 3180 1232; x_wconf 88' lang='lat' dir='ltr'><strong>prohibere</strong></span> <span class='ocrx_word' id='word_1_217' title='bbox 3205 1157 3480 1230; x_wconf 86' lang='lat' dir='ltr'><strong>peccare?</strong></span> <span class='ocrx_word' id='word_1_218' title='bbox 3507 1155 3622 1212; x_wconf 87' lang='lat' dir='ltr'><strong>Sed</strong></span> <span class='ocrx_word' id='word_1_219' title='bbox 3659 1154 3786 1226; x_wconf 83' lang='lat' dir='ltr'><strong>quia</strong></span> <span class='ocrx_word' id='word_1_220' title='bbox 3815 1155 3898 1210; x_wconf 82' lang='lat' dir='ltr'><strong>hoc</strong></span> 
     </span>
    </p>
   </div>
   <div class='ocr_carea' id='block_1_27' title="bbox 2313 1245 3896 1323">
    <p class='ocr_par' dir='ltr' id='par_1_27' title="bbox 2313 1245 3896 1323">
     <span class='ocr_line' id='line_1_27' title="bbox 2313 1245 3896 1323; baseline -0.006 -14"><span class='ocrx_word' id='word_1_221' title='bbox 2313 1269 2421 1310; x_wconf 89' lang='lat' dir='ltr'><strong>non</strong></span> <span class='ocrx_word' id='word_1_222' title='bbox 2447 1251 2640 1323; x_wconf 86' lang='lat' dir='ltr'><strong>potuit,</strong></span> <span class='ocrx_word' id='word_1_223' title='bbox 2665 1263 2722 1306; x_wconf 91' lang='lat' dir='ltr'><strong>ut</strong></span> <span class='ocrx_word' id='word_1_224' title='bbox 2747 1251 2984 1308; x_wconf 87' lang='lat' dir='ltr'><strong>salvaret</strong></span> <span class='ocrx_word' id='word_1_225' title='bbox 3003 1251 3280 1306; x_wconf 85' lang='lat' dir='ltr'><strong>hominem</strong></span> <span class='ocrx_word' id='word_1_226' title='bbox 3304 1245 3646 1306; x_wconf 86' lang='lat' dir='ltr'><strong>remittendo</strong></span> <span class='ocrx_word' id='word_1_227' title='bbox 3677 1255 3896 1315; x_wconf 87' lang='lat' dir='ltr'><strong>peccata,</strong></span> 
     </span>
    </p>
   </div>
   <div class='ocr_carea' id='block_1_28' title="bbox 2313 1339 3900 1415">
    <p class='ocr_par' dir='ltr' id='par_1_28' title="bbox 2313 1339 3900 1415">
     <span class='ocr_line' id='line_1_28' title="bbox 2313 1339 3900 1415; baseline -0.005 -15"><span class='ocrx_word' id='word_1_228' title='bbox 2313 1346 2400 1404; x_wconf 80' lang='lat' dir='ltr'><strong>lex</strong></span> <span class='ocrx_word' id='word_1_229' title='bbox 2437 1345 2562 1402; x_wconf 82' lang='lat' dir='ltr'><strong>ﬁdei</strong></span> <span class='ocrx_word' id='word_1_230' title='bbox 2593 1345 2717 1402; x_wconf 79' lang='lat' dir='ltr'><strong>data</strong></span> <span class='ocrx_word' id='word_1_231' title='bbox 2749 1355 2856 1410; x_wconf 90' lang='lat' dir='ltr'><strong>est,</strong></span> <span class='ocrx_word' id='word_1_232' title='bbox 2881 1360 3001 1415; x_wconf 68' lang='lat' dir='ltr'><strong>qua:</strong></span> <span class='ocrx_word' id='word_1_233' title='bbox 3031 1343 3320 1400; x_wconf 87' lang='lat' dir='ltr'><strong>credentes</strong></span> <span class='ocrx_word' id='word_1_234' title='bbox 3343 1341 3614 1398; x_wconf 89' lang='lat' dir='ltr'><strong>liberaret</strong></span> <span class='ocrx_word' id='word_1_235' title='bbox 3633 1356 3662 1394; x_wconf 91' lang='lat' dir='ltr'><strong>a</strong></span> <span class='ocrx_word' id='word_1_236' title='bbox 3681 1339 3900 1393; x_wconf 77' lang='lat' dir='ltr'><strong>dominio</strong></span> 
     </span>
    </p>
   </div>
   <div class='ocr_carea' id='block_1_29' title="bbox 2313 1431 3899 1512">
    <p class='ocr_par' dir='ltr' id='par_1_29' title="bbox 2313 1431 3899 1512">
     <span class='ocr_line' id='line_1_29' title="bbox 2313 1431 3899 1512; baseline -0.007 -16"><span class='ocrx_word' id='word_1_237' title='bbox 2313 1439 2516 1512; x_wconf 83' lang='lat' dir='ltr'><strong>Legis;</strong></span> <span class='ocrx_word' id='word_1_238' title='bbox 2547 1449 2606 1496; x_wconf 92' lang='lat' dir='ltr'><strong>ut</strong></span> <span class='ocrx_word' id='word_1_239' title='bbox 2639 1449 2862 1510; x_wconf 89' lang='lat' dir='ltr'><strong>possent</strong></span> <span class='ocrx_word' id='word_1_240' title='bbox 2902 1453 3166 1508; x_wconf 86' lang='lat' dir='ltr'><strong>reparare</strong></span> <span class='ocrx_word' id='word_1_241' title='bbox 3201 1451 3264 1492; x_wconf 86' lang='lat' dir='ltr'><strong>se</strong></span> <span class='ocrx_word' id='word_1_242' title='bbox 3309 1435 3380 1492; x_wconf 89' lang='lat' dir='ltr'><strong>ad</strong></span> <span class='ocrx_word' id='word_1_243' title='bbox 3403 1435 3574 1490; x_wconf 89' lang='lat' dir='ltr'><strong>vitam</strong></span> <span class='ocrx_word' id='word_1_244' title='bbox 3603 1475 3622 1500; x_wconf 87' lang='lat'><strong>,</strong></span> <span class='ocrx_word' id='word_1_245' title='bbox 3645 1447 3780 1504; x_wconf 87' lang='lat' dir='ltr'><strong>quos</strong></span> <span class='ocrx_word' id='word_1_246' title='bbox 3805 1431 3899 1487; x_wconf 85' lang='lat' dir='ltr'><strong>Lex</strong></span> 
     </span>
    </p>
   </div>
   <div class='ocr_carea' id='block_1_30' title="bbox 2315 1529 3900 1602">
    <p class='ocr_par' dir='ltr' id='par_1_30' title="bbox 2315 1529 3900 1602">
     <span class='ocr_line' id='line_1_30' title="bbox 2315 1529 3900 1602; baseline -0.005 -14"><span class='ocrx_word' id='word_1_247' title='bbox 2315 1535 2536 1592; x_wconf 81' lang='lat' dir='ltr'><strong>tenebat</strong></span> <span class='ocrx_word' id='word_1_248' title='bbox 2557 1547 2681 1589; x_wconf 92' lang='lat' dir='ltr'><strong>reos</strong></span> <span class='ocrx_word' id='word_1_249' title='bbox 2705 1533 2772 1588; x_wconf 91' lang='lat' dir='ltr'><strong>ad</strong></span> <span class='ocrx_word' id='word_1_250' title='bbox 2815 1541 3074 1588; x_wconf 86' lang='lat' dir='ltr'><strong>mortem.</strong></span> <span class='ocrx_word' id='word_1_251' title='bbox 3105 1531 3248 1602; x_wconf 83' lang='lat' dir='ltr'><strong>ipsis</strong></span> <span class='ocrx_word' id='word_1_252' title='bbox 3269 1531 3418 1586; x_wconf 83' lang='lat' dir='ltr'><strong>enim</strong></span> <span class='ocrx_word' id='word_1_253' title='bbox 3441 1529 3560 1586; x_wconf 84' lang='lat' dir='ltr'><strong>Lex</strong></span> <span class='ocrx_word' id='word_1_254' title='bbox 3589 1529 3782 1584; x_wconf 85' lang='lat' dir='ltr'><strong>mortis</strong></span> <span class='ocrx_word' id='word_1_255' title='bbox 3811 1535 3900 1594; x_wconf 83' lang='lat' dir='ltr'><strong>est,</strong></span> 
     </span>
    </p>
   </div>
   <div class='ocr_carea' id='block_1_31' title="bbox 2313 1623 3412 1698">
    <p class='ocr_par' dir='ltr' id='par_1_31' title="bbox 2313 1623 3412 1698">
     <span class='ocr_line' id='line_1_31' title="bbox 2313 1623 3412 1698; baseline 0 -18"><span class='ocrx_word' id='word_1_256' title='bbox 2313 1626 2510 1698; x_wconf 89' lang='lat' dir='ltr'><strong>quibus</strong></span> <span class='ocrx_word' id='word_1_257' title='bbox 2534 1627 2668 1681; x_wconf 91' lang='lat' dir='ltr'><strong>iram</strong></span> <span class='ocrx_word' id='word_1_258' title='bbox 2701 1635 2962 1696; x_wconf 87' lang='lat' dir='ltr'><strong>cperatur</strong></span> <span class='ocrx_word' id='word_1_259' title='bbox 2991 1639 3156 1680; x_wconf 86' lang='lat' dir='ltr'><strong>causa</strong></span> <span class='ocrx_word' id='word_1_260' title='bbox 3183 1623 3412 1694; x_wconf 85' lang='lat' dir='ltr'><strong>peccati.</strong></span> 
     </span>
    </p>
   </div>
   <div class='ocr_carea' id='block_1_32' title="bbox 602 1715 3900 1788">
    <p class='ocr_par' dir='ltr' id='par_1_32' title="bbox 602 1715 3900 1788">
     <span class='ocr_line' id='line_1_32' title="bbox 602 1715 3900 1788; baseline -0.001 -14"><span class='ocrx_word' id='word_1_261' title='bbox 602 1718 936 1775; x_wconf 80' lang='lat' dir='ltr'><strong>fructiﬁcare</strong></span> <span class='ocrx_word' id='word_1_262' title='bbox 979 1717 1106 1772; x_wconf 86' lang='lat' dir='ltr'><strong>Deo.</strong></span> <span class='ocrx_word' id='word_1_263' title='bbox 1134 1717 1450 1787; x_wconf 81' lang='lat' dir='ltr'><strong>Acqniritur</strong></span> <span class='ocrx_word' id='word_1_264' title='bbox 1479 1715 1626 1772; x_wconf 90' lang='lat' dir='ltr'><strong>enim</strong></span> <span class='ocrx_word' id='word_1_265' title='bbox 1663 1717 1793 1782; x_wconf 89' lang='lat' dir='ltr'><strong>Deo,</strong></span> <span class='ocrx_word' id='word_1_266' title='bbox 1817 1717 1912 1788; x_wconf 89' lang='lat' dir='ltr'><strong>qui</strong></span> <span class='ocrx_word' id='word_1_267' title='bbox 1945 1717 1996 1786; x_wconf 86' lang='lat' dir='ltr'><strong>in</strong></span> <span class='ocrx_word' id='word_1_268' title='bbox 2031 1717 2208 1788; x_wconf 83' lang='lat' dir='ltr'><strong>gratia</strong></span> <span class='ocrx_word' id='word_1_269' title='bbox 2244 1715 2288 1778; x_wconf 84' lang='grc' dir='ltr'><strong>Β</strong></span> <span class='ocrx_word' id='word_1_270' title='bbox 2389 1719 2476 1775; x_wconf 86' lang='grc' dir='ltr'><strong>Ιια</strong></span> <span class='ocrx_word' id='word_1_271' title='bbox 2517 1730 2570 1774; x_wconf 79' lang='lat' dir='ltr'><strong>ut</strong></span> <span class='ocrx_word' id='word_1_272' title='bbox 2601 1721 2882 1776; x_wconf 73' lang='lat' dir='ltr'><strong>serviamus</strong></span> <span class='ocrx_word' id='word_1_273' title='bbox 2930 1723 2982 1774; x_wconf 86' lang='lat' dir='ltr'><strong>in</strong></span> <span class='ocrx_word' id='word_1_274' title='bbox 3014 1719 3236 1774; x_wconf 75' lang='lat' dir='ltr'><strong>nouitate</strong></span> <span class='ocrx_word' id='word_1_275' title='bbox 3277 1717 3496 1788; x_wconf 76' lang='lat' dir='ltr'><strong>spiritus</strong></span> <span class='ocrx_word' id='word_1_276' title='bbox 3519 1759 3532 1782; x_wconf 87' lang='lat'><strong>,</strong></span> <span class='ocrx_word' id='word_1_277' title='bbox 3571 1725 3622 1772; x_wconf 83' lang='lat' dir='ltr'><strong>et</strong></span> <span class='ocrx_word' id='word_1_278' title='bbox 3645 1715 3816 1774; x_wconf 77' lang='lat' dir='ltr'><strong>nonin</strong></span> <span class='ocrx_word' id='word_1_279' title='bbox 3833 1731 3900 1769; x_wconf 75' lang='lat' dir='ltr'><strong>ct-</strong></span> 
     </span>
    </p>
   </div>
   <div class='ocr_carea' id='block_1_33' title="bbox 599 1813 1920 1886">
    <p class='ocr_par' dir='ltr' id='par_1_33' title="bbox 599 1813 1920 1886">
     <span class='ocr_line' id='line_1_33' title="bbox 599 1813 1920 1886; baseline -0.003 -16"><span class='ocrx_word' id='word_1_280' title='bbox 599 1813 720 1886; x_wconf 83' lang='lat' dir='ltr'><strong>ejus</strong></span> <span class='ocrx_word' id='word_1_281' title='bbox 749 1825 952 1878; x_wconf 84' lang='lat' dir='ltr'><strong>manet,</strong></span> <span class='ocrx_word' id='word_1_282' title='bbox 977 1813 1174 1884; x_wconf 83' lang='lat' dir='ltr'><strong>dignus</strong></span> <span class='ocrx_word' id='word_1_283' title='bbox 1199 1813 1607 1870; x_wconf 79' lang='lat' dir='ltr'><strong>resurrectione</strong></span> <span class='ocrx_word' id='word_1_284' title='bbox 1633 1814 1920 1883; x_wconf 75' lang='lat' dir='ltr'><strong>promiSsa.</strong></span> 
     </span>
    </p>
   </div>
   <div class='ocr_carea' id='block_1_34' title="bbox 679 1907 2214 1981">
    <p class='ocr_par' dir='ltr' id='par_1_34' title="bbox 679 1907 2214 1981">
     <span class='ocr_line' id='line_1_34' title="bbox 679 1907 2214 1981; baseline -0.001 -15"><span class='ocrx_word' id='word_1_285' title='bbox 679 1909 861 1980; x_wconf 80' lang='lat' dir='ltr'><strong>(Vers.</strong></span> <span class='ocrx_word' id='word_1_286' title='bbox 883 1907 962 1981; x_wconf 86' lang='lat'><strong>5.)</strong></span> <span class='ocrx_word' id='word_1_287' title='bbox 985 1907 1116 1964; x_wconf 84' lang='lat' dir='ltr'><strong>Cum</strong></span> <span class='ocrx_word' id='word_1_288' title='bbox 1138 1909 1274 1963; x_wconf 85' lang='lat' dir='ltr'><strong>enim</strong></span> <span class='ocrx_word' id='word_1_289' title='bbox 1292 1925 1521 1964; x_wconf 80' lang='lat' dir='ltr'><strong>essemus</strong></span> <span class='ocrx_word' id='word_1_290' title='bbox 1543 1909 1598 1964; x_wconf 84' lang='lat' dir='ltr'><strong>in</strong></span> <span class='ocrx_word' id='word_1_291' title='bbox 1621 1909 1944 1964; x_wconf 82' lang='lat' dir='ltr'><strong>carne.Cum</strong></span> <span class='ocrx_word' id='word_1_292' title='bbox 1967 1909 2020 1962; x_wconf 90' lang='lat' dir='ltr'><strong>in</strong></span> <span class='ocrx_word' id='word_1_293' title='bbox 2047 1922 2214 1964; x_wconf 86' lang='lat' dir='ltr'><strong>carne</strong></span> 
     </span>
    </p>
   </div>
   <div class='ocr_carea' id='block_1_35' title="bbox 599 2000 2210 2072">
    <p class='ocr_par' dir='ltr' id='par_1_35' title="bbox 599 2000 2210 2072">
     <span class='ocr_line' id='line_1_35' title="bbox 599 2000 2210 2072; baseline -0.006 -9"><span class='ocrx_word' id='word_1_294' title='bbox 599 2007 692 2069; x_wconf 89' lang='lat' dir='ltr'><strong>sit,</strong></span> <span class='ocrx_word' id='word_1_295' title='bbox 712 2016 798 2060; x_wconf 82' lang='lat' dir='ltr'><strong>est</strong></span> <span class='ocrx_word' id='word_1_296' title='bbox 819 2005 966 2059; x_wconf 90' lang='lat' dir='ltr'><strong>enim</strong></span> <span class='ocrx_word' id='word_1_297' title='bbox 987 2001 1040 2060; x_wconf 90' lang='lat' dir='ltr'><strong>in</strong></span> <span class='ocrx_word' id='word_1_298' title='bbox 1065 2017 1318 2072; x_wconf 88' lang='lat' dir='ltr'><strong>corpore,</strong></span> <span class='ocrx_word' id='word_1_299' title='bbox 1351 2011 1514 2072; x_wconf 83' lang='lat' dir='ltr'><strong>negat</strong></span> <span class='ocrx_word' id='word_1_300' title='bbox 1545 2016 1608 2056; x_wconf 88' lang='lat' dir='ltr'><strong>se</strong></span> <span class='ocrx_word' id='word_1_301' title='bbox 1634 2017 1756 2058; x_wconf 83' lang='lat' dir='ltr'><strong>esse</strong></span> <span class='ocrx_word' id='word_1_302' title='bbox 1779 2001 1833 2056; x_wconf 89' lang='lat' dir='ltr'><strong>in</strong></span> <span class='ocrx_word' id='word_1_303' title='bbox 1859 2015 2060 2066; x_wconf 89' lang='lat' dir='ltr'><strong>carne;</strong></span> <span class='ocrx_word' id='word_1_304' title='bbox 2085 2000 2210 2072; x_wconf 87' lang='lat' dir='ltr'><strong>quia</strong></span> 
     </span>
    </p>
   </div>
   <div class='ocr_carea' id='block_1_36' title="bbox 603 2092 2212 2168">
    <p class='ocr_par' dir='ltr' id='par_1_36' title="bbox 603 2092 2212 2168">
     <span class='ocr_line' id='line_1_36' title="bbox 603 2092 2212 2168; baseline -0.003 -15"><span class='ocrx_word' id='word_1_305' title='bbox 603 2100 690 2156; x_wconf 90' lang='lat' dir='ltr'><strong>hic</strong></span> <span class='ocrx_word' id='word_1_306' title='bbox 715 2099 915 2155; x_wconf 91' lang='lat' dir='ltr'><strong>dicitur</strong></span> <span class='ocrx_word' id='word_1_307' title='bbox 945 2113 1068 2154; x_wconf 90' lang='lat' dir='ltr'><strong>esse</strong></span> <span class='ocrx_word' id='word_1_308' title='bbox 1099 2097 1155 2152; x_wconf 89' lang='lat' dir='ltr'><strong>in</strong></span> <span class='ocrx_word' id='word_1_309' title='bbox 1188 2111 1376 2160; x_wconf 89' lang='lat' dir='ltr'><strong>carne,</strong></span> <span class='ocrx_word' id='word_1_310' title='bbox 1409 2096 1500 2168; x_wconf 89' lang='lat' dir='ltr'><strong>qui</strong></span> <span class='ocrx_word' id='word_1_311' title='bbox 1533 2095 1742 2166; x_wconf 84' lang='lat' dir='ltr'><strong>aliquid</strong></span> <span class='ocrx_word' id='word_1_312' title='bbox 1775 2096 2042 2165; x_wconf 84' lang='lat' dir='ltr'><strong>sequitur,</strong></span> <span class='ocrx_word' id='word_1_313' title='bbox 2065 2092 2212 2164; x_wconf 88' lang='lat' dir='ltr'><strong>quod</strong></span> 
     </span>
    </p>
   </div>
   <div class='ocr_carea' id='block_1_37' title="bbox 605 2187 2214 2264">
    <p class='ocr_par' dir='ltr' id='par_1_37' title="bbox 605 2187 2214 2264">
     <span class='ocr_line' id='line_1_37' title="bbox 605 2187 2214 2264; baseline -0.002 -16"><span class='ocrx_word' id='word_1_314' title='bbox 605 2187 724 2264; x_wconf 81' lang='lat' dir='ltr'><strong>lege</strong></span> <span class='ocrx_word' id='word_1_315' title='bbox 755 2193 1097 2264; x_wconf 87' lang='lat' dir='ltr'><strong>prohibetur.</strong></span> <span class='ocrx_word' id='word_1_316' title='bbox 1123 2191 1294 2262; x_wconf 79' lang='lat' dir='ltr'><strong>igitur</strong></span> <span class='ocrx_word' id='word_1_317' title='bbox 1320 2191 1372 2246; x_wconf 89' lang='lat' dir='ltr'><strong>in</strong></span> <span class='ocrx_word' id='word_1_318' title='bbox 1397 2205 1566 2246; x_wconf 86' lang='lat' dir='ltr'><strong>carne</strong></span> <span class='ocrx_word' id='word_1_319' title='bbox 1589 2206 1710 2246; x_wconf 80' lang='lat' dir='ltr'><strong>esse</strong></span> <span class='ocrx_word' id='word_1_320' title='bbox 1737 2189 2030 2246; x_wconf 83' lang='lat' dir='ltr'><strong>multifarie</strong></span> <span class='ocrx_word' id='word_1_321' title='bbox 2053 2187 2214 2244; x_wconf 87' lang='lat' dir='ltr'><strong>intel-</strong></span> 
     </span>
    </p>
   </div>
   <div class='ocr_carea' id='block_1_38' title="bbox 599 2283 2204 2358">
    <p class='ocr_par' dir='ltr' id='par_1_38' title="bbox 599 2283 2204 2358">
     <span class='ocr_line' id='line_1_38' title="bbox 599 2283 2204 2358; baseline -0.002 -17"><span class='ocrx_word' id='word_1_322' title='bbox 599 2287 788 2358; x_wconf 80' lang='lat' dir='ltr'><strong>[igitur</strong></span> <span class='ocrx_word' id='word_1_323' title='bbox 819 2305 831 2340; x_wconf 92' lang='lat'><strong>:</strong></span> <span class='ocrx_word' id='word_1_324' title='bbox 868 2302 989 2340; x_wconf 91' lang='lat' dir='ltr'><strong>nam</strong></span> <span class='ocrx_word' id='word_1_325' title='bbox 1031 2285 1210 2340; x_wconf 89' lang='lat' dir='ltr'><strong>omnis</strong></span> <span class='ocrx_word' id='word_1_326' title='bbox 1245 2284 1558 2340; x_wconf 87' lang='lat' dir='ltr'><strong>incredulus</strong></span> <span class='ocrx_word' id='word_1_327' title='bbox 1591 2285 1646 2339; x_wconf 90' lang='lat' dir='ltr'><strong>in</strong></span> <span class='ocrx_word' id='word_1_328' title='bbox 1681 2299 1850 2340; x_wconf 86' lang='lat' dir='ltr'><strong>carne</strong></span> <span class='ocrx_word' id='word_1_329' title='bbox 1877 2292 1982 2350; x_wconf 87' lang='lat' dir='ltr'><strong>est,</strong></span> <span class='ocrx_word' id='word_1_330' title='bbox 2017 2283 2068 2338; x_wconf 86' lang='lat' dir='ltr'><strong>id</strong></span> <span class='ocrx_word' id='word_1_331' title='bbox 2100 2290 2204 2348; x_wconf 89' lang='lat' dir='ltr'><strong>est,</strong></span> 
     </span>
    </p>
   </div>
   <div class='ocr_carea' id='block_1_39' title="bbox 597 2375 2202 2448">
    <p class='ocr_par' dir='ltr' id='par_1_39' title="bbox 597 2375 2202 2448">
     <span class='ocr_line' id='line_1_39' title="bbox 597 2375 2202 2448; baseline -0.004 -14"><span class='ocrx_word' id='word_1_332' title='bbox 597 2379 865 2444; x_wconf 81' lang='lat' dir='ltr'><strong>carnalis;</strong></span> <span class='ocrx_word' id='word_1_333' title='bbox 894 2387 948 2433; x_wconf 88' lang='lat' dir='ltr'><strong>et</strong></span> <span class='ocrx_word' id='word_1_334' title='bbox 970 2375 1316 2432; x_wconf 85' lang='lat' dir='ltr'><strong>Christianus</strong></span> <span class='ocrx_word' id='word_1_335' title='bbox 1339 2377 1442 2432; x_wconf 86' lang='lat' dir='ltr'><strong>sub</strong></span> <span class='ocrx_word' id='word_1_336' title='bbox 1465 2377 1586 2448; x_wconf 79' lang='lat' dir='ltr'><strong>lege</strong></span> <span class='ocrx_word' id='word_1_337' title='bbox 1613 2378 1805 2432; x_wconf 83' lang='lat' dir='ltr'><strong>vivens</strong></span> <span class='ocrx_word' id='word_1_338' title='bbox 1827 2375 1882 2430; x_wconf 89' lang='lat' dir='ltr'><strong>in</strong></span> <span class='ocrx_word' id='word_1_339' title='bbox 1898 2390 2064 2430; x_wconf 86' lang='lat' dir='ltr'><strong>carne</strong></span> <span class='ocrx_word' id='word_1_340' title='bbox 2087 2383 2202 2440; x_wconf 88' lang='lat' dir='ltr'><strong>est;</strong></span> 
     </span>
    </p>
   </div>
   <div class='ocr_carea' id='block_1_40' title="bbox 596 2467 2206 2544">
    <p class='ocr_par' dir='ltr' id='par_1_40' title="bbox 596 2467 2206 2544">
     <span class='ocr_line' id='line_1_40' title="bbox 596 2467 2206 2544; baseline -0.007 -14"><span class='ocrx_word' id='word_1_341' title='bbox 596 2485 652 2530; x_wconf 91' lang='lat' dir='ltr'><strong>et</strong></span> <span class='ocrx_word' id='word_1_342' title='bbox 680 2473 770 2544; x_wconf 86' lang='lat' dir='ltr'><strong>qui</strong></span> <span class='ocrx_word' id='word_1_343' title='bbox 821 2471 888 2526; x_wconf 88' lang='lat' dir='ltr'><strong>de</strong></span> <span class='ocrx_word' id='word_1_344' title='bbox 917 2470 1232 2526; x_wconf 90' lang='lat' dir='ltr'><strong>hominibus</strong></span> <span class='ocrx_word' id='word_1_345' title='bbox 1272 2467 1476 2539; x_wconf 84' lang='lat' dir='ltr'><strong>aliquid</strong></span> <span class='ocrx_word' id='word_1_346' title='bbox 1508 2477 1722 2538; x_wconf 81' lang='lat' dir='ltr'><strong>Sperat,</strong></span> <span class='ocrx_word' id='word_1_347' title='bbox 1773 2469 1824 2522; x_wconf 92' lang='lat' dir='ltr'><strong>in</strong></span> <span class='ocrx_word' id='word_1_348' title='bbox 1875 2482 2042 2524; x_wconf 89' lang='lat' dir='ltr'><strong>carne</strong></span> <span class='ocrx_word' id='word_1_349' title='bbox 2087 2475 2206 2532; x_wconf 89' lang='lat' dir='ltr'><strong>est;</strong></span> 
     </span>
    </p>
   </div>
   <div class='ocr_carea' id='block_1_41' title="bbox 595 2559 2210 2637">
    <p class='ocr_par' dir='ltr' id='par_1_41' title="bbox 595 2559 2210 2637">
     <span class='ocr_line' id='line_1_41' title="bbox 595 2559 2210 2637; baseline -0.003 -16"><span class='ocrx_word' id='word_1_350' title='bbox 595 2577 649 2622; x_wconf 89' lang='lat' dir='ltr'><strong>et</strong></span> <span class='ocrx_word' id='word_1_351' title='bbox 676 2567 766 2637; x_wconf 87' lang='lat' dir='ltr'><strong>qui</strong></span> <span class='ocrx_word' id='word_1_352' title='bbox 801 2565 944 2619; x_wconf 87' lang='lat' dir='ltr'><strong>male</strong></span> <span class='ocrx_word' id='word_1_353' title='bbox 985 2564 1246 2632; x_wconf 79' lang='lat' dir='ltr'><strong>intelligit</strong></span> <span class='ocrx_word' id='word_1_354' title='bbox 1274 2563 1574 2628; x_wconf 81' lang='lat' dir='ltr'><strong>Christum,</strong></span> <span class='ocrx_word' id='word_1_355' title='bbox 1623 2561 1678 2618; x_wconf 88' lang='lat' dir='ltr'><strong>in</strong></span> <span class='ocrx_word' id='word_1_356' title='bbox 1710 2577 1877 2618; x_wconf 87' lang='lat' dir='ltr'><strong>carne</strong></span> <span class='ocrx_word' id='word_1_357' title='bbox 1901 2571 2024 2626; x_wconf 90' lang='lat' dir='ltr'><strong>est;</strong></span> <span class='ocrx_word' id='word_1_358' title='bbox 2059 2571 2114 2616; x_wconf 92' lang='lat' dir='ltr'><strong>et</strong></span> <span class='ocrx_word' id='word_1_359' title='bbox 2160 2559 2210 2616; x_wconf 88' lang='lat' dir='ltr'><strong>si</strong></span> 
     </span>
    </p>
   </div>
   <div class='ocr_carea' id='block_1_42' title="bbox 595 2653 2212 2730">
    <p class='ocr_par' dir='ltr' id='par_1_42' title="bbox 595 2653 2212 2730">
     <span class='ocr_line' id='line_1_42' title="bbox 595 2653 2212 2730; baseline -0.002 -16"><span class='ocrx_word' id='word_1_360' title='bbox 595 2661 721 2730; x_wconf 84' lang='lat' dir='ltr'><strong>quis</strong></span> <span class='ocrx_word' id='word_1_361' title='bbox 752 2657 1094 2712; x_wconf 69' lang='lat' dir='ltr'><strong>Christianus</strong></span> <span class='ocrx_word' id='word_1_362' title='bbox 1122 2653 1460 2712; x_wconf 79' lang='lat' dir='ltr'><strong>luxuriosam</strong></span> <span class='ocrx_word' id='word_1_363' title='bbox 1511 2653 1672 2710; x_wconf 82' lang='lat' dir='ltr'><strong>habet</strong></span> <span class='ocrx_word' id='word_1_364' title='bbox 1721 2654 1918 2720; x_wconf 90' lang='lat' dir='ltr'><strong>vitam,</strong></span> <span class='ocrx_word' id='word_1_365' title='bbox 1957 2653 2008 2706; x_wconf 87' lang='lat' dir='ltr'><strong>in</strong></span> <span class='ocrx_word' id='word_1_366' title='bbox 2045 2667 2212 2710; x_wconf 82' lang='lat' dir='ltr'><strong>carne</strong></span> 
     </span>
    </p>
   </div>
   <div class='ocr_carea' id='block_1_43' title="bbox 599 2747 2212 2826">
    <p class='ocr_par' dir='ltr' id='par_1_43' title="bbox 599 2747 2212 2826">
     <span class='ocr_line' id='line_1_43' title="bbox 599 2747 2212 2826; baseline -0.005 -18"><span class='ocrx_word' id='word_1_367' title='bbox 599 2763 704 2808; x_wconf 89' lang='lat' dir='ltr'><strong>est.</strong></span> <span class='ocrx_word' id='word_1_368' title='bbox 739 2750 852 2826; x_wconf 61' lang='grc' dir='ltr'><strong>δή,</strong></span> <span class='ocrx_word' id='word_1_369' title='bbox 881 2749 994 2806; x_wconf 78' lang='lat' dir='ltr'><strong>Hoc</strong></span> <span class='ocrx_word' id='word_1_370' title='bbox 1029 2759 1207 2805; x_wconf 87' lang='lat' dir='ltr'><strong>tamen</strong></span> <span class='ocrx_word' id='word_1_371' title='bbox 1247 2750 1371 2804; x_wconf 93' lang='lat' dir='ltr'><strong>loco</strong></span> <span class='ocrx_word' id='word_1_372' title='bbox 1399 2750 1454 2804; x_wconf 91' lang='lat' dir='ltr'><strong>in</strong></span> <span class='ocrx_word' id='word_1_373' title='bbox 1483 2763 1654 2806; x_wconf 86' lang='lat' dir='ltr'><strong>carne</strong></span> <span class='ocrx_word' id='word_1_374' title='bbox 1687 2763 1810 2806; x_wconf 87' lang='lat' dir='ltr'><strong>esse</strong></span> <span class='ocrx_word' id='word_1_375' title='bbox 1835 2748 1920 2802; x_wconf 84' lang='lat' dir='ltr'><strong>sic</strong></span> <span class='ocrx_word' id='word_1_376' title='bbox 1941 2747 2212 2818; x_wconf 84' lang='lat' dir='ltr'><strong>intellige-</strong></span> 
     </span>
    </p>
   </div>
   <div class='ocr_carea' id='block_1_44' title="bbox 603 2829 2212 2914">
    <p class='ocr_par' dir='ltr' id='par_1_44' title="bbox 603 2829 2212 2914">
     <span class='ocr_line' id='line_1_44' title="bbox 603 2829 2212 2914; baseline -0.003 -13"><span class='ocrx_word' id='word_1_377' title='bbox 603 2863 744 2909; x_wconf 88' lang='lat' dir='ltr'><strong>mus,</strong></span> <span class='ocrx_word' id='word_1_378' title='bbox 777 2829 904 2914; x_wconf 87' lang='lat' dir='ltr'><strong>quia</strong></span> <span class='ocrx_word' id='word_1_379' title='bbox 932 2853 1061 2900; x_wconf 91' lang='lat' dir='ltr'><strong>ante</strong></span> <span class='ocrx_word' id='word_1_380' title='bbox 1101 2842 1262 2898; x_wconf 83' lang='lat' dir='ltr'><strong>fidem</strong></span> <span class='ocrx_word' id='word_1_381' title='bbox 1295 2844 1351 2898; x_wconf 92' lang='lat' dir='ltr'><strong>in</strong></span> <span class='ocrx_word' id='word_1_382' title='bbox 1378 2858 1550 2898; x_wconf 88' lang='lat' dir='ltr'><strong>carne</strong></span> <span class='ocrx_word' id='word_1_383' title='bbox 1575 2857 1827 2906; x_wconf 85' lang='lat' dir='ltr'><strong>eramus;</strong></span> <span class='ocrx_word' id='word_1_384' title='bbox 1853 2841 1955 2896; x_wconf 89' lang='lat' dir='ltr'><strong>sub</strong></span> <span class='ocrx_word' id='word_1_385' title='bbox 1987 2849 2212 2912; x_wconf 80' lang='lat' dir='ltr'><strong>peccato</strong></span> 
     </span>
    </p>
   </div>
   <div class='ocr_carea' id='block_1_45' title="bbox 601 2937 2209 3007">
    <p class='ocr_par' dir='ltr' id='par_1_45' title="bbox 601 2937 2209 3007">
     <span class='ocr_line' id='line_1_45' title="bbox 601 2937 2209 3007; baseline -0.002 -12"><span class='ocrx_word' id='word_1_386' title='bbox 601 2942 745 2996; x_wconf 90' lang='lat' dir='ltr'><strong>enim</strong></span> <span class='ocrx_word' id='word_1_387' title='bbox 775 2938 1114 3002; x_wconf 82' lang='lat' dir='ltr'><strong>vivebamus,</strong></span> <span class='ocrx_word' id='word_1_388' title='bbox 1139 2937 1246 2992; x_wconf 92' lang='lat' dir='ltr'><strong>hoc</strong></span> <span class='ocrx_word' id='word_1_389' title='bbox 1268 2945 1374 3002; x_wconf 91' lang='lat' dir='ltr'><strong>est,</strong></span> <span class='ocrx_word' id='word_1_390' title='bbox 1398 2937 1649 2994; x_wconf 75' lang='lat' dir='ltr'><strong>carnales</strong></span> <span class='ocrx_word' id='word_1_391' title='bbox 1674 2952 1868 2994; x_wconf 87' lang='lat' dir='ltr'><strong>sensus</strong></span> <span class='ocrx_word' id='word_1_392' title='bbox 1894 2947 2209 3007; x_wconf 64' lang='lat' dir='ltr'><strong>sequentes,</strong></span> 
     </span>
    </p>
   </div>
   <div class='ocr_carea' id='block_1_46' title="bbox 605 3031 2212 3103">
    <p class='ocr_par' dir='ltr' id='par_1_46' title="bbox 605 3031 2212 3103">
     <span class='ocr_line' id='line_1_46' title="bbox 605 3031 2212 3103; baseline 0 -17"><span class='ocrx_word' id='word_1_393' title='bbox 605 3034 749 3088; x_wconf 81' lang='lat' dir='ltr'><strong>vitiis</strong></span> <span class='ocrx_word' id='word_1_394' title='bbox 777 3043 830 3088; x_wconf 92' lang='lat' dir='ltr'><strong>et</strong></span> <span class='ocrx_word' id='word_1_395' title='bbox 855 3031 1088 3103; x_wconf 86' lang='lat' dir='ltr'><strong>peccatis</strong></span> <span class='ocrx_word' id='word_1_396' title='bbox 1114 3031 1554 3100; x_wconf 73' lang='lat' dir='ltr'><strong>subiacebamus.</strong></span> <span class='ocrx_word' id='word_1_397' title='bbox 1585 3033 1791 3090; x_wconf 84' lang='lat' dir='ltr'><strong>Sensus</strong></span> <span class='ocrx_word' id='word_1_398' title='bbox 1819 3043 2002 3088; x_wconf 87' lang='lat' dir='ltr'><strong>autem</strong></span> <span class='ocrx_word' id='word_1_399' title='bbox 2029 3032 2212 3092; x_wconf 88' lang='lat' dir='ltr'><strong>carnis</strong></span> 
     </span>
    </p>
   </div>
   <div class='ocr_carea' id='block_1_47' title="bbox 2317 1810 3904 1884">
    <p class='ocr_par' dir='ltr' id='par_1_47' title="bbox 2317 1810 3904 1884">
     <span class='ocr_line' id='line_1_47' title="bbox 2317 1810 3904 1884; baseline -0.004 -16"><span class='ocrx_word' id='word_1_400' title='bbox 2317 1821 2508 1868; x_wconf 82' lang='lat' dir='ltr'><strong>tustute</strong></span> <span class='ocrx_word' id='word_1_401' title='bbox 2539 1811 2744 1868; x_wconf 75' lang='lat' dir='ltr'><strong>(inerte.</strong></span> <span class='ocrx_word' id='word_1_402' title='bbox 2773 1811 2872 1868; x_wconf 86' lang='lat' dir='ltr'><strong>Hic</strong></span> <span class='ocrx_word' id='word_1_403' title='bbox 2891 1811 3066 1883; x_wconf 79' lang='lat' dir='ltr'><strong>legem</strong></span> <span class='ocrx_word' id='word_1_404' title='bbox 3099 1821 3322 1884; x_wconf 74' lang='lat' dir='ltr'><strong>tangere</strong></span> <span class='ocrx_word' id='word_1_405' title='bbox 3349 1819 3600 1882; x_wconf 87' lang='lat' dir='ltr'><strong>putatur,</strong></span> <span class='ocrx_word' id='word_1_406' title='bbox 3619 1825 3776 1882; x_wconf 84' lang='lat' dir='ltr'><strong>quam</strong></span> <span class='ocrx_word' id='word_1_407' title='bbox 3803 1810 3904 1878; x_wconf 85' lang='lat' dir='ltr'><strong>qui-</strong></span> 
     </span>
    </p>
   </div>
   <div class='ocr_carea' id='block_1_48' title="bbox 2316 1901 3902 1977">
    <p class='ocr_par' dir='ltr' id='par_1_48' title="bbox 2316 1901 3902 1977">
     <span class='ocr_line' id='line_1_48' title="bbox 2316 1901 3902 1977; baseline -0.005 -13"><span class='ocrx_word' id='word_1_408' title='bbox 2316 1911 2444 1964; x_wconf 86' lang='lat' dir='ltr'><strong>dem</strong></span> <span class='ocrx_word' id='word_1_409' title='bbox 2475 1907 2541 1962; x_wconf 88' lang='lat' dir='ltr'><strong>ad</strong></span> <span class='ocrx_word' id='word_1_410' title='bbox 2569 1907 3042 1977; x_wconf 83' lang='lat' dir='ltr'><strong>comparationem</strong></span> <span class='ocrx_word' id='word_1_411' title='bbox 3073 1905 3208 1976; x_wconf 85' lang='lat' dir='ltr'><strong>legis</strong></span> <span class='ocrx_word' id='word_1_412' title='bbox 3247 1903 3372 1960; x_wconf 77' lang='lat' dir='ltr'><strong>fidei</strong></span> <span class='ocrx_word' id='word_1_413' title='bbox 3417 1901 3738 1958; x_wconf 88' lang='lat' dir='ltr'><strong>inferiorem</strong></span> <span class='ocrx_word' id='word_1_414' title='bbox 3766 1901 3902 1966; x_wconf 86' lang='lat' dir='ltr'><strong>facit;</strong></span> 
     </span>
    </p>
   </div>
   <div class='ocr_carea' id='block_1_49' title="bbox 2317 1997 3904 2072">
    <p class='ocr_par' dir='ltr' id='par_1_49' title="bbox 2317 1997 3904 2072">
     <span class='ocr_line' id='line_1_49' title="bbox 2317 1997 3904 2072; baseline -0.004 -15"><span class='ocrx_word' id='word_1_415' title='bbox 2317 2017 2426 2058; x_wconf 90' lang='lat' dir='ltr'><strong>non</strong></span> <span class='ocrx_word' id='word_1_416' title='bbox 2479 2009 2658 2058; x_wconf 84' lang='lat' dir='ltr'><strong>tamen</strong></span> <span class='ocrx_word' id='word_1_417' title='bbox 2719 2001 2994 2058; x_wconf 86' lang='lat' dir='ltr'><strong>inimicam</strong></span> <span class='ocrx_word' id='word_1_418' title='bbox 3037 2000 3266 2072; x_wconf 83' lang='lat' dir='ltr'><strong>judieat.</strong></span> <span class='ocrx_word' id='word_1_419' title='bbox 3317 1998 3456 2054; x_wconf 82' lang='lat' dir='ltr'><strong>Nam</strong></span> <span class='ocrx_word' id='word_1_420' title='bbox 3487 1997 3620 2054; x_wconf 88' lang='lat' dir='ltr'><strong>ideo</strong></span> <span class='ocrx_word' id='word_1_421' title='bbox 3663 1997 3796 2052; x_wconf 83' lang='lat' dir='ltr'><strong>dicit</strong></span> <span class='ocrx_word' id='word_1_422' title='bbox 3821 2011 3904 2051; x_wconf 82' lang='lat' dir='ltr'><strong>nos</strong></span> 
     </span>
    </p>
   </div>
   <div class='ocr_carea' id='block_1_50' title="bbox 2318 2092 3904 2165">
    <p class='ocr_par' dir='ltr' id='par_1_50' title="bbox 2318 2092 3904 2165">
     <span class='ocr_line' id='line_1_50' title="bbox 2318 2092 3904 2165; baseline -0.003 -15"><span class='ocrx_word' id='word_1_423' title='bbox 2318 2104 2508 2151; x_wconf 89' lang='lat' dir='ltr'><strong>erutos</strong></span> <span class='ocrx_word' id='word_1_424' title='bbox 2537 2111 2565 2148; x_wconf 91' lang='lat' dir='ltr'><strong>a</strong></span> <span class='ocrx_word' id='word_1_425' title='bbox 2615 2096 2732 2165; x_wconf 86' lang='lat' dir='ltr'><strong>lege</strong></span> <span class='ocrx_word' id='word_1_426' title='bbox 2781 2095 2976 2150; x_wconf 91' lang='lat' dir='ltr'><strong>mortis</strong></span> <span class='ocrx_word' id='word_1_427' title='bbox 2997 2138 3012 2163; x_wconf 92' lang='lat'><strong>,</strong></span> <span class='ocrx_word' id='word_1_428' title='bbox 3046 2105 3102 2150; x_wconf 89' lang='lat' dir='ltr'><strong>ut</strong></span> <span class='ocrx_word' id='word_1_429' title='bbox 3133 2093 3444 2150; x_wconf 83' lang='lat' dir='ltr'><strong>serviamus</strong></span> <span class='ocrx_word' id='word_1_430' title='bbox 3483 2093 3598 2164; x_wconf 73' lang='lat' dir='ltr'><strong>legi</strong></span> <span class='ocrx_word' id='word_1_431' title='bbox 3627 2092 3772 2158; x_wconf 77' lang='lat' dir='ltr'><strong>ﬁdei,</strong></span> <span class='ocrx_word' id='word_1_432' title='bbox 3801 2107 3904 2162; x_wconf 71' lang='lat' dir='ltr'><strong>quae</strong></span> 
     </span>
    </p>
   </div>
   <div class='ocr_carea' id='block_1_51' title="bbox 2319 2185 3904 2260">
    <p class='ocr_par' dir='ltr' id='par_1_51' title="bbox 2319 2185 3904 2260">
     <span class='ocr_line' id='line_1_51' title="bbox 2319 2185 3904 2260; baseline -0.004 -16"><span class='ocrx_word' id='word_1_433' title='bbox 2319 2189 2479 2244; x_wconf 89' lang='lat' dir='ltr'><strong>nobis</strong></span> <span class='ocrx_word' id='word_1_434' title='bbox 2523 2189 2836 2260; x_wconf 69' lang='lat' dir='ltr'><strong>prmsidium</strong></span> <span class='ocrx_word' id='word_1_435' title='bbox 2883 2188 3114 2244; x_wconf 87' lang='lat' dir='ltr'><strong>contulit</strong></span> <span class='ocrx_word' id='word_1_436' title='bbox 3146 2189 3390 2244; x_wconf 83' lang='lat' dir='ltr'><strong>salutare</strong></span> <span class='ocrx_word' id='word_1_437' title='bbox 3415 2229 3431 2254; x_wconf 92' lang='lat'><strong>,</strong></span> <span class='ocrx_word' id='word_1_438' title='bbox 3464 2185 3614 2258; x_wconf 83' lang='lat' dir='ltr'><strong>quod</strong></span> <span class='ocrx_word' id='word_1_439' title='bbox 3649 2192 3798 2240; x_wconf 86' lang='lat' dir='ltr'><strong>vetus</strong></span> <span class='ocrx_word' id='word_1_440' title='bbox 3833 2185 3904 2238; x_wconf 82' lang='lat' dir='ltr'><strong>lex</strong></span> 
     </span>
    </p>
   </div>
   <div class='ocr_carea' id='block_1_52' title="bbox 2319 2278 3902 2354">
    <p class='ocr_par' dir='ltr' id='par_1_52' title="bbox 2319 2278 3902 2354">
     <span class='ocr_line' id='line_1_52' title="bbox 2319 2278 3902 2354; baseline -0.004 -16"><span class='ocrx_word' id='word_1_441' title='bbox 2319 2297 2424 2338; x_wconf 88' lang='lat' dir='ltr'><strong>non</strong></span> <span class='ocrx_word' id='word_1_442' title='bbox 2461 2283 2667 2354; x_wconf 85' lang='lat' dir='ltr'><strong>potuit;</strong></span> <span class='ocrx_word' id='word_1_443' title='bbox 2697 2297 2763 2340; x_wconf 91' lang='lat' dir='ltr'><strong>ne</strong></span> <span class='ocrx_word' id='word_1_444' title='bbox 2792 2283 2981 2354; x_wconf 78' lang='lat' dir='ltr'><strong>gratia:</strong></span> <span class='ocrx_word' id='word_1_445' title='bbox 3009 2279 3336 2338; x_wconf 84' lang='lat' dir='ltr'><strong>beneﬁcium</strong></span> <span class='ocrx_word' id='word_1_446' title='bbox 3371 2281 3594 2336; x_wconf 86' lang='lat' dir='ltr'><strong>inanire</strong></span> <span class='ocrx_word' id='word_1_447' title='bbox 3619 2278 3902 2343; x_wconf 73' lang='lat' dir='ltr'><strong>videamur,</strong></span> 
     </span>
    </p>
   </div>
   <div class='ocr_carea' id='block_1_53' title="bbox 2319 2371 3904 2446">
    <p class='ocr_par' dir='ltr' id='par_1_53' title="bbox 2319 2371 3904 2446">
     <span class='ocr_line' id='line_1_53' title="bbox 2319 2371 3904 2446; baseline -0.003 -17"><span class='ocrx_word' id='word_1_448' title='bbox 2319 2373 2428 2446; x_wconf 79' lang='lat' dir='ltr'><strong>legi</strong></span> <span class='ocrx_word' id='word_1_449' title='bbox 2459 2375 2640 2440; x_wconf 82' lang='lat' dir='ltr'><strong>veteri</strong></span> <span class='ocrx_word' id='word_1_450' title='bbox 2663 2376 2987 2434; x_wconf 83' lang='lat' dir='ltr'><strong>servientes.</strong></span> <span class='ocrx_word' id='word_1_451' title='bbox 3018 2373 3130 2432; x_wconf 82' lang='lat' dir='ltr'><strong>Lex</strong></span> <span class='ocrx_word' id='word_1_452' title='bbox 3155 2385 3314 2430; x_wconf 85' lang='lat' dir='ltr'><strong>vetus</strong></span> <span class='ocrx_word' id='word_1_453' title='bbox 3343 2389 3450 2428; x_wconf 88' lang='lat' dir='ltr'><strong>non</strong></span> <span class='ocrx_word' id='word_1_454' title='bbox 3471 2372 3728 2430; x_wconf 79' lang='lat' dir='ltr'><strong>criminis</strong></span> <span class='ocrx_word' id='word_1_455' title='bbox 3745 2371 3904 2442; x_wconf 80' lang='lat' dir='ltr'><strong>utique</strong></span> 
     </span>
    </p>
   </div>
   <div class='ocr_carea' id='block_1_54' title="bbox 2321 2465 3900 2540">
    <p class='ocr_par' dir='ltr' id='par_1_54' title="bbox 2321 2465 3900 2540">
     <span class='ocr_line' id='line_1_54' title="bbox 2321 2465 3900 2540; baseline -0.004 -16"><span class='ocrx_word' id='word_1_456' title='bbox 2321 2485 2520 2524; x_wconf 87' lang='lat' dir='ltr'><strong>nomen</strong></span> <span class='ocrx_word' id='word_1_457' title='bbox 2551 2479 2655 2536; x_wconf 88' lang='lat' dir='ltr'><strong>est,</strong></span> <span class='ocrx_word' id='word_1_458' title='bbox 2685 2470 2786 2526; x_wconf 89' lang='lat' dir='ltr'><strong>sed</strong></span> <span class='ocrx_word' id='word_1_459' title='bbox 2829 2470 3096 2540; x_wconf 86' lang='lat' dir='ltr'><strong>temporis</strong></span> <span class='ocrx_word' id='word_1_460' title='bbox 3147 2469 3234 2524; x_wconf 86' lang='lat' dir='ltr'><strong>vel</strong></span> <span class='ocrx_word' id='word_1_461' title='bbox 3281 2469 3497 2534; x_wconf 58' lang='lat' dir='ltr'><strong>artatis;</strong></span> <span class='ocrx_word' id='word_1_462' title='bbox 3529 2467 3714 2534; x_wconf 75' lang='lat' dir='ltr'><strong>senuit</strong></span> <span class='ocrx_word' id='word_1_463' title='bbox 3747 2465 3900 2529; x_wconf 86' lang='lat' dir='ltr'><strong>enim,</strong></span> 
     </span>
    </p>
   </div>
   <div class='ocr_carea' id='block_1_55' title="bbox 2319 2559 3902 2636">
    <p class='ocr_par' dir='ltr' id='par_1_55' title="bbox 2319 2559 3902 2636">
     <span class='ocr_line' id='line_1_55' title="bbox 2319 2559 3902 2636; baseline -0.001 -21"><span class='ocrx_word' id='word_1_464' title='bbox 2319 2563 2444 2634; x_wconf 87' lang='lat' dir='ltr'><strong>quia</strong></span> <span class='ocrx_word' id='word_1_465' title='bbox 2467 2565 2724 2624; x_wconf 81' lang='lat' dir='ltr'><strong>cessavit.</strong></span> <span class='ocrx_word' id='word_1_466' title='bbox 2761 2563 2874 2620; x_wconf 90' lang='lat' dir='ltr'><strong>Lex</strong></span> <span class='ocrx_word' id='word_1_467' title='bbox 2906 2574 3094 2620; x_wconf 87' lang='lat' dir='ltr'><strong>autem</strong></span> <span class='ocrx_word' id='word_1_468' title='bbox 3123 2562 3354 2636; x_wconf 87' lang='lat' dir='ltr'><strong>spiritus</strong></span> <span class='ocrx_word' id='word_1_469' title='bbox 3388 2563 3506 2634; x_wconf 85' lang='lat' dir='ltr'><strong>ipsa</strong></span> <span class='ocrx_word' id='word_1_470' title='bbox 3539 2573 3632 2618; x_wconf 86' lang='lat' dir='ltr'><strong>est</strong></span> <span class='ocrx_word' id='word_1_471' title='bbox 3655 2562 3740 2622; x_wconf 81' lang='lat' dir='ltr'><strong>lex</strong></span> <span class='ocrx_word' id='word_1_472' title='bbox 3769 2559 3902 2623; x_wconf 79' lang='lat' dir='ltr'><strong>ﬁdei;</strong></span> 
     </span>
    </p>
   </div>
   <div class='ocr_carea' id='block_1_56' title="bbox 2320 2655 3900 2728">
    <p class='ocr_par' dir='ltr' id='par_1_56' title="bbox 2320 2655 3900 2728">
     <span class='ocr_line' id='line_1_56' title="bbox 2320 2655 3900 2728; baseline 0.001 -16"><span class='ocrx_word' id='word_1_473' title='bbox 2320 2659 2445 2726; x_wconf 90' lang='lat' dir='ltr'><strong>quia</strong></span> <span class='ocrx_word' id='word_1_474' title='bbox 2499 2657 2634 2714; x_wconf 85' lang='lat' dir='ltr'><strong>fides</strong></span> <span class='ocrx_word' id='word_1_475' title='bbox 2700 2659 2752 2712; x_wconf 91' lang='lat' dir='ltr'><strong>in</strong></span> <span class='ocrx_word' id='word_1_476' title='bbox 2800 2659 2982 2714; x_wconf 89' lang='lat' dir='ltr'><strong>animo</strong></span> <span class='ocrx_word' id='word_1_477' title='bbox 3013 2667 3122 2724; x_wconf 91' lang='lat' dir='ltr'><strong>est,</strong></span> <span class='ocrx_word' id='word_1_478' title='bbox 3167 2673 3272 2714; x_wconf 86' lang='lat' dir='ltr'><strong>nec</strong></span> <span class='ocrx_word' id='word_1_479' title='bbox 3301 2658 3568 2728; x_wconf 87' lang='lat' dir='ltr'><strong>operibus</strong></span> <span class='ocrx_word' id='word_1_480' title='bbox 3602 2655 3900 2714; x_wconf 85' lang='lat' dir='ltr'><strong>addiscitur.</strong></span> 
     </span>
    </p>
   </div>
   <div class='ocr_carea' id='block_1_57' title="bbox 2321 2751 3904 2824">
    <p class='ocr_par' dir='ltr' id='par_1_57' title="bbox 2321 2751 3904 2824">
     <span class='ocr_line' id='line_1_57' title="bbox 2321 2751 3904 2824; baseline -0.003 -19"><span class='ocrx_word' id='word_1_481' title='bbox 2321 2751 2417 2806; x_wconf 90' lang='lat' dir='ltr'><strong>scd</strong></span> <span class='ocrx_word' id='word_1_482' title='bbox 2469 2751 2632 2806; x_wconf 86' lang='lat' dir='ltr'><strong>corde</strong></span> <span class='ocrx_word' id='word_1_483' title='bbox 2659 2751 2898 2806; x_wconf 87' lang='lat' dir='ltr'><strong>creditur</strong></span> <span class='ocrx_word' id='word_1_484' title='bbox 2929 2771 2941 2804; x_wconf 93' lang='lat'>:</span> <span class='ocrx_word' id='word_1_485' title='bbox 2973 2762 3026 2808; x_wconf 91' lang='lat' dir='ltr'><strong>et</strong></span> <span class='ocrx_word' id='word_1_486' title='bbox 3075 2767 3229 2808; x_wconf 89' lang='lat' dir='ltr'><strong>mens</strong></span> <span class='ocrx_word' id='word_1_487' title='bbox 3267 2751 3388 2824; x_wconf 90' lang='lat' dir='ltr'><strong>ipsa</strong></span> <span class='ocrx_word' id='word_1_488' title='bbox 3429 2751 3694 2824; x_wconf 69' lang='lat' dir='ltr'><strong>intelligit</strong></span> <span class='ocrx_word' id='word_1_489' title='bbox 3721 2759 3904 2806; x_wconf 70' lang='lat' dir='ltr'><strong>natura:</strong></span> 
     </span>
    </p>
   </div>
   <div class='ocr_carea' id='block_1_58' title="bbox 2321 2841 3902 2914">
    <p class='ocr_par' dir='ltr' id='par_1_58' title="bbox 2321 2841 3902 2914">
     <span class='ocr_line' id='line_1_58' title="bbox 2321 2841 3902 2914; baseline -0.003 -14"><span class='ocrx_word' id='word_1_490' title='bbox 2321 2861 2436 2902; x_wconf 78' lang='lat' dir='ltr'><strong>suae</strong></span> <span class='ocrx_word' id='word_1_491' title='bbox 2467 2860 2588 2902; x_wconf 86' lang='lat' dir='ltr'><strong>esse</strong></span> <span class='ocrx_word' id='word_1_492' title='bbox 2610 2845 2756 2914; x_wconf 89' lang='lat' dir='ltr'><strong>quod</strong></span> <span class='ocrx_word' id='word_1_493' title='bbox 2786 2845 2980 2911; x_wconf 90' lang='lat' dir='ltr'><strong>credit,</strong></span> <span class='ocrx_word' id='word_1_494' title='bbox 3015 2861 3116 2902; x_wconf 88' lang='lat' dir='ltr'><strong>nec</strong></span> <span class='ocrx_word' id='word_1_495' title='bbox 3141 2847 3318 2902; x_wconf 89' lang='lat' dir='ltr'><strong>oculis</strong></span> <span class='ocrx_word' id='word_1_496' title='bbox 3341 2847 3720 2910; x_wconf 86' lang='lat' dir='ltr'><strong>cernitur,aut</strong></span> <span class='ocrx_word' id='word_1_497' title='bbox 3747 2841 3902 2900; x_wconf 82' lang='lat' dir='ltr'><strong>mani-</strong></span> 
     </span>
    </p>
   </div>
   <div class='ocr_carea' id='block_1_59' title="bbox 2325 2934 3902 3010">
    <p class='ocr_par' dir='ltr' id='par_1_59' title="bbox 2325 2934 3902 3010">
     <span class='ocr_line' id='line_1_59' title="bbox 2325 2934 3902 3010; baseline -0.001 -21"><span class='ocrx_word' id='word_1_498' title='bbox 2325 2939 2425 2994; x_wconf 78' lang='lat' dir='ltr'><strong>lius</strong></span> <span class='ocrx_word' id='word_1_499' title='bbox 2457 2939 2706 3008; x_wconf 88' lang='lat' dir='ltr'><strong>palpatur</strong></span> <span class='ocrx_word' id='word_1_500' title='bbox 2741 2957 2753 2991; x_wconf 91' lang='lat'>:</span> <span class='ocrx_word' id='word_1_501' title='bbox 2785 2949 2843 2994; x_wconf 83' lang='lat' dir='ltr'><strong>et</strong></span> <span class='ocrx_word' id='word_1_502' title='bbox 2870 2955 2991 3010; x_wconf 70' lang='lat' dir='ltr'><strong>quae</strong></span> <span class='ocrx_word' id='word_1_503' title='bbox 3021 2949 3312 3008; x_wconf 79' lang='lat' dir='ltr'><strong>Sperantur</strong></span> <span class='ocrx_word' id='word_1_504' title='bbox 3335 2937 3518 3006; x_wconf 86' lang='lat' dir='ltr'><strong>dona,</strong></span> <span class='ocrx_word' id='word_1_505' title='bbox 3553 2953 3664 2994; x_wconf 87' lang='lat' dir='ltr'><strong>non</strong></span> <span class='ocrx_word' id='word_1_506' title='bbox 3695 2934 3902 2990; x_wconf 75' lang='lat' dir='ltr'><strong>visibilis</strong></span> 
     </span>
    </p>
   </div>
   <div class='ocr_carea' id='block_1_60' title="bbox 2320 3027 3902 3110">
    <p class='ocr_par' dir='ltr' id='par_1_60' title="bbox 2320 3027 3902 3110">
     <span class='ocr_line' id='line_1_60' title="bbox 2320 3027 3902 3110; baseline -0.004 -24"><span class='ocrx_word' id='word_1_507' title='bbox 2320 3041 2472 3100; x_wconf 89' lang='lat' dir='ltr'><strong>sunt,</strong></span> <span class='ocrx_word' id='word_1_508' title='bbox 2506 3048 2604 3100; x_wconf 82' lang='lat' dir='ltr'><strong>nec</strong></span> <span class='ocrx_word' id='word_1_509' title='bbox 2655 3041 2904 3096; x_wconf 86' lang='lat' dir='ltr'><strong>terrena,</strong></span> <span class='ocrx_word' id='word_1_510' title='bbox 2948 3031 3044 3090; x_wconf 76' lang='lat' dir='ltr'><strong>sed</strong></span> <span class='ocrx_word' id='word_1_511' title='bbox 3077 3031 3368 3110; x_wconf 76' lang='lat' dir='ltr'><strong>Spiritalia.</strong></span> <span class='ocrx_word' id='word_1_512' title='bbox 3399 3030 3572 3094; x_wconf 64' lang='lat' dir='ltr'><strong>Vetus</strong></span> <span class='ocrx_word' id='word_1_513' title='bbox 3599 3043 3728 3102; x_wconf 76' lang='lat' dir='ltr'><strong>ergo</strong></span> <span class='ocrx_word' id='word_1_514' title='bbox 3751 3028 3830 3084; x_wconf 80' lang='lat' dir='ltr'><strong>lex</strong></span> <span class='ocrx_word' id='word_1_515' title='bbox 3859 3027 3902 3082; x_wconf 86' lang='lat' dir='ltr'><strong>in</strong></span> 
     </span>
    </p>
   </div>
   <div class='ocr_carea' id='block_1_61' title="bbox 601 3117 3902 3195">
    <p class='ocr_par' dir='ltr' id='par_1_61' title="bbox 601 3117 3902 3195">
     <span class='ocr_line' id='line_1_61' title="bbox 601 3117 3902 3195; baseline -0.002 -13"><span class='ocrx_word' id='word_1_516' title='bbox 601 3135 704 3194; x_wconf 64' lang='lat' dir='ltr'><strong>est,</strong></span> <span class='ocrx_word' id='word_1_517' title='bbox 741 3142 850 3181; x_wconf 91' lang='lat' dir='ltr'><strong>non</strong></span> <span class='ocrx_word' id='word_1_518' title='bbox 882 3123 1110 3181; x_wconf 88' lang='lat' dir='ltr'><strong>credere</strong></span> <span class='ocrx_word' id='word_1_519' title='bbox 1137 3124 1426 3195; x_wconf 89' lang='lat' dir='ltr'><strong>spiritalia,</strong></span> <span class='ocrx_word' id='word_1_520' title='bbox 1459 3125 1638 3191; x_wconf 88' lang='lat' dir='ltr'><strong>idest,</strong></span> <span class='ocrx_word' id='word_1_521' title='bbox 1665 3125 1784 3180; x_wconf 90' lang='lat' dir='ltr'><strong>sine</strong></span> <span class='ocrx_word' id='word_1_522' title='bbox 1815 3127 2210 3182; x_wconf 79' lang='lat' dir='ltr'><strong>commixtione</strong></span> <span class='ocrx_word' id='word_1_523' title='bbox 2239 3117 2287 3182; x_wconf 83' lang='lat' dir='ltr'><strong>C</strong></span> <span class='ocrx_word' id='word_1_524' title='bbox 2321 3125 2524 3184; x_wconf 87' lang='lat' dir='ltr'><strong>tabulis</strong></span> <span class='ocrx_word' id='word_1_525' title='bbox 2579 3125 2812 3194; x_wconf 83' lang='lat' dir='ltr'><strong>lapideis</strong></span> <span class='ocrx_word' id='word_1_526' title='bbox 2861 3123 3096 3184; x_wconf 84' lang='lat' dir='ltr'><strong>formata</strong></span> <span class='ocrx_word' id='word_1_527' title='bbox 3120 3133 3205 3184; x_wconf 87' lang='lat' dir='ltr'><strong>est</strong></span> <span class='ocrx_word' id='word_1_528' title='bbox 3238 3141 3252 3178; x_wconf 90' lang='lat'><strong>:</strong></span> <span class='ocrx_word' id='word_1_529' title='bbox 3285 3123 3370 3182; x_wconf 85' lang='lat' dir='ltr'><strong>lex</strong></span> <span class='ocrx_word' id='word_1_530' title='bbox 3405 3133 3590 3186; x_wconf 84' lang='lat' dir='ltr'><strong>autem</strong></span> <span class='ocrx_word' id='word_1_531' title='bbox 3625 3122 3836 3194; x_wconf 86' lang='lat' dir='ltr'><strong>spiritus</strong></span> <span class='ocrx_word' id='word_1_532' title='bbox 3861 3119 3902 3174; x_wconf 81' lang='lat' dir='ltr'><strong>il</strong></span> 
     </span>
    </p>
   </div>
   <div class='ocr_carea' id='block_1_62' title="bbox 607 3219 2212 3290">
    <p class='ocr_par' dir='ltr' id='par_1_62' title="bbox 607 3219 2212 3290">
     <span class='ocr_line' id='line_1_62' title="bbox 607 3219 2212 3290; baseline 0.002 -18"><span class='ocrx_word' id='word_1_533' title='bbox 607 3220 704 3274; x_wconf 84' lang='lat' dir='ltr'><strong>viri</strong></span> <span class='ocrx_word' id='word_1_534' title='bbox 735 3219 997 3290; x_wconf 78' lang='lat' dir='ltr'><strong>virginem</strong></span> <span class='ocrx_word' id='word_1_535' title='bbox 1033 3219 1336 3290; x_wconf 87' lang='lat' dir='ltr'><strong>peperisse,</strong></span> <span class='ocrx_word' id='word_1_536' title='bbox 1363 3228 1419 3275; x_wconf 89' lang='lat' dir='ltr'><strong>et</strong></span> <span class='ocrx_word' id='word_1_537' title='bbox 1449 3237 1514 3274; x_wconf 75' lang='lat' dir='ltr'><strong>ex</strong></span> <span class='ocrx_word' id='word_1_538' title='bbox 1541 3235 1678 3290; x_wconf 89' lang='lat' dir='ltr'><strong>aqua</strong></span> <span class='ocrx_word' id='word_1_539' title='bbox 1707 3230 1761 3278; x_wconf 92' lang='lat' dir='ltr'><strong>ct</strong></span> <span class='ocrx_word' id='word_1_540' title='bbox 1784 3221 1988 3290; x_wconf 84' lang='lat' dir='ltr'><strong>Spiritu</strong></span> <span class='ocrx_word' id='word_1_541' title='bbox 2021 3230 2212 3278; x_wconf 87' lang='lat' dir='ltr'><strong>sancto</strong></span> 
     </span>
    </p>
   </div>
   <div class='ocr_carea' id='block_1_63' title="bbox 606 3295 2210 3383">
    <p class='ocr_par' dir='ltr' id='par_1_63' title="bbox 606 3295 2210 3383">
     <span class='ocr_line' id='line_1_63' title="bbox 606 3295 2210 3383; baseline 0.003 -18"><span class='ocrx_word' id='word_1_542' title='bbox 606 3311 882 3367; x_wconf 88' lang='lat' dir='ltr'><strong>hominem</strong></span> <span class='ocrx_word' id='word_1_543' title='bbox 915 3311 1096 3368; x_wconf 85' lang='lat' dir='ltr'><strong>denuo</strong></span> <span class='ocrx_word' id='word_1_544' title='bbox 1121 3295 1296 3380; x_wconf 85' lang='lat' dir='ltr'><strong>nasci,</strong></span> <span class='ocrx_word' id='word_1_545' title='bbox 1329 3321 1382 3368; x_wconf 90' lang='lat' dir='ltr'><strong>et</strong></span> <span class='ocrx_word' id='word_1_546' title='bbox 1414 3313 1652 3368; x_wconf 87' lang='lat' dir='ltr'><strong>solutam</strong></span> <span class='ocrx_word' id='word_1_547' title='bbox 1686 3314 1926 3370; x_wconf 85' lang='lat' dir='ltr'><strong>animam</strong></span> <span class='ocrx_word' id='word_1_548' title='bbox 1958 3331 1986 3372; x_wconf 87' lang='lat' dir='ltr'><strong>a</strong></span> <span class='ocrx_word' id='word_1_549' title='bbox 2017 3316 2210 3383; x_wconf 73' lang='lat' dir='ltr'><strong>cenula</strong></span> 
     </span>
    </p>
   </div>
   <div class='ocr_carea' id='block_1_64' title="bbox 614 3405 2208 3479">
    <p class='ocr_par' dir='ltr' id='par_1_64' title="bbox 614 3405 2208 3479">
     <span class='ocr_line' id='line_1_64' title="bbox 614 3405 2208 3479; baseline 0.003 -17"><span class='ocrx_word' id='word_1_550' title='bbox 614 3405 800 3462; x_wconf 89' lang='lat' dir='ltr'><strong>carnis</strong></span> <span class='ocrx_word' id='word_1_551' title='bbox 831 3420 1017 3461; x_wconf 90' lang='lat' dir='ltr'><strong>rursus</strong></span> <span class='ocrx_word' id='word_1_552' title='bbox 1070 3405 1123 3460; x_wconf 91' lang='lat' dir='ltr'><strong>in</strong></span> <span class='ocrx_word' id='word_1_553' title='bbox 1155 3421 1321 3462; x_wconf 88' lang='lat' dir='ltr'><strong>carne</strong></span> <span class='ocrx_word' id='word_1_554' title='bbox 1359 3421 1666 3479; x_wconf 81' lang='lat' dir='ltr'><strong>resurgere.</strong></span> <span class='ocrx_word' id='word_1_555' title='bbox 1701 3407 1776 3464; x_wconf 90' lang='lat' dir='ltr'><strong>De</strong></span> <span class='ocrx_word' id='word_1_556' title='bbox 1817 3409 1902 3464; x_wconf 88' lang='lat' dir='ltr'><strong>his</strong></span> <span class='ocrx_word' id='word_1_557' title='bbox 1930 3407 2208 3474; x_wconf 80' lang='lat' dir='ltr'><strong>difﬁdens,</strong></span> 
     </span>
    </p>
   </div>
   <div class='ocr_carea' id='block_1_65' title="bbox 606 3497 1196 3564">
    <p class='ocr_par' dir='ltr' id='par_1_65' title="bbox 606 3497 1196 3564">
     <span class='ocr_line' id='line_1_65' title="bbox 606 3497 1196 3564; baseline -0.002 -12"><span class='ocrx_word' id='word_1_558' title='bbox 606 3501 659 3552; x_wconf 89' lang='lat' dir='ltr'><strong>in</strong></span> <span class='ocrx_word' id='word_1_559' title='bbox 693 3512 860 3553; x_wconf 90' lang='lat' dir='ltr'><strong>carne</strong></span> <span class='ocrx_word' id='word_1_560' title='bbox 892 3507 996 3564; x_wconf 88' lang='lat' dir='ltr'><strong>est,</strong></span> <span class='ocrx_word' id='word_1_561' title='bbox 1024 3497 1152 3552; x_wconf 90' lang='lat' dir='ltr'><strong>hinc</strong></span> <span class='ocrx_word' id='word_1_562' title='bbox 1181 3517 1196 3551; x_wconf 88' lang='lat'><strong>:</strong></span> 
     </span>
    </p>
   </div>
   <div class='ocr_carea' id='block_1_66' title="bbox 685 3585 2206 3665">
    <p class='ocr_par' dir='ltr' id='par_1_66' title="bbox 685 3585 2206 3665">
     <span class='ocr_line' id='line_1_66' title="bbox 685 3585 2206 3665; baseline 0.003 -23"><span class='ocrx_word' id='word_1_563' title='bbox 685 3585 844 3654; x_wconf 79' lang='lat' dir='ltr'><strong>Vitia,</strong></span> <span class='ocrx_word' id='word_1_564' title='bbox 871 3589 965 3654; x_wconf 85' lang='lat' dir='ltr'><strong>ait,</strong></span> <span class='ocrx_word' id='word_1_565' title='bbox 991 3600 1340 3664; x_wconf 80' lang='lat' dir='ltr'><strong>peccatorum,</strong></span> <span class='ocrx_word' id='word_1_566' title='bbox 1369 3607 1486 3660; x_wconf 73' lang='lat' dir='ltr'><strong>qua:</strong></span> <span class='ocrx_word' id='word_1_567' title='bbox 1502 3607 1594 3665; x_wconf 82' lang='lat' dir='ltr'><strong>per</strong></span> <span class='ocrx_word' id='word_1_568' title='bbox 1617 3589 1804 3664; x_wconf 76' lang='lat' dir='ltr'><strong>Legem</strong></span> <span class='ocrx_word' id='word_1_569' title='bbox 1839 3595 2206 3660; x_wconf 81' lang='lat' dir='ltr'><strong>ostenduntur,</strong></span> 
     </span>
    </p>
   </div>
   <div class='ocr_carea' id='block_1_67' title="bbox 606 3683 2208 3758">
    <p class='ocr_par' dir='ltr' id='par_1_67' title="bbox 606 3683 2208 3758">
     <span class='ocr_line' id='line_1_67' title="bbox 606 3683 2208 3758; baseline 0.002 -19"><span class='ocrx_word' id='word_1_570' title='bbox 606 3683 951 3755; x_wconf 82' lang='lat' dir='ltr'><strong>operabantur</strong></span> <span class='ocrx_word' id='word_1_571' title='bbox 968 3683 1022 3739; x_wconf 86' lang='lat' dir='ltr'><strong>in</strong></span> <span class='ocrx_word' id='word_1_572' title='bbox 1047 3683 1286 3739; x_wconf 83' lang='lat' dir='ltr'><strong>membris</strong></span> <span class='ocrx_word' id='word_1_573' title='bbox 1309 3685 1522 3754; x_wconf 79' lang='lat' dir='ltr'><strong>nostris,</strong></span> <span class='ocrx_word' id='word_1_574' title='bbox 1545 3695 1600 3740; x_wconf 88' lang='lat' dir='ltr'><strong>ut</strong></span> <span class='ocrx_word' id='word_1_575' title='bbox 1623 3687 2006 3758; x_wconf 77' lang='lat' dir='ltr'><strong>fructiﬁcarent</strong></span> <span class='ocrx_word' id='word_1_576' title='bbox 2035 3689 2208 3743; x_wconf 83' lang='lat' dir='ltr'><strong>morti.</strong></span> 
     </span>
    </p>
   </div>
   <div class='ocr_carea' id='block_1_68' title="bbox 603 3775 2208 3856">
    <p class='ocr_par' dir='ltr' id='par_1_68' title="bbox 603 3775 2208 3856">
     <span class='ocr_line' id='line_1_68' title="bbox 603 3775 2208 3856; baseline 0.001 -22"><span class='ocrx_word' id='word_1_577' title='bbox 603 3775 938 3834; x_wconf 78' lang='lat' dir='ltr'><strong>Manifestum</strong></span> <span class='ocrx_word' id='word_1_578' title='bbox 970 3787 1052 3834; x_wconf 89' lang='lat' dir='ltr'><strong>est</strong></span> <span class='ocrx_word' id='word_1_579' title='bbox 1081 3779 1208 3850; x_wconf 89' lang='lat' dir='ltr'><strong>quia</strong></span> <span class='ocrx_word' id='word_1_580' title='bbox 1229 3779 1322 3856; x_wconf 90' lang='lat' dir='ltr'><strong>qui</strong></span> <span class='ocrx_word' id='word_1_581' title='bbox 1355 3794 1462 3834; x_wconf 91' lang='lat' dir='ltr'><strong>non</strong></span> <span class='ocrx_word' id='word_1_582' title='bbox 1488 3779 1668 3836; x_wconf 84' lang='lat' dir='ltr'><strong>credit</strong></span> <span class='ocrx_word' id='word_1_583' title='bbox 1694 3781 1799 3838; x_wconf 87' lang='lat' dir='ltr'><strong>sub</strong></span> <span class='ocrx_word' id='word_1_584' title='bbox 1828 3791 2049 3852; x_wconf 82' lang='lat' dir='ltr'><strong>peccato</strong></span> <span class='ocrx_word' id='word_1_585' title='bbox 2077 3783 2208 3852; x_wconf 79' lang='lat' dir='ltr'><strong>agit,</strong></span> 
     </span>
    </p>
   </div>
   <div class='ocr_carea' id='block_1_69' title="bbox 602 3871 2210 3942">
    <p class='ocr_par' dir='ltr' id='par_1_69' title="bbox 602 3871 2210 3942">
     <span class='ocr_line' id='line_1_69' title="bbox 602 3871 2210 3942; baseline 0.001 -14"><span class='ocrx_word' id='word_1_586' title='bbox 602 3882 658 3928; x_wconf 86' lang='lat' dir='ltr'><strong>et</strong></span> <span class='ocrx_word' id='word_1_587' title='bbox 686 3874 930 3942; x_wconf 84' lang='lat' dir='ltr'><strong>captivus</strong></span> <span class='ocrx_word' id='word_1_588' title='bbox 963 3871 1200 3927; x_wconf 88' lang='lat' dir='ltr'><strong>trahitur</strong></span> <span class='ocrx_word' id='word_1_589' title='bbox 1223 3872 1290 3927; x_wconf 88' lang='lat' dir='ltr'><strong>ad</strong></span> <span class='ocrx_word' id='word_1_590' title='bbox 1321 3871 1448 3928; x_wconf 80' lang='lat' dir='ltr'><strong>vitia</strong></span> <span class='ocrx_word' id='word_1_591' title='bbox 1480 3871 1858 3940; x_wconf 87' lang='lat' dir='ltr'><strong>admittenda;</strong></span> <span class='ocrx_word' id='word_1_592' title='bbox 1889 3884 1946 3928; x_wconf 90' lang='lat' dir='ltr'><strong>ut</strong></span> <span class='ocrx_word' id='word_1_593' title='bbox 1971 3873 2210 3930; x_wconf 86' lang='lat' dir='ltr'><strong>fructum</strong></span> 
     </span>
    </p>
   </div>
   <div class='ocr_carea' id='block_1_70' title="bbox 605 3963 2210 4036">
    <p class='ocr_par' dir='ltr' id='par_1_70' title="bbox 605 3963 2210 4036">
     <span class='ocr_line' id='line_1_70' title="bbox 605 3963 2210 4036; baseline 0 -17"><span class='ocrx_word' id='word_1_594' title='bbox 605 3963 768 4019; x_wconf 82' lang='lat' dir='ltr'><strong>faciat</strong></span> <span class='ocrx_word' id='word_1_595' title='bbox 789 3965 948 4018; x_wconf 82' lang='lat' dir='ltr'><strong>morti</strong></span> <span class='ocrx_word' id='word_1_596' title='bbox 977 3963 1234 4020; x_wconf 65' lang='lat' dir='ltr'><strong>secundte</strong></span> <span class='ocrx_word' id='word_1_597' title='bbox 1263 3981 1276 4016; x_wconf 90' lang='lat'>:</span> <span class='ocrx_word' id='word_1_598' title='bbox 1307 3963 1518 4018; x_wconf 89' lang='lat' dir='ltr'><strong>lucrum</strong></span> <span class='ocrx_word' id='word_1_599' title='bbox 1552 3966 1696 4019; x_wconf 90' lang='lat' dir='ltr'><strong>enim</strong></span> <span class='ocrx_word' id='word_1_600' title='bbox 1731 3973 1858 4020; x_wconf 87' lang='lat' dir='ltr'><strong>tunc</strong></span> <span class='ocrx_word' id='word_1_601' title='bbox 1885 3965 2014 4020; x_wconf 84' lang='lat' dir='ltr'><strong>facit</strong></span> <span class='ocrx_word' id='word_1_602' title='bbox 2037 3981 2210 4036; x_wconf 87' lang='lat' dir='ltr'><strong>mors,</strong></span> 
     </span>
    </p>
   </div>
   <div class='ocr_carea' id='block_1_71' title="bbox 607 4041 2212 4128">
    <p class='ocr_par' dir='ltr' id='par_1_71' title="bbox 607 4041 2212 4128">
     <span class='ocr_line' id='line_1_71' title="bbox 607 4041 2212 4128; baseline 0.002 -17"><span class='ocrx_word' id='word_1_603' title='bbox 607 4067 632 4094; x_wconf 75' lang='grc' dir='ltr'>α</span> <span class='ocrx_word' id='word_1_604' title='bbox 659 4071 782 4111; x_wconf 89' lang='lat' dir='ltr'><strong>cum</strong></span> <span class='ocrx_word' id='word_1_605' title='bbox 814 4069 1089 4126; x_wconf 86' lang='lat' dir='ltr'><strong>peccatur.</strong></span> <span class='ocrx_word' id='word_1_606' title='bbox 1137 4055 1195 4110; x_wconf 86' lang='lat' dir='ltr'><strong>In</strong></span> <span class='ocrx_word' id='word_1_607' title='bbox 1237 4055 1501 4110; x_wconf 85' lang='lat' dir='ltr'><strong>membris</strong></span> <span class='ocrx_word' id='word_1_608' title='bbox 1531 4064 1712 4112; x_wconf 86' lang='lat' dir='ltr'><strong>tamen</strong></span> <span class='ocrx_word' id='word_1_609' title='bbox 1751 4058 1882 4112; x_wconf 85' lang='lat' dir='ltr'><strong>dicit</strong></span> <span class='ocrx_word' id='word_1_610' title='bbox 1915 4060 2044 4112; x_wconf 84' lang='lat' dir='ltr'><strong>vitia</strong></span> <span class='ocrx_word' id='word_1_611' title='bbox 2075 4041 2212 4128; x_wconf 22' lang='lat' dir='ltr'><strong>ope--</strong></span> 
     </span>
    </p>
   </div>
   <div class='ocr_carea' id='block_1_72' title="bbox 605 4149 2212 4220">
    <p class='ocr_par' dir='ltr' id='par_1_72' title="bbox 605 4149 2212 4220">
     <span class='ocr_line' id='line_1_72' title="bbox 605 4149 2212 4220; baseline 0.001 -14"><span class='ocrx_word' id='word_1_612' title='bbox 605 4151 732 4216; x_wconf 88' lang='lat' dir='ltr'><strong>rari,</strong></span> <span class='ocrx_word' id='word_1_613' title='bbox 759 4167 864 4204; x_wconf 89' lang='lat' dir='ltr'><strong>non</strong></span> <span class='ocrx_word' id='word_1_614' title='bbox 895 4149 947 4203; x_wconf 86' lang='lat' dir='ltr'><strong>in</strong></span> <span class='ocrx_word' id='word_1_615' title='bbox 981 4163 1234 4220; x_wconf 87' lang='lat' dir='ltr'><strong>corpore,</strong></span> <span class='ocrx_word' id='word_1_616' title='bbox 1269 4165 1338 4204; x_wconf 89' lang='lat' dir='ltr'><strong>ne</strong></span> <span class='ocrx_word' id='word_1_617' title='bbox 1369 4149 1590 4204; x_wconf 90' lang='lat' dir='ltr'><strong>occasio</strong></span> <span class='ocrx_word' id='word_1_618' title='bbox 1617 4159 1764 4204; x_wconf 77' lang='lat' dir='ltr'><strong>esset</strong></span> <span class='ocrx_word' id='word_1_619' title='bbox 1805 4151 1948 4206; x_wconf 88' lang='lat' dir='ltr'><strong>male</strong></span> <span class='ocrx_word' id='word_1_620' title='bbox 1977 4161 2212 4207; x_wconf 81' lang='lat' dir='ltr'><strong>tractan-</strong></span> 
     </span>
    </p>
   </div>
   <div class='ocr_carea' id='block_1_73' title="bbox 607 4240 2216 4314">
    <p class='ocr_par' dir='ltr' id='par_1_73' title="bbox 607 4240 2216 4314">
     <span class='ocr_line' id='line_1_73' title="bbox 607 4240 2216 4314; baseline 0 -16"><span class='ocrx_word' id='word_1_621' title='bbox 607 4245 750 4300; x_wconf 88' lang='lat' dir='ltr'><strong>tibus</strong></span> <span class='ocrx_word' id='word_1_622' title='bbox 778 4257 1016 4314; x_wconf 84' lang='lat' dir='ltr'><strong>corpus;</strong></span> <span class='ocrx_word' id='word_1_623' title='bbox 1054 4241 1178 4310; x_wconf 87' lang='lat' dir='ltr'><strong>quia</strong></span> <span class='ocrx_word' id='word_1_624' title='bbox 1209 4241 1264 4294; x_wconf 92' lang='lat' dir='ltr'><strong>in</strong></span> <span class='ocrx_word' id='word_1_625' title='bbox 1297 4240 1621 4310; x_wconf 85' lang='lat' dir='ltr'><strong>maliloquio</strong></span> <span class='ocrx_word' id='word_1_626' title='bbox 1653 4241 1833 4312; x_wconf 79' lang='lat' dir='ltr'><strong>lingua</strong></span> <span class='ocrx_word' id='word_1_627' title='bbox 1868 4244 2131 4314; x_wconf 77' lang='lat' dir='ltr'><strong>arguitur,</strong></span> <span class='ocrx_word' id='word_1_628' title='bbox 2158 4255 2216 4299; x_wconf 89' lang='lat' dir='ltr'><strong>et</strong></span> 
     </span>
    </p>
   </div>
   <div class='ocr_carea' id='block_1_74' title="bbox 605 4335 2214 4404">
    <p class='ocr_par' dir='ltr' id='par_1_74' title="bbox 605 4335 2214 4404">
     <span class='ocr_line' id='line_1_74' title="bbox 605 4335 2214 4404; baseline 0.002 -11"><span class='ocrx_word' id='word_1_629' title='bbox 605 4339 656 4393; x_wconf 90' lang='lat' dir='ltr'><strong>in</strong></span> <span class='ocrx_word' id='word_1_630' title='bbox 691 4339 832 4392; x_wconf 82' lang='lat' dir='ltr'><strong>furto</strong></span> <span class='ocrx_word' id='word_1_631' title='bbox 864 4351 1056 4392; x_wconf 82' lang='lat' dir='ltr'><strong>manus</strong></span> <span class='ocrx_word' id='word_1_632' title='bbox 1097 4335 1413 4404; x_wconf 87' lang='lat' dir='ltr'><strong>corripitur,</strong></span> <span class='ocrx_word' id='word_1_633' title='bbox 1449 4346 1502 4390; x_wconf 86' lang='lat' dir='ltr'><strong>et</strong></span> <span class='ocrx_word' id='word_1_634' title='bbox 1541 4336 1592 4390; x_wconf 89' lang='lat' dir='ltr'><strong>in</strong></span> <span class='ocrx_word' id='word_1_635' title='bbox 1625 4335 2006 4394; x_wconf 85' lang='lat' dir='ltr'><strong>dissimulante</strong></span> <span class='ocrx_word' id='word_1_636' title='bbox 2051 4355 2214 4396; x_wconf 90' lang='lat' dir='ltr'><strong>aures</strong></span> 
     </span>
    </p>
   </div>
   <div class='ocr_carea' id='block_1_75' title="bbox 605 4428 2218 4501">
    <p class='ocr_par' dir='ltr' id='par_1_75' title="bbox 605 4428 2218 4501">
     <span class='ocr_line' id='line_1_75' title="bbox 605 4428 2218 4501; baseline 0.002 -14"><span class='ocrx_word' id='word_1_637' title='bbox 605 4434 978 4501; x_wconf 89' lang='lat' dir='ltr'><strong>inerepantur,</strong></span> <span class='ocrx_word' id='word_1_638' title='bbox 997 4437 1054 4484; x_wconf 90' lang='lat' dir='ltr'><strong>et</strong></span> <span class='ocrx_word' id='word_1_639' title='bbox 1082 4428 1154 4482; x_wconf 88' lang='lat' dir='ltr'><strong>ita</strong></span> <span class='ocrx_word' id='word_1_640' title='bbox 1179 4429 1230 4482; x_wconf 90' lang='lat' dir='ltr'><strong>in</strong></span> <span class='ocrx_word' id='word_1_641' title='bbox 1261 4429 1498 4496; x_wconf 72' lang='lat' dir='ltr'><strong>czcteris,</strong></span> <span class='ocrx_word' id='word_1_642' title='bbox 1523 4444 1643 4498; x_wconf 67' lang='lat' dir='ltr'><strong>qua:</strong></span> <span class='ocrx_word' id='word_1_643' title='bbox 1670 4433 1924 4500; x_wconf 88' lang='lat' dir='ltr'><strong>quamvis</strong></span> <span class='ocrx_word' id='word_1_644' title='bbox 1950 4433 2018 4488; x_wconf 88' lang='lat' dir='ltr'><strong>de</strong></span> <span class='ocrx_word' id='word_1_645' title='bbox 2045 4435 2218 4490; x_wconf 84' lang='lat' dir='ltr'><strong>corde</strong></span> 
     </span>
    </p>
   </div>
   <div class='ocr_carea' id='block_1_76' title="bbox 2318 3216 3900 3286">
    <p class='ocr_par' dir='ltr' id='par_1_76' title="bbox 2318 3216 3900 3286">
     <span class='ocr_line' id='line_1_76' title="bbox 2318 3216 3900 3286; baseline -0.008 -11"><span class='ocrx_word' id='word_1_646' title='bbox 2318 3218 2520 3275; x_wconf 88' lang='lat' dir='ltr'><strong>tabulis</strong></span> <span class='ocrx_word' id='word_1_647' title='bbox 2577 3217 2759 3274; x_wconf 82' lang='lat' dir='ltr'><strong>cordis</strong></span> <span class='ocrx_word' id='word_1_648' title='bbox 2806 3217 3132 3286; x_wconf 85' lang='lat' dir='ltr'><strong>spiritaliter</strong></span> <span class='ocrx_word' id='word_1_649' title='bbox 3151 3216 3432 3280; x_wconf 87' lang='lat' dir='ltr'><strong>scribitur,</strong></span> <span class='ocrx_word' id='word_1_650' title='bbox 3479 3225 3542 3272; x_wconf 88' lang='lat' dir='ltr'><strong>ut</strong></span> <span class='ocrx_word' id='word_1_651' title='bbox 3567 3216 3642 3270; x_wconf 88' lang='lat' dir='ltr'><strong>sit</strong></span> <span class='ocrx_word' id='word_1_652' title='bbox 3679 3223 3900 3268; x_wconf 66' lang='lat' dir='ltr'><strong>acterna:</strong></span> 
     </span>
    </p>
   </div>
   <div class='ocr_carea' id='block_1_77' title="bbox 2323 3304 3902 3379">
    <p class='ocr_par' dir='ltr' id='par_1_77' title="bbox 2323 3304 3902 3379">
     <span class='ocr_line' id='line_1_77' title="bbox 2323 3304 3902 3379; baseline -0.004 -16"><span class='ocrx_word' id='word_1_653' title='bbox 2323 3321 2346 3349; x_wconf 76' lang='grc' dir='ltr'><strong><em>ο</em></strong></span> <span class='ocrx_word' id='word_1_654' title='bbox 2379 3309 2560 3363; x_wconf 86' lang='lat' dir='ltr'><strong>littera</strong></span> <span class='ocrx_word' id='word_1_655' title='bbox 2585 3319 2764 3362; x_wconf 81' lang='lat' dir='ltr'><strong>autent</strong></span> <span class='ocrx_word' id='word_1_656' title='bbox 2799 3307 2936 3379; x_wconf 80' lang='lat' dir='ltr'><strong>legis</strong></span> <span class='ocrx_word' id='word_1_657' title='bbox 2981 3309 3184 3363; x_wconf 89' lang='lat' dir='ltr'><strong>veteris</strong></span> <span class='ocrx_word' id='word_1_658' title='bbox 3230 3317 3393 3362; x_wconf 86' lang='lat' dir='ltr'><strong>a-tate</strong></span> <span class='ocrx_word' id='word_1_659' title='bbox 3432 3307 3794 3374; x_wconf 76' lang='lat' dir='ltr'><strong>consumitur.</strong></span> <span class='ocrx_word' id='word_1_660' title='bbox 3823 3304 3902 3358; x_wconf 80' lang='lat' dir='ltr'><strong>Est</strong></span> 
     </span>
    </p>
   </div>
   <div class='ocr_carea' id='block_1_78' title="bbox 2322 3399 3902 3474">
    <p class='ocr_par' dir='ltr' id='par_1_78' title="bbox 2322 3399 3902 3474">
     <span class='ocr_line' id='line_1_78' title="bbox 2322 3399 3902 3474; baseline -0.006 -14"><span class='ocrx_word' id='word_1_661' title='bbox 2322 3415 2380 3460; x_wconf 91' lang='lat' dir='ltr'><strong>et</strong></span> <span class='ocrx_word' id='word_1_662' title='bbox 2433 3405 2540 3458; x_wconf 87' lang='lat' dir='ltr'><strong>alia</strong></span> <span class='ocrx_word' id='word_1_663' title='bbox 2591 3404 2970 3473; x_wconf 89' lang='lat' dir='ltr'><strong>interpretatio</strong></span> <span class='ocrx_word' id='word_1_664' title='bbox 3019 3403 3160 3474; x_wconf 76' lang='lat' dir='ltr'><strong>legis</strong></span> <span class='ocrx_word' id='word_1_665' title='bbox 3205 3403 3472 3472; x_wconf 82' lang='lat' dir='ltr'><strong>spiritus;</strong></span> <span class='ocrx_word' id='word_1_666' title='bbox 3511 3411 3572 3457; x_wconf 91' lang='lat' dir='ltr'><strong>ut</strong></span> <span class='ocrx_word' id='word_1_667' title='bbox 3601 3401 3722 3472; x_wconf 86' lang='lat' dir='ltr'><strong>quia</strong></span> <span class='ocrx_word' id='word_1_668' title='bbox 3771 3399 3902 3468; x_wconf 89' lang='lat' dir='ltr'><strong>prior</strong></span> 
     </span>
    </p>
   </div>
   <div class='ocr_carea' id='block_1_79' title="bbox 2323 3489 3896 3564">
    <p class='ocr_par' dir='ltr' id='par_1_79' title="bbox 2323 3489 3896 3564">
     <span class='ocr_line' id='line_1_79' title="bbox 2323 3489 3896 3564; baseline -0.008 -11"><span class='ocrx_word' id='word_1_669' title='bbox 2323 3498 2410 3553; x_wconf 86' lang='lat' dir='ltr'><strong>lex</strong></span> <span class='ocrx_word' id='word_1_670' title='bbox 2437 3497 2505 3552; x_wconf 89' lang='lat' dir='ltr'><strong>ab</strong></span> <span class='ocrx_word' id='word_1_671' title='bbox 2545 3511 2712 3564; x_wconf 79' lang='lat' dir='ltr'><strong>Opere</strong></span> <span class='ocrx_word' id='word_1_672' title='bbox 2739 3496 2880 3550; x_wconf 89' lang='lat' dir='ltr'><strong>malo</strong></span> <span class='ocrx_word' id='word_1_673' title='bbox 2914 3493 3169 3560; x_wconf 85' lang='lat' dir='ltr'><strong>inhibuit,</strong></span> <span class='ocrx_word' id='word_1_674' title='bbox 3199 3496 3314 3550; x_wconf 76' lang='lat' dir='ltr'><strong>tunc</strong></span> <span class='ocrx_word' id='word_1_675' title='bbox 3347 3502 3706 3564; x_wconf 84' lang='lat' dir='ltr'><strong>autem,eum</strong></span> <span class='ocrx_word' id='word_1_676' title='bbox 3735 3505 3828 3550; x_wconf 84' lang='lat' dir='ltr'><strong>nec</strong></span> <span class='ocrx_word' id='word_1_677' title='bbox 3855 3489 3896 3542; x_wconf 86' lang='lat' dir='ltr'><strong>in</strong></span> 
     </span>
    </p>
   </div>
   <div class='ocr_carea' id='block_1_80' title="bbox 2319 3589 3900 3662">
    <p class='ocr_par' dir='ltr' id='par_1_80' title="bbox 2319 3589 3900 3662">
     <span class='ocr_line' id='line_1_80' title="bbox 2319 3589 3900 3662; baseline -0.005 -17"><span class='ocrx_word' id='word_1_678' title='bbox 2319 3589 2488 3646; x_wconf 89' lang='lat' dir='ltr'><strong>corde</strong></span> <span class='ocrx_word' id='word_1_679' title='bbox 2515 3605 2746 3660; x_wconf 89' lang='lat' dir='ltr'><strong>peccare</strong></span> <span class='ocrx_word' id='word_1_680' title='bbox 2773 3589 2976 3645; x_wconf 88' lang='lat' dir='ltr'><strong>debere</strong></span> <span class='ocrx_word' id='word_1_681' title='bbox 3005 3589 3136 3644; x_wconf 85' lang='lat' dir='ltr'><strong>dicit</strong></span> <span class='ocrx_word' id='word_1_682' title='bbox 3157 3631 3171 3656; x_wconf 88' lang='lat'><strong>,</strong></span> <span class='ocrx_word' id='word_1_683' title='bbox 3203 3589 3292 3644; x_wconf 88' lang='lat' dir='ltr'><strong>lex</strong></span> <span class='ocrx_word' id='word_1_684' title='bbox 3317 3589 3550 3662; x_wconf 78' lang='lat' dir='ltr'><strong>Spiritus</strong></span> <span class='ocrx_word' id='word_1_685' title='bbox 3581 3597 3831 3652; x_wconf 73' lang='lat' dir='ltr'><strong>vocatur;</strong></span> <span class='ocrx_word' id='word_1_686' title='bbox 3858 3593 3900 3638; x_wconf 87' lang='lat' dir='ltr'><strong>ut</strong></span> 
     </span>
    </p>
   </div>
   <div class='ocr_carea' id='block_1_81' title="bbox 2324 3681 3346 3753">
    <p class='ocr_par' dir='ltr' id='par_1_81' title="bbox 2324 3681 3346 3753">
     <span class='ocr_line' id='line_1_81' title="bbox 2324 3681 3346 3753; baseline -0.001 -14"><span class='ocrx_word' id='word_1_687' title='bbox 2324 3695 2496 3740; x_wconf 89' lang='lat' dir='ltr'><strong>totum</strong></span> <span class='ocrx_word' id='word_1_688' title='bbox 2525 3683 2800 3738; x_wconf 85' lang='lat' dir='ltr'><strong>hominem</strong></span> <span class='ocrx_word' id='word_1_689' title='bbox 2827 3681 2992 3738; x_wconf 89' lang='lat' dir='ltr'><strong>faciat</strong></span> <span class='ocrx_word' id='word_1_690' title='bbox 3013 3682 3346 3753; x_wconf 88' lang='lat' dir='ltr'><strong>spiritalem.</strong></span> 
     </span>
    </p>
   </div>
   <div class='ocr_carea' id='block_1_82' title="bbox 2395 3771 3898 3850">
    <p class='ocr_par' dir='ltr' id='par_1_82' title="bbox 2395 3771 3898 3850">
     <span class='ocr_line' id='line_1_82' title="bbox 2395 3771 3898 3850; baseline -0.006 -19"><span class='ocrx_word' id='word_1_691' title='bbox 2395 3776 2578 3850; x_wconf 75' lang='lat' dir='ltr'><strong>(Vers.</strong></span> <span class='ocrx_word' id='word_1_692' title='bbox 2607 3777 2688 3845; x_wconf 89' lang='lat'><strong>7.)</strong></span> <span class='ocrx_word' id='word_1_693' title='bbox 2721 3775 2857 3842; x_wconf 79' lang='lat' dir='ltr'><strong>Quid</strong></span> <span class='ocrx_word' id='word_1_694' title='bbox 2895 3791 3017 3846; x_wconf 85' lang='lat' dir='ltr'><strong>ergo</strong></span> <span class='ocrx_word' id='word_1_695' title='bbox 3058 3773 3470 3846; x_wconf 71' lang='lat' dir='ltr'><strong>dicemusiLex</strong></span> <span class='ocrx_word' id='word_1_696' title='bbox 3501 3783 3772 3844; x_wconf 72' lang='lat' dir='ltr'><strong>peccatum</strong></span> <span class='ocrx_word' id='word_1_697' title='bbox 3797 3771 3898 3826; x_wconf 77' lang='lat' dir='ltr'><strong>est?</strong></span> 
     </span>
    </p>
   </div>
   <div class='ocr_carea' id='block_1_83' title="bbox 2323 3869 3896 3942">
    <p class='ocr_par' dir='ltr' id='par_1_83' title="bbox 2323 3869 3896 3942">
     <span class='ocr_line' id='line_1_83' title="bbox 2323 3869 3896 3942; baseline -0.006 -14"><span class='ocrx_word' id='word_1_698' title='bbox 2323 3871 2788 3942; x_wconf 80' lang='lat' dir='ltr'><strong>Absit.Quuniam</strong></span> <span class='ocrx_word' id='word_1_699' title='bbox 2831 3871 3005 3942; x_wconf 81' lang='lat' dir='ltr'><strong>legem</strong></span> <span class='ocrx_word' id='word_1_700' title='bbox 3057 3870 3252 3926; x_wconf 86' lang='lat' dir='ltr'><strong>mortis</strong></span> <span class='ocrx_word' id='word_1_701' title='bbox 3293 3869 3438 3928; x_wconf 87' lang='lat' dir='ltr'><strong>hanc</strong></span> <span class='ocrx_word' id='word_1_702' title='bbox 3463 3870 3640 3936; x_wconf 82' lang='lat' dir='ltr'><strong>dicit,</strong></span> <span class='ocrx_word' id='word_1_703' title='bbox 3667 3877 3724 3926; x_wconf 90' lang='lat' dir='ltr'><strong>et</strong></span> <span class='ocrx_word' id='word_1_704' title='bbox 3743 3873 3896 3922; x_wconf 77' lang='lat' dir='ltr'><strong>erutos</strong></span> 
     </span>
    </p>
   </div>
   <div class='ocr_carea' id='block_1_84' title="bbox 2325 3963 3892 4036">
    <p class='ocr_par' dir='ltr' id='par_1_84' title="bbox 2325 3963 3892 4036">
     <span class='ocr_line' id='line_1_84' title="bbox 2325 3963 3892 4036; baseline -0.006 -14"><span class='ocrx_word' id='word_1_705' title='bbox 2325 3983 2436 4032; x_wconf 25' lang='lat' dir='ltr'><strong>nos,</strong></span> <span class='ocrx_word' id='word_1_706' title='bbox 2457 3965 2525 4022; x_wconf 88' lang='lat' dir='ltr'><strong>ab</strong></span> <span class='ocrx_word' id='word_1_707' title='bbox 2555 3980 2618 4020; x_wconf 89' lang='lat' dir='ltr'><strong>ea</strong></span> <span class='ocrx_word' id='word_1_708' title='bbox 2645 3964 2977 4036; x_wconf 74' lang='lat' dir='ltr'><strong>gratulatur,</strong></span> <span class='ocrx_word' id='word_1_709' title='bbox 3003 3973 3058 4020; x_wconf 92' lang='lat' dir='ltr'><strong>et</strong></span> <span class='ocrx_word' id='word_1_710' title='bbox 3103 3964 3156 4020; x_wconf 92' lang='lat' dir='ltr'><strong>in</strong></span> <span class='ocrx_word' id='word_1_711' title='bbox 3205 3964 3300 4018; x_wconf 72' lang='lat' dir='ltr'><strong>illa.</strong></span> <span class='ocrx_word' id='word_1_712' title='bbox 3325 3963 3442 4034; x_wconf 76' lang='lat' dir='ltr'><strong>Deo</strong></span> <span class='ocrx_word' id='word_1_713' title='bbox 3475 3964 3689 4026; x_wconf 75' lang='lat' dir='ltr'><strong>servire</strong></span> <span class='ocrx_word' id='word_1_714' title='bbox 3725 3969 3892 4032; x_wconf 76' lang='lat' dir='ltr'><strong>negat;</strong></span> 
     </span>
    </p>
   </div>
   <div class='ocr_carea' id='block_1_85' title="bbox 2325 4056 3894 4128">
    <p class='ocr_par' dir='ltr' id='par_1_85' title="bbox 2325 4056 3894 4128">
     <span class='ocr_line' id='line_1_85' title="bbox 2325 4056 3894 4128; baseline -0.001 -14"><span class='ocrx_word' id='word_1_715' title='bbox 2325 4076 2398 4114; x_wconf 88' lang='lat' dir='ltr'><strong>ne</strong></span> <span class='ocrx_word' id='word_1_716' title='bbox 2446 4058 2690 4128; x_wconf 88' lang='lat' dir='ltr'><strong>iniquam</strong></span> <span class='ocrx_word' id='word_1_717' title='bbox 2739 4058 2880 4113; x_wconf 86' lang='lat' dir='ltr'><strong>hanc</strong></span> <span class='ocrx_word' id='word_1_718' title='bbox 2907 4071 3158 4114; x_wconf 83' lang='lat' dir='ltr'><strong>asserere</strong></span> <span class='ocrx_word' id='word_1_719' title='bbox 3205 4066 3518 4128; x_wconf 79' lang='lat' dir='ltr'><strong>putaretur,</strong></span> <span class='ocrx_word' id='word_1_720' title='bbox 3564 4056 3672 4128; x_wconf 71' lang='lat' dir='ltr'><strong>hoc</strong></span> <span class='ocrx_word' id='word_1_721' title='bbox 3703 4061 3894 4126; x_wconf 76' lang='lat' dir='ltr'><strong>purgat.</strong></span> 
     </span>
    </p>
   </div>
   <div class='ocr_carea' id='block_1_86' title="bbox 2325 4149 2847 4207">
    <p class='ocr_par' dir='ltr' id='par_1_86' title="bbox 2325 4149 2847 4207">
     <span class='ocr_line' id='line_1_86' title="bbox 2325 4149 2847 4207; baseline -0.006 0"><span class='ocrx_word' id='word_1_722' title='bbox 2325 4165 2449 4207; x_wconf 88' lang='lat' dir='ltr'><strong>cum</strong></span> <span class='ocrx_word' id='word_1_723' title='bbox 2481 4149 2612 4205; x_wconf 90' lang='lat' dir='ltr'><strong>dicit</strong></span> <span class='ocrx_word' id='word_1_724' title='bbox 2637 4169 2650 4206; x_wconf 87' lang='lat'>:</span> <span class='ocrx_word' id='word_1_725' title='bbox 2678 4149 2847 4204; x_wconf 82' lang='lat' dir='ltr'><strong>Absit.</strong></span> 
     </span>
    </p>
   </div>
   <div class='ocr_carea' id='block_1_87' title="bbox 2401 4239 3900 4316">
    <p class='ocr_par' dir='ltr' id='par_1_87' title="bbox 2401 4239 3900 4316">
     <span class='ocr_line' id='line_1_87' title="bbox 2401 4239 3900 4316; baseline -0.002 -19"><span class='ocrx_word' id='word_1_726' title='bbox 2401 4243 2508 4298; x_wconf 79' lang='lat' dir='ltr'><strong>Sed</strong></span> <span class='ocrx_word' id='word_1_727' title='bbox 2551 4255 2818 4314; x_wconf 82' lang='lat' dir='ltr'><strong>peccatum</strong></span> <span class='ocrx_word' id='word_1_728' title='bbox 2863 4259 2966 4302; x_wconf 81' lang='lat' dir='ltr'><strong>non</strong></span> <span class='ocrx_word' id='word_1_729' title='bbox 3011 4243 3246 4316; x_wconf 84' lang='lat' dir='ltr'><strong>cognovi,</strong></span> <span class='ocrx_word' id='word_1_730' title='bbox 3281 4243 3384 4298; x_wconf 81' lang='lat' dir='ltr'><strong>nisi</strong></span> <span class='ocrx_word' id='word_1_731' title='bbox 3429 4260 3524 4314; x_wconf 81' lang='lat' dir='ltr'><strong>per</strong></span> <span class='ocrx_word' id='word_1_732' title='bbox 3569 4242 3776 4316; x_wconf 84' lang='lat' dir='ltr'><strong>Legem.</strong></span> <span class='ocrx_word' id='word_1_733' title='bbox 3801 4239 3900 4296; x_wconf 84' lang='lat' dir='ltr'><strong>Non</strong></span> 
     </span>
    </p>
   </div>
   <div class='ocr_carea' id='block_1_88' title="bbox 2324 4327 3900 4408">
    <p class='ocr_par' dir='ltr' id='par_1_88' title="bbox 2324 4327 3900 4408">
     <span class='ocr_line' id='line_1_88' title="bbox 2324 4327 3900 4408; baseline -0.004 -16"><span class='ocrx_word' id='word_1_734' title='bbox 2324 4351 2458 4408; x_wconf 81' lang='lat' dir='ltr'><strong>ergo</strong></span> <span class='ocrx_word' id='word_1_735' title='bbox 2493 4327 2768 4406; x_wconf 84' lang='lat' dir='ltr'><strong>peccatum</strong></span> <span class='ocrx_word' id='word_1_736' title='bbox 2796 4348 2878 4398; x_wconf 85' lang='lat' dir='ltr'><strong>est</strong></span> <span class='ocrx_word' id='word_1_737' title='bbox 2908 4336 3041 4401; x_wconf 83' lang='lat' dir='ltr'><strong>Lex,</strong></span> <span class='ocrx_word' id='word_1_738' title='bbox 3077 4337 3172 4392; x_wconf 87' lang='lat' dir='ltr'><strong>sed</strong></span> <span class='ocrx_word' id='word_1_739' title='bbox 3203 4336 3368 4392; x_wconf 82' lang='lat' dir='ltr'><strong>index</strong></span> <span class='ocrx_word' id='word_1_740' title='bbox 3401 4339 3655 4407; x_wconf 72' lang='lat' dir='ltr'><strong>peccati;</strong></span> <span class='ocrx_word' id='word_1_741' title='bbox 3689 4331 3900 4392; x_wconf 86' lang='lat' dir='ltr'><strong>ostendit</strong></span> 
     </span>
    </p>
   </div>
   <div class='ocr_carea' id='block_1_89' title="bbox 2327 4429 3902 4504">
    <p class='ocr_par' dir='ltr' id='par_1_89' title="bbox 2327 4429 3902 4504">
     <span class='ocr_line' id='line_1_89' title="bbox 2327 4429 3902 4504; baseline 0.001 -18"><span class='ocrx_word' id='word_1_742' title='bbox 2327 4433 2472 4486; x_wconf 86' lang='lat' dir='ltr'><strong>enim</strong></span> <span class='ocrx_word' id='word_1_743' title='bbox 2528 4441 2582 4486; x_wconf 89' lang='lat' dir='ltr'><strong>et</strong></span> <span class='ocrx_word' id='word_1_744' title='bbox 2611 4447 2733 4502; x_wconf 78' lang='lat' dir='ltr'><strong>qua:</strong></span> <span class='ocrx_word' id='word_1_745' title='bbox 2781 4433 3023 4488; x_wconf 89' lang='lat' dir='ltr'><strong>latebant</strong></span> <span class='ocrx_word' id='word_1_746' title='bbox 3053 4442 3298 4502; x_wconf 89' lang='lat' dir='ltr'><strong>peccata,</strong></span> <span class='ocrx_word' id='word_1_747' title='bbox 3339 4441 3394 4490; x_wconf 89' lang='lat' dir='ltr'><strong>et</strong></span> <span class='ocrx_word' id='word_1_748' title='bbox 3418 4435 3550 4504; x_wconf 86' lang='lat' dir='ltr'><strong>quia</strong></span> <span class='ocrx_word' id='word_1_749' title='bbox 3585 4436 3800 4503; x_wconf 88' lang='lat' dir='ltr'><strong>impune</strong></span> <span class='ocrx_word' id='word_1_750' title='bbox 3832 4429 3902 4484; x_wconf 78' lang='lat' dir='ltr'><strong>fu-</strong></span> 
     </span>
    </p>
   </div>
   <div class='ocr_carea' id='block_1_90' title="bbox 603 4505 3903 4598">
    <p class='ocr_par' dir='ltr' id='par_1_90' title="bbox 603 4505 3903 4598">
     <span class='ocr_line' id='line_1_90' title="bbox 603 4505 3903 4598; baseline -0 -16"><span class='ocrx_word' id='word_1_751' title='bbox 603 4533 822 4588; x_wconf 78' lang='lat' dir='ltr'><strong>exeant,</strong></span> <span class='ocrx_word' id='word_1_752' title='bbox 855 4521 882 4560; x_wconf 73' lang='grc' dir='ltr'><strong>ιι</strong></span> <span class='ocrx_word' id='word_1_753' title='bbox 913 4521 1152 4576; x_wconf 86' lang='lat' dir='ltr'><strong>Domino</strong></span> <span class='ocrx_word' id='word_1_754' title='bbox 1200 4523 1252 4574; x_wconf 89' lang='lat' dir='ltr'><strong>in</strong></span> <span class='ocrx_word' id='word_1_755' title='bbox 1303 4521 1603 4592; x_wconf 79' lang='lat' dir='ltr'><strong>Evangelia</strong></span> <span class='ocrx_word' id='word_1_756' title='bbox 1647 4533 1943 4580; x_wconf 88' lang='lat' dir='ltr'><strong>attestante</strong></span> <span class='ocrx_word' id='word_1_757' title='bbox 1989 4525 2212 4596; x_wconf 75' lang='lat' dir='ltr'><strong>(Matth.</strong></span> <span class='ocrx_word' id='word_1_758' title='bbox 2245 4505 2301 4566; x_wconf 86' lang='grc' dir='ltr'>Ῑ)</span> <span class='ocrx_word' id='word_1_759' title='bbox 2329 4535 2450 4580; x_wconf 88' lang='lat' dir='ltr'><strong>tura</strong></span> <span class='ocrx_word' id='word_1_760' title='bbox 2483 4542 2590 4581; x_wconf 89' lang='lat' dir='ltr'><strong>non</strong></span> <span class='ocrx_word' id='word_1_761' title='bbox 2623 4537 2806 4582; x_wconf 88' lang='lat' dir='ltr'><strong>essent</strong></span> <span class='ocrx_word' id='word_1_762' title='bbox 2835 4526 2978 4596; x_wconf 87' lang='lat' dir='ltr'><strong>apud</strong></span> <span class='ocrx_word' id='word_1_763' title='bbox 3011 4527 3204 4582; x_wconf 86' lang='lat' dir='ltr'><strong>Deum.</strong></span> <span class='ocrx_word' id='word_1_764' title='bbox 3239 4527 3362 4594; x_wconf 84' lang='lat' dir='ltr'><strong>Quo</strong></span> <span class='ocrx_word' id='word_1_765' title='bbox 3399 4539 3722 4598; x_wconf 83' lang='lat' dir='ltr'><strong>comperto,</strong></span> <span class='ocrx_word' id='word_1_766' title='bbox 3763 4526 3903 4580; x_wconf 75' lang='lat' dir='ltr'><strong>homo</strong></span> 
     </span>
    </p>
   </div>
   <div class='ocr_carea' id='block_1_91' title="bbox 607 4615 2214 4688">
    <p class='ocr_par' dir='ltr' id='par_1_91' title="bbox 607 4615 2214 4688">
     <span class='ocr_line' id='line_1_91' title="bbox 607 4615 2214 4688; baseline 0.003 -15"><span class='ocrx_word' id='word_1_767' title='bbox 607 4636 697 4684; x_wconf 84' lang='lat' dir='ltr'><strong>xv,</strong></span> <span class='ocrx_word' id='word_1_768' title='bbox 733 4617 862 4688; x_wconf 66' lang='lat'><strong>‘18);</strong></span> <span class='ocrx_word' id='word_1_769' title='bbox 902 4615 1276 4671; x_wconf 90' lang='lat' dir='ltr'><strong>membrorum</strong></span> <span class='ocrx_word' id='word_1_770' title='bbox 1330 4623 1510 4668; x_wconf 84' lang='lat' dir='ltr'><strong>tamen</strong></span> <span class='ocrx_word' id='word_1_771' title='bbox 1563 4617 1868 4672; x_wconf 79' lang='lat' dir='ltr'><strong>ministerio</strong></span> <span class='ocrx_word' id='word_1_772' title='bbox 1918 4620 2214 4688; x_wconf 79' lang='lat' dir='ltr'><strong>explentur</strong></span> 
     </span>
    </p>
   </div>
   <div class='ocr_carea' id='block_1_92' title="bbox 606 4703 2212 4786">
    <p class='ocr_par' dir='ltr' id='par_1_92' title="bbox 606 4703 2212 4786">
     <span class='ocr_line' id='line_1_92' title="bbox 606 4703 2212 4786; baseline 0.003 -22"><span class='ocrx_word' id='word_1_773' title='bbox 606 4711 884 4782; x_wconf 87' lang='lat' dir='ltr'><strong>operibus.</strong></span> <span class='ocrx_word' id='word_1_774' title='bbox 917 4707 1222 4776; x_wconf 87' lang='lat' dir='ltr'><strong>Disputatio</strong></span> <span class='ocrx_word' id='word_1_775' title='bbox 1264 4703 1380 4762; x_wconf 72' lang='lat' dir='ltr'><strong>lucc</strong></span> <span class='ocrx_word' id='word_1_776' title='bbox 1409 4708 1580 4780; x_wconf 81' lang='lat' dir='ltr'><strong>tangit</strong></span> <span class='ocrx_word' id='word_1_777' title='bbox 1617 4707 1857 4778; x_wconf 67' lang='lat' dir='ltr'><strong>Juduros,</strong></span> <span class='ocrx_word' id='word_1_778' title='bbox 1900 4724 1952 4768; x_wconf 89' lang='lat' dir='ltr'><strong>et</strong></span> <span class='ocrx_word' id='word_1_779' title='bbox 1995 4729 2090 4770; x_wconf 82' lang='lat' dir='ltr'><strong>eos</strong></span> <span class='ocrx_word' id='word_1_780' title='bbox 2118 4717 2212 4786; x_wconf 90' lang='lat' dir='ltr'><strong>qui</strong></span> 
     </span>
    </p>
   </div>
   <div class='ocr_carea' id='block_1_93' title="bbox 605 4799 2210 4874">
    <p class='ocr_par' dir='ltr' id='par_1_93' title="bbox 605 4799 2210 4874">
     <span class='ocr_line' id='line_1_93' title="bbox 605 4799 2210 4874; baseline 0 -15"><span class='ocrx_word' id='word_1_781' title='bbox 605 4801 898 4859; x_wconf 82' lang='lat' dir='ltr'><strong>Christiani</strong></span> <span class='ocrx_word' id='word_1_782' title='bbox 929 4799 1206 4862; x_wconf 88' lang='lat' dir='ltr'><strong>dicuntur,</strong></span> <span class='ocrx_word' id='word_1_783' title='bbox 1249 4808 1306 4854; x_wconf 91' lang='lat' dir='ltr'><strong>et</strong></span> <span class='ocrx_word' id='word_1_784' title='bbox 1333 4800 1434 4854; x_wconf 80' lang='lat' dir='ltr'><strong>sub</strong></span> <span class='ocrx_word' id='word_1_785' title='bbox 1479 4799 1622 4872; x_wconf 84' lang='lat' dir='ltr'><strong>Lege</strong></span> <span class='ocrx_word' id='word_1_786' title='bbox 1665 4803 1850 4857; x_wconf 81' lang='lat' dir='ltr'><strong>Volunt</strong></span> <span class='ocrx_word' id='word_1_787' title='bbox 1883 4805 2098 4874; x_wconf 82' lang='lat' dir='ltr'><strong>vivere;</strong></span> <span class='ocrx_word' id='word_1_788' title='bbox 2150 4819 2210 4866; x_wconf 84' lang='lat' dir='ltr'><strong>ut</strong></span> 
     </span>
    </p>
   </div>
   <div class='ocr_carea' id='block_1_94' title="bbox 605 4895 2206 4970">
    <p class='ocr_par' dir='ltr' id='par_1_94' title="bbox 605 4895 2206 4970">
     <span class='ocr_line' id='line_1_94' title="bbox 605 4895 2206 4970; baseline -0.011 -16"><span class='ocrx_word' id='word_1_789' title='bbox 605 4901 882 4954; x_wconf 87' lang='lat' dir='ltr'><strong>discentes</strong></span> <span class='ocrx_word' id='word_1_790' title='bbox 927 4895 1174 4949; x_wconf 89' lang='lat' dir='ltr'><strong>carnales</strong></span> <span class='ocrx_word' id='word_1_791' title='bbox 1205 4910 1266 4948; x_wconf 91' lang='lat' dir='ltr'><strong>se</strong></span> <span class='ocrx_word' id='word_1_792' title='bbox 1296 4909 1442 4959; x_wconf 89' lang='lat' dir='ltr'><strong>csse,</strong></span> <span class='ocrx_word' id='word_1_793' title='bbox 1491 4895 1750 4950; x_wconf 86' lang='lat' dir='ltr'><strong>recedant</strong></span> <span class='ocrx_word' id='word_1_794' title='bbox 1796 4913 1824 4951; x_wconf 87' lang='lat' dir='ltr'><strong>a</strong></span> <span class='ocrx_word' id='word_1_795' title='bbox 1871 4898 2034 4970; x_wconf 67' lang='lat' dir='ltr'><strong>Lege,</strong></span> <span class='ocrx_word' id='word_1_796' title='bbox 2071 4903 2206 4958; x_wconf 65' lang='grc' dir='ltr'><strong>νξιίη</strong></span> 
     </span>
    </p>
   </div>
   <div class='ocr_carea' id='block_1_95' title="bbox 607 4985 2222 5063">
    <p class='ocr_par' dir='ltr' id='par_1_95' title="bbox 607 4985 2222 5063">
     <span class='ocr_line' id='line_1_95' title="bbox 607 4985 2222 5063; baseline 0.006 -17"><span class='ocrx_word' id='word_1_797' title='bbox 607 5003 788 5050; x_wconf 73' lang='lat' dir='ltr'><strong>tamen</strong></span> <span class='ocrx_word' id='word_1_798' title='bbox 819 4999 1168 5060; x_wconf 88' lang='lat' dir='ltr'><strong>peccatorum</strong></span> <span class='ocrx_word' id='word_1_799' title='bbox 1207 5003 1330 5057; x_wconf 66' lang='lat' dir='ltr'><strong>qua:</strong></span> <span class='ocrx_word' id='word_1_800' title='bbox 1353 4985 1623 5044; x_wconf 83' lang='lat' dir='ltr'><strong>dominari</strong></span> <span class='ocrx_word' id='word_1_801' title='bbox 1649 4989 1702 5042; x_wconf 88' lang='lat' dir='ltr'><strong>in</strong></span> <span class='ocrx_word' id='word_1_802' title='bbox 1725 5003 1892 5046; x_wconf 82' lang='lat' dir='ltr'><strong>carne</strong></span> <span class='ocrx_word' id='word_1_803' title='bbox 1926 4995 2222 5063; x_wconf 64' lang='lat' dir='ltr'><strong>agentibus,</strong></span> 
     </span>
    </p>
   </div>
   <div class='ocr_carea' id='block_1_96' title="bbox 605 5079 2218 5156">
    <p class='ocr_par' dir='ltr' id='par_1_96' title="bbox 605 5079 2218 5156">
     <span class='ocr_line' id='line_1_96' title="bbox 605 5079 2218 5156; baseline -0.013 -11"><span class='ocrx_word' id='word_1_804' title='bbox 605 5089 760 5151; x_wconf 83' lang='lat' dir='ltr'><strong>dicit,</strong></span> <span class='ocrx_word' id='word_1_805' title='bbox 793 5101 890 5156; x_wconf 83' lang='lat' dir='ltr'><strong>per</strong></span> <span class='ocrx_word' id='word_1_806' title='bbox 919 5083 1118 5152; x_wconf 74' lang='lat' dir='ltr'><strong>Legem</strong></span> <span class='ocrx_word' id='word_1_807' title='bbox 1169 5079 1408 5144; x_wconf 74' lang='lat' dir='ltr'><strong>ostendi,</strong></span> <span class='ocrx_word' id='word_1_808' title='bbox 1447 5094 1556 5134; x_wconf 81' lang='lat' dir='ltr'><strong>non</strong></span> <span class='ocrx_word' id='word_1_809' title='bbox 1597 5095 1694 5145; x_wconf 86' lang='lat' dir='ltr'><strong>per</strong></span> <span class='ocrx_word' id='word_1_810' title='bbox 1725 5081 1924 5152; x_wconf 76' lang='lat' dir='ltr'><strong>Legem</strong></span> <span class='ocrx_word' id='word_1_811' title='bbox 1953 5085 2072 5140; x_wconf 79' lang='lat' dir='ltr'><strong>ﬁeri</strong></span> <span class='ocrx_word' id='word_1_812' title='bbox 2114 5088 2218 5144; x_wconf 64' lang='lat' dir='ltr'><strong>de.</strong></span> 
     </span>
    </p>
   </div>
   <div class='ocr_carea' id='block_1_97' title="bbox 605 5167 2203 5248">
    <p class='ocr_par' dir='ltr' id='par_1_97' title="bbox 605 5167 2203 5248">
     <span class='ocr_line' id='line_1_97' title="bbox 605 5167 2203 5248; baseline -0.001 -12"><span class='ocrx_word' id='word_1_813' title='bbox 605 5177 905 5241; x_wconf 78' lang='lat' dir='ltr'><strong>monstrat;</strong></span> <span class='ocrx_word' id='word_1_814' title='bbox 935 5173 1100 5229; x_wconf 78' lang='lat' dir='ltr'><strong>index</strong></span> <span class='ocrx_word' id='word_1_815' title='bbox 1126 5171 1273 5226; x_wconf 87' lang='lat' dir='ltr'><strong>enim</strong></span> <span class='ocrx_word' id='word_1_816' title='bbox 1303 5167 1520 5242; x_wconf 83' lang='lat' dir='ltr'><strong>peccati</strong></span> <span class='ocrx_word' id='word_1_817' title='bbox 1549 5167 1662 5227; x_wconf 86' lang='lat' dir='ltr'><strong>Lex</strong></span> <span class='ocrx_word' id='word_1_818' title='bbox 1691 5181 1794 5240; x_wconf 87' lang='lat' dir='ltr'><strong>est,</strong></span> <span class='ocrx_word' id='word_1_819' title='bbox 1817 5191 1922 5230; x_wconf 90' lang='lat' dir='ltr'><strong>non</strong></span> <span class='ocrx_word' id='word_1_820' title='bbox 1949 5179 2203 5248; x_wconf 80' lang='lat' dir='ltr'><strong>genitrix,</strong></span> 
     </span>
    </p>
   </div>
   <div class='ocr_carea' id='block_1_98' title="bbox 607 5269 1336 5336">
    <p class='ocr_par' dir='ltr' id='par_1_98' title="bbox 607 5269 1336 5336">
     <span class='ocr_line' id='line_1_98' title="bbox 607 5269 1336 5336; baseline -0.014 -8"><span class='ocrx_word' id='word_1_821' title='bbox 607 5289 732 5328; x_wconf 84' lang='lat' dir='ltr'><strong>reos</strong></span> <span class='ocrx_word' id='word_1_822' title='bbox 765 5269 982 5332; x_wconf 81' lang='lat' dir='ltr'><strong>faciens</strong></span> <span class='ocrx_word' id='word_1_823' title='bbox 999 5272 1336 5336; x_wconf 88' lang='lat' dir='ltr'><strong>peccatores.</strong></span> 
     </span>
    </p>
   </div>
   <div class='ocr_carea' id='block_1_99' title="bbox 679 5357 2212 5434">
    <p class='ocr_par' dir='ltr' id='par_1_99' title="bbox 679 5357 2212 5434">
     <span class='ocr_line' id='line_1_99' title="bbox 679 5357 2212 5434; baseline 0.001 -14"><span class='ocrx_word' id='word_1_824' title='bbox 679 5363 862 5434; x_wconf 75' lang='lat' dir='ltr'><strong>(Vers.</strong></span> <span class='ocrx_word' id='word_1_825' title='bbox 893 5363 990 5432; x_wconf 62' lang='grc' dir='ltr'><strong>ὃ.)</strong></span> <span class='ocrx_word' id='word_1_826' title='bbox 1007 5358 1168 5416; x_wconf 73' lang='lat' dir='ltr'><strong>Nune</strong></span> <span class='ocrx_word' id='word_1_827' title='bbox 1195 5367 1370 5418; x_wconf 71' lang='lat' dir='ltr'><strong>autem</strong></span> <span class='ocrx_word' id='word_1_828' title='bbox 1397 5357 1558 5411; x_wconf 73' lang='lat' dir='ltr'><strong>soluti</strong></span> <span class='ocrx_word' id='word_1_829' title='bbox 1587 5373 1770 5413; x_wconf 68' lang='lat' dir='ltr'><strong>sumus</strong></span> <span class='ocrx_word' id='word_1_830' title='bbox 1787 5375 1822 5413; x_wconf 89' lang='lat' dir='ltr'><strong>a</strong></span> <span class='ocrx_word' id='word_1_831' title='bbox 1842 5359 1982 5432; x_wconf 67' lang='lat' dir='ltr'><strong>Lege</strong></span> <span class='ocrx_word' id='word_1_832' title='bbox 2007 5368 2212 5430; x_wconf 75' lang='lat' dir='ltr'><strong>mortis,</strong></span> 
     </span>
    </p>
   </div>
   <div class='ocr_carea' id='block_1_100' title="bbox 680 5521 2212 5593">
    <p class='ocr_par' dir='ltr' id='par_1_100' title="bbox 680 5521 2212 5593">
     <span class='ocr_line' id='line_1_100' title="bbox 680 5521 2212 5593; baseline 0.014 -29"><span class='ocrx_word' id='word_1_833' title='bbox 680 5537 708 5564; x_wconf 66' lang='grc' dir='ltr'><strong>ιι</strong></span> <span class='ocrx_word' id='word_1_834' title='bbox 735 5523 898 5579; x_wconf 69' lang='lat' dir='ltr'><strong>Certa.</strong></span> <span class='ocrx_word' id='word_1_835' title='bbox 929 5526 1076 5590; x_wconf 82' lang='lat' dir='ltr'><strong>ced.,</strong></span> <span class='ocrx_word' id='word_1_836' title='bbox 1124 5537 1242 5578; x_wconf 76' lang='lat' dir='ltr'><strong>cum</strong></span> <span class='ocrx_word' id='word_1_837' title='bbox 1269 5525 1518 5593; x_wconf 73' lang='lat' dir='ltr'><strong>peeratur‘</strong></span> <span class='ocrx_word' id='word_1_838' title='bbox 1551 5521 1604 5574; x_wconf 69' lang='lat' dir='ltr'><strong>in</strong></span> <span class='ocrx_word' id='word_1_839' title='bbox 1627 5524 1887 5588; x_wconf 69' lang='lat' dir='ltr'><strong>membris.</strong></span> <span class='ocrx_word' id='word_1_840' title='bbox 1917 5523 2058 5582; x_wconf 84' lang='lat' dir='ltr'><strong>Sane</strong></span> <span class='ocrx_word' id='word_1_841' title='bbox 2085 5531 2212 5586; x_wconf 76' lang='lat' dir='ltr'><strong>vitia</strong></span> 
     </span>
    </p>
   </div>
   <div class='ocr_carea' id='block_1_101' title="bbox 607 5597 1112 5664">
    <p class='ocr_par' dir='ltr' id='par_1_101' title="bbox 607 5597 1112 5664">
     <span class='ocr_line' id='line_1_101' title="bbox 607 5597 1112 5664; baseline -0.008 -12"><span class='ocrx_word' id='word_1_842' title='bbox 607 5597 730 5652; x_wconf 78' lang='lat' dir='ltr'><strong>dicit</strong></span> <span class='ocrx_word' id='word_1_843' title='bbox 752 5597 974 5664; x_wconf 79' lang='lat' dir='ltr'><strong>operari,</strong></span> <span class='ocrx_word' id='word_1_844' title='bbox 1007 5605 1112 5651; x_wconf 83' lang='lat' dir='ltr'><strong>etc.</strong></span> 
     </span>
    </p>
   </div>
   <div class='ocr_carea' id='block_1_102' title="bbox 677 5663 2194 5738">
    <p class='ocr_par' dir='ltr' id='par_1_102' title="bbox 677 5663 2194 5738">
     <span class='ocr_line' id='line_1_102' title="bbox 677 5663 2194 5738; baseline 0.008 -22"><span class='ocrx_word' id='word_1_845' title='bbox 677 5667 710 5706; x_wconf 75' lang='lat' dir='ltr'><strong>Ir</strong></span> <span class='ocrx_word' id='word_1_846' title='bbox 737 5663 956 5738; x_wconf 63' lang='lat' dir='ltr'><strong>Dauniae</strong></span> <span class='ocrx_word' id='word_1_847' title='bbox 993 5672 1046 5719; x_wconf 82' lang='lat' dir='ltr'><strong>in</strong></span> <span class='ocrx_word' id='word_1_848' title='bbox 1076 5667 1356 5738; x_wconf 69' lang='lat' dir='ltr'><strong>Evangelia</strong></span> <span class='ocrx_word' id='word_1_849' title='bbox 1380 5673 1688 5738; x_wconf 69' lang='lat' dir='ltr'><strong>altercante,</strong></span> <span class='ocrx_word' id='word_1_850' title='bbox 1719 5667 1906 5722; x_wconf 82' lang='lat' dir='ltr'><strong>aberat</strong></span> <span class='ocrx_word' id='word_1_851' title='bbox 1955 5667 2022 5723; x_wconf 85' lang='lat' dir='ltr'><strong>ab</strong></span> <span class='ocrx_word' id='word_1_852' title='bbox 2061 5673 2194 5728; x_wconf 83' lang='lat' dir='ltr'><strong>edit.</strong></span> 
     </span>
    </p>
   </div>
   <div class='ocr_carea' id='block_1_103' title="bbox 605 5735 2192 5810">
    <p class='ocr_par' dir='ltr' id='par_1_103' title="bbox 605 5735 2192 5810">
     <span class='ocr_line' id='line_1_103' title="bbox 605 5735 2192 5810; baseline -0.001 -13"><span class='ocrx_word' id='word_1_853' title='bbox 605 5737 882 5802; x_wconf 88' lang='lat' dir='ltr'><strong>omnibus,</strong></span> <span class='ocrx_word' id='word_1_854' title='bbox 921 5747 976 5792; x_wconf 90' lang='lat' dir='ltr'><strong>et</strong></span> <span class='ocrx_word' id='word_1_855' title='bbox 1012 5753 1141 5794; x_wconf 85' lang='lat' dir='ltr'><strong>mss.</strong></span> <span class='ocrx_word' id='word_1_856' title='bbox 1179 5735 1463 5795; x_wconf 79' lang='lat' dir='ltr'><strong>nonnullis</strong></span> <span class='ocrx_word' id='word_1_857' title='bbox 1499 5754 1514 5794; x_wconf 93' lang='lat'><strong>:</strong></span> <span class='ocrx_word' id='word_1_858' title='bbox 1548 5735 1642 5794; x_wconf 87' lang='lat' dir='ltr'><strong>sed</strong></span> <span class='ocrx_word' id='word_1_859' title='bbox 1673 5752 1742 5794; x_wconf 89' lang='lat' dir='ltr'><strong>ex</strong></span> <span class='ocrx_word' id='word_1_860' title='bbox 1787 5739 1910 5795; x_wconf 89' lang='lat' dir='ltr'><strong>aliis</strong></span> <span class='ocrx_word' id='word_1_861' title='bbox 1945 5739 2192 5810; x_wconf 74' lang='lat' dir='ltr'><strong>pluﬁbus</strong></span> 
     </span>
    </p>
   </div>
   <div class='ocr_carea' id='block_1_104' title="bbox 2326 4621 3904 4694">
    <p class='ocr_par' dir='ltr' id='par_1_104' title="bbox 2326 4621 3904 4694">
     <span class='ocr_line' id='line_1_104' title="bbox 2326 4621 3904 4694; baseline -0.003 -19"><span class='ocrx_word' id='word_1_862' title='bbox 2326 4622 2505 4676; x_wconf 86' lang='lat' dir='ltr'><strong>factus</strong></span> <span class='ocrx_word' id='word_1_863' title='bbox 2535 4633 2620 4676; x_wconf 82' lang='lat' dir='ltr'><strong>e5t</strong></span> <span class='ocrx_word' id='word_1_864' title='bbox 2650 4637 2809 4686; x_wconf 88' lang='lat' dir='ltr'><strong>reus;</strong></span> <span class='ocrx_word' id='word_1_865' title='bbox 2859 4629 2915 4676; x_wconf 90' lang='lat' dir='ltr'><strong>et</strong></span> <span class='ocrx_word' id='word_1_866' title='bbox 2969 4621 3092 4676; x_wconf 89' lang='lat' dir='ltr'><strong>ideo</strong></span> <span class='ocrx_word' id='word_1_867' title='bbox 3145 4637 3258 4678; x_wconf 89' lang='lat' dir='ltr'><strong>non</strong></span> <span class='ocrx_word' id='word_1_868' title='bbox 3285 4621 3504 4678; x_wconf 84' lang='lat' dir='ltr'><strong>videtur</strong></span> <span class='ocrx_word' id='word_1_869' title='bbox 3530 4623 3740 4694; x_wconf 80' lang='lat' dir='ltr'><strong>gratias</strong></span> <span class='ocrx_word' id='word_1_870' title='bbox 3766 4631 3904 4689; x_wconf 81' lang='lat' dir='ltr'><strong>agere</strong></span> 
     </span>
    </p>
   </div>
   <div class='ocr_carea' id='block_1_105' title="bbox 2324 4711 3902 4784">
    <p class='ocr_par' dir='ltr' id='par_1_105' title="bbox 2324 4711 3902 4784">
     <span class='ocr_line' id='line_1_105' title="bbox 2324 4711 3902 4784; baseline -0.001 -16"><span class='ocrx_word' id='word_1_871' title='bbox 2324 4711 2476 4784; x_wconf 83' lang='lat' dir='ltr'><strong>Legi.</strong></span> <span class='ocrx_word' id='word_1_872' title='bbox 2509 4711 2642 4778; x_wconf 84' lang='lat' dir='ltr'><strong>Quis</strong></span> <span class='ocrx_word' id='word_1_873' title='bbox 2675 4713 2820 4766; x_wconf 91' lang='lat' dir='ltr'><strong>enim</strong></span> <span class='ocrx_word' id='word_1_874' title='bbox 2863 4712 3099 4768; x_wconf 87' lang='lat' dir='ltr'><strong>libenter</strong></span> <span class='ocrx_word' id='word_1_875' title='bbox 3139 4713 3338 4768; x_wconf 85' lang='lat' dir='ltr'><strong>habeat</strong></span> <span class='ocrx_word' id='word_1_876' title='bbox 3363 4729 3490 4772; x_wconf 84' lang='lat' dir='ltr'><strong>eum</strong></span> <span class='ocrx_word' id='word_1_877' title='bbox 3511 4754 3528 4780; x_wconf 91' lang='lat'><strong>,</strong></span> <span class='ocrx_word' id='word_1_878' title='bbox 3557 4715 3650 4784; x_wconf 88' lang='lat' dir='ltr'><strong>qui</strong></span> <span class='ocrx_word' id='word_1_879' title='bbox 3677 4713 3774 4768; x_wconf 85' lang='lat' dir='ltr'><strong>sibi</strong></span> <span class='ocrx_word' id='word_1_880' title='bbox 3803 4723 3902 4781; x_wconf 77' lang='lat' dir='ltr'><strong>pue-</strong></span> 
     </span>
    </p>
   </div>
   <div class='ocr_carea' id='block_1_106' title="bbox 2325 4803 3903 4876">
    <p class='ocr_par' dir='ltr' id='par_1_106' title="bbox 2325 4803 3903 4876">
     <span class='ocr_line' id='line_1_106' title="bbox 2325 4803 3903 4876; baseline -0.004 -16"><span class='ocrx_word' id='word_1_881' title='bbox 2325 4820 2452 4860; x_wconf 87' lang='lat' dir='ltr'><strong>nam</strong></span> <span class='ocrx_word' id='word_1_882' title='bbox 2485 4804 2772 4860; x_wconf 90' lang='lat' dir='ltr'><strong>imminere</strong></span> <span class='ocrx_word' id='word_1_883' title='bbox 2821 4804 3143 4862; x_wconf 83' lang='lat' dir='ltr'><strong>annuntiat?</strong></span> <span class='ocrx_word' id='word_1_884' title='bbox 3193 4805 3321 4876; x_wconf 80' lang='lat' dir='ltr'><strong>Legi</strong></span> <span class='ocrx_word' id='word_1_885' title='bbox 3351 4817 3536 4860; x_wconf 89' lang='lat' dir='ltr'><strong>autem</strong></span> <span class='ocrx_word' id='word_1_886' title='bbox 3571 4805 3698 4860; x_wconf 83' lang='lat' dir='ltr'><strong>fidei</strong></span> <span class='ocrx_word' id='word_1_887' title='bbox 3729 4803 3903 4876; x_wconf 80' lang='lat' dir='ltr'><strong>gratias</strong></span> 
     </span>
    </p>
   </div>
   <div class='ocr_carea' id='block_1_107' title="bbox 2322 4897 3904 4970">
    <p class='ocr_par' dir='ltr' id='par_1_107' title="bbox 2322 4897 3904 4970">
     <span class='ocr_line' id='line_1_107' title="bbox 2322 4897 3904 4970; baseline -0.002 -18"><span class='ocrx_word' id='word_1_888' title='bbox 2322 4899 2462 4969; x_wconf 83' lang='lat' dir='ltr'><strong>agit;</strong></span> <span class='ocrx_word' id='word_1_889' title='bbox 2493 4899 2618 4966; x_wconf 91' lang='lat' dir='ltr'><strong>quia</strong></span> <span class='ocrx_word' id='word_1_890' title='bbox 2639 4901 2730 4969; x_wconf 90' lang='lat' dir='ltr'><strong>qui</strong></span> <span class='ocrx_word' id='word_1_891' title='bbox 2767 4914 2861 4967; x_wconf 86' lang='lat' dir='ltr'><strong>per</strong></span> <span class='ocrx_word' id='word_1_892' title='bbox 2889 4899 3063 4966; x_wconf 78' lang='lat' dir='ltr'><strong>legem</strong></span> <span class='ocrx_word' id='word_1_893' title='bbox 3110 4897 3277 4970; x_wconf 82' lang='lat' dir='ltr'><strong>Moysi</strong></span> <span class='ocrx_word' id='word_1_894' title='bbox 3323 4915 3452 4955; x_wconf 89' lang='lat' dir='ltr'><strong>reus</strong></span> <span class='ocrx_word' id='word_1_895' title='bbox 3481 4900 3662 4956; x_wconf 83' lang='lat' dir='ltr'><strong>factus</strong></span> <span class='ocrx_word' id='word_1_896' title='bbox 3689 4909 3794 4960; x_wconf 87' lang='lat' dir='ltr'><strong>est.</strong></span> <span class='ocrx_word' id='word_1_897' title='bbox 3825 4910 3904 4967; x_wconf 86' lang='lat' dir='ltr'><strong>per</strong></span> 
     </span>
    </p>
   </div>
   <div class='ocr_carea' id='block_1_108' title="bbox 2323 4989 3904 5064">
    <p class='ocr_par' dir='ltr' id='par_1_108' title="bbox 2323 4989 3904 5064">
     <span class='ocr_line' id='line_1_108' title="bbox 2323 4989 3904 5064; baseline -0.003 -18"><span class='ocrx_word' id='word_1_898' title='bbox 2323 4993 2500 5061; x_wconf 71' lang='lat' dir='ltr'><strong>legem</strong></span> <span class='ocrx_word' id='word_1_899' title='bbox 2541 4990 2670 5048; x_wconf 84' lang='lat' dir='ltr'><strong>fidei</strong></span> <span class='ocrx_word' id='word_1_900' title='bbox 2699 4991 3082 5050; x_wconf 78' lang='lat' dir='ltr'><strong>reconciliatus</strong></span> <span class='ocrx_word' id='word_1_901' title='bbox 3125 5001 3214 5054; x_wconf 80' lang='lat' dir='ltr'><strong>est</strong></span> <span class='ocrx_word' id='word_1_902' title='bbox 3259 4993 3376 5048; x_wconf 89' lang='lat' dir='ltr'><strong>Deo</strong></span> <span class='ocrx_word' id='word_1_903' title='bbox 3409 5011 3422 5044; x_wconf 86' lang='lat'><strong>:</strong></span> <span class='ocrx_word' id='word_1_904' title='bbox 3457 4995 3710 5064; x_wconf 80' lang='lat' dir='ltr'><strong>quamvis</strong></span> <span class='ocrx_word' id='word_1_905' title='bbox 3737 5001 3790 5048; x_wconf 91' lang='lat' dir='ltr'><strong>et</strong></span> <span class='ocrx_word' id='word_1_906' title='bbox 3829 4989 3904 5046; x_wconf 87' lang='lat' dir='ltr'><strong>illa</strong></span> 
     </span>
    </p>
   </div>
   <div class='ocr_carea' id='block_1_109' title="bbox 2319 5075 3906 5156">
    <p class='ocr_par' dir='ltr' id='par_1_109' title="bbox 2319 5075 3906 5156">
     <span class='ocr_line' id='line_1_109' title="bbox 2319 5075 3906 5156; baseline -0.002 -18"><span class='ocrx_word' id='word_1_907' title='bbox 2319 5085 2466 5156; x_wconf 72' lang='lat' dir='ltr'><strong>iusta</strong></span> <span class='ocrx_word' id='word_1_908' title='bbox 2491 5093 2546 5138; x_wconf 89' lang='lat' dir='ltr'><strong>et</strong></span> <span class='ocrx_word' id='word_1_909' title='bbox 2574 5083 2712 5138; x_wconf 85' lang='lat' dir='ltr'><strong>bona</strong></span> <span class='ocrx_word' id='word_1_910' title='bbox 2737 5084 2837 5149; x_wconf 86' lang='lat' dir='ltr'><strong>sit;</strong></span> <span class='ocrx_word' id='word_1_911' title='bbox 2872 5075 3164 5138; x_wconf 82' lang='lat' dir='ltr'><strong>ostendere</strong></span> <span class='ocrx_word' id='word_1_912' title='bbox 3207 5085 3414 5140; x_wconf 88' lang='lat' dir='ltr'><strong>etenim</strong></span> <span class='ocrx_word' id='word_1_913' title='bbox 3455 5085 3750 5142; x_wconf 88' lang='lat' dir='ltr'><strong>imminens</strong></span> <span class='ocrx_word' id='word_1_914' title='bbox 3779 5081 3906 5156; x_wconf 85' lang='lat' dir='ltr'><strong>peri-</strong></span> 
     </span>
    </p>
   </div>
   <div class='ocr_carea' id='block_1_110' title="bbox 2323 5175 3906 5252">
    <p class='ocr_par' dir='ltr' id='par_1_110' title="bbox 2323 5175 3906 5252">
     <span class='ocr_line' id='line_1_110' title="bbox 2323 5175 3906 5252; baseline -0.004 -18"><span class='ocrx_word' id='word_1_915' title='bbox 2323 5177 2531 5240; x_wconf 84' lang='lat' dir='ltr'><strong>culum,</strong></span> <span class='ocrx_word' id='word_1_916' title='bbox 2569 5176 2764 5232; x_wconf 86' lang='lat' dir='ltr'><strong>bonum</strong></span> <span class='ocrx_word' id='word_1_917' title='bbox 2789 5185 2890 5230; x_wconf 86' lang='lat' dir='ltr'><strong>est.</strong></span> <span class='ocrx_word' id='word_1_918' title='bbox 2920 5175 3022 5232; x_wconf 88' lang='lat' dir='ltr'><strong>Sed</strong></span> <span class='ocrx_word' id='word_1_919' title='bbox 3055 5176 3181 5232; x_wconf 91' lang='lat' dir='ltr'><strong>huic</strong></span> <span class='ocrx_word' id='word_1_920' title='bbox 3212 5180 3383 5249; x_wconf 78' lang='lat' dir='ltr'><strong>magis</strong></span> <span class='ocrx_word' id='word_1_921' title='bbox 3409 5179 3618 5250; x_wconf 82' lang='lat' dir='ltr'><strong>gratias</strong></span> <span class='ocrx_word' id='word_1_922' title='bbox 3653 5179 3798 5252; x_wconf 80' lang='lat' dir='ltr'><strong>agit,</strong></span> <span class='ocrx_word' id='word_1_923' title='bbox 3824 5187 3906 5246; x_wconf 83' lang='lat' dir='ltr'><strong>per</strong></span> 
     </span>
    </p>
   </div>
   <div class='ocr_carea' id='block_1_111' title="bbox 2321 5271 3286 5344">
    <p class='ocr_par' dir='ltr' id='par_1_111' title="bbox 2321 5271 3286 5344">
     <span class='ocr_line' id='line_1_111' title="bbox 2321 5271 3286 5344; baseline -0.004 -15"><span class='ocrx_word' id='word_1_924' title='bbox 2321 5290 2486 5344; x_wconf 81' lang='lat' dir='ltr'><strong>quem</strong></span> <span class='ocrx_word' id='word_1_925' title='bbox 2513 5281 2734 5341; x_wconf 82' lang='lat' dir='ltr'><strong>ereptus</strong></span> <span class='ocrx_word' id='word_1_926' title='bbox 2761 5271 2830 5329; x_wconf 88' lang='lat' dir='ltr'><strong>de</strong></span> <span class='ocrx_word' id='word_1_927' title='bbox 2863 5272 3104 5342; x_wconf 80' lang='lat' dir='ltr'><strong>periculo</strong></span> <span class='ocrx_word' id='word_1_928' title='bbox 3137 5272 3286 5328; x_wconf 87' lang='lat' dir='ltr'><strong>vivit.</strong></span> 
     </span>
    </p>
   </div>
   <div class='ocr_carea' id='block_1_112' title="bbox 2395 5357 3900 5438">
    <p class='ocr_par' dir='ltr' id='par_1_112' title="bbox 2395 5357 3900 5438">
     <span class='ocr_line' id='line_1_112' title="bbox 2395 5357 3900 5438; baseline -0.003 -20"><span class='ocrx_word' id='word_1_929' title='bbox 2395 5365 2505 5438; x_wconf 76' lang='lat'><strong>65</strong></span> <span class='ocrx_word' id='word_1_930' title='bbox 2547 5361 2602 5418; x_wconf 88' lang='lat' dir='ltr'><em>N</em></span> <span class='ocrx_word' id='word_1_931' title='bbox 2605 5380 2687 5417; x_wconf 80' lang='lat' dir='ltr'><strong>om</strong></span> <span class='ocrx_word' id='word_1_932' title='bbox 2700 5373 2744 5418; x_wconf 89' lang='lat' dir='ltr'><strong>et</strong></span> <span class='ocrx_word' id='word_1_933' title='bbox 2761 5366 3229 5434; x_wconf 76' lang='lat' dir='ltr'><strong>concupiscentiam</strong></span> <span class='ocrx_word' id='word_1_934' title='bbox 3259 5367 3568 5432; x_wconf 81' lang='lat' dir='ltr'><strong>nesciebam,</strong></span> <span class='ocrx_word' id='word_1_935' title='bbox 3599 5365 3700 5422; x_wconf 81' lang='lat' dir='ltr'><strong>nisi</strong></span> <span class='ocrx_word' id='word_1_936' title='bbox 3725 5362 3826 5420; x_wconf 71' lang='lat' dir='ltr'><strong>Lex</strong></span> <span class='ocrx_word' id='word_1_937' title='bbox 3841 5357 3900 5414; x_wconf 42' lang='lat' dir='ltr'><strong>die</strong></span> 
     </span>
    </p>
   </div>
   <div class='ocr_carea' id='block_1_113' title="bbox 2329 5529 2772 5586">
    <p class='ocr_par' dir='ltr' id='par_1_113' title="bbox 2329 5529 2772 5586">
     <span class='ocr_line' id='line_1_113' title="bbox 2329 5529 2772 5586; baseline -0.007 -2"><span class='ocrx_word' id='word_1_938' title='bbox 2329 5529 2644 5586; x_wconf 83' lang='lat' dir='ltr'><strong>restitutum</strong></span> <span class='ocrx_word' id='word_1_939' title='bbox 2671 5536 2772 5584; x_wconf 87' lang='lat' dir='ltr'><strong>est.</strong></span> 
     </span>
    </p>
   </div>
   <div class='ocr_carea' id='block_1_114' title="bbox 2397 5595 3898 5670">
    <p class='ocr_par' dir='ltr' id='par_1_114' title="bbox 2397 5595 3898 5670">
     <span class='ocr_line' id='line_1_114' title="bbox 2397 5595 3898 5670; baseline -0.002 -17"><span class='ocrx_word' id='word_1_940' title='bbox 2397 5605 2420 5640; x_wconf 63' lang='grc' dir='ltr'><em>ἀ</em></span> <span class='ocrx_word' id='word_1_941' title='bbox 2453 5600 2585 5656; x_wconf 76' lang='lat' dir='ltr'><strong>Mss.</strong></span> <span class='ocrx_word' id='word_1_942' title='bbox 2615 5595 2857 5670; x_wconf 80' lang='lat' dir='ltr'><strong>aliquot,</strong></span> <span class='ocrx_word' id='word_1_943' title='bbox 2885 5599 3097 5670; x_wconf 74' lang='lat' dir='ltr'><strong>Littera:</strong></span> <span class='ocrx_word' id='word_1_944' title='bbox 3119 5613 3389 5658; x_wconf 62' lang='lat' dir='ltr'><strong>autem...</strong></span> <span class='ocrx_word' id='word_1_945' title='bbox 3421 5607 3898 5662; x_wconf 78' lang='lat' dir='ltr'><strong>consummantur...</strong></span> 
     </span>
    </p>
   </div>
   <div class='ocr_carea' id='block_1_115' title="bbox 2319 5667 3030 5728">
    <p class='ocr_par' dir='ltr' id='par_1_115' title="bbox 2319 5667 3030 5728">
     <span class='ocr_line' id='line_1_115' title="bbox 2319 5667 3030 5728; baseline 0.001 -1"><span class='ocrx_word' id='word_1_946' title='bbox 2319 5675 2384 5728; x_wconf 84' lang='lat' dir='ltr'><strong>ab</strong></span> <span class='ocrx_word' id='word_1_947' title='bbox 2415 5681 2596 5726; x_wconf 76' lang='lat' dir='ltr'><strong>errore</strong></span> <span class='ocrx_word' id='word_1_948' title='bbox 2627 5667 2760 5726; x_wconf 62' lang='grc' dir='ltr'><strong>Μαῖα</strong></span> <span class='ocrx_word' id='word_1_949' title='bbox 2789 5667 3030 5728; x_wconf 81' lang='lat' dir='ltr'><strong>inhibuit.</strong></span> 
     </span>
    </p>
   </div>
  </div>
