4082 6306
86 283 193 340 Ηθ

971 276 1471 340 COMMENTABIA
1512 276 1578 338 IN
1621 276 2013 338 EPISTOLAM
2053 279 2146 344 AD
2184 275 2533 339 ROMANOS.

3311 289 3415 347 110

78 399 221 443 reret
255 389 311 445 in
344 387 548 444 Exodo
577 405 588 442 :
626 388 744 443 Non
778 386 1104 458 concupisces
1130 387 1328 461 (La-od.
1363 403 1421 454 x,
1454 387 1566 458 17).
1594 387 1712 443 Non
1739 390 1793 452 Α
1818 405 1982 461 supra
2040 391 2379 458 memoravi;
2421 393 2526 447 nisi
2573 394 2698 464 quia
2743 398 2862 453 sine
2902 398 3100 456 timore
3132 399 3228 456 Dei
3253 399 3418 458 homo

83 479 361 536 discrevit
393 482 906 552 concupiscentiam
933 480 1071 537 hanc
1095 497 1122 536 a
1153 494 1401 552 peccato,
1448 483 1545 540 sed
1577 484 1709 540 mis.

81 573 223 642 cuit,
251 574 365 631 hoc
389 575 732 646 signiﬁcans,
768 577 896 648 quia
928 592 1047 632 cum
1081 592 1178 633 nec
1207 579 1446 648 suspicio
1493 580 1712 650 quidem

89 681 244 723 esset
279 667 432 723 istud
471 685 579 724 non
623 669 786 725 licete
817 669 955 741 apud
984 669 1150 726 Deum
1180 687 1193 736 ;
1228 674 1483 744 cognovi,
1515 675 1714 745 inquit,

85 775 213 816 esse
249 769 566 830 peccatum.
626 760 740 818 Sub
789 777 884 816 sua
919 778 1150 834 persona
1195 765 1352 836 quasi
1399 768 1715 838 generalem

84 857 198 928 agit
229 873 486 912 causam.
545 855 654 914 Lex
689 858 872 930 itaque
901 860 1405 930 concupiscentiam
1443 862 1713 934 prohibet,

88 969 215 1026 quae
252 967 551 1024 propterea
586 953 727 1024 quod
761 955 1169 1010 oblectamento
1197 965 1304 1025 est,
1340 973 1447 1012 non
1494 959 1720 1028 putaba-

90 1057 183 1103 tur
210 1062 343 1103 esse
380 1057 692 1119 peccatum.
723 1046 967 1120 Simplex
995 1049 1138 1104 enim
1187 1048 1477 1104 videbatur
1513 1065 1676 1106 causa
1703 1093 1717 1116 ,

88 1143 501 1213 concupiscere
528 1141 731 1214 aliquid
764 1142 1018 1214 proximi,
1058 1145 1160 1198 hoc.
1187 1155 1366 1200 autern
1395 1144 1504 1200 Lex
1534 1147 1717 1218 prodi-

92 1235 173 1292 dit
201 1251 331 1292 esse
367 1247 652 1308 peccatum
686 1256 698 1291 :
736 1237 1099 1292 saecularibus
1135 1252 1370 1308 namque
1405 1238 1719 1294 hominibus

94 1341 120 1370 ³
145 1330 284 1387 nihil
320 1341 438 1388 tam
493 1330 730 1388 inultum
762 1331 1058 1388 videturet
1087 1332 1384 1404 placidum,
1420 1348 1582 1404 quam
1627 1347 1721 1389 v0-

92 1424 302 1496 luptas.

173 1518 362 1592 (Vers.
397 1519 484 1590 8.)
527 1519 811 1576 Occasione
855 1537 983 1594 ergo
1032 1532 1267 1591 accepta,
1321 1532 1587 1593 peccatum
1632 1539 1723 1594 per

111 1613 421 1670 mandatum
441 1625 714 1684 operatum
735 1625 810 1669 est
832 1616 882 1668 in
906 1632 985 1670 me
1005 1633 1205 1670 onmem
1229 1618 1719 1688 concupiscentiam.

111 1709 340 1764 Omnem
373 1705 574 1764 dicens
616 1708 1135 1779 concupiscentiam,
1170 1718 1365 1766 cuncta
1399 1720 1622 1780 peccata
1651 1710 1726 1766 si-

117 1802 364 1875 gnificat.
413 1802 588 1873 Supra
619 1804 763 1877 enim
794 1803 1294 1872 concupiscentiam
1325 1803 1478 1874 juxta
1524 1803 1722 1875 Legem
1757 1811 1803 1872 Β

110 1895 511 1963 memorat,cui
542 1912 684 1951 nunc
706 1905 900 1951 eadem
921 1896 1129 1952 addens
1162 1898 1312 1962 vitia,
1344 1913 1563 1953 omnem
1591 1898 1728 1954 dixit

111 1989 618 2064 concupiscentiam
641 2000 923 2058 cperatam
959 1990 1009 2044 in
1045 1990 1264 2045 homine
1322 1991 1559 2062 impulsu
1611 1992 1728 2047 dia-

117 2081 251 2145 boli,
285 2098 449 2152 quem
476 2083 528 2136 in
567 2092 790 2150 peccato
813 2081 1124 2154 signiﬁcat;
1169 2093 1230 2138 ut
1285 2084 1339 2138 in
1389 2085 1724 2139 contrarium

123 2175 504 2234 ﬂerethomini
530 2175 663 2244 Lex,
697 2191 818 2248 qua:
863 2175 986 2231 data
1016 2185 1157 2240 erat,
1193 2185 1250 2232 ut
1291 2177 1596 2248 prodesset.
1634 2179 1720 2232 \‘i‘

127 2270 262 2325 dens
310 2270 457 2327 enim
498 2269 750 2326 diabolus
799 2271 1060 2326 auxilium
1094 2287 1190 2344 per
1217 2270 1415 2344 Legem
1450 2275 1725 2344 provisum

132 2363 364 2430 homini,
412 2381 567 2434 quem
606 2363 662 2420 in
694 2364 722 2403 δ
757 2365 1074 2422 conditione
1104 2381 1162 2422 se
1200 2375 1308 2422 tam
1339 2381 1562 2438 propter
1594 2384 1724 2439 pec-

133 2469 312 2515 catum
339 2459 483 2525 Λὼτ,
511 2475 666 2531 quam
696 2470 925 2532 propter
968 2461 1139 2532 ipsius
1183 2461 1385 2518 habere
1412 2462 1724 2532 gratulaba-

131 2562 241 2619 tur,
269 2553 533 2610 intellexit
567 2555 766 2609 factum
801 2553 1091 2610 adversum
1124 2556 1397 2625 se.Quem
1425 2556 1571 2611 enim
1596 2555 1731 2611 vidit

132 2647 327 2704 factum
358 2648 457 2704 sub
505 2647 669 2719 Lege,
701 2665 800 2720 pro
831 2661 985 2706 certo
1018 2651 1208 2706 habuit
1238 2650 1306 2707 de
1334 2667 1434 2706 suo
1458 2651 1727 2708 sublatum

131 2739 418 2807 dominio;
474 2751 771 2810 agnoverat
815 2742 960 2796 enim
1011 2743 1175 2798 homo
1207 2743 1482 2813 quomodo
1513 2759 1728 2812 ptenam

133 2834 329 2890 inferni
382 2835 666 2891 evaderet.
716 2834 852 2891 Hinc
897 2837 1109 2892 exarsit
1161 2837 1435 2893 iracundia
1467 2838 1731 2895 adversus

129 2929 593 2997 hominem,utilli
625 2929 822 3001 Legem
853 2930 1186 2996 inverteret;
1214 2940 1270 2986 ut
1299 2931 1602 3003 prohibitus
1631 2932 1726 2987 θαι

133 3022 413 3091 mittendo,
453 3023 624 3079 Deum
674 3037 864 3077 rursus
891 3022 1220 3091 oﬂ'enderet,
1249 3034 1303 3080 et
1330 3025 1512 3081 denuo
1545 3028 1597 3079 in
1631 3042 1729 3097 po-

133 3123 381 3171 testatcm
416 3115 627 3172 diaboli
655 3115 896 3171 caderet.
931 3116 1109 3188 Cmpit
1155 3134 1262 3172 non
1316 3118 1605 3192 imperare,
1638 3118 1733 3175 sed

1818 485 2062 551 vivebat,
2094 500 2321 542 securus
2365 486 2512 558 quod
2557 503 2665 544 non
2695 501 2840 549 esset
2885 493 3030 550 Deus
3079 493 3420 564 iudicaturus

1817 589 1970 634 actus
2002 577 2289 635 humanos.

1890 669 1997 725 Sed
2023 687 2141 724 cum
2169 671 2383 726 venisset
2401 672 2727 741 mandatum,
2756 686 3024 746 peccatum
3054 680 3258 735 reuixit.
3290 679 3418 737 Ideo

1818 762 1954 820 dixit
2004 764 2266 822 revixisse
2291 775 2596 836 peccatum,
2633 779 2691 822 ut
2739 769 3077 840 signiﬁcaret
3118 773 3248 844 quia
3291 785 3419 831 ante

1821 860 2029 916 vixerat
2059 875 2072 913 :
2104 871 2288 929 postea
2341 874 2524 918 autem
2580 864 2792 919 desidia
2823 865 3108 923 hominum
3149 879 3420 926 mortuum

1820 952 2154 1010 aestimatum
2174 965 2280 1021 est,
2304 969 2428 1012 cum
2453 956 2686 1022 viveret,
2710 958 2854 1013 sicut
2879 961 3085 1017 assolet
3113 961 3249 1018 falsa
3282 963 3423 1018 tanta

1824 1043 1978 1101 ﬁerid
2003 1047 2327 1118 peregrinis.
2379 1047 2494 1105 Hoc
2517 1064 2652 1121 ergo
2671 1049 2951 1121 signiﬁcat
2979 1055 3125 1124 quod
3167 1055 3222 1109 in
3254 1056 3427 1110 initiis

1823 1158 1931 1197 non
1959 1141 2178 1198 latuerit
2231 1152 2516 1212 peccatum
2560 1144 2820 1215 imputari
2851 1149 3204 1218 apudDeum,
3228 1149 3431 1206 hocest

1827 1235 2024 1290 vixisse
2052 1252 2064 1287 :
2098 1236 2195 1291 sed
2241 1251 2370 1292 cum
2414 1240 2764 1296 Consuetudo
2791 1241 3054 1311 peccandi
3088 1241 3191 1297 hoc
3218 1243 3435 1298 oblitte-

1825 1339 2025 1396 rasset,
2050 1337 2324 1386 mortuum
2353 1333 2683 1388 mstimatum
2710 1343 2832 1400 est;
2863 1336 3146 1390 utcrimen
3167 1349 3292 1391 cum
3312 1351 3436 1406 per-

1828 1439 1960 1479 sona
2001 1424 2241 1480 deiicere
2269 1433 2570 1495 putaretur.
2604 1426 2737 1482 Cum
2774 1438 2954 1484 autem
2988 1427 3116 1484 data
3144 1438 3291 1485 esset
3317 1428 3430 1484 Lex

1828 1517 1915 1573 vel
1941 1515 2253 1584 reformata,
2285 1519 2484 1574 revixit
2511 1519 2654 1594 apud
2668 1535 2782 1585 eos,
2810 1521 2954 1591 apud
2985 1536 3124 1592 quos
3157 1530 3433 1578 mortuum

1827 1612 2158 1668 aestimatum
2215 1623 2369 1681 erat;
2428 1625 2717 1686 cmperunt
2778 1617 2923 1672 enim
2974 1617 3120 1674 scire
3169 1617 3430 1688 imputari

1836 1716 2140 1775 peccatum.

1901 1799 2085 1871 (Vers.
2123 1799 2238 1873 10.)
2278 1799 2396 1874 Ego
2425 1813 2602 1860 autem
2645 1815 2882 1862 mortuus
2905 1822 3042 1861 sum.
3077 1806 3327 1862 Mortuus
3355 1815 3444 1862 est

1831 1895 2029 1960 homo;
2054 1895 2182 1966 quia
2215 1895 2360 1952 videt
2387 1912 2450 1952 se
2477 1913 2630 1954 reum
2654 1913 2777 1954 esse
2804 1899 2948 1968 apud
2978 1899 3172 1964 Deum,
3195 1898 3285 1969 qui
3313 1906 3444 1955 ante

1829 2001 1887 2042 se
1945 1987 2167 2057 putabat
2222 2004 2333 2046 non
2387 1988 2630 2046 futurum
2683 1993 2982 2048 obnoxium
3044 2007 3113 2052 ex
3173 1991 3258 2048 his
3320 2006 3444 2063 quae

1830 2080 2113 2150 peccabat.

1905 2172 1972 2228 Et
2004 2175 2265 2232 inventum
2291 2185 2367 2234 est
2393 2177 2524 2232 milii
2547 2179 2872 2244 mandatum,
2899 2180 3040 2250 quod
3060 2191 3171 2236 erat
3191 2182 3259 2236 ad
3288 2181 3447 2237 vitam

1831 2265 2029 2331 datum,
2062 2265 2158 2320 hoc
2187 2283 2297 2323 esse
2326 2270 2395 2322 ad
2424 2279 2660 2324 mortem.
2709 2269 2910 2326 Verum
2942 2280 3048 2336 est,
3081 2272 3205 2341 quia
3233 2271 3349 2328 Lex
3379 2272 3445 2327 ad

1833 2358 1996 2414 vitam
2043 2361 2170 2418 data
2198 2372 2282 2416 est
2314 2381 2325 2415 :
2361 2364 2457 2419 sed
2505 2380 2628 2419 cum
2676 2364 2955 2421 hominem
3010 2381 3120 2421 non
3173 2367 3352 2422 solum
3380 2368 3448 2422 de

1833 2455 2114 2526 praeterito
2137 2497 2153 2522 ,
2192 2456 2290 2512 sed
2322 2465 2379 2512 ει
2408 2458 2474 2514 de
2511 2458 2700 2514 futuro
2738 2469 3058 2529 peccantem
3089 2477 3243 2517 reum
3276 2462 3405 2518 fecit
3437 2502 3452 2526 ,

1837 2558 1859 2583 θ
1891 2547 2030 2604 facta
2059 2557 2143 2605 est
2169 2548 2283 2606 Lex
2313 2549 2438 2608 data
2469 2551 2538 2607 ad
2566 2552 2753 2618 vitam,
2785 2569 2910 2609 esse
2936 2553 3006 2610 ad
3037 2562 3273 2610 mortem
3307 2573 3319 2607 :
3351 2557 3450 2610 sed

1833 2650 1895 2697 ut
1922 2642 2056 2710 dixi,
2085 2645 2374 2714 peccanti;
2428 2646 2553 2716 quia
2583 2645 2972 2712 obedientibus
3018 2649 3237 2720 proiicit
3263 2650 3329 2705 ad
3362 2651 3444 2706 vi-

1836 2744 1965 2790 tam.

1909 2828 2092 2900 (Vers.
2129 2831 2245 2902 11.)
2289 2829 2429 2887 Nam
2456 2842 2747 2903 peccatum,
2781 2834 3052 2891 occasione
3099 2845 3312 2906 accepta
3355 2855 3448 2909 per

1836 2926 2164 2993 mandatum,
2197 2927 2403 2982 seduxit
2433 2945 2534 2995 me,
2569 2937 2619 2986 et
2646 2945 2737 3000 per
2764 2929 2899 2984 illud
2923 2929 3133 2986 occidit.
3159 2929 3454 2988 Peccatum

1838 3016 1942 3073 hoc
1974 3021 2093 3074 loco
2121 3020 2400 3076 diabolum
2435 3021 2702 3093 intelligc,
2756 3024 2848 3094 qui
2895 3033 3086 3080 auctor
3114 3026 3322 3094 peccati
3351 3034 3456 3081 est.

1839 3111 1936 3168 llic
1967 3114 2314 3168 occasionem
2352 3131 2446 3184 per
2477 3115 2656 3188 legem
2681 3115 2917 3182 invenit,
2941 3117 3218 3188 quomodo
3250 3118 3452 3174 crude-

134 3209 404 3265 subtiliter
439 3208 678 3275 fallere;
711 3210 970 3281 quoniam
997 3211 1051 3264 in
1081 3207 1226 3282 Lege
1257 3210 1384 3265 data
1409 3212 1595 3266 amisit
1639 3211 1812 3286 (ιο-ρ
1843 3205 2056 3262 litatcm
2107 3222 2263 3264 suam
2307 3208 2376 3264 de
2432 3223 2569 3265 ncce
2619 3209 2858 3265 hominis
2899 3210 3161 3272 satiaret;
3222 3220 3282 3266 ut
3331 3211 3460 3281 quia

136 3301 364 3357 minium
397 3300 678 3367 diabolus,
712 3303 893 3359 sciens
947 3303 1222 3360 hominem
1252 3303 1318 3359 ad
1354 3303 1446 3361 Dei
1472 3304 1734 3375 judicium

135 3393 199 3448 de
229 3404 430 3451 cetero
463 3396 756 3466 pertinere.

205 3491 327 3546 Sine
357 3489 498 3563 Lege
551 3491 686 3545 enim
729 3500 1001 3562 peccatum
1031 3501 1297 3546 mortuum
1328 3500 1457 3548 erat.
1492 3491 1607 3548 Hoc
1637 3491 1740 3549 du-

141 3585 261 3657 plici
293 3602 504 3659 genere
557 3585 973 3659 intelligendum
1003 3599 1108 3653 est,
1144 3597 1202 3642 ut
1255 3598 1310 3644 et
1362 3586 1638 3645 diabolum
1689 3590 1744 3644 in

139 3690 353 3749 peccato
379 3681 531 3738 scias
557 3680 947 3752 signiﬁcatum,
980 3691 1001 3719 ο
1032 3691 1087 3736 ει
1118 3679 1412 3752 ltocipsum
1436 3689 1743 3751 peccatum,

149 3775 282 3843 quod
317 3785 550 3830 vocatur
571 3785 876 3845 peccatum.
904 3774 1147 3830 Mortuus
1175 3775 1319 3829 enim
1349 3773 1554 3829 dicitur
1582 3773 1751 3829 fuisse

141 3866 426 3935 diabolus;
465 3869 593 3940 quia
654 3869 904 3924 cessabat
934 3868 1288 3925 abillnsione
1338 3867 1575 3924 hominis
1623 3875 1753 3924 ante

143 3959 355 4033 Legem,
386 3961 488 4018 sed
517 3969 640 4018 erat
689 3962 842 4033 quasi
875 3961 1133 4033 quietus;
1189 3975 1416 4018 securus
1461 3961 1605 4016 enim
1637 3968 1754 4017 erat

145 4053 206 4111 de
235 4056 590 4126 possessione
623 4055 762 4127 ejus.
795 4054 1084 4112 Peccatum
1117 4066 1297 4112 autem
1327 4063 1601 4110 mortuum
1635 4068 1756 4110 esse

145 4147 326 4217 dixit;
380 4149 518 4220 quia
570 4149 861 4219 putabatur
911 4149 1051 4220 quod
1093 4165 1200 4204 non
1235 4147 1755 4222 itnputareturapud

151 4240 353 4297 Deum:
388 4243 517 4298 ideo
543 4242 686 4313 apud
730 4242 1010 4298 hominem
1073 4249 1346 4298 mortuum
1403 4252 1558 4310 erat,
1602 4243 1757 4315 quasi

146 4335 361 4404 impune
395 4343 750 4406 peccaretur.
784 4334 918 4389 Nam
946 4351 1052 4390 non
1085 4335 1288 4391 latebat
1323 4338 1760 4406 peceatum,sic-

149 4442 201 4487 ut
231 4447 395 4502 supra
430 4431 548 4488 dixi
588 4450 601 4486 :
641 4431 736 4488 sed
769 4432 1124 4504 ignorabatur
1153 4433 1276 4498 hoc,
1327 4433 1450 4504 quia
1485 4433 1628 4489 Deus
1673 4432 1761 4504 ju-

148 4525 422 4581 dicaturus
475 4535 581 4582 est.
613 4525 768 4595 Quod
799 4542 920 4581 cum
954 4526 1077 4582 data
1119 4526 1260 4598 Lege
1303 4528 1646 4583 manifestum
1680 4535 1766 4582 est

1850 3298 1991 3356 fLex
2014 3303 2348 3357 comminata
2368 3312 2455 3358 est
2478 3302 2884 3372 peccatoribus,
2902 3302 3067 3358 homo
3081 3303 3463 3377 “instinctu

1846 3393 1964 3465 ejus
1996 3395 2268 3467 prohibita
2299 3413 2520 3467 semper
2549 3398 2864 3464 admittens,
2895 3397 3108 3455 oﬂ‘eiiso
3137 3400 3270 3465 Deo,
3304 3400 3464 3454 ultio-

1845 3503 1972 3546 nem
2029 3489 2193 3563 Legis
2255 3492 2602 3557 incurreret;
2645 3501 2703 3546 ut
2726 3493 2796 3548 ab
2824 3506 2888 3548 ea
2911 3507 3036 3563 qua:
3063 3491 3144 3548 illi
3177 3493 3463 3564 profutura

1849 3583 1972 3640 data
2002 3593 2142 3652 erat,
2174 3583 2549 3640 damnaretur.
2581 3584 2717 3652 Quia
2749 3587 2896 3640 enim
2920 3586 3088 3642 invito
3110 3586 3210 3642 illo
3236 3586 3360 3642 data
3382 3598 3465 3643 est

1849 3674 1990 3743 Lex,
2023 3679 2232 3734 exarsit
2262 3678 2464 3734 invidia
2491 3678 2760 3735 adversus
2790 3679 3091 3747 hominem,
3121 3690 3316 3736 uteum
3347 3696 3464 3736 am-

1853 3770 1996 3840 plius
2029 3770 2238 3826 viti0sis
2260 3771 2632 3842 voluptatibus
2658 3771 2984 3840 macularet,
3010 3788 3080 3829 ne
3108 3787 3304 3829 manus
3331 3773 3455 3844 ejus

1855 3862 2139 3918 evaderet.

1930 3954 2111 4027 (Vers.
2145 3955 2258 4027 12.)
2298 3955 2484 4028 Itaque
2506 3955 2617 4014 Lex
2635 3957 2841 4025 quidem
2868 3968 3070 4025 sancta,
3094 3967 3142 4013 et
3163 3958 3467 4016 mandatum

1855 4059 2112 4117 sanctum,
2145 4057 2189 4103 et
2209 4052 2433 4122 justum,
2459 4059 2506 4104 et
2532 4049 2740 4106 bonum.
2771 4049 2835 4108 Ut
2865 4051 3002 4108 nihil
3023 4049 3269 4109 adversm
3291 4052 3470 4124 suspi-

1860 4145 2035 4202 cionis
2064 4153 2374 4200 remaneret
2402 4143 2458 4200 in
2489 4142 2655 4216 Lege,
2689 4146 2768 4201 sic
2797 4144 2944 4202 illam
2998 4146 3374 4214 commendat,
3407 4156 3468 4202 ut

1861 4255 1970 4294 non
2018 4239 2193 4294 solmn
2221 4240 2423 4308 justam
2483 4237 2646 4305 hanc,
2686 4239 2783 4295 sed
2810 4249 2866 4295 et
2895 4251 3146 4296 sanctam
3175 4250 3231 4296 et
3269 4240 3470 4296 bonam

1866 4334 2202 4404 pronuntiet.
2236 4332 2368 4388 Nam
2407 4332 2725 4388 mandatum
2775 4331 2979 4404 Legem
3032 4331 3266 4403 intelligi
3305 4348 3473 4388 evan-

1863 4429 2067 4500 gelicus
2096 4444 2278 4484 sermo
2313 4437 2563 4483 testatur.
2599 4426 2695 4483 Ait
2747 4428 2933 4481 enim:
2970 4425 3034 4482 Si
3079 4427 3154 4481 uis
3200 4427 3268 4482 ad
3316 4427 3472 4484 vitam

1865 4521 2059 4587 venire,
2084 4537 2230 4576 serva
2252 4520 2500 4575 mandata
2523 4519 2736 4592 (Matth.
2771 4535 2892 4586 xix,
2941 4518 3055 4590 17).

149 4620 422 4675 revixisse
445 4627 758 4691 peccatum.
809 4620 988 4689 Quare
1047 4621 1266 4688 revixit,
1320 4621 1425 4676 nisi
1467 4622 1594 4693 quia
1633 4629 1761 4676 ante
1787 4627 1844 4689 D
1941 4613 2122 4684 (verso
2161 4614 2274 4683 15-)
2320 4614 2473 4680 Ωυοά
2499 4629 2620 4684 ενθο
2659 4613 2849 4667 bonum
2891 4621 2986 4678 εει,
3018 4611 3146 4667 mihi
3194 4630 3332 4671 ’ποτε
3353 4627 3426 4670 εει
3454 4618 3479 4670 7

152 4713 377 4781 vixerat,
417 4724 477 4770 et
510 4724 702 4786 postea
729 4712 939 4770 desidia
970 4713 1249 4770 hominum
1282 4726 1557 4770 mortuum
1605 4716 1754 4771 aesti-

152 4819 348 4865 mutum
378 4821 496 4876 est,
543 4825 666 4864 cum
702 4809 960 4864 viveret?
993 4808 1294 4865 Putabatnr
1345 4808 1490 4864 enim
1523 4826 1627 4864 non
1660 4811 1760 4864 im-

153 4905 323 4972 putari
358 4912 673 4976 peccatum,
707 4919 829 4958 cum
863 4903 1247 4976 imputaretur.
1277 4903 1482 4960 Vivens
1508 4919 1640 4975 ergo
1660 4919 1760 4976 pro

158 5011 368 5056 mortuo
399 5000 729 5056 habebatur.

224 5087 407 5165 (Vers.
439 5093 528 5168 9.)
567 5091 682 5166 Ego
711 5103 884 5150 autem
904 5094 1132 5149 vivebant
1155 5094 1264 5150 sine
1293 5093 1427 5166 Lege
1455 5091 1759 5163 aliquando.

159 5187 292 5256 Quid
341 5199 430 5247 est
473 5191 594 5247 sine
641 5187 818 5261 Lege,
863 5204 984 5246 cum
1014 5188 1125 5246 Lex
1159 5203 1378 5260 semper
1407 5187 1590 5255 fuerit,
1624 5188 1770 5244 sicut

232 5375 256 5406 ι
295 5365 443 5424 Edit.
479 5366 728 5438 quaedam
752 5365 952 5432 Paris.,
970 5363 1102 5420 nihil
1123 5375 1290 5419 tamen
1308 5363 1621 5437 jucundum.
1646 5360 1767 5417 Non

165 5440 289 5495 satis
314 5449 469 5496 ante.

229 5459 524 5568 ῗίῗξιξέι.
555 5511 688 5566 edit.
717 5527 748 5565 a
778 5510 973 5582 quibus
1002 5509 1104 5564 hoc
1153 5508 1272 5564 solo
1328 5505 1550 5564 recessit
1603 5506 1762 5562 Rom.

169 5583 304 5653 quod
359 5597 527 5639 voces
558 5583 665 5637 alio
691 5582 882 5640 ordine
913 5582 1205 5637 collocavit
1233 5600 1246 5634 :
1281 5595 1415 5635 mss.
1441 5588 1622 5653 autem
1656 5593 1769 5653 maf

167 5649 270 5722 ᾖ)ιὶ
326 5671 563 5714 numero
589 5697 604 5722 ,
660 5672 811 5724 quem
854 5655 908 5709 in
954 5653 1248 5712 conditione
1272 5669 1325 5706 se
1353 5651 1618 5724 (nonnulli
1651 5649 1770 5718 sua)

205 5739 370 5796 rapter
400 5721 824 5798 peccatum—Adit:
843 5725 1027 5798 habere
1049 5721 1474 5798 gratulabantur;
1495 5721 1585 5798 alii
1615 5737 1774 5785 vero,

194 5795 295 5852 icet
316 5795 590 5870 corrupti,
621 5800 786 5870 magis
843 5797 910 5854 ad
963 5795 1096 5854 edit.
1155 5796 1427 5854 accedunt
1454 5795 1771 5857 lectionem,

181 5883 333 5938 quant
362 5869 689 5929 retinemus.

1867 4707 2030 4761 Absit.
2066 4706 2205 4762 Vere
2244 4705 2427 4771 absit;
2473 4704 2615 4762 unde
2647 4707 2792 4761 enim
2832 4705 2950 4762 ﬁeri
2985 4715 3179 4776 potest,
3226 4718 3287 4763 ut
3333 4709 3479 4780 quod

1869 4805 2073 4858 bonum
2100 4818 2223 4858 esse
2250 4801 2532 4872 probatur,
2557 4815 2704 4855 mors
2730 4800 3114 4872 intelligatur?

1942 4897 2048 4953 Sed
2063 4905 2324 4966 peccatum
2343 4903 2397 4949 ut
2416 4903 2963 4966 appareatpeccatum,
2988 4910 3080 4966 per
3103 4895 3292 4949 bonum
3343 4893 3476 4949 mihi

1873 5001 2138 5061 operatum
2167 5000 2239 5044 est
2270 4999 2503 5044 mortem.
2542 4988 2829 5044 Diabolum
2871 4987 3004 5044 dicit
3032 5005 3129 5060 per
3157 4991 3356 5046 bonum
3383 5003 3478 5046 oc-

1875 5083 2476 5152 casionemacccpisse,
2512 5092 2569 5137 ut
2613 5082 2816 5138 malum
2873 5094 3198 5154 operaretur
3244 5082 3476 5148 homini,

1875 5181 2003 5236 dum
2035 5179 2189 5234 illum
2217 5176 2427 5233 seducit
2449 5176 2514 5230 ad
2545 5186 2778 5233 mortem
2803 5193 2819 5243 ;
2865 5176 2992 5248 quia
3021 5185 3082 5232 ut
3107 5193 3169 5233 ea
3198 5191 3321 5248 qua:
3348 5185 3476 5232 aute

1950 5369 1970 5396 ε
2014 5357 2176 5412 Rom.
2212 5353 2370 5428 edit.,
2404 5365 2449 5410 et
2474 5357 2566 5410 hoc
2588 5357 2760 5428 ipsum
2787 5355 2927 5427 quod
2952 5368 3160 5411 vocatur
3185 5364 3474 5428 peccatum.

1875 5429 2116 5484 Mortuus
2143 5429 2279 5481 enim
2307 5427 2570 5482 dicebatur
2601 5427 2859 5482 diabolus.

1947 5500 1974 5540 ιι
2017 5502 2144 5557 Voei
2193 5501 2478 5570 peregrinis
2530 5501 2857 5556 subnectunt
2881 5513 2988 5554 non
3013 5497 3168 5568 pauci
3209 5513 3340 5558 mss.
3372 5519 3474 5557 non

1876 5591 1994 5628 rem
2027 5590 2046 5628 :
2075 5572 2167 5628 sed
2205 5587 2392 5640 parum
2422 5575 2575 5626 scite.

1953 5656 1975 5682 ε
2017 5645 2173 5700 Rom.
2199 5644 2330 5697 edit.
2362 5643 2500 5708 sola,
2520 5645 2722 5696 inventa
2746 5650 2821 5695 est
2847 5639 2955 5694 Lee:
2974 5639 3117 5708 data,
3145 5652 3256 5698 etc.

1956 5715 1976 5752 ί
2023 5716 2142 5771 Vet.
2177 5715 2307 5770 edit.
2338 5729 2459 5768 cum
2489 5729 2622 5766 mss.
2673 5728 2776 5763 non
2823 5713 3024 5779 paucis,
3059 5710 3166 5767 Lex
3209 5717 3474 5774 dominata

1877 5798 1990 5851 est;
2028 5787 2184 5844 Rom.
2220 5785 2350 5842 edit.
2383 5800 2506 5840 eum
2539 5784 2660 5840 aliis
2691 5796 2844 5845 mss.,
2879 5779 2988 5837 Lex
3006 5787 3318 5842 comminata
3339 5799 3433 5844 est.
