4082 6306
157 295 273 350 115
1061 291 1556 352 COMMENTARIA
1597 290 1664 349 IN
1704 289 2099 350 EPISTOLAM
2139 293 2230 348 AD
2271 293 2621 356 ROMANOS.
3395 301 3502 358 ιη

158 417 186 444 ε
222 410 335 466 sed
393 414 790 484 praevaricatio
820 413 983 468 boni?
1027 410 1291 480 Quoniam
1347 411 1510 482 primi
1562 409 1798 466 hominis
1826 412 1875 470 A
1902 408 2086 464 animo
2114 409 2325 468 habitat
2344 416 2760 484 peccatum,sed
2789 417 2841 472 in
2864 431 3049 485 carne,
3071 432 3194 490 quae
3213 426 3374 475 estex
3394 417 3505 473 ori-

153 517 391 574 corpus
409 516 744 577 corruptum
761 515 841 562 est
858 521 952 577 per
973 514 1251 576 peccatum
1277 502 1798 575 utpossitdissolvi:
1900 503 2028 574 gine
2057 505 2240 562 carnis
2273 508 2500 577 peccati,
2537 519 2590 564 et
2636 524 2734 580 per
2781 512 3057 569 traducem
3087 515 3146 569 lit
3165 515 3348 570 omnis
3370 527 3503 569 caro

155 597 289 668 ipsa
343 601 577 670 peccati
630 601 906 671 corruptio
937 616 1030 671 per
1057 600 1434 656 conditionem
1477 597 1799 655 offensionis
1901 597 2138 667 peccati.
2168 597 2226 654 Si
2252 599 2394 655 enim
2421 600 2602 655 anima
2629 600 2698 656 de
2727 603 2948 661 traduce
2969 615 3116 661 esset
3143 604 3159 642 ί
3197 614 3251 662 et
3279 607 3420 678 ipsa,
3445 614 3501 661 et

156 703 372 750 manet
397 696 456 750 in
491 711 751 767 corpore,
778 697 1150 752 roburtenens
1171 695 1367 751 divinae
1393 695 1680 751 sententiae
1702 693 1798 749 da-
1899 688 1955 746 in
1987 690 2104 762 ipsa
2135 691 2408 750 habitaret
2457 704 2772 765 peccatum;
2801 699 2924 768 quia
2955 699 3134 755 anima
3163 699 3297 756 Adzc
3327 700 3500 771 magis

158 795 236 842 tre
296 789 358 843 in
415 789 625 857 Adam,
657 789 798 861 quod
851 801 932 847 est
958 789 984 828 ι)
1008 791 1222 862 signum
1273 789 1500 853 diaboli,
1540 788 1694 860 cujus
1716 789 1800 845 in-
1896 786 2165 857 peccavit,
2189 803 2350 858 quam
2378 802 2580 859 corpus
2610 807 2624 844 :
2659 790 2754 846 sed
2784 802 3061 862 peccatum
3089 794 3286 849 anima:
3305 808 3500 849 corru-

153 883 386 938 stinctu
414 883 686 954 peccavit.
715 883 818 940 Per
846 883 899 939 id
930 899 1062 954 ergo
1079 884 1221 955 quod
1245 883 1369 939 facti
1401 897 1563 939 causa
1591 891 1795 950 manet,

156 975 504 1034 inhabitare
536 978 744 1034 dicitur
769 986 1055 1049 peccatum
1089 978 1140 1034 in
1171 993 1358 1045 carne,
1391 977 1455 1032 ad
1488 992 1649 1049 quam
1680 976 1793 1032 dia-

163 1070 342 1126 holus
372 1070 621 1136 accedit,
653 1071 808 1142 quasi
838 1071 907 1126 ad
939 1085 1090 1126 suam
1120 1071 1318 1142 legem,
1346 1081 1400 1126 et
1425 1078 1615 1126 manet
1640 1071 1794 1142 quasi

161 1162 221 1218 in
256 1172 504 1234 peccato
533 1174 816 1237 peccatum
843 1181 857 1231 ;
889 1165 1012 1236 quia
1065 1179 1194 1220 caro
1230 1165 1341 1236 jam
1373 1165 1582 1235 peccati
1605 1174 1706 1230 est,
1739 1176 1796 1220 ut

161 1256 428 1329 decipiat
462 1258 744 1315 hominem
799 1257 1246 1331 suggestionibus
1295 1257 1492 1324 malis;
1535 1273 1602 1315 ne
1630 1258 1794 1315 homo

166 1349 370 1418 faciat,
407 1351 559 1422 quod
593 1351 839 1423 pmcipit
859 1352 966 1408 lex.

241 1441 402 1498 Nam
430 1445 566 1500 velle
613 1445 825 1516 adjacet
874 1444 1024 1500 mihi.
1059 1444 1193 1501 Tam
1235 1444 1377 1501 bona
1407 1446 1629 1513 asserit,
1668 1461 1791 1518 qua:

158 1534 330 1607 jubet
358 1537 500 1606 Lex,
533 1548 592 1594 ut
641 1539 962 1596 naturaliter
988 1539 1088 1595 sihi
1115 1540 1328 1611 placere
1379 1539 1549 1607 dicat,
1581 1550 1637 1597 et
1659 1541 1793 1597 velit

160 1630 386 1686 facere.
423 1628 692 1702 Per/icere
719 1643 890 1688 autem
917 1633 1105 1688 bonum
1133 1649 1235 1688 non
1261 1634 1482 1690 invenio.
1514 1635 1583 1690 Et
1615 1635 1792 1706 placet

162 1740 309 1796 ergo
341 1726 492 1797 quod
520 1741 553 1782 a
579 1725 725 1798 Lege
759 1727 1005 1798 jubetur,
1036 1737 1092 1784 et
1113 1727 1364 1784 voluntas
1392 1738 1477 1784 est
1507 1729 1738 1785 faciendi
1769 1748 1784 1784 :

1899 879 1980 952 pit
2005 895 2224 950 corpus.
2249 880 2306 936 In
2339 897 2505 939 carne
2535 898 2669 956 ergo
2700 884 2909 940 habitat
2932 895 3212 957 peccatum
3241 889 3394 959 quasi
3426 887 3495 942 ad

1893 971 2090 1044 januas
2118 974 2350 1042 animm;
2381 983 2442 1032 ut
2471 993 2580 1033 non
2605 978 2750 1034 illam
2801 980 3082 1051 permittat
3119 981 3199 1037 ire
3227 997 3334 1053 quo
3361 983 3494 1038 vult.

1897 1067 1954 1125 In
1980 1069 2162 1126 anima
2191 1079 2373 1127 autem
2404 1080 2430 1119 ε
2453 1073 2496 1128 si
2536 1071 2827 1142 habitaret,
2887 1089 3182 1146 numquam
3213 1090 3272 1131 se
3295 1090 3498 1147 cogno-

1895 1171 2078 1219 sceret
2108 1163 2272 1220 homo
2302 1181 2314 1218 :
2343 1179 2486 1221 nunc
2514 1173 2694 1220 autem
2735 1167 3014 1237 cognoscit
3041 1181 3122 1234 se,
3155 1177 3210 1223 et
3238 1168 3496 1226 condele-

1895 1267 2074 1314 ctatur
2095 1257 2200 1329 legi
2230 1259 2346 1316 Dei.

1969 1351 2150 1425 (Vers.
2165 1352 2460 1425 25.)Video
2481 1363 2652 1410 autem
2663 1354 2824 1410 aliam
2847 1355 3010 1428 legem
3027 1355 3080 1408 in
3111 1353 3349 1410 membris
3368 1356 3496 1410 meis

1893 1454 2260 1518 repugnantem
2287 1447 2387 1518 legi
2408 1448 2592 1502 mentis
2606 1463 2735 1503 mea:
2760 1457 2806 1502 et
2829 1448 3093 1518 captivum
3118 1463 3198 1501 me
3229 1447 3500 1502 ducentem

1893 1537 1946 1592 in
1961 1539 2122 1608 legem
2138 1540 2332 1610 peccati
2355 1548 2552 1608 quatest
2569 1541 2623 1594 in
2646 1541 2883 1594 membris
2893 1541 3038 1594 meis.
3065 1540 3206 1594 Duas
3219 1539 3366 1610 leges
3380 1554 3496 1596 me-

1893 1641 2068 1687 morat
2091 1646 2157 1687 cx
2170 1631 2367 1702 quibus
2382 1647 2542 1687 unam
2570 1632 2622 1688 in
2653 1632 2912 1688 membris
2924 1633 3039 1688 suis
3055 1631 3244 1690 videre
3257 1647 3318 1689 se
3339 1631 3494 1703 flagi-

1893 1737 1990 1796 tat,
2008 1729 2056 1784 id
2077 1738 2181 1798 est,
2199 1730 2250 1784 iu
2268 1732 2542 1789 exteriore
2552 1731 2794 1800 homine,
2813 1733 2902 1802 qui
2918 1743 3004 1789 est
3021 1748 3150 1789 caro
3169 1733 3253 1789 vel
3269 1749 3487 1804 corpus.

161 1819 269 1876 sed
301 1830 363 1875 ut
396 1820 714 1892 impleatur,
766 1829 1006 1892 potestas
1031 1831 1085 1877 et
1113 1823 1286 1877 virtus
1311 1821 1492 1888 deest;
1539 1824 1666 1894 quia
1707 1823 1787 1878 sic
1815 1822 1864 1883 B
1891 1822 2018 1880 Haec
2048 1834 2134 1882 est
2156 1823 2241 1880 lex
2271 1826 2522 1893 adversa,
2551 1826 2667 1883 haec
2697 1842 3007 1899 repugnans
3037 1829 3240 1898 animo,
3268 1829 3494 1885 trahens

165 1929 403 1987 pressus
428 1923 513 1970 est
542 1924 810 1986 potestate
841 1916 1066 1986 peccati,
1109 1925 1168 1971 ut
1215 1930 1321 1971 non
1371 1916 1541 1987 possit
1571 1917 1648 1971 ire
1675 1931 1780 1987 quo

166 2007 314 2074 vult,
346 2023 529 2080 neque
551 2009 729 2064 valeat
752 2009 1156 2074 contradicere;
1191 2010 1319 2079 quia
1347 2010 1635 2080 potestatis
1664 2010 1782 2081 ejus

170 2101 320 2158 alter
349 2111 436 2157 est
463 2103 749 2158 Dominus.
794 2101 969 2158 llomo
1025 2102 1174 2159 enim
1224 2103 1336 2174 jam
1383 2102 1781 2159 consuetudine

178 2195 445 2264 peccandi
502 2206 778 2267 gravatur,
827 2205 883 2252 et
928 2196 1138 2252 facilius
1193 2195 1498 2252 succumbit
1557 2207 1780 2266 peccato

181 2300 352 2356 quam
373 2287 498 2360 legi,
543 2304 700 2360 quam
733 2289 840 2344 scit
868 2290 1008 2346 bona
1040 2288 1278 2355 docere;
1308 2303 1374 2344 ac
1401 2289 1446 2344 si
1476 2288 1608 2344 velit
1635 2288 1776 2344 bona

180 2377 392 2447 facere,
423 2381 610 2450 premit
639 2381 790 2436 illum
821 2381 1180 2448 consuetudo,
1211 2381 1460 2452 adjutore
1486 2381 1728 2437 inimico.

251 2471 436 2540 (Vers.
463 2471 578 2544 i9.)
618 2473 740 2528 Non
771 2475 903 2530 enim
920 2474 1058 2546 quod
1074 2475 1210 2541 uolo,
1243 2474 1384 2546 facio
1413 2474 1604 2528 bonum
1635 2491 1654 2529 :
1686 2475 1776 2529 sed

171 2567 314 2636 quod
339 2568 459 2622 nolo
478 2568 692 2637 malum,
715 2568 815 2624 hoc
843 2585 961 2642 ago.
992 2569 1150 2640 Saepe
1180 2569 1402 2640 repetit,
1420 2567 1773 2625 uldilucidet.

171 2657 288 2715 line
316 2675 448 2732 ergo
468 2670 574 2729 est,
603 2662 748 2733 quod
776 2677 938 2734 supra
987 2662 1195 2718 dictum
1228 2671 1333 2729 est,
1359 2663 1484 2734 quia
1515 2671 1576 2717 ut
1599 2663 1773 2734 capti-

170 2767 269 2810 vus
325 2769 426 2826 per
479 2755 822 2827 supradictas
864 2771 1058 2813 causas
1113 2757 1244 2814 illud
1276 2769 1297 2795 ε
1329 2759 1540 2830 cogitur
1569 2757 1773 2824 facere,

170 2847 318 2920 quod
363 2851 476 2904 vult
502 2860 806 2921 peccatum.

242 2941 430 3013 (Vers.
461 2943 577 3016 20.)
618 2944 679 3000 Si
727 2955 894 3001 autem
949 2947 1085 3017 quod
1115 2945 1256 3014 nolo,
1299 2946 1392 3000 hoc
1435 2947 1616 3016 facio;
1657 2949 1774 3020 jam

172 3053 272 3092 non
294 3054 390 3109 ego
411 3055 599 3110 aperor
622 3041 779 3109 illud,
808 3041 898 3095 sed
919 3039 1058 3113 quod
1086 3040 1280 3096 habitat
1303 3040 1355 3096 in
1378 3057 1458 3095 me
1478 3050 1768 3111 peccatum.

171 3126 195 3166 ἀ
219 3131 336 3188 Hoc
358 3143 444 3188 est
468 3132 613 3204 quod
637 3134 748 3204 jam
777 3149 938 3205 supra
973 3135 1322 3201 memoravit,
1367 3135 1492 3205 quia
1543 3147 1771 3204 pressus

1888 1919 2039 1974 illum
2066 1920 2341 1990 captivum
2367 1921 2419 1976 in
2451 1919 2821 1976 conditionem
2876 1921 3118 1992 peccati;
3143 1937 3210 1978 ne
3236 1922 3376 1978 ultra
3410 1924 3491 1977 iu-

1885 2012 2142 2084 grediens
2171 2013 2411 2069 inveniat
2439 2024 2792 2071 assertorem.
2837 2015 2957 2071 Alia
3003 2027 3089 2072 est
3132 2015 3222 2073 lex
3269 2015 3490 2082 mentis,

1885 2121 2008 2178 quae
2036 2115 2120 2162 est
2147 2106 2231 2162 lex
2259 2107 2452 2180 Moysi,
2477 2109 2561 2164 vel
2593 2109 2890 2174 naturalis,
2924 2125 3046 2180 qua:
3082 2119 3167 2166 est
3193 2109 3246 2165 in
3283 2110 3487 2166 animo.

1884 2198 2012 2256 Haec
2044 2215 2229 2270 pressa
2250 2209 2334 2256 est
2367 2201 2624 2257 violentia
2659 2203 2887 2272 peccati,
2917 2203 3242 2274 negligentia
3264 2201 3483 2273 quidem

1883 2308 2006 2361 sua,
2021 2294 2146 2364 quia
2169 2295 2296 2349 dum
2321 2293 2501 2366 diligit
2519 2295 2674 2363 vitia,
2695 2295 2916 2365 subjicit
2931 2311 2992 2352 se
3013 2304 3254 2366 peccato,
3285 2304 3343 2350 ut
3371 2296 3485 2366 ipsa

1883 2385 2286 2442 consuetudine
2316 2398 2594 2443 teneretur
2615 2387 2825 2458 captiva
2852 2385 3197 2455 ;dominatur
3217 2387 3360 2442 enim
3386 2389 3486 2442 ho-

1884 2479 2015 2535 mini
2067 2479 2435 2536 consuetudo.
2491 2479 2732 2547 Quatuor
2760 2479 2980 2550 quidem
3011 2479 3160 2548 leges
3191 2480 3432 2534 nominat
3469 2498 3482 2532 :

1884 2572 2310 2644 primamlegem
2341 2571 2669 2642 spiritalem,
2701 2586 2824 2642 quae
2869 2579 2952 2627 est
2981 2571 3145 2627 etiam
3195 2571 3488 2636 naturalis,

1881 2682 2003 2740 qua:
2034 2665 2330 2723 reformata
2361 2674 2446 2722 est
2473 2680 2570 2736 per
2593 2664 2844 2737 Moysen,
2878 2672 2933 2720 et
2957 2665 3130 2735 posita
3156 2665 3209 2719 in
3247 2664 3487 2720 auctori-

1883 2770 2013 2829 tate,
2046 2763 2160 2832 ipsa
2185 2770 2270 2816 est
2295 2760 2390 2816 Dei
2417 2759 2536 2816 Lex
2564 2777 2578 2813 :
2609 2759 2812 2815 deinde
2835 2758 3007 2830 legem
3037 2759 3481 2815 mentiscousen-

1881 2853 2104 2910 tientem
2161 2851 2268 2924 legi
2297 2851 2395 2907 Dei
2428 2870 2440 2906 :
2479 2852 2698 2908 tertiam
2732 2851 2906 2922 legem
2947 2850 3182 2922 peccati,
3223 2865 3382 2921 quam
3413 2866 3480 2906 ex

1881 2944 2331 3018 praevaricatione
2355 2945 2516 3015 primi
2541 2944 2779 3000 hominis
2805 2943 2857 2998 iu
2889 2943 3150 2999 memhris
3177 2943 3309 2998 dicit
3332 2943 3487 2998 habi-

1882 3049 1995 3095 tare
2024 3047 2309 3109 :quartam
2342 3051 2472 3092 vero
2523 3051 2649 3108 qua:
2678 3037 2730 3091 in
2764 3035 3030 3092 membris
3075 3034 3314 3098 videtur,
3353 3033 3481 3090 dtuu

1879 3132 2019 3186 mala
2038 3130 2298 3202 suggerit,
2330 3140 2386 3184 et
2414 3129 2640 3186 recedit.
2674 3128 2780 3185 Sed
2812 3128 2898 3184 ha:
2940 3128 3320 3199 legesiterata:
3344 3143 3480 3199 qua-

171 3234 224 3282 et
248 3226 573 3298 subjugatus
603 3237 848 3298 peccato,
879 3243 985 3284 uon
1034 3243 1210 3292 suam,
1240 3227 1335 3283 sed
1369 3226 1515 3281 illius
1559 3224 1768 3296 perficit
1797 3231 1842 3294 (ζ
1878 3235 1998 3281 tuor
2038 3224 2309 3291 videntur,
2365 3240 2490 3281 cum
2521 3224 2632 3281 sint
2659 3223 2802 3291 duae,
2837 3223 2891 3279 id
2919 3231 3026 3291 est,
3058 3223 3200 3280 bona
3231 3234 3288 3280 et
3309 3223 3473 3279 mala.

173 3319 536 3377 voluntatem.
579 3320 848 3393 Numquid
901 3321 1025 3392 quia
1078 3321 1311 3377 invitum
1333 3319 1609 3376 hominem
1640 3318 1772 3374 dicit

170 3427 423 3483 peccare,
456 3415 714 3472 immunis
737 3414 900 3470 debet
954 3415 1123 3471 videri
1157 3430 1185 3469 a
1217 3415 1446 3470 crimine
1472 3430 1487 3479 ;
1517 3413 1640 3485 quia
1667 3412 1770 3468 hoc

171 3505 303 3577 agit,
335 3507 484 3580 quod
514 3523 623 3564 non
654 3508 788 3576 vult,
814 3523 1035 3578 pressus
1063 3509 1112 3562 vi
1146 3506 1468 3578 potestatis?
1497 3505 1620 3561 Non
1665 3505 1772 3560 uti-

172 3615 315 3671 que;
370 3601 545 3673 ipsius
598 3602 744 3658 enim
778 3601 910 3658 vitio
933 3611 988 3658 et
1012 3601 1218 3656 desidia
1269 3601 1383 3656 haec
1409 3609 1587 3670 empta
1621 3609 1768 3654 sunt.

170 3693 279 3766 68
303 3696 444 3764 Quia
475 3696 618 3751 enim
647 3698 971 3768 mancipavi!
1001 3712 1060 3752 se
1091 3711 1187 3766 per
1212 3711 1498 3751 assensum
1525 3706 1768 3765 peccato,

168 3787 288 3857 jure
311 3791 466 3846 illius
502 3788 838 3855 dominatur;
869 3792 1096 3862 primum
1129 3789 1274 3847 enim
1307 3789 1520 3855 suadet,
1549 3798 1571 3824 ε
1597 3799 1656 3844 ut
1693 3788 1774 3844 vi-

172 3895 258 3939 cto
277 3885 391 3956 jam
419 3885 753 3942 dominetur.
801 3886 1097 3957 Apostolus
1124 3894 1303 3941 autem
1335 3894 1392 3941 ut
1418 3885 1647 3956 gratiam
1676 3884 1771 3939 Dei

175 3978 454 4047 praeferat,
483 3979 600 4036 haec
624 3980 848 4051 exponit
875 3980 944 4035 de
969 3980 1187 4050 quantis
1215 3978 1374 4035 malis
1406 3978 1680 4035 hominem
1709 3977 1774 4032 li-

173 4070 473 4140 beraverit,
503 4083 596 4128 aut
616 4089 740 4144 qua:
761 4074 922 4130 exitia
954 4089 1022 4129 ex
1053 4073 1225 4128 Adam
1252 4073 1436 4142 trahit,
1477 4089 1599 4144 qua:
1643 4087 1774 4129 vero

171 4163 440 4222 beneﬁcia
484 4181 583 4236 per
634 4166 910 4222 Christum
957 4177 1288 4222 consecutus
1335 4177 1452 4232 est;
1483 4177 1540 4223 ut
1563 4169 1649 4223 cui
1673 4184 1773 4225 nec

175 4256 280 4312 Lex
311 4259 539 4330 quidem
570 4259 862 4315 subvenire
893 4261 1086 4331 potuit,
1118 4261 1542 4316 demonstraret.

245 4351 432 4424 (Vers.
462 4352 578 4423 ‘21.)
617 4351 833 4432 invenio
856 4355 1009 4425 igitur
1037 4355 1220 4427 Legem
1242 4354 1428 4410 volenti
1451 4356 1578 4408 mihi
1606 4359 1776 4427 facere

178 4443 384 4510 bonum,
412 4445 536 4514 quia
565 4445 698 4498 inest
729 4444 856 4498 mihi
879 4446 1090 4499 malum.
1141 4445 1342 4516 Legem
1374 4446 1542 4516 Moysi
1574 4445 1774 4502 asserit

179 4537 442 4594 voluntati
471 4553 583 4594 sua:
606 4538 740 4595 dare
765 4555 1092 4595 consensum
1119 4550 1312 4596 contra
1333 4551 1613 4611 peccatum
1627 4541 1772 4612 quod

1879 3318 1989 3375 Lex
2018 3318 2161 3374 enim
2181 3317 2380 3374 mentis
2409 3319 2524 3386 ipsa
2553 3326 2638 3375 est
2664 3317 2752 3374 lex
2798 3317 3087 3388 spiritalis,
3137 3318 3252 3373 sive
3286 3317 3478 3389 Moysi,

1875 3431 1997 3486 quae
2052 3424 2278 3470 vocatur
2320 3414 2406 3470 lex
2463 3414 2601 3470 Dei:
2637 3412 2847 3484 peccati
2875 3426 3006 3467 vero
3061 3411 3144 3466 lex
3175 3411 3366 3468 eadem
3397 3422 3483 3466 est

1876 3525 1998 3582 qua:
2029 3520 2084 3566 et
2113 3510 2202 3565 illa
2223 3553 2238 3578 ,
2267 3524 2429 3580 quam
2461 3509 2516 3563 in
2544 3504 2803 3564 membris
2825 3505 2959 3562 dicit
2978 3505 3171 3573 videri,
3201 3521 3322 3576 qua:
3343 3520 3478 3562 cou-

1880 3603 2094 3660 tradicit
2115 3602 2218 3673 legi
2241 3603 2443 3658 mentis
2465 3610 2686 3657 nostrae.

1950 3696 2376 3768 (Vers.24,25.)
2419 3693 2621 3765 Infelix
2667 3709 2764 3763 ego
2794 3693 2968 3757 homo,
2997 3691 3110 3762 quis
3140 3707 3219 3746 me
3247 3691 3485 3746 liberabit

1878 3789 1943 3842 de
1969 3804 2181 3860 corpore
2211 3788 2389 3842 mortis
2411 3787 2571 3858 hujus
2595 3785 2619 3838 ?
2645 3782 2828 3838 Gratia
2859 3782 2958 3838 Dei
2980 3800 3072 3854 per
3097 3781 3278 3837 Jesum
3305 3781 3487 3837 Chris-

1878 3892 1986 3936 tum
2013 3879 2290 3934 Dominum
2316 3889 2567 3934 nostrum.
2594 3876 2870 3933 Infelicem
2890 3876 3164 3932 hominem
3181 3874 3334 3942 dicit,
3357 3878 3482 3947 quia

1880 3973 2122 4029 nascitur
2155 3972 2257 4027 sub
2285 3981 2530 4040 peccato.
2559 3968 2836 4040 Numquid
2864 3984 2973 4024 nou
3007 3984 3135 4024 vere
3166 3967 3352 4024 infelix
3399 3979 3485 4025 est

1881 4068 2064 4136 homo,
2098 4067 2264 4139 quiin
2295 4065 2436 4122 hanc
2463 4065 2838 4122 haereditatem
2872 4063 3337 4134 praevaricationis
3359 4077 3483 4119 suc-

1879 4162 2072 4225 cessit.
2105 4159 2130 4198 ιι
2157 4161 2370 4217 hostem
2400 4176 2590 4217 secum
2640 4159 2848 4216 habens
2877 4168 3182 4228 peccatum,
3216 4148 3312 4228 per
3340 4159 3486 4229 quod

1879 4256 1946 4313 ad
1971 4257 2125 4312 illum
2156 4256 2362 4312 aditum
2395 4255 2566 4311 habet
2595 4254 2876 4310 Satanas?
2904 4253 3115 4310 Gradus
3145 4253 3289 4307 enim
3312 4251 3484 4308 fabri-

1879 4351 2025 4408 cavit
2055 4349 2256 4418 Adam,
2312 4366 2408 4420 per
2438 4363 2576 4420 quos
2599 4349 2667 4403 ad
2712 4348 2854 4403 filios
2881 4347 3002 4418 ejus
3030 4346 3374 4416 exspoliator
3401 4360 3488 4401 as-

1880 4446 2092 4513 cendit,
2122 4445 2225 4502 nisi
2251 4444 2716 4500 clementissimus
2767 4443 3029 4499 Dominus
3053 4450 3237 4498 motus
3266 4441 3488 4498 miseri-

1881 4539 2067 4596 cordia
2097 4539 2331 4609 gratiam
2359 4552 2513 4593 suam
2546 4552 2642 4608 per
2670 4535 2948 4591 Christum
2975 4535 3254 4601 dedisset;
3296 4533 3310 4572 ί
3349 4543 3406 4590 ut
3434 4545 3491 4590 et

180 4631 228 4687 in
256 4647 426 4690 carne
454 4631 682 4699 habitat,
714 4633 858 4706 quod
885 4633 1030 4690 aliud
1061 4635 1207 4703 cogit
1233 4633 1436 4702 facere,
1455 4649 1616 4704 quam
1632 4634 1774 4704 quod
1804 4648 1857 4710 D
1883 4634 2184 4690 relevatum
2214 4647 2387 4705 genus
2440 4632 2736 4686 humanum
2784 4629 3107 4686 remissione
3139 4639 3488 4700 peccatorum

183 4725 295 4781 vult
321 4726 490 4782 homo
513 4736 562 4782 et
594 4726 728 4781 Lex.

249 4820 434 4890 (Vers.
463 4819 582 4897 22.)
621 4819 958 4877 Condelector
975 4823 1108 4876 enim
1123 4821 1247 4894 Legi
1273 4821 1370 4877 Dei
1395 4824 1676 4877 secundum
1699 4823 1778 4878 in-

185 4912 420 4968 teriorem
445 4912 722 4968 hominem.
756 4913 1010 4967 Animum
1037 4913 1121 4968 his
1139 4913 1402 4969 obiectari
1429 4913 1582 4980 dicit,
1614 4930 1733 4982 qua:
1752 4931 1780 4969 a

184 5004 324 5078 Lege
354 5006 683 5062 traduntur:
717 5007 803 5062 hic
830 5017 915 5064 est
944 5007 1174 5063 interior
1193 5009 1397 5074 homo;
1428 5007 1557 5079 quia
1588 5022 1696 5064 non
1729 5008 1784 5064 in

257 5153 280 5180 ἰ
323 5143 530 5200 Eadem
559 5144 692 5200 edit.
720 5142 903 5208 Rom.,
959 5141 1050 5196 sed
1077 5143 1296 5214 privatio
1328 5142 1466 5198 boni.

255 5213 282 5253 δ
322 5216 532 5271 Omnes
567 5216 699 5270 edit.
737 5217 940 5287 signum
974 5213 1100 5285 legis
1147 5215 1364 5269 diaboli.
1390 5254 1403 5268 .
1433 5254 1446 5266 .
1476 5254 1488 5267 .
1528 5215 1791 5286 .peccatvit

190 5287 388 5353 Adam;
420 5301 610 5341 omnes
633 5301 762 5340 mss.
785 5296 842 5340 ut
870 5287 920 5339 in
945 5294 1221 5340 contextu.

262 5370 284 5397 ε
326 5359 489 5414 Rom.
516 5357 648 5413 edit.
679 5371 801 5412 cum
832 5372 964 5430 mss.
997 5358 1345 5430 quibusdam,
1376 5358 1575 5430 cogitur
1621 5360 1790 5430 facere

189 5441 477 5497 peccatum,
509 5429 646 5497 quod
679 5447 781 5484 non
818 5429 944 5483 vult.
997 5428 1217 5484 Minime
1246 5429 1388 5484 male
1419 5428 1553 5485 {sed
1605 5428 1786 5485 tamen

192 5501 423 5556 aliarum
455 5499 585 5572 edit.
612 5511 663 5554 et
694 5515 824 5556 mss.
862 5501 1023 5556 lectio
1055 5515 1160 5555 non
1187 5509 1267 5555 est
1298 5500 1596 5556 deserenda
1624 5517 1638 5564 ;
1670 5518 1788 5572 pec-

193 5572 536 5696 Iclattlt’mlenim
566 5571 654 5624 hic
682 5580 764 5626 est
795 5573 846 5626 in
874 5582 1027 5626 recto
1051 5587 1204 5639 casu,
1237 5573 1491 5643 idemque
1534 5571 1693 5628 sonat
1722 5589 1784 5629 ac

235 5659 278 5696 la
323 5662 352 5696 0
381 5658 465 5696 IIS.

234 5645 465 5700 iabolus.

74 5711 94 5724 ”
264 5711 297 5790 ἀν
329 5715 499 5790 Co_rb.
525 5717 671 5781 cod.,
695 5712 810 5769 Hoc
832 5726 903 5770 est
935 5715 1196 5782 diabolus,
1224 5733 1373 5790 quem
1403 5733 1560 5790 supra
1594 5734 1790 5773 memo-

198 5789 345 5861 rguit.
397 5786 613 5861 Rursus
639 5796 835 5861 antem
863 5796 987 5861 post
1019 5803 1212 5844 versus
1237 5786 1447 5861 aliquot
1467 5786 1575 5858 pro
1596 5791 1719 5845 vitio
1749 5799 1797 5846 et

201 5852 417 5913 desidia.
456 5857 603 5912 idem
639 5857 756 5912 cod.
790 5852 1030 5924 exhibet,
1064 5861 1184 5913 vitio
1226 5871 1272 5912 et
1301 5852 1575 5913 desiderio.

1879 4737 2125 4800 accepta,
2172 4728 2240 4784 de
2286 4736 2486 4784 caetero
2533 4727 2704 4798 possit
2760 4725 3124 4796 resipiscere,
3155 4738 3412 4795 represso
3433 4733 3491 4779 et

1886 4823 2142 4878 damnato
2192 4832 2437 4893 peccato.
2481 4821 2669 4877 Potest
2721 4820 2870 4874 enim
2899 4825 3226 4873 exoneratus
3250 4817 3407 4872 malis
3436 4826 3493 4871 et

1886 4923 2149 4986 purgatus
2179 4914 2442 4970 resistere
2455 4911 2792 4978 adversario,
2817 4917 3088 4980 potestate
3118 4918 3336 4979 recepta
3360 4922 3493 4962 con-

1891 5017 1973 5064 tra
1997 5008 2173 5074 illum,
2197 5007 2329 5064 dum
2357 5006 2645 5078 adjuvatur
2673 5020 2704 5061 a
2737 5003 2871 5058 Deo.
2923 5001 3020 5058 Hic
3046 5002 3200 5074 quasi
3228 5000 3403 5070 legem
3433 5001 3494 5052 li-

1974 5156 1996 5183 θ
2037 5145 2220 5203 Codex
2247 5146 2514 5213 Corb.,ut
2541 5146 2731 5200 invicto
2771 5144 2956 5198 uitium
2995 5143 3112 5213 jam
3160 5140 3492 5204 dominetur;

1893 5217 1986 5290 alii
2018 5218 2289 5290 nonnulli,
2313 5228 2367 5272 ut
2393 5220 2576 5273 uitium
2595 5221 2714 5290 jam
2744 5215 3057 5290 dominetur.

1921 5295 1923 5297 ’
1971 5288 1989 5327 τ
2032 5279 2290 5346 Nonnulli
2315 5305 2472 5348 mss..
2501 5299 2546 5344 et
2574 5279 2745 5354 ipsum
2774 5287 2958 5358 inipsa
2986 5283 3262 5338 habitaret.
3289 5279 3361 5358 _l‘n
3378 5283 3493 5358 ani-

1891 5377 1977 5416 nto
1995 5372 2168 5417 autem
2193 5379 2295 5416 non
2321 5353 2631 5433 permittitur
2675 5353 2908 5433 habitare
2954 5363 3162 5426 propter
3216 5353 3493 5408 arbitrium

1889 5433 2108 5490 liberum
2136 5431 2434 5489 uoluntatis;
2467 5431 2640 5503 Igitur
2666 5431 2722 5484 in
2741 5444 2919 5494 carne,
2951 5436 3057 5503 etc.

1965 5516 1989 5553 8
2029 5506 2195 5562 [idem
2222 5505 2370 5570 cod.,
2397 5506 2441 5559 si
2462 5498 2739 5566 habitaret,
2780 5498 3102 5570 perturbaret
3150 5511 3299 5565 eum,
3344 5513 3407 5552 ne
3441 5513 3496 5554 se

1891 5579 2103 5632 omnino
2147 5585 2490 5647 cognosceret.

1965 5649 1990 5686 ιι
2013 5638 2229 5704 Omnes
2246 5649 2402 5711 edit.,
2417 5646 2666 5717 hospitem
2686 5655 2855 5696 secum
2871 5638 3095 5708 habens;
3122 5655 3311 5697 omnes
3335 5654 3493 5708 mss.,

1897 5723 2094 5776 hostem
2117 5735 2289 5774 secum
2319 5718 2532 5772 habens.

1981 5791 1994 5828 ί
2040 5791 2274 5864 namss.
2331 5790 2510 5864 plures
2541 5783 2929 5864 potioresque:
2964 5783 3050 5841 alii
3094 5799 3224 5844 vero
3248 5793 3304 5842 et
3330 5783 3488 5842 edit.

1901 5863 1978 5917 uti
1995 5857 2296 5925 revelatum,
2321 5857 2428 5914 etc.
2455 5857 2568 5912 Non
2603 5857 2733 5909 satis
2750 5859 2918 5913 reete.
