4082 6306
593 309 700 368 415

1521 299 1616 362 AD
1649 295 1881 364 OPERA
1925 295 2174 364 εΑιιιοτι
2218 297 2544 364 AMBROSII
2597 295 2969 366 APPENDIX.

3808 311 3898 370 liti

590 427 677 481 dei
713 424 924 481 tertiam
951 421 1158 479 inducit
1185 421 1477 492 potiorem,
1501 435 1664 490 quam
1687 429 1744 478 et
1761 423 1992 492 gratiam
2015 429 2194 480 vocat:
2225 421 2274 486 Α
2301 425 2375 480 rit
2395 421 2420 461 ά
2447 423 2692 497 indagari
2721 427 2944 482 invitus.
2977 427 3114 483 Caro
3137 435 3316 482 alitem
3344 429 3466 498 quia
3493 429 3772 499 judicium
3805 447 3898 485 non

591 531 711 586 quae
733 532 794 571 ex
827 517 947 585 lege
969 523 1146 570 tamen
1175 515 1410 586 Spirilali
1433 515 1697 586 originem
1723 513 1924 582 habet;
1951 517 2194 586 quia'p'cr

593 610 731 664 lumc
752 608 1012 664 liberatus
1031 615 1118 664 est
1145 608 1331 676 homo,
1353 615 1412 661 ut
1439 607 1563 677 quia
1587 607 1804 679 Moyses
1824 608 1972 664 dedit
1995 609 2189 680 legem,

589 703 846 775 deditque
875 711 929 758 et
963 703 1244 770 Dominus,
1295 702 1423 757 duae
1453 703 1705 758 dicantur
1735 717 1877 758 :nna
1903 713 2081 759 tamen
2109 704 2194 759 in-

591 797 884 868 telligatur,
915 805 1176 868 quantum
1205 795 1272 851 ad
1299 809 1518 852 sensum
1547 807 1604 851 et
1627 796 2020 866 providentiam
2075 811 2198 868 per-

593 897 747 952 tinet.
783 895 876 950 Illa
909 895 1055 950 enim
1085 894 1348 950 initiatrix
1371 903 1451 950 est
1485 893 1700 962 salutis,
1723 895 1840 950 btrc
1881 911 2012 950 vero
2065 909 2198 951 con-

593 988 935 1044 summatrix.
969 987 1080 1046 Sed
1109 1001 1214 1042 non
1245 987 1384 1042 hanc
1411 995 1617 1058 partem
1645 987 1778 1056 legis
1807 987 1946 1053 tllCO,
1991 1003 2108 1058 qum
2139 987 2194 1042 in

595 1083 902 1139 nemneniis
950 1089 1037 1138 est
1087 1089 1142 1138 et
1187 1083 1239 1137 in
1279 1082 1696 1138 circumcisione
1727 1091 1776 1134 et
1821 1079 1872 1136 bl
1900 1083 2070 1148 escis;
2099 1080 2196 1137 scd

593 1193 717 1246 quae
767 1177 834 1232 ad
891 1187 1290 1232 sacramentum
1335 1175 1428 1230 Dei
1483 1176 1717 1245 pertinet
1743 1181 1798 1229 ct
1825 1174 2195 1244 disciplinam.

596 1274 784 1328 Gratia
811 1288 941 1342 ergo
985 1273 1079 1328 Dei
1105 1287 1202 1340 per
1231 1271 1508 1327 Christum
1537 1270 1798 1325 liberatus
1830 1281 1912 1325 est
1941 1271 2104 1326 homo
2131 1271 2200 1327 de

599 1379 834 1436 corpore
861 1367 1052 1423 mortis
1077 1367 1260 1435 hujus.
1291 1365 1444 1421 lianc
1477 1365 1610 1420 dicit
1637 1375 1892 1433 mortem,
1921 1381 2084 1436 quam
2112 1379 2202 1420 su-

601 1473 696 1528 pra
725 1459 962 1516 ostendit
989 1460 1041 1515 in
1075 1473 1262 1516 necem
1297 1457 1534 1514 hominis
1573 1473 1672 1528 per
1697 1467 1980 1528 peccaturo
2015 1458 2204 1513 inven-

605 1561 712 1607 tam
743 1551 884 1622 apud
913 1551 1118 1607 inferos
1138 1594 1152 1618 ,
1181 1565 1306 1622 quae
1337 1551 1650 1621 appellatur
1677 1550 1912 1606 secunda
1953 1567 1969 1606 :
2003 1565 2204 1619 corpus

600 1653 783 1701 autem
815 1647 1009 1701 mortis
1035 1655 1116 1702 est
1144 1653 1338 1700 cuncta
1371 1653 1624 1715 peccata;
1655 1645 1824 1699 multa
1857 1645 2002 1698 enim
2035 1659 2200 1699 unum

597 1753 800 1810 corpus
822 1747 966 1805 sunt,
989 1739 1197 1809 singula
1229 1741 1384 1809 quasi
1411 1738 1524 1811 89
1547 1738 1788 1794 membra
1835 1753 1946 1792 uno
1975 1745 2202 1796 auctore

2297 517 2489 582 habet,
2519 533 2698 588 neque
2737 535 2906 588 capax
2933 531 3014 575 est
3043 521 3391 576 discernendi
3421 521 3442 594 (
3465 531 3542 576 est
3573 523 3735 578 enim
3761 521 3901 578 bruta

2297 608 2522 678 natura)
2551 625 2658 664 non
2691 619 2864 681 pttleSl
2900 612 3121 668 inimico
3163 613 3367 669 aditum
3397 613 3704 681 claudere;
3735 631 3802 670 ne
3823 631 3906 671 ve-

2297 702 2454 758 niens
2501 703 2767 770 introeat,
2795 715 2955 775 atque
2999 705 3182 760 animo
3225 709 3498 762 contraria
3541 709 3822 774 suadeat,
3851 725 3904 766 ac

2297 815 2396 871 per
2443 800 2588 856 hoc:
2621 799 2808 866 Carne,
2841 801 2936 866 ait,
2968 803 3130 857 seruio
3172 803 3274 876 legi
3322 805 3540 874 peccati.
3569 802 3722 860 Cum
3773 805 3904 860 enim

2297 907 2438 948 unus
2467 893 2631 946 homo
2653 909 2822 951 carne
2847 905 3058 951 constet
3085 905 3143 951 et
3169 898 3370 965 anima,
3403 913 3470 954 ex
3499 897 3588 954 illa
3621 907 3788 970 parte
3817 915 3904 970 qua

2299 987 2472 1056 sapit,
2507 987 2615 1042 Deo
2641 987 2840 1054 servit;
2872 1003 2938 1042 ex
2969 988 3136 1043 altera
3169 999 3348 1046 autem
3382 1005 3484 1061 qua
3513 991 3766 1046 stolidus
3795 1001 3903 1060 est,

2301 1080 2406 1150 legi
2453 1081 2683 1151 peccati.
2713 1081 2769 1136 Si
2817 1093 2995 1136 autem
3029 1082 3194 1138 homo
3219 1084 3271 1138 in
3300 1097 3365 1138 co
3413 1085 3557 1154 quod
3585 1083 3780 1142 factus
3805 1095 3904 1154 est,

2303 1173 2690 1242 perdurasset,
2721 1188 2828 1230 non
2859 1183 3006 1230 esset
3039 1183 3278 1244 potestas
3325 1177 3548 1232 inimico
3595 1177 3670 1232 ad
3705 1193 3908 1233 carnem

2303 1266 2420 1336 ejus
2447 1267 2728 1332 accedere,
2759 1277 2812 1321 et
2845 1269 3044 1322 aninne
3075 1269 3352 1324 contraria
3381 1283 3706 1326 suctu-rare.
3739 1267 3810 1326 Ut
3829 1283 3910 1324 au-

2307 1367 2414 1416 tem
2461 1369 2608 1415 totus
2659 1361 2822 1415 homo
2867 1361 3092 1418 minime
3135 1370 3422 1432 reparatus
3469 1365 3676 1420 fuisset
3722 1363 3909 1418 Christi

2305 1455 2476 1525 gratia
2527 1453 2594 1508 ad
2641 1461 2836 1508 statum
2887 1453 3209 1524 pristinum,
3240 1457 3512 1512 sententia
3553 1453 3784 1511 obstitit
3805 1455 3910 1512 data

2306 1547 2358 1602 in
2407 1547 2576 1602 Adam
2609 1547 2762 1619 (Gen.
2793 1549 3035 1620 "1.17);
3073 1550 3314 1621 iniquum
3363 1551 3512 1606 enim
3561 1549 3913 1607 eratsolvere

2307 1642 2636 1698 sententiam
2665 1643 2788 1712 jure
2826 1643 3224 1714 depromptam.
3257 1645 3466 1702 Idcirco
3499 1656 3772 1702 manente
3809 1661 3914 1702 sen-

2310 1737 2502 1802 tentia,
2533 1736 2872 1804 providentia
2905 1737 2998 1792 Dei
3045 1737 3346 1794 remedium
3395 1741 3688 1795 inventum
3723 1749 3840 1806 est,
3867 1749 3914 1796 ut

605 1834 843 1896 inventa,
867 1847 938 1888 ex
965 1833 1164 1904 quibus
1186 1832 1352 1886 homo
1379 1841 1605 1902 ereptus
1639 1831 1813 1902 gratia
1869 1830 1962 1887 Dei
1987 1847 2084 1903 per
2107 1833 2202 1888 ba-
2233 1817 2282 1877 Β
2310 1831 2692 1887 redhiberetur
2721 1831 2926 1886 homini
2955 1831 3129 1898 salus,
3161 1848 3318 1902 quam
3353 1834 3580 1905 proprio
3611 1834 3756 1888 vitio
3799 1835 3916 1888 arni-

605 1928 886 1996 psismttm,
917 1927 1284 1996 supradictam
1317 1934 1545 1982 mortem
1577 1927 1766 1981 evasit.
1823 1925 2009 1996 Neque
2058 1927 2201 1982 enim

610 2025 662 2077 in
695 2039 898 2078 carnea
925 2037 1154 2091 corpore
1185 2021 1417 2092 positus,
1461 2021 1529 2076 de
1574 2035 1640 2077 eo
1691 2021 1810 2090 ipso
1865 2031 2112 2092 ereptum
2143 2035 2208 2078 se

610 2117 819 2171 diceret
849 2134 862 2168 :
893 2116 985 2170 sed
1035 2115 1136 2170 hoc
1191 2129 1392 2184 corpus
1429 2113 1604 2180 dixit,
1634 2113 1778 2184 quod
1825 2114 2079 2184 superius
2111 2127 2210 2184 per

613 2211 938 2280 baptismum
979 2217 1036 2265 et
1059 2209 1464 2266 observantiam
1493 2208 1651 2279 Legis
1681 2209 1886 2265 destrui
1917 2209 2206 2280 signiﬁcat.

611 2303 745 2358 Nam
769 2311 822 2358 et
849 2319 972 2359 cum
1003 2303 1132 2359 dicit
1165 2319 1179 2357 :
1213 2302 1293 2358 De
1317 2317 1535 2372 corpore
1558 2303 1740 2356 mortis
1761 2345 1775 2370 ,
1803 2301 2044 2358 ostendit
2065 2303 2208 2358 aliud

608 2411 808 2466 corpus
829 2411 954 2452 esse
975 2411 1081 2451 non
1109 2397 1320 2451 mortis.

677 2487 850 2558 Igitur
898 2505 992 2560 ego
1039 2489 1146 2558 ipse
1177 2497 1340 2543 mente
1385 2488 1548 2543 servio
1575 2488 1678 2561 legi
1727 2487 1844 2543 Dei.
1877 2489 2080 2558 Legem
2117 2490 2212 2546 Dei

606 2595 728 2636 cum
777 2581 940 2649 dicit,
970 2595 1026 2638 et
1071 2583 1238 2655 Moysi
1291 2582 1565 2651 signiﬁcat
1595 2583 1770 2653 legem
1795 2625 1808 2646 ,
1839 2591 1864 2622 ⁸
1905 2591 1960 2638 et
1987 2582 2210 2638 Christi.

607 2672 777 2728 Carne
802 2683 974 2726 autem
1017 2675 1116 2744 legi
1149 2675 1364 2741 peccati.
1397 2672 1510 2746 Ego
1539 2675 1680 2743 ipse,
1717 2675 1768 2727 id
1799 2681 1914 2739 est,
1949 2675 2042 2743 qui
2077 2675 2216 2730 libe-

609 2779 760 2823 ratus
809 2781 927 2823 sum
969 2767 1038 2824 de
1081 2781 1312 2837 corpore
1353 2768 1563 2822 mortis.
1593 2768 1650 2822 In
1683 2783 1914 2835 corpore
1943 2777 2056 2832 est;
2082 2785 2218 2840 quo-

611 2863 774 2917 modo
815 2863 1083 2918 liberatus
1137 2871 1220 2917 est
1272 2862 1340 2917 de
1385 2877 1616 2932 corpore
1653 2863 1880 2928 mortis,
1937 2863 2044 2918 nisi
2093 2865 2222 2934 quia

609 2955 873 3010 liberatus
915 2963 1002 3011 est
1046 2969 1072 3006 a
1131 2955 1344 3010 cunctis
1373 2951 1562 3009 malis?
1593 2954 1860 3012 [lentissio
1905 2959 2050 3012 enim
2097 2971 2222 3026 pec-

611 3055 858 3103 catorum
910 3049 1090 3102 omnia
1153 3047 1294 3102 tollit
1359 3057 1596 3116 peccata.
1651 3047 1937 3103 Liberatus
1975 3063 2108 3118 ergo
2155 3049 2224 3104 de

614 3153 845 3209 corpore
898 3143 1090 3194 mortis
1137 3138 1308 3209 gratia
1358 3139 1455 3194 Dei
1523 3155 1620 3210 per
1689 3139 2000 3206 Christum,
2057 3151 2226 3196 mente

617 3233 702 3288 vel
757 3233 940 3287 animo
990 3233 1152 3288 servio
1175 3233 1274 3302 legi
1306 3231 1434 3296 Dei,
1465 3243 1622 3287 carne
1661 3241 1829 3287 autem
1855 3235 1956 3306 legi
1985 3236 2215 3306 peccati,
2244 3216 2290 3279 (ἶ

615 3323 668 3378 id
700 3333 815 3386 est,
847 3325 1046 3378 diaboli
1071 3365 1086 3390 ,
1115 3325 1204 3394 qui
1239 3339 1332 3393 per
1361 3325 1664 3391 subiectam
1692 3326 1794 3378 sibi
1823 3339 2044 3380 carnem
2097 3339 2223 3394 sug-

616 3419 892 3488 gestiones
940 3419 1106 3473 malas
1158 3420 1354 3490 ingerit
1398 3420 1614 3473 animae.
1663 3419 1802 3487 Quia
1849 3435 1978 3489 ergo
2019 3419 2218 3489 duplex

619 3527 696 3568 e5!
727 3513 913 3578 homo,
933 3513 960 3552 ιι
984 3529 1146 3568 carne
1165 3527 1461 3568 conversus
1484 3520 1541 3567 et
1561 3513 1764 3577 animo,
1792 3511 1893 3582 legi
1923 3511 2016 3566 Dei
2041 3520 2222 3570 mente

619 3608 829 3661 servire
860 3622 919 3660 se
947 3606 1117 3670 dixit;
1164 3607 1288 3675 quia
1321 3606 1535 3660 animus
1569 3605 1802 3660 devotus
1849 3615 1934 3660 est
1981 3604 2133 3667 Deo,
2165 3613 2222 3659 et

617 3713 934 3770 recuperata
960 3703 1042 3758 sui
1071 3711 1369 3774 potestate,
1399 3717 1703 3772 repugnare
1743 3711 1918 3770 potest
1963 3711 2216 3772 peccato,

618 3799 762 3871 quod
817 3811 912 3868 per
959 3811 1177 3853 carnem
1205 3805 1487 3868 operatur.
1521 3793 1656 3863 Quia
1703 3795 1849 3850 enim
1877 3807 2006 3849 caro
2031 3809 2224 3850 corru-

619 3902 706 3962 pta
737 3899 852 3957 est,
888 3899 943 3946 et
986 3889 1150 3945 morti
1203 3889 1477 3958 subjecta,
1512 3903 1638 3956 quas
1663 3889 1742 3944 sic
1785 3887 1924 3942 facta
1970 3897 2122 3954 erat,
2163 3895 2224 3944 ut

619 3985 884 4040 societate
922 3991 980 4038 et
1033 3983 1420 4050 conjunctione
1467 3983 1663 4035 animae
1709 3995 1818 4035 non
1876 3991 2218 4048 moreretur;

619 4074 1184 4145 recepit-desideria,
1213 4085 1234 4112 ο
1275 4083 1506 4144 quorum
1557 4073 1713 4142 quasi
1759 4085 1899 4127 onus
1949 4073 2222 4144 quoddam

618 4168 882 4224 transfert
923 4168 993 4222 ad
1026 4169 1299 4234 animum,
1323 4175 1465 4222 utet
1494 4166 1611 4236 ipse
1639 4175 1914 4235 gravetur.
1945 4168 2048 4222 Sed
2092 4169 2220 4240 quid

621 4262 831 4331 respuit
863 4259 1052 4314 illam?
1081 4259 1220 4316 Mors
1250 4260 1442 4331 gratia:
1471 4257 1587 4314 Dei.

697 4354 873 4410 Mente
916 4354 1228 4425 seruioelegi
1277 4353 1404 4418 Dei,
1436 4368 1590 4408 carne
1633 4363 1804 4409 autem
1847 4356 1946 4428 legi
1989 4359 2219 4428 peccati,

627 4451 768 4506 sicut
795 4450 998 4505 dictum
1030 4453 1134 4504 est.
1163 4447 1281 4504 Jam
1310 4448 1456 4504 enim
1481 4447 1622 4504 liber
1649 4449 1889 4515 animus,
1923 4461 1976 4506 et
2006 4453 2058 4507 in
2087 4467 2221 4510 con-

623 4541 972 4598 suetudinem
1003 4541 1199 4596 bonam
1249 4550 1569 4607 revocatus,
1603 4541 1808 4610 Spiritu
1837 4555 2028 4602 sancto
2067 4547 2222 4617 adju-

2309 1931 2486 1986 serat;
2515 1933 2538 1962 ε’
2583 1932 2642 1978 ut
2687 1923 2776 1979 hic
2833 1933 3055 1978 sanatus
3097 1925 3346 1980 crederet
3397 1927 3520 1996 quia
3573 1926 3914 1982 adversarius

2311 2019 2430 2088 ejus
2460 2017 2708 2072 devictus
2753 2019 2996 2089 potentia
3029 2019 3236 2074 Christi
3264 2062 3278 2088 ,
3311 2035 3419 2074 non
3451 2021 3726 2088 auderet,
3757 2029 3914 2075 trans-

2314 2121 2509 2182 pnncta
2555 2113 2827 2168 sententia
2861 2113 3050 2182 primm
3083 2113 3312 2180 mortis,
3363 2113 3646 2169 hominem
3689 2115 3794 2168 sibi
3833 2113 3914 2170 de-

2314 2205 2538 2261 fendere
2561 2248 2574 2271 ,
2605 2207 2841 2260 adunato
2869 2221 3074 2277 genere
3101 2207 3255 2269 Δάαι.
3289 2223 3354 2263 ne
3383 2207 3450 2262 ad
3483 2209 3684 2279 primm
3713 2207 3914 2279 rrigiais

2316 2297 2636 2354 redderetur
2681 2297 2940 2354 iacturam
2987 2299 3096 2370 jam
3149 2307 3292 2354 intus
3325 2313 3664 2370 permanens
3707 2303 3908 2356 immor-

2319 2391 2460 2446 talis.

2915 2485 3144 2542 CAPUT
3187 2484 3323 2540 VIII.

2393 2577 2573 2649 (Vers.
2605 2579 2630 2631 l
2646 2619 2660 2645 ,
2675 2577 2760 2650 ‘3.)
2785 2577 2938 2634 Nihil
2961 2595 3079 2652 ergo
3097 2597 3234 2634 nunc
3253 2579 3612 2635 damnationis
3641 2589 3722 2636 est
3743 2581 3822 2644 iis,
3841 2580 3910 2650 qui

2322 2681 2442 2726 sunt
2467 2673 2520 2726 in
2549 2669 2750 2726 Christo
2779 2671 2926 2738 lem,
2959 2675 3048 2743 qui
3077 2689 3179 2728 non
3203 2673 3482 2728 secundum
3509 2691 3726 2730 carnem
3751 2675 3908 2728 auibu-

2323 2768 2450 2822 lant.
2485 2765 2686 2820 Verum
2715 2775 2817 2830 est,
2850 2767 2972 2836 quia
3001 2767 3145 2821 nulla
3177 2767 3454 2822 damnatio
3483 2779 3566 2822 est
3595 2767 3812 2830 horum,
3835 2765 3908 2834 qui

2325 2871 2449 2916 sunt
2495 2863 2545 2914 in
2586 2859 2804 2915 Christo
2829 2861 2960 2916 Jcsu
2985 2903 2999 2926 ,
3027 2860 3132 2930 legi
3160 2859 3178 2898 ί
3213 2861 3302 2915 Dei
3333 2861 3574 2917 sollicite
3601 2863 3904 2916 servientes.

2325 2955 2436 3011 Lex
2463 2960 2595 3010 enim
2620 2956 2834 3026 spiritus
2875 2956 2989 3009 vita:
3017 2957 3070 3009 in
3103 2953 3308 3010 Christo
3342 2955 3468 3010 Iesu
3511 2957 3750 3010 liberauit
3793 2971 3862 3008 me
3883 2969 3908 3004 a

2330 3051 2438 3122 lege
2465 3051 2656 3124 peccati
2687 3061 2732 3104 et
2751 3051 2954 3105 mortis.
2979 3051 3338 3106 Securitatem
3367 3051 3399 3105 ll
3421 3051 3572 3120 ~giiztt
3603 3051 3807 3104 Ιιειιειὶιιὶ
3831 3063 3907 3116 per

2327 3145 2557 3214 gratiam
2609 3145 2732 3207 Dei,
2763 3151 2820 3198 ut
2861 3143 2931 3198 de
2969 3144 3407 3213 suggestionibus
3455 3143 3662 3198 diaboli
3719 3157 3824 3196 non
3853 3141 3908 3194 sit

2324 3241 2616 3304 sollicitus,
2651 3237 2944 3292 dummodo
2973 3247 3196 3308 spernat
3231 3237 3390 3303 illas;
3433 3237 3570 3292 nihil
3605 3241 3754 3292 enim
3793 3236 3904 3289 obe-

2323 3341 2454 3387 rttnt
2478 3331 2680 3386 homini
2713 3333 2852 3398 apud
2883 3341 3110 3386 mortem
3133 3331 3426 3386 secundam
3453 3347 3467 3396 ;
3501 3331 3628 3401 quia
3661 3331 3750 3386 les
3781 3325 3903 3390 ﬁdei,

2326 3427 2378 3482 id
2409 3433 2494 3482 est
2521 3427 2775 3494 spiritus,
2805 3427 3056 3482 liberavit
3087 3427 3356 3480 hominem
3382 3441 3410 3479 a
3440 3437 3618 3480 morte
3653 3423 3903 3486 secunda,

2325 3520 2581 3574 damnato
2610 3531 2830 3588 peccato
2855 3537 2868 3572 :
2899 3533 2998 3574 nec.
3023 3519 3180 3573 obest
3199 3519 3306 3588 jam
3335 3519 3562 3582 homini,
3596 3520 3724 3588 quia
3755 3513 3906 3568 carnis

2327 3615 2464 3669 inest
2517 3625 2818 3680 peceatum,
2852 3615 2897 3667 si
2945 3611 3107 3666 modo
3141 3623 3406 3683 repugnet
3435 3613 3544 3674 illi,
3575 3626 3786 3666 memnt-
3829 3623 3904 3662 au-

2327 3707 2444 3762 xilii
2491 3705 2631 3760 Dei:
2681 3707 2776 3761 sed
2829 3713 2886 3758 et
2927 3705 3274 3760 coronandus
3301 3715 3420 3766 est.
3467 3703 3560 3774 qui
3607 3704 3816 3774 peccati
3863 3699 3904 3754 in

2324 3815 2492 3856 carne
2519 3801 2787 3855 manentis
2819 3800 3016 3870 premit
3043 3799 3290 3865 consilia;
3347 3813 3536 3868 magna
3583 3799 3730 3854 enim
3755 3795 3904 3850 soler-

2326 3896 2396 3950 tia
2453 3903 2536 3951 est
2580 3894 2864 3949 domestici
2895 3893 3068 3948 bustis
3119 3893 3344 3949 insidias
3385 3893 3612 3949 evitare.
3661 3893 3770 3947 Lex
3797 3899 3905 3958 ergo

2327 3989 2555 4059 spiritus
2579 3989 2719 4053 vitm,
2757 3987 2870 4057 ipsa
2899 3995 2982 4041 est
3009 3987 3092 4042 lex
3127 3986 3250 4042 iidei
3283 4003 3295 4039 :
3331 4001 3454 4040 nam
3505 3995 3562 4040 et
3591 3985 3790 4057 Moysis
3831 3981 3902 4034 lex

2325 4084 2588 4154 spiritalis
2636 4092 2759 4150 est,
2811 4081 2934 4153 quia
2987 4079 3246 4153 prohibet
3287 4093 3542 4149 peccare;
3591 4093 3704 4134 non
3751 4086 3902 4131 tamen

2327 4179 2485 4242 vitte,
2515 4177 2638 4248 quia
2667 4177 2774 4232 reis
2797 4178 2988 4230 mortis
3019 4184 3237 4246 peccata
3261 4173 3544 4228 remittere
3571 4187 3682 4226 non
3711 4174 3870 4240 potest
3889 4203 3902 4224 ν

2330 4281 2353 4316 8
2379 4279 2438 4324 ut
2479 4271 2722 4325 viviﬂcet
2766 4269 3086 4324 morituros.
3119 4267 3244 4322 licet:
3293 4279 3426 4321 vero
3455 4265 3582 4335 quia
3609 4277 3662 4318 et
3705 4269 3906 4334 peccare

2327 4379 2432 4418 non
2459 4363 2592 4428 vult,
2623 4371 2680 4418 et
2703 4377 2730 4416 a
2755 4373 2930 4417 morte
2960 4369 3198 4426 retineat,
3229 4359 3314 4414 lex
3340 4359 3569 4428 spiritus
3589 4359 3713 4410 vine
3733 4349 3903 4426 appel-

2328 4455 2490 4518 latur,
2519 4471 2626 4508 nun
2659 4469 2756 4524 per
2785 4453 3017 4508 litteram
3045 4463 3334 4519 constans,
3369 4449 3462 4504 sed
3485 4450 3768 4520 spiritum;
3799 4441 3904 4515 quia

2325 4547 2492 4602 corde
2535 4547 2808 4613 creditur,
2835 4555 2891 4600 et
2917 4547 3142 4615 spiritus
3187 4555 3301 4612 est,
3335 4541 3476 4613 quod
3507 4543 3766 4598 (τοιίιιιιιυ.
3799 4537 3904 4594 lites

619 4647 783 4694 vante
807 4680 821 4704 ,
855 4637 1025 4692 malas
1055 4635 1436 4707 suggestiones
1467 4643 1648 4707 potest
1678 4651 1938 4708 spernere
1963 4655 1977 4706 ;
2011 4614 2222 4696 reddita
2248 4614 2302 4674 D
2331 4645 2512 4714 itaque
2541 4643 2648 4699 Lex
2699 4643 2750 4696 in
2781 4641 2890 4714 70
2919 4614 3136 4696 Christo
3166 4641 3292 4696 Jesn
3319 4681 3331 4704 ,
3368 4639 3471 4693 hoc
3499 4647 3600 4696 cst,
3641 4653 3736 4705 per
3765 4633 3902 4688 ﬁdem

620 4747 705 4793 est
731 4737 878 4793 etaim
903 4735 980 4791 illi
1006 4735 1302 4790 auctoritas
1327 4775 1341 4800 ,
1376 4749 1480 4805 qua
1513 4735 1710 4790 audeat
1755 4735 2014 4792 resistere
2047 4737 2225 4793 inluti-

617 4847 703 4886 co.
737 4829 842 4897 Qui
891 4829 1036 4886 enim
1062 4828 1174 4898 jam
1219 4843 1327 4883 non
1357 4837 1440 4884 est
1487 4828 1755 4885 obnoxius
1775 4871 1789 4896 ,
1821 4829 2042 4887 minime
2073 4841 2227 4902 pote-

691 4961 716 4988 ἰ
747 4949 906 5005 Rom.
943 4945 1074 5020 edit.
1103 4945 1217 5002 sola
1237 4989 1251 5014 ,
1286 4955 1332 5000 et
1355 4943 1770 5020 ChristiJgitur
1799 4961 1890 5020 ego
1921 4947 2047 5020 ipse.
2079 4948 2210 5016 Qum

616 5033 796 5080 autem
826 5019 1084 5076 continuo
1126 5027 1456 5088 sequuntur.
1486 5019 1656 5072 multo
1699 5019 2034 5074 contractius
2062 5021 2217 5076 Colli-

613 5103 767 5168 gunt,
798 5094 921 5168 cod.
949 5090 1138 5156 Corb.,
1173 5091 1387 5168 ’thuan.
1415 5099 1468 5144 et
1498 5089 1712 5168 Remig.
1739 5091 1790 5145 in
1812 5090 1955 5144 hunc
1974 5091 2213 5147 modum:

619 5160 718 5236 Qui
747 5167 993 5222 liberatus
1037 5160 1244 5236 sumde
1269 5177 1422 5236 carne
1457 5160 1838 5236 mortis‘juxta
1879 5173 2216 5236 nigrioratum

612 5233 853 5300 sonitum,
884 5245 1050 5291 mente
1092 5233 1170 5288 vel
1219 5233 1392 5288 animo
1436 5235 1599 5289 servio
1644 5234 1744 5300 legi
1793 5235 1906 5290 Dei.
1935 5233 2055 5290 Jam
2081 5237 2216 5290 enim

615 5311 741 5368 liber
768 5312 995 5374 animus,
1025 5317 1132 5362 etc.

685 5385 712 5425 δ
745 5383 906 5438 ιὶοιιι.
941 5377 1098 5448 edit.,
1128 5393 1281 5433 carne
1305 5385 1570 5432 concretus
1592 5387 1640 5434 et
1664 5379 1858 5433 animo.

691 5471 712 5496 ι
738 5456 860 5510 Vet.
892 5453 1025 5508 ειιιι.
1055 5467 1120 5506 ac
1165 5463 1295 5506 mss.
1327 5450 1572 5522 quidam,
1605 5465 1822 5522 quorum
1863 5453 2010 5520 quasi
2052 5451 2209 5504 hono-

613 5543 719 5580 rem
749 5525 1020 5594 quemdam
1054 5523 1208 5592 (mss.
1239 5521 1519 5589 nonnulli,
1551 5523 1834 5592 quondam)
1874 5525 2121 5593 transfert
2148 5523 2216 5576 ad

616 5601 844 5652 animum
873 5639 885 5660 ,
933 5605 990 5648 ut
1038 5596 1192 5648 etiant
1241 5595 1351 5662 ipse
1397 5605 1712 5662 generetur:
1742 5595 1922 5648 ueteri
1967 5609 2124 5658 vero,
2162 5603 2216 5649 ct

615 5671 747 5723 (ξύει.
800 5669 953 5720 ltum.
987 5673 1046 5721 ut
1083 5665 1137 5719 in
1182 5675 1479 5730 contextu,
1531 5665 1632 5719 nisi
1681 5665 1822 5732 quod
1875 5665 2030 5718 “Ulli.
2078 5665 2208 5728 edit.

613 5740 856 5811 pra-fert,
893 5747 948 5790 ut
981 5737 1150 5811 etiam
1181 5747 1478 5811 mereretur.
1511 5735 1578 5811 At
1603 5737 1859 5811 continuo
1902 5745 2024 5807 post
2051 5737 2209 5793 llom.

613 5806 744 5868 edit.
775 5809 1059 5878 reposuit:
1093 5807 1198 5862 Sed
1244 5811 1364 5882 quia
1391 5809 1583 5882 repulit
1612 5806 1754 5882 illam
1801 5806 2212 5882 utortertrgi'atia

615 5883 732 5950 Dei,
763 5883 836 5938 ait
863 5899 880 5936 :
911 5894 1012 5952 pro
1060 5893 1127 5935 eo
1175 5879 1317 5954 quod
1362 5879 1469 5936 vet.
1501 5879 1632 5934 edit.
1663 5879 1894 5946 habent,
1929 5879 2059 5934 Sed'
2086 5881 2210 5954 quid

2333 4735 2536 4792 Christi
2562 4778 2575 4802 ,
2607 4734 2798 4790 liberat
2842 4735 3156 4790 credentem
3193 4750 3222 4789 a
3252 4733 3370 4804 lege
3401 4730 3604 4803 peceati
3633 4737 3690 4785 et
3715 4723 3900 4784 mortis.

2333 4831 2448 4886 Lex
2498 4830 2708 4901 peccati
2757 4838 2868 4896 est,
2913 4845 3073 4900 quam
3101 4829 3154 4882 in
3201 4827 3466 4883 membris
3493 4825 3624 4880 dicit
3653 4823 3898 4880 habitare.

2319 4949 2510 5017 respuit
2539 4947 2687 5001 illam
2731 4944 2994 5017 mortem?
3038 4943 3220 4998 Gratia
3249 4941 3351 5017 Dci
3369 4958 3387 5017 ;_
3419 4956 3550 4997 mss.
3583 4955 3735 4998 rem.
3775 4933 3897 5017 illi"

2319 5006 2603 5078 contextu.
2641 5019 2740 5072 nisi
2774 5017 2914 5084 quod
2947 5016 3136 5086 legunt
3157 5017 3266 5087 qui.
3301 5006 3390 5068 ubi
3419 5029 3520 5068 nos
3547 5029 3610 5066 es
3641 5019 3754 5087 aut.
3785 5006 3896 5064 edit.

2321 5093 2644 5146 retinuimus
2685 5089 2829 5160 quid.
2865 5089 2956 5146 Est
2999 5084 3182 5143 autem
3229 5103 3366 5142 more
3407 5089 3590 5158 gratia:
3637 5084 3732 5138 Dei
3773 5087 3900 5135 mers

2322 5163 2434 5234 ipsa
2463 5161 2684 5218 Christi.
3835 5221 3846 5233 υ

2393 5231 2416 5256 λ
2447 5235 2644 5256 l\_-__,a-
2680 5231 2784 5256 ,ΑΖΔ
2867 5231 3108 5256 :-.J..--_..'
3150 5233 3202 5256 ι..
3235 5231 3370 5256 ..ῗσὲἒη
3393 5246 3406 5256 ι
3434 5241 3622 5256 nutu-no
3659 5241 3765 5256 una:
3831 5237 3897 5256 Hl-

2393 5231 2418 5271 ά
2447 5235 2646 5290 Omnes
2676 5231 2832 5299 edit.,
2867 5231 3108 5304 indagari
3147 5233 3202 5286 in
3235 5231 3406 5295 vitiis;
3432 5241 3623 5283 omines
3659 5241 3810 5288 mss,
3831 5231 3873 5274 in

2471 5309 2503 5358 ti
2531 5306 2735 5358 int-itus.

2321 5309 2503 5380 dagari
2531 5309 2735 5359 int-itus.

2398 5390 2419 5417 ι’
2453 5376 2706 5433 Nonnulli
2733 5391 2890 5442 mss.,
2917 5385 2973 5430 ut
2998 5377 3080 5432 hic
3097 5383 3308 5429 renotus
3343 5372 3587 5446 crederet.
3617 5369 3756 5446 Infra
3778 5375 3892 5446 vero

2321 5451 2410 5505 ubi
2459 5465 2650 5504 omnes
2689 5463 2820 5502 mss.
2870 5439 2933 5502 ac
2981 5457 3089 5502 vet.
3143 5447 3298 5509 edit.,
3333 5461 3394 5498 ne
3436 5445 3617 5517 primo
3661 5439 3890 5512 origini}.

2321 5523 2480 5578 Ront.
2515 5519 2644 5575 edit.
2679 5527 3016 5590 reposuerat.
3049 5529 3100 5572 ut
3133 5521 3346 5591 primm,
3377 5526 3484 5591 etc.
3570 5588 3578 5591 _
3671 5584 3682 5591 _
3837 5577 3864 5591 Δ,

2396 5593 2414 5631 ί
2447 5593 2580 5647 Cod.
2616 5584 2775 5646 Corb.
2813 5601 2868 5646 et
2913 5584 3143 5661 quidam
3159 5591 3280 5654 alii,
3313 5588 3458 5642 nulla
3505 5588 3602 5640 erit
3647 5584 3890 5661 damnatio

2318 5681 2498 5720 eorum
2524 5707 2536 5730 ,
2569 5665 2657 5732 qui
2703 5654 2972 5717 christiani
3005 5674 3146 5724 siml.
3181 5663 3248 5716 At
3279 5675 3433 5714 versu
3475 5654 3889 5732 sequentiﬂom.

2315 5737 2449 5792 edit.
2485 5729 2605 5791 cum
2639 5749 2769 5790 mss.
2803 5737 3096 5790 nonnullis.
3129 5736 3398 5786 devotione
3428 5731 3586 5784 animi
3613 5729 3888 5781 serricntes-

2393 5817 2419 5856 8
2451 5809 2652 5863 Omnes
2695 5806 2848 5874 edit.,
2881 5818 2936 5861 ut
2966 5805 3181 5876 viviﬁcet
3227 5813 3490 5869 mortuos;
3517 5813 3704 5856 omnes
3745 5803 3890 5870 prope

2318 5880 2508 5954 scripti
2531 5879 2680 5946 cod.,
2711 5919 2723 5934 .
2755 5919 2767 5934 .
2801 5922 2810 5934 .
2843 5920 2854 5932 .
2901 5878 3196 5936 morituros.
