4082 6306
196 305 316 366 117

1080 303 1588 370 communem
1629 297 1696 371 in
1737 313 2132 373 EPISTOLAM
2172 315 2264 373 AD
2304 309 2652 379 amusos.

3424 329 3526 384 iis

194 438 333 492 qua:
367 425 606 483 suadere
634 427 829 483 nititur
853 428 1072 483 adversa
1111 444 1122 481 ε
1153 425 1238 484 lex
1265 441 1396 485 vero
1428 428 1620 483 mortis
1648 427 1819 501 Moysi
1850 429 2144 491 A'Domini
2175 445 2203 484 a
2231 445 2397 486 carne
2442 443 2661 500 nostra;
2691 436 2743 491 in
2793 453 2953 494 causa
3002 440 3146 496 enim
3179 440 3374 497 similis
3403 454 3486 498 est
3508 485 3524 510 ,

192 514 298 571 lex
331 526 456 582 est,
486 517 609 588 quia
659 517 952 574 mortiﬁcat
993 531 1330 589 peccatores.
1363 518 1494 574 Nam
1536 528 1591 574 et
1629 521 1679 574 in
1711 520 1815 574 alia

195 609 443 680 epistola
500 611 644 666 inter
689 624 889 668 caetera
939 611 1066 668 dicit
1094 612 1164 668 de
1193 615 1522 668 auctoritate
1550 611 1683 686 legis
1715 631 1727 666 :
1756 613 1818 669 Si

193 702 527 757 ministratio
574 705 756 757 mortis
803 709 1026 776 formata
1053 706 1106 759 in
1133 704 1394 777 lapidibus
1422 705 1522 776 fuit
1567 707 1618 759 in
1651 706 1817 775 gloria

195 794 276 867 (ll
311 793 436 850 Cor.
465 812 545 863 tu,
572 796 652 868 7).

278 887 401 944 Non
453 904 583 960 ergo
635 891 942 947 mirandum
980 893 1023 948 si
1058 893 1142 948 lex
1169 893 1436 965 spiritalis
1479 891 1692 948 dicatur
1718 934 1732 959 ,
1760 901 1819 949 et

191 986 295 1043 lex
335 989 568 1054 mortis;
600 1004 722 1044 cum
772 1000 825 1046 et
869 989 1218 1061 Evangelium
1269 989 1463 1046 eodem
1515 989 1678 1045 modo
1725 989 1815 1044 sit.

194 1081 352 1138 Dicit
383 1083 531 1138 enim
565 1085 672 1138 alio
702 1085 825 1140 loco
850 1085 992 1140 inter
1021 1095 1217 1142 ca-tera
1252 1105 1263 1140 :
1289 1087 1421 1140 Aliis
1454 1086 1580 1139 odor
1608 1086 1722 1139 vim:
1750 1085 1819 1139 ad

192 1182 398 1244 vitam,
432 1178 552 1232 aliis
596 1181 724 1233 odor
763 1181 945 1235 mortis
991 1180 1060 1234 ad
1092 1190 1305 1234 mortem
1353 1179 1428 1251 (ll
1462 1180 1581 1234 Cor.
1610 1196 1668 1244 ll,
1698 1178 1814 1251 16).

191 1273 355 1340 Quos
399 1275 547 1330 enim
600 1275 788 1344 opinio
833 1276 1130 1341 virtutum,
1167 1285 1261 1330 aut
1309 1291 1490 1330 rerum
1537 1285 1813 1347 gestarum

193 1367 356 1424 visus
387 1378 480 1422 aut
511 1366 726 1421 auditus
753 1368 1059 1424 attrahebat
1103 1369 1167 1422 ad
1197 1367 1387 1434 ﬁdem,
1423 1367 1506 1424 his
1535 1367 1670 1423 odor
1694 1368 1816 1424 vita:

193 1467 324 1514 erat
372 1457 728 1530 Evangelium
778 1461 929 1516 :illis
979 1470 1160 1515 autem
1205 1477 1439 1532 quorum
1471 1476 1694 1517 sensum
1727 1460 1810 1516 in-

194 1553 522 1610 ﬂammabat
573 1555 713 1610 facta
761 1555 934 1610 virtus
987 1555 1052 1610 ad
1082 1555 1593 1622 contradicendum,
1625 1555 1812 1610 mortis

196 1659 322 1704 erat
349 1649 490 1704 odor
512 1657 538 1686 ι
569 1647 880 1720 pr:r~dicatio
913 1648 1059 1706 ﬁdei.
1091 1649 1207 1706 Una
1235 1665 1367 1720 ergo
1393 1665 1514 1705 cum
1550 1649 1620 1705 sit
1653 1648 1810 1720 ﬁdes,

197 1743 578 1799 diversitatem
610 1743 1204 1815 przestathominibus;
1236 1746 1374 1800 sicut
1399 1753 1454 1801 et
1483 1745 1566 1799 sol
1598 1760 1719 1799 cum
1745 1744 1816 1800 sit

1923 538 2029 577 non
2074 522 2130 577 in
2163 523 2419 594 qualitate
2453 529 2655 595 peccati
2688 529 3024 587 substantia.
3053 532 3346 606 PrOpterea
3391 552 3522 608 ergo

1922 616 2164 672 similem
2216 617 2384 685 dixit,
2417 621 2539 690 quia
2592 619 2659 677 de
2713 623 2902 679 eadem
2953 627 3256 684 substantia
3301 632 3520 698 carnis,

1927 720 2084 764 cnon
2131 710 2378 767 eamdem
2430 712 2618 769 habuit
2683 717 3051 786 nativitatem;
3100 724 3228 793 quia
3294 733 3524 794 peccato

1922 802 2227 874 subjectum
2261 819 2365 859 non
2392 807 2489 860 luit
2509 823 2706 876 corpus
2736 808 2971 865 Domini.
3004 812 3232 884 Expiata
3262 825 3344 869 est
3373 816 3519 870 enim

1921 911 1952 951 a
1982 897 2188 967 Spiritu
2220 911 2410 955 sancto
2438 915 2565 956 caro
2593 901 2832 969 Domini,
2859 914 2916 958 ut
2943 906 2994 959 in
3019 906 3109 961 tali
3141 923 3370 979 corpore
3399 926 3521 964 nas-

1921 1000 2157 1059 ceretur,
2189 993 2348 1063 quale
2373 993 2472 1049 fuit
2492 994 2625 1050 Adae
2652 1006 2778 1052 ante
2799 1007 3080 1067 peccatum
3108 1015 3122 1062 ;
3153 997 3179 1036 ά
3203 1001 3316 1056 sola
3342 1012 3518 1059 tamen

1922 1084 2188 1140 sententia
2216 1084 2338 1140 data
2370 1087 2420 1140 in
2459 1086 2654 1142 Adam.

1997 1177 2162 1234 Misso
2186 1195 2314 1251 ergo
2349 1181 2488 1236 Deus
2518 1178 2755 1248 Christo,
2782 1181 2858 1237 De
2878 1195 3087 1256 peccato
3109 1187 3372 1242 damnavit
3399 1205 3515 1260 pec-

1920 1281 2090 1326 catum
2117 1315 2131 1340 ,
2163 1273 2265 1328 hoc
2296 1283 2408 1342 est,
2445 1283 2720 1344 peccatum
2769 1283 2991 1346 peccato
3032 1279 3254 1350 proprio
3294 1279 3514 1334 danma-

1921 1368 2016 1422 vit.
2043 1367 2292 1423 Christus
2324 1369 2468 1424 enim
2497 1384 2617 1423 cum
2649 1384 2677 1423 a
2703 1380 2924 1440 peccato
2946 1371 3302 1444 cruciﬁgitur,
3323 1373 3414 1443 qui
3438 1384 3521 1430 est

1920 1459 2165 1526 Satanas,
2200 1461 2443 1531 peccavit
2474 1471 2754 1532 peccatum
2781 1464 2832 1517 in
2865 1479 3030 1519 carne
3053 1465 3305 1536 corporis
3334 1465 3519 1523 Salva-

1921 1555 2054 1610 toris
2082 1573 2093 1608 :
2119 1569 2226 1625 quo
2253 1555 2394 1610 laeto
2421 1555 2695 1610 damnavit
2739 1555 2880 1614 Deus
2934 1570 3212 1630 peccatum
3252 1558 3306 1615 in
3334 1576 3521 1627 carne,

1919 1651 1990 1706 ibi
2023 1651 2208 1722 ntique
2237 1651 2324 1706 ubi
2357 1651 2621 1721 peccavit,
2655 1653 2793 1708 sicut
2821 1661 2878 1708 et
2908 1653 2960 1708 in
2993 1653 3098 1707 alia
3127 1653 3356 1724 epistola
3397 1655 3471 1708 ait
3507 1673 3518 1707 :

1922 1744 2324 1817 Detriumphans
2352 1745 2470 1801 illos
2496 1747 2550 1801 in
2581 1747 2694 1818 ipso
2722 1744 2948 1816 (Coloss.
2981 1763 3038 1816 tt,
3075 1746 3162 1820 15)
3188 1765 3203 1814 ;
3237 1749 3291 1804 id
3319 1761 3424 1817 est,
3463 1751 3517 1805 in

198 1851 377 1904 unus,
421 1851 602 1892 ceram
645 1837 838 1903 solvit,
881 1839 1053 1893 lutum
1094 1854 1225 1894 vero
1270 1839 1504 1909 stringit.
1537 1839 1651 1907 Qua
1682 1854 1812 1910 ergo
1844 1838 1892 1899 B
1920 1838 2158 1895 Christo.
2189 1838 2323 1895 Nam
2355 1840 2497 1897 solet
2526 1841 2629 1895 dici
2658 1841 2726 1896 de
2765 1857 3104 1913 quocumque
3135 1843 3393 1898 damnato
3422 1861 3435 1898 :
3461 1843 3517 1900 In

200 1931 326 2001 quis
375 1941 562 1986 mente
605 1929 864 1986 odoratus
913 1929 1076 1987 fuerit
1120 1931 1309 1998 ﬁdem,
1357 1933 1436 1988 sic
1473 1943 1526 1988 et
1564 1933 1810 2002 proliciet

200 2021 307 2076 illi.
338 2023 448 2078 Sed
477 2022 677 2078 dicitur
724 2024 862 2079 forte
892 2043 903 2077 :
937 2024 992 2080 Si
1023 2025 1211 2081 eadem
1246 2034 1470 2095 przestat
1514 2025 1648 2081 ﬁdes
1689 2042 1808 2098 qu:e

204 2125 262 2172 et
284 2115 418 2185 Lex,
448 2133 547 2173 cur
579 2133 686 2173 non
734 2121 896 2174 etiam
930 2118 1045 2190 ipsa
1093 2135 1157 2174 ex
1189 2128 1340 2189 parte
1365 2119 1457 2175 lex
1492 2121 1682 2175 mortis
1706 2119 1810 2175 ’di-

209 2220 390 2276 catur;
417 2211 707 2266 mortiﬁcat
737 2213 882 2266 enim
929 2229 1035 2268 non
1069 2213 1391 2269 credentes?
1442 2213 1548 2270 Sed
1591 2230 1698 2270 non
1735 2211 1806 2269 ita

215 2312 319 2358 est.
347 2303 508 2361 Fides
533 2305 670 2360 enim
699 2303 824 2360 data
855 2313 957 2371 cst,
988 2323 1107 2376 quae
1133 2305 1393 2377 justiﬁeat
1439 2305 1810 2378 confugientes

213 2396 284 2453 ad
313 2413 402 2464 se;
439 2408 495 2453 ut
520 2399 749 2454 remittat
773 2399 877 2464 eis,
911 2413 1047 2470 quos
1075 2397 1183 2454 Lex
1209 2407 1355 2456 tenet
1378 2413 1536 2466 reos;
1568 2410 1623 2454 ut
1644 2415 1808 2471 agen-

213 2501 296 2548 tes
340 2492 444 2548 sub
469 2491 606 2559 ﬁde,
637 2493 790 2549 liberi
836 2492 945 2548 sint
995 2507 1022 2546 a
1073 2504 1298 2564 peccato
1333 2512 1344 2548 :
1377 2509 1499 2549 nam
1545 2495 1650 2550 sub
1689 2494 1809 2566 lege

206 2594 428 2655 agentes
477 2585 697 2641 obnoxii
740 2594 885 2641 sunt.
921 2586 1020 2655 Qui
1053 2601 1185 2658 ergo
1217 2603 1323 2642 non
1357 2587 1616 2644 obediunt
1646 2585 1805 2654 ﬁdei,

205 2694 312 2736 non
362 2679 684 2736 occidentur
728 2697 757 2736 a
789 2680 916 2748 ﬁde,
948 2681 1042 2736 sed
1077 2697 1105 2734 a
1137 2682 1314 2753 Lege;
1349 2685 1472 2753 quia
1503 2699 1609 2739 non
1656 2697 1808 2740 acce-

203 2775 400 2831 dentes
429 2774 496 2830 ad
531 2774 714 2841 ﬁdem,
747 2777 829 2832 rei
859 2786 1113 2831 tenentur
1139 2792 1168 2831 a
1200 2776 1344 2847 Lege
1376 2795 1387 2829 :
1422 2777 1656 2848 ideoque
1692 2794 1809 2832 om-

207 2881 303 2923 nes
330 2865 421 2937 qui
457 2866 602 2922 malo
633 2868 812 2924 animo
841 2868 1141 2924 odorantur
1168 2870 1330 2924 verba
1357 2869 1496 2934 ﬁdei,
1523 2879 1809 2926 remanent

203 2961 257 3016 in
289 2969 487 3016 morte.

279 3053 574 3110 Videamus
603 3068 747 3110 nunc
777 3054 904 3126 quid
952 3053 1167 3110 intersit
1204 3069 1326 3109 cum
1358 3054 1558 3110 dicitur
1587 3055 1672 3109 lex
1701 3054 1810 3126 spi-

201 3148 383 3203 ritalis
412 3159 468 3204 et
493 3149 577 3204 lex
607 3151 848 3220 Spiritus.
881 3149 994 3205 Hoc
1023 3150 1284 3218 interest,
1325 3149 1449 3221 quia
1487 3150 1690 3205 idcirco
1728 3149 1812 3205 di-

1915 1948 2022 2003 qua
2053 1946 2211 1987 causa
2242 1932 2531 1987 damnatus
2561 1931 2686 1988 est?
2715 1933 3129 2002 Restiondetur,
3161 1945 3215 1989 ut
3261 1945 3386 2006 puta
3413 1978 3428 2004 ,
3463 1937 3515 1990 in

1915 2025 2228 2081 homicidio.
2257 2025 2333 2081 Ita
2359 2033 2415 2081 ει
2452 2037 2728 2097 peccatum
2761 2026 2816 2082 in
2848 2042 3014 2083 carne
3043 2026 3365 2083 danmatum
3400 2039 3520 2092 est,

1913 2119 2017 2174 hoc
2047 2129 2165 2184 est,
2213 2120 2266 2174 in
2308 2129 2529 2189 peccato
2556 2161 2571 2185 ,
2625 2119 2768 2191 quod
2821 2121 3036 2177 admisit
3081 2120 3136 2176 in
3183 2137 3368 2178 carne.
3403 2123 3516 2177 Hoc

1911 2211 2095 2283 itaque
2118 2222 2338 2282 peccato
2361 2227 2484 2268 reus
2511 2212 2683 2268 factus
2705 2209 2935 2269 Satanas
2956 2255 2970 2279 ,
2999 2215 3181 2270 amisit
3209 2214 3512 2271 dominium

1914 2315 2248 2361 retentarum
2275 2307 2601 2372 animarum,
2636 2315 2693 2361 ut
2718 2308 2827 2378 jam
2855 2308 3099 2379 signatos
3125 2311 3282 2379 signo
3309 2310 3507 2374 crucis,

1913 2399 1966 2453 in
1993 2415 2095 2469 qua
2130 2399 2300 2453 victus
2326 2409 2430 2464 est,
2467 2400 2520 2455 in
2554 2401 2796 2455 secunda
2832 2411 3008 2457 morte
3059 2411 3245 2458 tenere
3282 2420 3388 2457 non
3421 2420 3514 2457 au-

1912 2490 2056 2546 deat.
2087 2489 2450 2559 Quamobrem
2502 2491 2569 2547 ad
2598 2492 2944 2548 securitatem
2996 2503 3235 2550 nostram
3263 2494 3380 2551 haec
3406 2501 3515 2550 tra-

1911 2595 2022 2642 ctat
2048 2587 2358 2657 Aposmlus.

1987 2679 2170 2751 (Vers.
2205 2678 2282 2749 ιι.)
2327 2677 2395 2734 Ut
2410 2680 2724 2753 justiﬁcatio
2755 2679 2908 2751 Legis
2937 2681 3238 2752 impleretur
3269 2683 3320 2736 in
3345 2682 3509 2746 nobis,

1911 2775 1999 2847 qui
2044 2791 2145 2831 non
2177 2775 2460 2831 secundum
2493 2793 2700 2831 carnem
2728 2777 3087 2845 ambulamus,
3117 2778 3207 2832 sed
3233 2777 3514 2834 secundum

1910 2869 2169 2939 spiritum.
2201 2868 2327 2924 Ideo
2350 2869 2663 2925 damnatum
2693 2869 2827 2925 dicit
2870 2878 3153 2942 peccatum
3175 2911 3192 2939 ,
3228 2880 3284 2925 ut
3314 2869 3509 2940 imple-

1911 2973 2061 3016 retur
2090 2962 2141 3016 in
2171 2961 2328 3016 nobis
2377 2963 2689 3033 iustiﬁcatio
2726 2963 2861 3034 legis
2891 2963 2996 3036 71
3027 2962 3167 3018 datae
3209 2979 3239 3019 a
3285 2962 3510 3036 Moyse;

1913 3054 2107 3109 sublati
2137 3053 2283 3110 enim
2315 3054 2382 3110 de
2406 3055 2718 3111 conditione
2751 3057 2930 3127 Legis,
2961 3055 3086 3113 lacti
3128 3073 3315 3114 sumus
3353 3059 3518 3114 amici

1913 3145 2176 3218 eiusdem,
2205 3147 2484 3217 justilicati
2510 3149 2652 3203 enim
2683 3149 2843 3204 amici
2867 3147 3030 3222 Legis
3055 3160 3206 3205 sunt.
3231 3149 3517 3218 Quomodo

201 3243 352 3298 citur
379 3243 468 3298 lex
499 3241 791 3313 spiritalis;
823 3243 944 3314 quia
977 3254 1250 3314 praecepta
1277 3245 1392 3308 dat,
1425 3259 1521 3313 per
1548 3259 1669 3314 quae
1696 3258 1804 3298 non
1835 3242 1880 3306 C
1914 3247 2091 3296 autem
2139 3240 2394 3311 impletur
2423 3241 2474 3295 in
2506 3241 2661 3296 nobis
2690 3241 3030 3312 justiﬁcatio,
3064 3243 3164 3297 nisi
3193 3257 3319 3298 cum
3358 3242 3517 3297 datur

203 3347 486 3409 peccetur,
517 3338 637 3408 quia
687 3339 774 3407 qui
821 3353 929 3393 non
967 3348 1194 3408 peccat,
1241 3336 1501 3408 spiritalis
1543 3346 1805 3403 vocatur;

203 3431 231 3470 δ
254 3431 489 3486 aemulus
509 3431 873 3499 superiorum,
911 3430 960 3484 id
991 3440 1073 3487 cst
1098 3475 1110 3496 ,
1139 3431 1462 3487 caelestium.
1497 3429 1607 3485 Lex
1631 3438 1807 3485 autem

204 3524 434 3594 spiritus
479 3533 765 3594 propterea
816 3534 1055 3590 vocatur,
1089 3525 1211 3596 quia
1263 3521 1435 3590 Deus,
1471 3524 1626 3594 cujus
1678 3522 1812 3578 ﬁdes

204 3628 314 3686 est,
348 3618 573 3688 spiritus
599 3625 702 3675 est.
735 3617 850 3674 illic
877 3634 1005 3689 ergo
1037 3618 1202 3674 verba
1231 3627 1379 3683 sunt,
1421 3617 1504 3672 hic
1538 3633 1627 3672 res
1661 3635 1672 3672 :
1702 3615 1811 3672 illic

205 3727 328 3784 qua!
361 3712 455 3768 Dei
480 3723 630 3781 sunt,
657 3710 742 3768 hic
775 3713 917 3770 Deus
947 3714 1079 3784 ipse.

281 3805 467 3875 (Vers.
495 3807 576 3878 5.)
610 3806 865 3875 Quoniam
892 3809 1030 3879 quod
1061 3809 1378 3878 impossibile
1405 3817 1510 3863 erat
1543 3807 1690 3879 chis
1713 3850 1725 3870 ,
1761 3808 1812 3862 in

206 3915 308 3972 quo
335 3900 703 3971 inﬁrmabatur
732 3919 824 3973 per
854 3918 1094 3968 carnem,
1124 3900 1265 3956 Deus
1296 3901 1492 3956 Filium
1519 3918 1667 3955 suum
1699 3899 1813 3954 mit-

209 4004 321 4047 tens
352 3993 410 4047 in
457 3994 846 4048 similitudinem
891 3997 1061 4049 carnis
1091 3997 1312 4066 peccati,
1341 3994 1404 4049 de
1434 4004 1640 4066 peccato
1667 3992 1816 4046 dam-

208 4087 351 4141 navit
379 4097 647 4159 peccatum
675 4088 728 4141 in
754 4103 927 4141 carne.
961 4086 1086 4142 ilaac
1135 4088 1286 4155 dicit,
1317 4097 1374 4141 ut
1403 4087 1704 4158 baptizatos
1729 4101 1815 4142 se-

207 4193 376 4234 curos
403 4179 616 4247 reddat,
642 4180 771 4248 quia
806 4180 1018 4236 liberati
1061 4189 1182 4235 sunt
1223 4197 1250 4234 a
1281 4190 1523 4252 peccato.
1557 4180 1814 4247 Quoniam

207 4272 353 4342 quod
383 4273 696 4342 impossibile
720 4285 832 4328 erat
855 4315 868 4338 ,
902 4275 1107 4344 inquit,
1147 4273 1316 4344 Legit.
1343 4273 1441 4329 Cui
1476 4271 1816 4342 impossibile

210 4365 333 4420 est?
365 4363 530 4419 Nobis
559 4365 768 4421 scilicet
816 4367 1152 4437 impossibile
1179 4371 1296 4421 crat
1323 4364 1632 4421 mandatum
1657 4365 1816 4438 Legis

211 4459 482 4530 implere;
517 4459 640 4529 quia
672 4459 897 4531 subjecti
931 4476 1149 4515 eramus
1177 4470 1418 4530 peccato.
1446 4461 1526 4516 0b
1550 4459 1651 4515 hoc
1673 4459 1817 4514 Deus

211 4550 412 4607 Filium
460 4567 615 4606 suum
649 4551 794 4608 misit
840 4553 892 4606 in
923 4553 1332 4609 similitudinem
1368 4555 1548 4608 carnis
1581 4552 1812 4622 peccati.

1912 3333 2167 3389 remissio
2195 3333 2434 3387 omnium
2481 3341 2858 3404 peccatorum;
2891 3344 2947 3390 ut
2978 3334 3205 3390 sublatis
3237 3335 3471 3403 peccatis
3499 3376 3513 3398 ,

1907 3428 2237 3499 justiticatus
2266 3435 2527 3498 appareat
2553 3469 2568 3493 ,
2596 3440 2780 3484 mente
2807 3427 3059 3484 serviens
3102 3427 3207 3499 legi
3238 3426 3374 3482 Dei?
3403 3425 3515 3482 iloc

1913 3533 1996 3578 est
2026 3539 2132 3577 non
2172 3522 2468 3578 secundum
2499 3535 2720 3577 carnem
2751 3521 3066 3588 ambulare,
3094 3521 3190 3577 sed
3217 3519 3515 3576 secundum

1914 3617 2201 3688 Spiritum;
2231 3628 2290 3672 ut
2339 3615 2553 3671 devotio
2599 3615 2802 3681 animi,
2845 3615 2934 3686 qui
2984 3623 3068 3672 est
3111 3614 3338 3684 spiritus
3364 3654 3378 3680 ,
3412 3627 3519 3667 non

1916 3709 2222 3766 consentiat
2253 3707 2526 3765 desiderio
2556 3707 2796 3779 peccati;
2827 3709 2949 3779 quia
2980 3723 3076 3778 per
3098 3723 3316 3771 carnem
3348 3706 3514 3761 semi-

1918 3814 2010 3860 nat
2037 3814 2058 3841 ο
2080 3803 2552 3873 concupiscentias
2601 3802 2830 3868 animai,
2863 3802 3005 3872 quod
3045 3803 3185 3856 inest
3214 3805 3516 3869 peccatum.

1917 3895 1972 3953 Si
2001 3898 2145 3952 enim
2176 3895 2489 3952 damnatum
2535 3904 2618 3949 est
2650 3903 2928 3965 peccatmn
2976 3910 3006 3949 a
3041 3891 3320 3950 Salvatore
3342 3935 3355 3958 ,
3385 3907 3518 3963 quo-

1920 3991 2080 4046 modo
2122 3988 2300 4047 inest?
2346 3987 2669 4044 Damnatum
2716 3997 2801 4043 est
2844 4003 2872 4043 a
2927 3987 3250 4052 Salvatore,
3306 3996 3362 4041 et
3415 3985 3518 4040 tri-

1921 4084 2047 4156 plici
2078 4098 2277 4155 genere
2305 4080 2640 4137 damnatura.
2672 4077 2853 4136 Primo
2879 4079 3021 4134 enim
3048 4078 3099 4133 in
3142 4080 3263 4133 loco
3289 4078 3518 4133 damna-

1919 4179 1995 4234 vit
2025 4188 2327 4249 peccatum,
2360 4177 2485 4231 dum
2541 4191 2646 4230 non
2681 4177 2946 4245 peccavit,
2977 4175 3308 4230 dissentiens
3341 4187 3368 4226 a
3396 4186 3520 4242 pec-

1919 4282 2063 4327 cato.
2086 4269 2287 4326 Deinde
2318 4270 2372 4324 in
2393 4280 2554 4323 cruce
2585 4278 2888 4337 peccatum,
2919 4267 3044 4337 quia
3074 4265 3338 4335 peccavit,
3369 4265 3522 4320 dam-

1921 4373 2102 4419 natum
2131 4361 2348 4418 dicitur.
2384 4357 2538 4417 Unde
2570 4357 2779 4415 sublata
2811 4370 2895 4414 est
2921 4359 2997 4414 illi
3043 4357 3338 4414 anetoritas
3367 4355 3523 4429 quasi

1922 4457 2166 4529 peccati,
2197 4472 2300 4526 qua
2331 4454 2608 4512 detinebat
2657 4450 2906 4509 homines
2951 4452 3004 4507 in
3039 4451 3250 4508 inferno
3299 4461 3522 4522 propter

1921 4551 2179 4608 delictum
2211 4549 2377 4614 Adaa;
2410 4557 2473 4604 ut
2511 4547 2580 4603 de
2609 4557 2811 4603 etetero
2838 4547 2889 4601 in
2921 4545 3118 4617 quibus
3148 4546 3362 4616 signum
3393 4559 3523 4600 cru-

214 4647 348 4704 ﬂaic
397 4657 481 4704 est
524 4648 825 4705 similitudo
871 4650 1088 4715 carnis;
1144 4653 1267 4722 quia
1320 4649 1570 4720 quamvis
1621 4647 1810 4704 eadem
1841 4667 1895 4727 Ῑ)
1921 4646 1998 4702 eis
2029 4654 2111 4700 est
2135 4687 2148 4709 ,
2182 4644 2423 4700 detinere
2452 4657 2561 4697 non
2607 4640 2825 4698 audeat.
2859 4639 3049 4697 Tertio
3079 4639 3359 4696 damnavit
3392 4645 3521 4711 pec-

215 4759 348 4798 caro
379 4742 470 4805 sit,
503 4759 622 4812 qua:
646 4751 701 4798 et
729 4752 948 4810 nostra;
975 4760 1080 4798 non
1103 4755 1280 4798 tamen
1315 4743 1386 4798 ita
1416 4742 1550 4796 facta
1585 4742 1637 4797 in
1664 4755 1818 4797 utero

217 4845 300 4891 est
333 4845 391 4891 et
417 4845 575 4900 nata,
608 4839 750 4891 sicut
778 4847 831 4891 et
857 4852 985 4892 caro
1014 4847 1216 4891 nostra.
1263 4836 1358 4891 Est
1390 4835 1537 4892 enim
1585 4836 1820 4890 sanctiﬁ-

218 4939 344 4985 cata
371 4931 426 4984 in
451 4939 632 4993 utero,
666 4941 722 4986 et
748 4939 872 4986 nata
901 4931 1019 4986 sine
1063 4941 1308 5001 peccato,
1336 4940 1389 4985 et
1414 4945 1586 5000 neque
1614 4929 1730 5000 ipse
1767 4927 1818 4984 in

220 5025 312 5080 illa
341 5025 606 5095 peccavit.
643 5023 771 5080 Ideo
801 5027 943 5081 enim
975 5025 1252 5096 virginalis
1285 5033 1468 5081 uterus
1509 5024 1714 5080 electus
1739 5033 1822 5079 est

221 5119 288 5174 ad
326 5128 541 5190 partum
565 5117 925 5186 Dominicum,
951 5127 1012 5174 ut
1039 5121 1090 5175 in
1110 5120 1396 5176 sanctitate
1418 5118 1661 5175 differret
1692 5133 1822 5173 caro

297 5291 324 5352 ἐι
349 5280 482 5335 Mss.
515 5279 654 5334 haud
682 5280 860 5350 pauci,
879 5281 1235 5352 prtetvaricatio
1258 5281 1397 5349 ﬁdei.

297 5351 326 5390 ιι
351 5352 481 5406 εει.
523 5353 656 5408 edit.
683 5367 746 5406 ac
791 5351 922 5406 mss.
956 5353 1192 5421 aliquot,
1236 5353 1452 5407 mutilus
1500 5353 1825 5421 superiorum

225 5425 542 5492 caelestium;
569 5423 730 5479 Rom.
773 5424 928 5496 edit..
961 5425 1176 5478 (rutulus
1205 5425 1479 5496 spirituum
1505 5424 1821 5492 rmiestium;

227 5497 409 5551 caueri
436 5512 566 5550 mss.
601 5504 657 5549 ut
691 5510 786 5549 nos
816 5495 870 5549 in
901 5505 1068 5550 textu.

303 5580 328 5605 α
355 5565 492 5621 Cod.
522 5567 758 5637 aliquot,
790 5584 890 5620 non
910 5568 1138 5622 eamdem
1173 5568 1347 5620 habuit
1376 5569 1715 5634 natiritatem,
1735 5581 1823 5622 ea:-

231 5641 373 5707 piata
395 5649 475 5694 ut
504 5640 657 5700 enim,
689 5648 792 5693 etc.

301 5709 329 5750 ἀ
359 5711 439 5765 ita
463 5719 572 5765 vet.
601 5712 732 5764 edit.
762 5726 823 5764 ac
850 5711 1028 5779 plures
1051 5725 1183 5766 mss.
1215 5729 1227 5763 ε
1256 5711 1412 5767 Rom.
1443 5719 1622 5764 autem
1668 5709 1824 5775 edit.,

233 5783 378 5837 salva
428 5791 600 5836 tamen
641 5787 888 5854 sententia
917 5782 1024 5836 lata
1064 5783 1120 5836 iu
1152 5782 1316 5836 Adam
1348 5799 1366 5838 :
1406 5798 1528 5854 quae
1556 5781 1720 5836 verba
1773 5785 1824 5836 in
1856 5805 1859 5808 ν

234 5869 369 5911 mss.
401 5869 510 5908 non
539 5853 723 5924 paucis
749 5855 1086 5910 omittuntur.

1919 4751 2100 4798 catum
2121 4781 2138 4809 ,
2166 4737 2295 4794 dum
2327 4738 2479 4794 irrita
2507 4735 2634 4794 fecit
2663 4732 2884 4798 delicta,
2915 4731 3236 4792 remissione
3265 4739 3518 4804 peccato-

1923 4850 2043 4890 rum
2089 4847 2370 4890 concessa.
2417 4831 2550 4887 Cum
2596 4831 2742 4888 enim
2795 4839 3044 4901 peccator
3089 4843 3254 4885 causa
3301 4826 3525 4884 admissi

1925 4929 2128 5001 peccati
2159 4926 2496 4984 damnandus
2542 4936 2706 4992 esset,
2738 4927 3024 4998 ignescens
3069 4932 3245 4980 autem
3275 4925 3324 4980 ei
3374 4924 3527 4978 dam-

1927 5024 2077 5080 navit
2124 5024 2176 5079 in
2225 5038 2291 5078 eo
2337 5031 2641 5092 peccatum.
2687 5020 2873 5094 itaque
2923 5021 2966 5076 si
3000 5026 3055 5076 ει
3101 5034 3202 5074 nos
3232 5014 3527 5075 Salvatoris

1925 5119 2175 5188 exemplo
2207 5133 2315 5172 non
2341 5131 2648 5188 peccemus,
2677 5115 3000 5172 damnamus
3030 5120 3332 5185 peccatum.

2014 5289 2037 5316 ε
2069 5277 2188 5334 Vet.
2227 5277 2360 5332 edit.
2391 5291 2512 5335 cum
2533 5289 2664 5332 mss.
2694 5277 2922 5345 aliquot,
2954 5273 3389 5344 concupiscentiae
3413 5271 3529 5325 nni-

1934 5367 2054 5417 ma',
2087 5351 2224 5420 quod
2253 5352 2384 5404 inest
2415 5360 2700 5416 peccatum.
2735 5350 2794 5403 Si
2820 5349 3117 5420 damnatum
3146 5354 3215 5397 est
3239 5351 3523 5420 peccatum,

1931 5415 2190 5494 quomodo
2214 5422 2384 5477 inest?
2415 5415 2733 5475 Damnatum
2772 5428 2848 5474 est
2872 5428 2920 5472 et
2944 5435 2974 5494 ᾳ
3007 5417 3307 5494 Salvatore,
3341 5425 3388 5468 et
3433 5415 3527 5494 tri-

1933 5485 2075 5566 plici,
2109 5504 2237 5559 ete.;
2283 5495 2414 5548 edit.
2461 5494 2645 5566 Iiom.j
2693 5509 2832 5545 conc.
2867 5489 3071 5566 animle,
3119 5486 3431 5566 dnntninest.
3469 5485 3531 5540 Si

1933 5558 2234 5622 damnatum
2277 5577 2373 5619 est.
2420 5608 2432 5621 .
2478 5605 2491 5618 .
2540 5606 2552 5619 .
2607 5563 2922 5617 Damnatum
2965 5565 3040 5611 est
3086 5567 3131 5611 et
3172 5573 3203 5610 a
3255 5558 3531 5613 Saluatore

1933 5641 2148 5708 triplici,
2176 5651 2279 5692 etc.
2311 5655 2321 5688 :
2354 5638 2536 5708 plures
2559 5650 2688 5708 vero
2723 5641 2779 5685 ct
2806 5630 3041 5708 potiores
3071 5645 3202 5684 mss.
3246 5630 3527 5708 nobiscum

1932 5701 2152 5774 iaciunt,
2192 5726 2221 5763 ε
2247 5701 2442 5778 quibus
2473 5706 2638 5760 Cori).
2671 5717 2770 5778 p_ro
2799 5701 3109 5778 Damnatum
3126 5711 3198 5755 est
3219 5712 3325 5778 et_a
3349 5702 3532 5778 Spira-

1936 5792 2066 5848 tore,
2095 5771 2226 5838 etc..
2263 5771 2546 5847 legendum
2579 5774 2804 5846 prmhet,
2839 5774 3119 5842 prwsertim
3148 5774 3286 5841 quod
3315 5771 3534 5842 triplici,

1935 5865 2038 5907 81¢.
