4082 6306
558 266 663 322 H9
1542 259 1635 316 AD
1670 257 1901 316 OPERA
1945 258 2190 317 SANCTI
2227 258 2554 318 AMBROSII
2606 259 2980 320 APPENDIX.
3744 269 3819 323 lit)

626 384 810 459 (Vers.
861 381 943 456 5.)
973 380 1078 448 Qui
1121 383 1255 438 enim
1304 379 1586 436 secundum
1625 394 1833 434 carnem
1862 387 2017 446 sunt,
2049 394 2164 450 qua
2190 386 2245 448 Α
2271 378 2415 436 Deus
2439 379 2636 438 fecerit
2666 380 2831 448 ultra,
2861 395 3023 454 quam
3054 382 3195 454 sapit
3222 383 3237 422 τ
3263 383 3451 440 homo.
3483 385 3528 440 Ο
3570 385 3820 456 prudentes

551 478 724 534 carnis
750 484 869 532 sunt
895 475 1123 548 sapiunt.
1158 473 1271 530 Hoc
1319 471 1470 542 dicit,
1499 471 1624 544 quia
1652 472 1746 544 qui
1770 471 2110 546 suggestioni
2140 515 2157 543 ,
2268 473 2486 541 mundi,
2529 475 2624 547 qui
2666 485 2858 548 putant
2895 476 3064 532 Deum
3095 492 3203 534 non
3245 477 3446 536 debere
3466 479 3624 536 aliter
3651 479 3824 552 facere,

554 585 675 643 qua:
728 568 964 626 efﬁcitur
1001 583 1098 640 per
1121 581 1374 634 carnem,
1407 566 1790 637 obtemperat;
1831 581 1952 637 qua:
1981 565 2161 622 carnis
2266 582 2426 638 quam
2462 565 2593 623 facit
2621 568 2690 624 ab
2718 583 2785 624 eo
2813 567 3031 624 condita
3081 578 3366 637 creatura;
3412 580 3472 625 ut
3525 571 3639 642 ipse
3669 572 3824 628 similis

553 672 702 731 sunt,
736 664 896 736 sapit.
927 663 1041 721 Hoc
1063 662 1213 720 enim
1236 671 1262 700 ι
1297 661 1374 718 illi
1407 677 1573 719 suave
1598 661 1848 730 videtur,
1881 659 2024 734 quod
2068 675 2160 717 se-
2267 661 2536 718 creaturis
2563 663 2809 733 putetur!
2839 662 2928 720 Sic
2949 663 3136 719 caecati
3159 675 3303 732 sunt,
3330 679 3399 720 ne
3419 664 3636 721 videant
3655 666 3826 737 qualem

556 762 759 833 quitur,
793 769 982 816 contra
1007 757 1089 814 fas
1109 766 1374 830 appetens
1396 771 1552 812 usum
1584 767 1639 812 et
1665 755 1989 812 sententiam
2012 770 2165 812 erro-
2266 753 2650 810 contumeliam
2678 753 2791 812 Deo
2812 753 3036 810 faciunt.
3057 755 3205 825 Opus
3231 755 3378 811 enim
3402 755 3550 828 quod
3581 757 3633 812 in
3655 756 3828 814 laudem

555 855 633 911 ris
663 854 882 920 carnis;
912 854 966 909 in
995 867 1162 909 carne
1209 849 1353 909 enim
1384 849 1692 906 mundanus
1735 864 1894 907 error
1921 848 2165 921 signatur
2267 860 2420 902 snam
2471 846 2871 918 praedicandam
2909 847 3090 904 facere
3121 847 3374 920 dignatus
3397 859 3504 915 est,
3538 849 3624 904 isti
3649 849 3823 922 vitupe-

555 961 897 1020 quacumque
925 961 993 1003 ex
1025 955 1200 1017 parte.
1606 990 1610 994 .
2270 945 2485 1004 rantes,
2518 939 2627 1012 72
2669 939 3005 995 incredulum
3056 949 3111 996 et
3161 939 3387 994 stultum
3433 950 3760 996 asseruntzs
3785 959 3831 999 ac

630 1041 728 1108 Qui
759 1056 876 1096 vero
925 1038 1207 1095 secundum
1237 1036 1476 1108 spiritum
1497 1077 1510 1102 ,
1538 1051 1600 1090 ea
1625 1050 1740 1106 qua:
1765 1045 1882 1090 sunt
1913 1033 2130 1104 spiritus
2149 1077 2162 1099 ,
2273 1046 2368 1101 per
2389 1029 2493 1086 hoc
2520 1031 2616 1086 Dei
2650 1031 2754 1102 legi
2793 1031 3039 1103 subjecta
3071 1046 3195 1088 esse
3221 1049 3330 1087 non
3362 1040 3542 1102 potest
3572 1032 3671 1087 ista
3691 1038 3833 1091 carnis

558 1132 584 1174 δ
609 1134 856 1190 sentiunt.
889 1132 1232 1188 Manifestum
1261 1139 1368 1197 est,
1397 1130 1524 1202 quia
1552 1129 1643 1201 qul
1671 1143 1729 1184 se
1759 1143 1789 1183 a
1811 1128 1991 1184 carnis
2018 1126 2165 1183 desi-
2273 1123 2593 1194 prudentia;
2627 1124 2694 1179 ad
2727 1124 2830 1182 hoc
2855 1126 3001 1181 enim
3033 1125 3273 1181 studium
3313 1139 3469 1181 suum
3492 1137 3768 1193 exacuunt,
3793 1139 3836 1184 ιιι

556 1229 730 1287 deriis
756 1229 1022 1293 continet,
1054 1226 1212 1298 juxta
1244 1225 1416 1296 legem
1466 1224 1666 1280 mentis
1693 1223 1856 1286 vivit;
1888 1221 1992 1278 hoc
2019 1223 2166 1278 enim
2274 1218 2370 1276 Dei
2401 1220 2569 1291 gestis
2599 1229 2926 1291 repugnent.

560 1323 637 1379 illi
671 1321 805 1378 utile
833 1319 1047 1377 videtur
1071 1333 1282 1390 sapere,
1313 1316 1457 1390 quod
1487 1316 1783 1373 conveniat
1811 1315 1961 1387 Legi.
2348 1316 2529 1386 (Vers.
2549 1316 2704 1389 8,9.)
2725 1315 2831 1384 Qui
2852 1317 2985 1372 enim
3003 1318 3056 1371 in
3083 1331 3240 1371 carne
3253 1326 3400 1383 sunt,
3425 1314 3539 1372 Deo
3562 1316 3839 1388 placerem

633 1413 818 1488 (Vers.
847 1413 926 1485 6.)
962 1411 1102 1467 Nam
1149 1411 1424 1483 prudentia
1455 1411 1630 1465 carnis
1659 1426 1799 1465 mors
1846 1419 1940 1474 est.
1986 1420 2007 1450 ε
2034 1410 2169 1467 Pru-
2275 1421 2512 1481 possunt.
2537 1409 2825 1480 Sapientes
2848 1408 3034 1465 mundi
3055 1408 3112 1465 in
3138 1424 3305 1465 carne
3323 1418 3472 1476 sunt,
3494 1406 3522 1446 ιι
3544 1409 3670 1482 quia
3692 1409 3844 1465 mundi

600 1508 750 1566 entia
794 1507 973 1564 carnis
1007 1515 1288 1578 peccatum
1320 1513 1434 1573 est,
1465 1504 1610 1576 quod
1641 1513 1867 1575 generat
1914 1513 2168 1560 mortem.
2273 1503 2557 1574 sapientia:
2606 1503 2857 1572 student,
2908 1518 3005 1574 per
3050 1519 3212 1574 quam
3261 1503 3356 1560 Dei
3405 1503 3511 1576 legi
3558 1515 3841 1575 repugnent.

564 1602 860 1660 Prudentia
888 1601 1031 1658 enim
1062 1600 1184 1656 ideo
1209 1598 1429 1666 dicitur,
1460 1613 1582 1654 cum
1614 1612 1702 1653 res
1729 1597 1892 1653 stulta
1924 1597 2022 1664 sit;
2046 1598 2171 1668 quia
2275 1594 2548 1669 Quidquid
2600 1597 2748 1653 enim
2796 1608 2986 1653 contra
3019 1595 3192 1667 legem
3229 1597 3320 1652 Dei
3369 1606 3453 1652 est
3480 1638 3495 1663 ,
3524 1598 3732 1652 carnale
3751 1609 3845 1658 eSt;

564 1697 920 1754 smcularibus
971 1695 1279 1753 hominibus
1318 1709 1536 1752 errores
1585 1709 1655 1749 ex
1710 1693 2012 1750 visibilibus
2041 1708 2174 1751 con-
2275 1690 2401 1761 quia
2455 1704 2521 1745 ex
2571 1689 2774 1746 mundo
2819 1698 2941 1755 est;
2979 1698 3124 1745 totus
3149 1689 3296 1745 enim
3325 1689 3561 1746 mundus
3597 1705 3719 1745 caro
3743 1700 3844 1745 eSt:

562 1792 708 1864 cepti
737 1790 852 1847 sive
904 1792 955 1846 in
985 1804 1150 1846 sensu
1179 1788 1295 1845 sive
1327 1787 1380 1844 in
1429 1796 1552 1844 actu
1601 1797 1791 1843 contra
1825 1787 1999 1860 legem
2035 1787 2128 1842 Dei
2153 1829 2168 1856 ,
2204 1815 2251 1874 Β
2277 1798 2440 1840 omne
2486 1785 2632 1840 enim
2684 1783 2897 1839 visibile
2925 1783 3074 1840 carni
3119 1784 3439 1854 deputatur;
3473 1792 3699 1855 cognata
3734 1782 3847 1838 enim

565 1885 849 1956 prudentia
900 1884 1189 1941 videntur:
1244 1883 1480 1939 maxime
1509 1883 1633 1955 quia
1677 1882 1856 1938 omnis
1902 1881 2168 1938 industria
2277 1889 2404 1934 sunt
2457 1878 2667 1945 carnis,
2714 1879 2880 1934 immo
2927 1878 3199 1935 elementa
3249 1878 3452 1934 carnis.
3514 1877 3741 1950 Ideoque
3777 1880 3848 1948 qui

562 1992 620 2040 et
650 1983 848 2040 astutia
875 1982 1094 2038 illorum
1124 1981 1177 2035 in
1205 1994 1272 2036 eo
1301 1988 1407 2048 est,
1431 1988 1492 2035 ιιι
1523 1987 1768 2048 peccent.
1794 1977 1999 2050 Sapere
2025 1977 2170 2034 enim
2279 1971 2571 2027 mundanis
2603 1970 2768 2028 rebus
2795 1972 3159 2044 obtemperat,
3196 1971 3248 2027 in
3280 1987 3446 2028 carne
3471 1981 3580 2028 est.

564 2075 671 2132 sibi
702 2075 978 2142 videntur,
1007 2074 1053 2130 si
1085 2072 1229 2130 istud
1261 2071 1574 2144 diligentius
1616 2079 1845 2136 curent;
1886 2084 2009 2126 cum
2037 2068 2172 2124 nihil
2356 2063 2461 2119 Vos
2511 2073 2684 2119 autem
2735 2079 2837 2119 non
2886 2065 3008 2119 estis
3047 2065 3101 2118 in
3152 2081 3335 2131 carne,
3363 2064 3453 2119 sed
3495 2066 3552 2118 in
3581 2064 3772 2137 spiritu.
3797 2061 3838 2118 lu

565 2168 788 2224 stultius
832 2167 934 2233 sit,
981 2181 1144 2238 quam
1194 2180 1442 2238 peccare.
1489 2164 1586 2220 Est
1636 2174 1691 2221 et
1739 2163 1846 2220 alia
1887 2161 2172 2235 prudentia
2273 2171 2442 2213 carne
2491 2156 2690 2228 positi,
2721 2156 2979 2213 dicuntur
3009 2172 3117 2212 non
3147 2171 3269 2213 esse
3315 2157 3368 2212 in
3396 2171 3599 2228 carne,
3630 2157 3674 2212 si
3698 2171 3849 2211 assen-

567 2261 774 2328 carnis,
804 2276 927 2334 quae
959 2259 1247 2316 mundanis
1272 2259 1580 2316 rationibus
1610 2257 1795 2314 inﬂata
1816 2300 1830 2326 ,
1866 2266 2030 2329 negat
2076 2256 2174 2311 ali-

566 2356 696 2429 quid
728 2355 881 2422 ﬁeri,
911 2363 968 2412 ιιι
1012 2354 1199 2412 mundi
1247 2363 1432 2411 careat
1478 2351 1714 2410 ratione.
1757 2351 1914 2410 Unde
1961 2349 2177 2406 deridet

568 2447 810 2522 Virginis
837 2456 1076 2520 partum,
1103 2447 1287 2504 carnis
1315 2445 1803 2504 resurrectionem.

641 2542 936 2599 Prudentia
961 2551 1132 2598 autem
1154 2539 1368 2614 spiritus
1395 2543 1499 2595 vita
1528 2550 1575 2595 et
1606 2556 1730 2611 pax.
1759 2538 1904 2595 Vere
1935 2539 2051 2594 haec
2092 2546 2177 2594 est

570 2635 880 2707 sapientia,
909 2651 1029 2706 qua:
1072 2635 1242 2690 vitam
1288 2634 1525 2705 acquirit
1568 2644 1624 2690 et
1673 2647 1892 2702 pacem;
1939 2645 2179 2704 sequens

569 2726 717 2783 enim
747 2726 1041 2798 spiritalia,
1071 2725 1401 2796 contemptis
1421 2723 1694 2780 illecebris
1715 2724 1839 2779 vitae
1866 2724 2178 2796 praesentis,

573 2827 836 2876 aeternam
884 2817 1104 2875 habebit
1134 2818 1298 2873 vitam
1326 2832 1449 2873 cum
1484 2831 1648 2889 pace,
1682 2815 1735 2872 id
1761 2825 1882 2884 est,
1929 2818 2048 2874 sine
2092 2817 2178 2873 in-

573 2911 892 2985 quietudine
917 2929 932 2978 ;
959 2909 985 2949 ί¹
1020 2911 1113 2968 ubi
1139 2911 1480 2983 perturbatio
1507 2919 1564 2968 et
1595 2926 1753 2984 pains
1781 2926 1886 2969 non
1920 2919 2024 2968 est.

647 3005 836 3080 (Vers.
886 3005 967 3078 7.)
1019 3004 1278 3074 Quoniam
1323 3005 1578 3083 sapientia
1630 3004 1804 3061 carnis
1852 3005 2065 3061 inimica
2106 3014 2181 3060 est

578 3098 722 3169 Deo;
753 3099 856 3172 legi
885 3098 1020 3154 enim
1049 3096 1149 3154 Dei
1177 3114 1280 3152 non
1305 3107 1379 3152 est
1410 3097 1666 3165 subiecta,
1701 3114 1791 3153 nec
1823 3099 1960 3154 enim
1987 3110 2178 3170 potest.

2279 2251 2476 2308 tientes
2505 2250 2707 2308 Joanni
2734 2252 3004 2324 apostolo,
3039 2251 3311 2308 mundana
3337 2268 3446 2309 non
3471 2252 3725 2325 diligant;
3749 2267 3848 2308 seu-

2281 2349 2447 2406 tentia
2487 2349 2636 2406 enim
2679 2347 2918 2406 hominis
2963 2364 3117 2406 suam
3149 2349 3302 2420 quasi
3335 2348 3496 2422 ﬁngit
3527 2359 3786 2416 naturam;
3811 2354 3855 2402 ut

2280 2444 2386 2502 hoc
2416 2443 2744 2516 appelletur,
2772 2444 2915 2516 quod
2946 2445 3137 2502 sentit.

2355 2538 2418 2595 Si
2449 2549 2622 2595 tamen
2672 2537 2906 2611 Spiritus
2955 2537 3054 2594 Dei
3085 2539 3286 2594 habitat
3315 2539 3368 2593 in
3413 2540 3581 2594 vobis.
3629 2538 3734 2596 lloc
3767 2537 3857 2594 ideo

2279 2633 2533 2705 ambigue
2580 2631 2747 2697 dicit,
2779 2632 2905 2703 quia
2953 2633 3005 2688 in
3037 2631 3238 2704 Legem
3289 2631 3534 2699 inducti,
3565 2647 3672 2688 non
3717 2630 3855 2686 adhuc

2284 2723 2540 2796 perfectae
2578 2734 2736 2782 erant
2785 2723 2912 2782 ﬁdei
2942 2742 2955 2779 :
2988 2724 3085 2780 scd
3127 2739 3278 2796 spem
3316 2725 3370 2781 in
3397 2724 3480 2781 eis
3528 2725 3740 2783 videbat
3765 2739 3857 2794 per-

2283 2821 2556 2878 fectiouis.
2594 2819 2750 2877 Unde
2798 2819 3094 2892 aliquando
3139 2819 3295 2891 quasi
3327 2817 3593 2890 perfectis
3638 2819 3854 2890 loquitur,

2283 2913 2582 2987 aliquando
2612 2914 2766 2986 quasi
2797 2912 3147 2984 perlecturis,
3183 2913 3287 2968 hoc
3315 2921 3423 2980 est,
3452 2911 3746 2984 aliquando
3770 2911 3858 2965 lau-

2285 3008 2405 3074 dat,
2439 3006 2733 3081 aliquando
2781 3015 3123 3073 commonet;
3171 3015 3229 3060 ut
3281 3006 3324 3061 si
3374 3005 3678 3062 secundum
3722 3017 3855 3074 supra

2287 3112 2588 3160 memorata
2616 3102 2630 3140 ί
2661 3113 2950 3160 versentur
2973 3101 3124 3172 juxta
3151 3100 3326 3171 legem
3356 3109 3596 3171 naturae,
3625 3099 3677 3156 in
3701 3097 3859 3170 spiritu

576 3191 695 3248 Non
722 3206 942 3250 carnem
983 3191 1120 3248 dixit
1165 3191 1462 3259 inimicam,
1489 3191 1585 3249 sed
1613 3193 1934 3263 sapientiam
1959 3195 2176 3260 carnis;
2210 3223 2256 3286 ρ
2286 3215 2411 3258 esse
2442 3199 2726 3266 dicantur;
2757 3197 2883 3270 quia
2931 3197 3166 3270 Spiritus
3195 3196 3287 3253 Dei
3322 3195 3375 3251 in
3405 3211 3474 3252 eo
3512 3195 3754 3253 habitare
3776 3207 3858 3249 non

575 3285 631 3341 id
658 3293 783 3351 est,
829 3299 938 3340 non
968 3284 1358 3351 substantiam,
1387 3283 1484 3340 sed
1528 3294 1618 3341 aut
1645 3286 1818 3342 malos
1868 3296 2021 3343 nctus
2043 3328 2058 3354 ,
2089 3296 2185 3344 aut

577 3380 989 3454 c0gitationem,
1021 3379 1138 3437 sive
1168 3381 1658 3450 asseverationem,
1688 3397 1810 3454 quae
1843 3382 2082 3437 nascitur
2113 3381 2184 3438 de

582 3488 793 3533 errore.
821 3473 1094 3546 Sapientia
1141 3488 1272 3545 ergo
1319 3473 1502 3530 carnis
1545 3483 1629 3531 est
1658 3475 1834 3546 primo
1865 3474 1918 3530 in
1953 3473 2073 3530 loco
2097 3489 2185 3531 as-

583 3577 797 3626 trorum
849 3568 919 3624 ab
966 3568 1276 3624 hominibus
1301 3579 1324 3606 ε
1355 3569 1573 3625 inventa
1618 3569 1916 3640 disputatio
1942 3611 1956 3636 ,
1986 3567 2186 3626 deinde

581 3661 875 3720 visibilium
920 3661 1232 3718 oblectatio.
1267 3660 1394 3718 Haec
1443 3661 1661 3718 inimica
1692 3661 1804 3718 Deo
1855 3671 2023 3729 sunt;
2056 3661 2184 3735 quia

580 3755 978 3814 elementorum
1007 3754 1320 3824 Dominum,
1354 3766 1406 3814 et
1433 3757 1681 3830 opiﬁcem
1713 3757 1900 3814 mundi
1929 3757 2014 3814 his
2042 3772 2186 3815 com-

579 3859 769 3922 quant,
798 3865 922 3922 qua:
953 3849 1104 3918 fecit,
1128 3860 1438 3908 astruentes
1465 3849 1597 3907 nihil
1630 3865 1790 3923 posse
1816 3850 1959 3920 ﬁeri,
1985 3860 2184 3923 praeter

579 3959 740 4016 quam
789 3944 977 4000 mundi
1043 3945 1285 4000 continet
1337 3944 1493 4001 ratio.
1555 3944 1922 4014 Quamobrem
1986 3955 2186 4017 negant

583 4035 754 4094 Deum
781 4035 998 4104 fecisse,
1029 4046 1088 4093 ut
1113 4037 1278 4110 Virgo
1306 4045 1548 4108 pareret,
1575 4046 1668 4092 aut
1693 4045 2034 4094 mortuorum
2063 4053 2185 4094 cor-

581 4143 714 4201 pora
764 4139 1146 4202 resurgerent;
1189 4130 1312 4202 quia
1363 4129 1587 4185 stultum
1637 4138 1756 4198 est,
1804 4129 2093 4201 inquiunt,
2127 4139 2186 4186 ut

654 4259 681 4286 α
706 4247 785 4304 Ita
810 4256 920 4304 vet.
952 4244 1088 4304 edit.
1117 4261 1182 4302 ac
1211 4246 1393 4317 plures
1418 4261 1549 4302 mss.
1579 4263 1592 4299 :
1626 4245 1784 4302 Rom.
1810 4255 1990 4303 autem
2039 4249 2175 4308 edit.

581 4335 702 4377 cum
726 4319 854 4376 Gill.
882 4319 940 4376 in
969 4334 1140 4390 marg.
1172 4329 1226 4373 et
1274 4331 1406 4390 mss.
1432 4317 1684 4390 aliquot,
1722 4319 1803 4375 illi
1829 4335 2010 4390 sapere
2035 4321 2179 4376 vide-

581 4405 668 4448 tur
694 4408 714 4446 :
744 4392 966 4462 quidam
996 4389 1180 4462 etiant_
1194 4403 1354 4462 mss.,
1379 4389 1457 4443 illi
1481 4405 1609 4446 vane
1637 4391 1855 4462 uidetur.

2287 3305 2486 3369 potest,
2515 3294 2607 3366 qui
2635 3294 2876 3351 carnalia
2907 3293 3174 3364 sequitur.

2359 3388 2422 3444 Si
2446 3388 2562 3459 quis
2597 3397 2770 3442 autem
2802 3387 3063 3459 Spiritum
3103 3385 3296 3441 Christi
3342 3402 3445 3440 non
3474 3385 3654 3444 habet.
3682 3385 3757 3439 hic
3780 3398 3860 3438 non

2285 3492 2360 3538 est
2372 3480 2528 3554 ejus.i
2551 3480 2722 3550 Quem
2745 3480 2999 3550 superius
3022 3478 3284 3549 Spiritum
3309 3478 3404 3535 Dei
3420 3477 3593 3545 dixit,
3609 3492 3742 3534 nunc
3762 3473 3859 3544 Spi-

2286 3575 2448 3630 ritum
2499 3573 2635 3629 dicit
2659 3570 2902 3642 Christi,
2939 3582 3228 3644 propterea
3281 3571 3406 3644 quia
3451 3572 3640 3628 omnia
3678 3567 3860 3630 Patris,

2288 3668 2414 3726 Filii
2445 3677 2590 3726 sunt.
2627 3667 2741 3724 Hoc
2765 3682 2897 3740 ergo
2923 3667 3078 3732 dicit,
3111 3667 3236 3738 quia
3266 3665 3358 3738 qui
3389 3665 3720 3736 supradictis
3740 3673 3864 3719 erro-

2284 3761 2438 3818 ribus
2465 3761 2746 3832 subjectus
2773 3769 2892 3826 est,
2923 3758 2992 3815 ad
3024 3757 3300 3815 Christum
3333 3773 3439 3812 non
3469 3758 3738 3828 pertinet;
3766 3751 3864 3822 Spi-

2286 3853 2454 3910 ritum
2484 3854 2631 3909 enim
2655 3853 2774 3924 ejus
2801 3868 2910 3909 non
2945 3851 3130 3918 habet,
3160 3866 3323 3922 quem
3347 3859 3406 3905 ut
3436 3849 3588 3906 ﬁlius
3612 3849 3702 3906 Dei
3726 3852 3865 3909 esset,

2285 3956 2591 4019 acceperat.
2621 3946 2840 4004 Duabus
2869 3946 3016 4003 enim
3047 3960 3114 4002 ex
3143 3945 3324 4001 causis
3371 3942 3578 3999 deserit
3621 3939 3864 3998 hominem

2288 4039 2528 4110 Spiritus
2553 4048 2813 4106 sanctus;
2847 4054 2970 4095 cum
3001 4046 3097 4095 aut
3125 4052 3346 4094 sensum
3374 4036 3560 4093 carnis
3590 4035 3769 4096 habet,
3793 4037 3867 4085 aut

2285 4139 2460 4202 gesta.
2491 4132 2676 4204 Itaque
2705 4130 2731 4170 ιι
2756 4148 2853 4204 per
2885 4133 3002 4188 haec
3033 4147 3154 4204 qua:
3187 4139 3402 4199 monet,
3431 4130 3497 4186 ad
3529 4129 3728 4187 bonam
3756 4140 3865 4183 con-

2279 4251 2512 4306 studium
2552 4249 2840 4324 subjectum
2869 4266 2977 4305 esse
3023 4266 3122 4304 non
3175 4257 3339 4324 potest
3365 4248 3419 4302 in
3447 4248 3676 4324 ecquod
3699 4244 3867 4301 exerci-

2281 4331 2456 4396 tatur;
2489 4320 2893 4396 mssfaliquot,
2925 4323 3064 4396 in_eo
3109 4322 3493 4396 exercitatum:
3521 4320 3679 4396 Itoni.
3709 4327 3866 4396 autem

2282 4394 2413 4450 edit.
2441 4409 2564 4450 cum
2611 4390 2775 4449 variis
2800 4395 2924 4450 lect.
2956 4392 3083 4448 Gill.
3113 4402 3167 4446 et
3192 4408 3323 4446 mss.
3352 4390 3676 4462 quibusdam
3699 4432 3714 4457 ,
3744 4398 3795 4444 ut
3821 4390 3864 4439 in

655 4464 682 4503 δ
711 4457 839 4536 Mss.
873 4462 1024 4519 Flor.
1054 4471 1111 4518 et
1139 4459 1601 4536 Corb.;‘sentiunt.
1634 4461 1706 4536 Hi
1732 4473 1853 4518 sunt
1879 4463 1969 4535 qui
1992 4481 2181 4520 concu-
2207 4457 2259 4520 D
2284 4475 2562 4536 contextu,
2589 4466 2692 4521 nisi
2714 4465 2857 4536 quod
2881 4465 2932 4518 in
2959 4465 3064 4519 ﬁne
3088 4463 3250 4518 Rern.
3273 4457 3406 4520 edii.
3427 4472 3482 4518 et
3499 4461 3634 4519 Gill.
3661 4462 3864 4520 habent.

584 4535 860 4607 piscentias
889 4535 1083 4600 carnis,
1115 4549 1288 4607 errore
1318 4531 1535 4596 deuicto,
1564 4534 1835 4607 calcarunt
1863 4531 2002 4606 {qui
2023 4553 2144 4592 mun
2164 4568 2176 4578 -

583 4605 708 4662 dum
747 4607 1083 4678 praepositum
1121 4605 1371 4678 (Corb.,_
1403 4606 1765 4678 postpositum,
1796 4605 1937 4664 forte
1976 4609 2179 4666 mundo

585 4675 914 4751 postposito)
944 4686 993 4732 et
1015 4678 1071 4732 in
1093 4675 1246 4732 carne
1265 4675 1612 4751 ambulantes,
1631 4693 1734 4732 non
1753 4679 2038 4751 secundum
2065 4698 2182 4737 car-

585 4748 702 4807 nem
727 4750 988 4816 militant;
1017 4757 1068 4804 et
1095 4765 1314 4816 quorum
1342 4748 1511 4820 gloria
1535 4765 1639 4804 non
1665 4764 1730 4804 ea:
1753 4749 2063 4818 hominibus,
2090 4755 2180 4808 sed

579 4839 646 4876 ex
685 4820 797 4878 Deo
837 4830 932 4876 est.
961 4820 1052 4894 l_ni
1073 4821 1152 4894 his
1195 4837 1316 4894 ergo
1347 4822 1590 4894 operibus
1625 4821 1948 4892 spiritalibus
1977 4841 2179 4894 permao

581 4903 782 4960 nentes,
815 4908 929 4966 qute
955 4891 1184 4966 Spiritus
1212 4891 1310 4966 Dei
1335 4901 1478 4956 sunt,
1510 4892 1563 4946 in
1591 4891 1740 4966 cujus
1771 4891 2038 4966 praeeptis
2065 4913 2181 4950 ant-

581 4966 782 5030 balant,
814 4961 1046 5035 sapiunt.
1081 4961 1423 5036 Manifestum
1442 4973 1517 5018 est
1559 4961 1701 5036 quia,
1732 4961 1838 5021 etc.
1867 4961 1976 5022 Sed
2015 4967 2179 5022 Corb.

582 5038 790 5095 omisso
834 5034 1000 5108 etiam
1049 5034 1298 5108 sequenti
1329 5042 1513 5102 textu,
1547 5035 1717 5092 verbo
1761 5037 1970 5108 sapiunt
1997 5040 2180 5094 statim

580 5110 857 5166 connectit
884 5107 1026 5164 Nam
1055 5106 1335 5180 prudentia
1361 5109 1558 5180 carnis,
1584 5116 1690 5180 etc.

660 5194 682 5221 ο
712 5181 842 5239 Gill.
876 5181 930 5236 in
979 5179 1145 5235 variis
1191 5179 1318 5251 lect.
1367 5187 1423 5234 et
1455 5179 1580 5234 cod.
1636 5179 1861 5251 aliquot,
1895 5183 2186 5238 Prudentia

587 5253 722 5308 enim
746 5255 916 5310 carnis
943 5267 1082 5307 mors
1101 5250 1298 5306 idcirco
1324 5260 1423 5317 est,
1447 5251 1573 5318 quia
1599 5250 1754 5322 grave
1777 5264 2044 5321 peccatum
2072 5266 2182 5322 est;

589 5340 678 5390 per
707 5336 969 5395 peccatum
998 5324 1134 5379 enim
1178 5322 1475 5394 hujusmodi
1520 5339 1678 5380 mors.
1715 5323 2004 5382 Prudentia
2024 5326 2182 5384 enim.

660 5391 686 5432 ἀ
719 5399 793 5452 Ita
824 5397 1011 5465 scripti
1037 5395 1160 5452 cod.
1189 5409 1383 5465 magno
1411 5409 1681 5451 numero:
1709 5397 1950 5454 nonnulli
1977 5407 2182 5465 tamen,

1145 5434 1160 5451 ο
1189 5413 1383 5453 magno
1411 5413 1642 5451 numero
1665 5413 1681 5450 2
1709 5413 1950 5453 ηοιιιιιιιιι

660 5413 686 5432 υ
719 5413 793 5452 tta
824 5413 1011 5466 scriptt
1037 5413 1160 5452 con.
1189 5413 1383 5465 magno
1411 5413 1681 5451 numero:
1709 5413 1950 5454 nonnuttt
1977 5413 2182 5467 tamen,

587 5474 642 5518 et
667 5481 858 5541 omnes
887 5469 1044 5541 edit.,
1070 5467 1158 5522 ubi
1183 5466 1322 5521 enim
1355 5467 1673 5541 perturbatio
1702 5479 1777 5523 est
1794 5510 1809 5541 ,
1835 5479 1884 5524 et
1912 5485 2062 5541 paena
2085 5479 2182 5526 est.

662 5546 685 5574 ε
711 5537 871 5592 Rom.
896 5538 1027 5594 edit.
1059 5554 1125 5595 ex
1151 5554 1323 5611 marg.
1351 5537 1480 5596 Gill.
1510 5554 1633 5596 cum
1656 5540 1840 5610 paucis
1867 5537 2029 5610 mss.,
2061 5556 2188 5611 prte-

662 5619 793 5662 mota
816 5609 1118 5662 disputatio.

588 5619 793 5680 sumpta
816 5611 1118 5678 disputatio.

665 5677 853 5764 ξςγωί
879 5677 1029 5735 homo
1058 5681 1332 5756 subjungit
1358 5697 1464 5738 ms.
1497 5681 1660 5741 Corb.
1685 5724 1701 5752 ,
1731 5698 1793 5738 ac
1833 5698 1924 5753 per
1959 5684 2056 5738 hoc
2085 5699 2189 5739 non

617 5762 709 5807 ‘ectt
716 5793 730 5808 .

590 5758 828 5884 [αἴθει.
857 5822 988 5882 edit.
1020 5809 1082 5879 ac
1112 5814 1292 5896 plures
1322 5815 1480 5898 mss.,
1500 5843 1560 5882 ac
1589 5820 1679 5899 per
1709 5811 1806 5882 hoc
1835 5826 1938 5898 legi
1970 5809 2067 5882 Dei
2090 5827 2186 5882 hoc

2284 4534 2479 4608 utADeo
2506 4547 2679 4608 gentes
2705 4534 3010 4608 repugnent.

2354 4605 2478 4664 hIta
2507 4603 2669 4664 Rom.
2703 4603 2852 4664 (ιιιιιι⁷
2875 4607 3037 4662 variis
3079 4607 3202 4662 lect.
3252 4603 3405 4671 θυι,
3446 4603 3571 4660 cod.
3623 4603 3780 4662 Corb.
3822 4609 3868 4655 et

2283 4681 2406 4736 aliis
2433 4680 2705 4738 nonnullis
2737 4698 2751 4734 :
2784 4687 2894 4736 vet.
2924 4687 3102 4734 autem
3131 4677 3264 4733 edit.
3291 4691 3354 4732 ac
3378 4678 3565 4732 creteri
3600 4692 3732 4734 mss.
3759 4674 3862 4746 quia

2282 4754 2611 4823 respicientes
2634 4753 2902 4816 mundum,
2927 4752 3148 4822 spiritali
3179 4749 3444 4815 sapientia:
3463 4751 3736 4816 resistunt,
3759 4748 3862 4818 quia

2285 4825 2681 4900 ιοιιιε-ιιιιιηιιιιξΔ
2699 4841 2820 4880 caro
2845 4835 2952 4900 est.
3261 4896 3270 4900 Α
3453 4890 3472 4900 _
3826 4888 3838 4900 ,

2363 4894 2379 4933 ί
2413 4897 2572 4953 Rom.
2598 4895 2731 4953 edit.
2779 4897 2916 4960 sola,
2943 4906 3206 4950 versentur
3251 4896 3401 4962 iuxta
3441 4890 3671 4966 Legem,
3699 4890 3867 4948 nonin

2285 4968 2493 5037 spiritu,
2521 4980 2630 5025 etc.

2364 5039 2378 5088 i
2415 5039 2616 5098 Omnes
2641 5040 2771 5095 edit.
2804 5055 2869 5096 ac
2918 5039 3076 5107 pauci
3116 5052 3273 5106 mss.,
3308 5037 3566 5106 Spiritum
3607 5037 3706 5093 Dei
3744 5049 3865 5089 nunc

2290 5108 2547 5183 Spiritum
2588 5112 2715 5167 dicit
2743 5109 2969 5180 Christi,
2998 5112 3144 5183 quia,
3171 5119 3279 5166 etc.
3309 5108 3418 5165 Nos
3443 5108 3624 5165 locum
3651 5126 3683 5165 e
3713 5107 3866 5180 pluri-

2287 5181 2389 5252 bus
2417 5184 2827 5252 p0tioribu5que
2852 5198 2984 5240 mss.
3012 5181 3372 5240 restituimus.

2361 5251 2386 5290 ιε
2416 5251 2488 5309 ita
2521 5271 2654 5311 mss.
2693 5251 2936 5327 plerique
2966 5273 2980 5310 :
3009 5255 3101 5311 alii
3130 5268 3290 5318 vero.
3325 5262 3380 5327 et
3425 5252 3563 5309 edit.
3591 5253 3864 5327 omittunt,

2287 5341 2402 5451 qua:
2446 5338 2652 5394 monet;
2691 5325 2746 5412 et
2769 5325 3016 5409 nonnulli
3060 5343 3123 5384 ac
3176 5334 3286 5384 vet.
3319 5325 3449 5382 edit.
3469 5341 3589 5411 pro.
3606 5325 3865 5384 hortatur.

2310 5409 2474 5451 etzunt
2499 5399 2778 5451 compellet.
2801 5396 3069 5451 Conttnuo
3093 5415 3226 5451 vero
3249 5409 3365 5451 post
3388 5397 3480 5451 ubt
3506 5397 3640 5451 edtt.
3665 5413 3728 5451 ac
3748 5406 3865 5451 mss.

2310 5409 2474 5469 egunt
2499 5399 2778 5469 compellit.
2801 5396 3069 5454 Continuo
3093 5415 3226 5455 vero
3249 5409 3365 5469 post
3388 5397 3480 5455 ubi
3506 5397 3640 5454 edit.
3665 5413 3728 5454 ac
3748 5406 3865 5469 ms},

2289 5464 2517 5542 aliquot,
2549 5464 2801 5534 homines,
2826 5486 2927 5525 non
2957 5480 3103 5542 erunt
3130 5464 3297 5525 tamen
3321 5471 3419 5540 ﬁlii
3449 5469 3546 5525 Dei
3569 5471 3754 5531 vocati,
3775 5464 3867 5521 nisi

2289 5541 2364 5594 sic
2405 5542 2624 5596 vixerint
2648 5583 2663 5609 ,
2689 5557 2755 5613 ne
2781 5543 2908 5596 satis
2936 5541 3140 5613 indigni
3167 5558 3406 5596 concesso
3437 5543 3644 5597 nomine
3670 5542 3863 5613 videan-

2290 5621 2404 5678 tur;
2429 5613 2586 5668 Rom.
2635 5612 2789 5676 edit.,
2819 5653 2834 5668 .
2866 5653 2880 5666 .
2913 5651 2926 5666 .
2956 5623 3012 5667 ut
3033 5609 3234 5684 indigni
3263 5628 3503 5667 concesso
3541 5616 3744 5670 nomine
3773 5609 3864 5665 mi-

2293 5684 2428 5756 nime
2470 5684 2776 5756 videantur,-
2803 5699 2936 5740 mss.
2969 5685 3285 5756 frequentes
3326 5684 3607 5756 nobiscum
3641 5687 3860 5745 faciunt,

2292 5755 2395 5815 nisi
2425 5755 2570 5884 ignoti
2599 5770 2697 5826 pro
2721 5765 3024 5827 onerantur,
3049 5751 3158 5814 non
3187 5755 3340 5829 pauci
3365 5751 3597 5813 eﬁ‘erunt
3624 5757 3868 5812 Ιιοηοιναιιιε

2293 5831 2396 5884 tur.
2471 5825 2687 5884 ‘ltsurdo
2713 5829 2898 5884 Sensu.

2293 5831 2396 5884 tur.
2435 5825 2687 5885 Altsurdo
2713 5829 2898 5886 Sensu.
