4082 6306
193 316 291 371 iii

1069 312 1570 372 COMMENTARIA
1615 312 1681 371 lN
1722 312 2112 375 EPISTOLKM
2157 316 2246 372 AD
2288 317 2642 380 ROMANOS.

3403 325 3507 378 ΗΞ

187 432 572 490 versationem
620 435 901 500 hortatur;
935 431 1178 506 quamvis
1227 429 1371 486 enim
1424 431 1668 486 bonitate
1704 430 1799 488 Dei
1831 449 1878 507 Α
1907 443 2136 490 mortem
2163 435 2319 492 nobis
2361 437 2700 496 haereditatis
2731 441 2891 497 titulo
2912 440 3205 512 dereliquit
3234 459 3246 494 :
3278 439 3375 498 sed
3403 440 3505 513 legi

186 529 481 601 erigantur
509 529 784 596 homines,
815 537 1114 586 onerantur
1140 538 1319 584 tamen
1347 525 1441 582 ﬁlii
1468 527 1564 582 Dei
1593 526 1804 594 vocati,

187 625 300 680 nisi
354 625 437 681 sic
487 625 762 694 vixerint,
796 641 864 682 ne
893 624 1095 697 indigni
1141 638 1406 682 concesso
1452 623 1672 680 nomine
1720 623 1801 679 vi-

185 719 453 776 deantur.

267 811 457 882 (Vers.
507 811 635 884 i0.)
677 812 874 886 Corpus
919 813 1124 885 quidem
1169 824 1429 868 mortuum
1474 827 1545 870 est
1593 826 1804 887 propter

184 916 486 977 peccatum,
513 917 540 946 ἰ
562 907 778 976 spiritus
809 923 926 962 vera
961 907 1064 962 vita
1102 916 1314 980 propter
1344 910 1799 981 justiﬁcationem.

183 999 413 1057 l’eccati
447 1015 609 1056 causa
654 1016 856 1072 corpus
886 1012 1158 1057 mortuum
1188 1002 1385 1058 asserit
1414 1017 1626 1068 eorum,
1659 1019 1797 1075 quos

181 1093 403 1151 deserit
447 1093 687 1167 Spiritus
735 1103 983 1163 sanctus,
1045 1111 1146 1152 nec
1187 1095 1253 1152 ad
1301 1095 1554 1166 istum,”
1598 1097 1653 1155 id
1683 1108 1798 1168 est,

180 1187 491 1261 Spiritum,
525 1190 676 1246 necis
721 1204 911 1246 eorum
939 1191 1247 1261 passionem
1276 1192 1588 1263 pervenire.
1621 1191 1798 1264 Spiri-

183 1290 280 1340 tus
310 1283 460 1338 enim
490 1282 587 1338 Dei
614 1283 789 1339 nescit
818 1297 1080 1354 peccare;
1102 1284 1168 1340 ad
1187 1283 1632 1356 jnstiﬁcationem
1653 1287 1798 1342 enim

180 1377 376 1445 datur,
409 1389 464 1434 ut
493 1379 767 1450 adjutorio
793 1393 892 1435 suo
912 1379 1192 1450 justiﬁcet.
1231 1381 1372 1450 Ergo
1414 1382 1537 1452 quia
1571 1396 1800 1452 peccare

181 1476 390 1544 nescit,
423 1475 533 1532 vita
561 1485 676 1542 est;
711 1475 852 1531 mori
879 1475 1023 1533 enim
1052 1492 1159 1532 non
1188 1486 1389 1547 potest,
1410 1479 1533 1548 quia
1557 1492 1655 1548 per
1676 1492 1801 1549 pec-

180 1578 374 1625 catum
423 1583 576 1626 mors
610 1587 622 1623 :
655 1583 720 1625 ac
764 1583 864 1639 per
894 1569 998 1626 hoc
1027 1569 1128 1625 sibi
1163 1579 1417 1640 peccator
1449 1570 1659 1640 oberit,
1691 1586 1797 1626 non

179 1661 450 1733 Spiritui,
495 1677 657 1735 quem
707 1664 937 1735 accepit.
968 1663 1079 1720 Nec
1126 1664 1274 1721 enim
1323 1665 1559 1737 Spiritus
1588 1665 1694 1722 erit
1743 1667 1794 1722 in

183 1768 380 1820 causa,
409 1756 498 1824 qui
533 1755 647 1810 vult
667 1756 990 1825 justilicare.
1020 1755 1247 1828 Signum
1288 1759 1432 1814 enim
1455 1757 1798 1829 iustiﬁcatio-

1909 526 2116 584 Christi
2144 530 2351 586 servire
2381 545 2482 586 nos
2526 531 2748 602 debere,
2778 535 2869 606 qui
2898 550 2998 591 nos
3025 533 3260 606 spiritali
3292 535 3507 591 ratione

1909 636 1938 676 a
1971 631 2150 680 morte
2178 624 2491 696 supradicta
2535 626 2770 684 redemit
2800 647 2815 696 ;
2847 630 2972 686 huic
3027 630 3173 686 enim
3224 629 3509 686 debitores

1906 727 2116 779 sumus,
2147 715 2238 786 qui
2271 730 2372 771 nos
2393 717 2703 774 carnalibus
2729 718 2876 774 vitiis
2898 719 3211 776 sordidatos
3236 735 3333 792 per
3362 720 3508 776 lava.

1904 819 2059 861 crum
2086 803 2324 876 Spiritus
2367 807 2585 865 ablutos
2610 809 2955 880 justiﬁcavit,
2991 821 3046 867 et
3071 812 3213 868 ﬁlios
3235 813 3328 868 Dei
3352 811 3502 868 fecit.

1907 899 2065 956 Prius
2093 901 2240 957 enim
2271 902 2324 957 in
2349 917 2514 959 carne
2545 903 3002 976 positi,cxemplo
3031 905 3165 962 Adae
3191 907 3507 964 vivebamus

1903 995 2132 1067 subjecti
2159 995 2400 1068 peccatis
2431 1013 2445 1052 :
2473 1013 2615 1054 nunc
2645 1014 2773 1055 vero
2803 999 3040 1068 liberati,
3067 1001 3303 1058 reddere
3332 1001 3502 1058 debe-

1904 1105 2024 1146 mus
2072 1091 2391 1164 obsequium
2446 1093 2819 1165 Redemptori.
2881 1095 3036 1164 Quod
3084 1097 3304 1168 quidem
3338 1099 3502 1154 obse-

1902 1183 2086 1254 quium
2112 1199 2218 1240 non
2239 1185 2316 1240 illi
2336 1183 2362 1224 ά
2385 1186 2573 1257 utique
2597 1188 2834 1257 proﬁcit,
2866 1189 2957 1260 qui
2983 1190 3185 1245 nullius
3215 1202 3336 1262 eget
3371 1210 3384 1246 :
3409 1193 3502 1247 sed

1903 1277 2060 1333 nobis
2089 1279 2253 1333 vitam
2274 1279 2502 1350 acquirit
2545 1290 2810 1336 :eternam
2843 1298 2858 1347 ;
2892 1281 2972 1337 sic
3002 1283 3147 1338 enim
3176 1282 3353 1355 diligit
3383 1299 3502 1351 nos,

1902 1383 1964 1429 ut
1984 1373 2084 1430 sibi
2118 1374 2371 1445 imputet,
2399 1375 2544 1446 quod
2567 1375 2786 1447 proﬁcit
2819 1377 2999 1433 nobis.

1975 1471 2156 1544 (Vers.
2186 1470 2301 1541 15.)
2319 1471 2380 1528 Si
2407 1472 2544 1528 enim
2567 1473 2856 1527 secundum
2883 1489 3094 1529 carnem
3119 1473 3370 1541 vixeritis,
3395 1490 3506 1528 mo-

1899 1565 2128 1621 riemini.
2161 1565 2304 1621 Nihil
2337 1565 2538 1633 verius,
2574 1568 2696 1637 quia
2728 1567 2774 1623 si
2804 1568 3107 1624 secundum
3149 1567 3320 1624 Adam
3349 1569 3503 1626 vixe-

1902 1660 2097 1729 rimus,
2128 1662 2467 1729 moriemur;
2495 1660 2666 1717 Adam
2697 1661 2838 1718 enim
2873 1662 3238 1732 prmvaricans
3261 1662 3506 1719 vendidit

1901 1771 1963 1813 se
1990 1766 2213 1826 peccato
2260 1755 2411 1812 carni
2440 1755 2756 1827 deputatus.
2799 1754 2973 1813 Omne
3017 1757 3165 1812 enim
3193 1767 3500 1829 peccatum,

184 1847 275 1903 nis
302 1848 408 1904 hoc
435 1858 519 1904 est
565 1848 620 1904 in
652 1847 904 1917 homine,
938 1858 995 1905 ut
1026 1865 1123 1920 per
1149 1850 1201 1906 id
1231 1851 1373 1923 quod
1423 1851 1695 1908 inhabitat
1739 1854 1791 1909 in
1825 1859 1874 1918 Β
1899 1866 2030 1906 caro
2059 1859 2143 1906 est
2169 1867 2183 1917 ;
2220 1858 2444 1920 propter
2466 1848 2608 1920 quod
2635 1848 2778 1906 enim
2813 1848 3020 1906 deforis
3065 1849 3193 1906 vitia
3223 1859 3278 1906 et
3304 1848 3502 1906 delicta

185 1957 275 2009 eo,
302 1941 636 2012 justiﬁcatus
680 1952 943 2014 appareat
988 1957 1112 2000 esse
1157 1945 1302 2002 ﬁlius
1329 1945 1455 2014 Dei;
1489 1963 1600 2003 non
1647 1948 1789 2004 enim

188 2036 242 2092 in
273 2036 404 2093 ﬁcto
431 2036 686 2104 homine,
722 2053 900 2108 neque
929 2038 983 2094 in
1016 2053 1248 2109 corpore
1291 2039 1510 2097 subdito
1558 2044 1795 2112 peccatis

190 2140 373 2202 potest
401 2131 649 2187 habitare
673 2129 910 2202 Spiritus
930 2144 1175 2201 sanctus,
1205 2135 1348 2190 sicut
1375 2135 1508 2192 dicit
1533 2135 1793 2194 Salomon

195 2223 358 2296 (Sap.
385 2240 426 2292 1,
453 2224 510 2296 4)
536 2243 549 2279 :
580 2225 627 2280 si
670 2225 794 2296 quis
823 2235 1004 2282 autem
1049 2227 1229 2284 denuo
1273 2229 1566 2285 carnaliter
1609 2231 1792 2300 vivat,

202 2313 451 2370 desertus
477 2317 542 2370 ab
586 2315 793 2386 Spiritu
840 2327 1068 2386 sancto,
1103 2319 1155 2373 in
1185 2318 1448 2390 injustitia
1473 2335 1567 2376 sua
1598 2322 1798 2379 morie-

207 2414 316 2462 tur.
347 2404 542 2478 Corpus
566 2418 744 2465 autem
775 2409 989 2478 dicens,
1021 2420 1192 2466 totum
1225 2411 1498 2468 hominem
1531 2413 1797 2486 signiﬁcat

205 2511 474 2557 tuortuum
505 2503 708 2574 peccati
736 2517 924 2570 causa,
953 2503 1092 2560 sicut
1122 2515 1177 2562 et
1200 2521 1228 2559 a
1261 2506 1521 2578 propheta
1561 2509 1665 2564 sub
1703 2524 1798 2563 vo-

199 2595 395 2651 cabulo
423 2598 616 2653 anima:
646 2607 790 2655 totus
823 2599 986 2655 homo
1009 2600 1372 2672 signiﬁcatur,
1403 2602 1557 2674 quasi
1587 2617 1618 2658 a
1646 2613 1796 2675 parte

199 2699 368 2746 totum
393 2707 408 2756 ;
440 2691 515 2746 ait
544 2692 688 2748 enim
723 2711 736 2749 :
767 2694 954 2748 Anima
999 2711 1114 2767 qua:
1161 2705 1369 2766 peccat,
1401 2699 1516 2768 ipsa
1546 2698 1797 2754 morietur

202 2783 419 2856 (Ezech.
451 2801 604 2856 xvm,
627 2786 708 2860 4).
732 2786 1003 2860 Numquid
1032 2789 1150 2845 sine
1173 2791 1446 2862 corpore?
1477 2791 1576 2847 llic
1595 2806 1797 2863 corpus

199 2896 297 2953 pro
326 2890 444 2938 toto
489 2882 708 2939 homine
753 2885 970 2955 posuit,
999 2884 1094 2942 ille
1119 2886 1374 2942 animam.
1405 2885 1476 2942 Et
1499 2887 1642 2944 alius
1668 2903 1795 2959 pro.

198 2975 359 3043 pheta
387 2989 607 3031 carnem
646 2975 880 3032 dicendo
910 2985 1084 3031 totum
1131 2977 1406 3034 hominem
1433 2978 1754 3050 significavit
1779 2998 1792 3046 ;

195 3067 272 3122 ait
298 3067 445 3123 enim
473 3088 488 3124 :
527 3067 731 3125 Videbit
759 3071 928 3126 omnis
969 3087 1093 3126 caro
1120 3073 1347 3129 salutare
1377 3071 1476 3128 Dei
1505 3073 1678 3146 (Esai.
1702 3091 1794 3143 ιι,

193 3157 288 3232 5).
320 3158 389 3215 Et
433 3161 690 3232 quoniam
734 3162 1010 3234 baptizato
1057 3163 1218 3219 datur
1260 3164 1494 3235 Spiritus
1537 3175 1794 3235 sanctus,

192 3252 358 3308 etiam
403 3253 572 3324 ipsius
622 3270 747 3313 esse
791 3256 1018 3328 spiritus
1063 3256 1281 3313 dicitur.
1331 3258 1535 3315 Idcirco
1599 3270 1795 3318 cetera
1827 3259 1872 3321 (ἶ

195 3343 433 3400 hominis
464 3346 530 3401 ad
557 3349 1022 3419 comparationem
1048 3351 1168 3421 ejus
1205 3366 1404 3422 corpus
1431 3363 1453 3390 ο
1481 3354 1796 3424 appellavit,

195 3447 486 3510 praptcrea
531 3440 673 3510 quod
721 3443 934 3509 anima,
967 3443 1097 3500 dum
1123 3453 1340 3514 peccat,
1371 3462 1499 3502 raro
1547 3447 1794 3516 dicatur;

194 3530 299 3587 hoc
328 3533 478 3588 euim
523 3542 779 3604 vocatur,
805 3535 952 3607 quod
995 3538 1264 3609 sequitur,
1309 3539 1450 3596 sicut
1499 3555 1645 3612 saepe
1683 3541 1796 3612 jam

191 3621 326 3678 dixi.
355 3623 533 3681 Simili
580 3626 741 3682 modo
794 3637 847 3683 et
876 3629 1137 3685 Dominus
1182 3645 1308 3686 cum
1339 3631 1392 3686 in
1423 3632 1676 3703 passione
1700 3649 1794 3690 sua

190 3715 534 3774 divinitatem
565 3734 714 3776 suam
755 3721 976 3778 minime
1006 3723 1303 3781 formidare
1332 3724 1499 3781 vellet
1527 3727 1751 3799 intelligi
1778 3770 1794 3796 ,

190 3807 285 3864 sed
338 3809 575 3867 hominis
613 3827 734 3868 csse
777 3816 1230 3884 mmstitiam,ait
1273 3836 1286 3871 :
1329 3817 1566 3889 Spiritus
1591 3822 1796 3892 quidem

191 3913 464 3971 promptus
510 3914 620 3972 est,
649 3921 771 3961 caro
799 3923 914 3962 vero
970 3907 1181 3979 inﬁrma
1229 3908 1446 3981 (Matth.
1481 3927 1628 3978 χχιι,
1660 3913 1793 3983 41);

190 4003 245 4050 ut
294 3995 350 4052 in
373 3996 572 4068 spiritu
606 3998 806 4068 Deum,
839 4000 892 4056 in
942 4016 1110 4060 carne
1156 4017 1290 4059 vero
1320 4003 1595 4060 hominem
1628 4007 1795 4078 signi-

189 4087 400 4146 ﬁcaret.

255 4183 370 4257 73
394 4184 581 4256 (νει-ε.
614 4189 728 4260 ll.)
759 4188 910 4255 Quod
930 4190 973 4246 si
997 4191 1228 4263 Spiritus
1249 4197 1378 4267 ejus,
1403 4197 1491 4266 qui
1525 4198 1796 4252 suscitauit

185 4275 368 4332 Iesum
389 4296 421 4332 a
447 4281 680 4349 mortuis,
705 4281 902 4337 habitat
933 4284 987 4338 in
1003 4284 1142 4339 vobis
1167 4303 1184 4350 ;
1212 4287 1300 4357 qui
1327 4288 1592 4343 suscitavit
1609 4289 1793 4344 Iesum

187 4389 218 4424 a
239 4372 486 4441 mortuis,
509 4374 788 4446 vioiﬁcabit
810 4388 857 4432 et
875 4380 1118 4434 mortalia
1146 4397 1367 4452 corpora
1393 4393 1561 4436 vestra
1580 4393 1796 4455 propter

185 4465 568 4523 inhabitantem
610 4468 869 4539 Spiritum
889 4475 1005 4546 ejus
1034 4474 1089 4528 in
1139 4476 1299 4532 vobis.
1353 4475 1535 4548 Ipsum
1566 4493 1791 4534 sensum

186 4557 383 4615 cadent
410 4569 611 4617 tractat
635 4563 850 4621 ratione
875 4581 889 4631 ;
935 4581 1159 4636 corpora
1185 4569 1330 4624 enim
1361 4569 1524 4637 dixit,
1545 4587 1642 4641 per
1669 4587 1792 4644 qua:

1899 1951 2199 2000 nascuntur
2225 1957 2293 2000 ex
2327 1942 2600 2008 sensibus,
2633 1942 2684 1998 id
2703 1951 2809 2009 est,
2825 1942 2896 1999 de
2926 1942 3134 2010 auditu,
3158 1941 3300 2008 visu,
3333 1950 3501 2010 tactu,

1897 2038 2154 2104 odoratu,
2188 2038 2271 2095 vel
2305 2047 2488 2111 gustu,
2521 2039 2671 2094 carni
2703 2037 3059 2108 deputantur.
3110 2036 3300 2093 Omnis
3354 2035 3500 2091 enim

1898 2133 2158 2202 cogitatio
2190 2133 2334 2188 foras
2362 2131 2686 2202 respiciens,
2716 2130 2948 2188 incurrit
2969 2129 3226 2187 delictum
3252 2145 3266 2194 ;
3299 2143 3421 2184 nam
3447 2135 3504 2183 et

1900 2225 2060 2297 primi
2082 2225 2317 2281 hominis
2361 2224 2568 2280 deforis
2599 2233 2881 2295 peccatum
2942 2231 3126 2278 natum
3157 2232 3262 2279 est.
3294 2220 3505 2278 Secun-

1899 2317 2028 2375 dum
2077 2333 2298 2374 carnem
2352 2333 2486 2389 ergo
2531 2317 2738 2381 vivere,
2782 2329 2933 2372 mors
2959 2325 3080 2380 est;
3127 2314 3308 2372 omnis
3354 2312 3502 2369 enim

1899 2423 2053 2469 actus
2078 2413 2261 2469 carnis
2291 2421 2443 2468 extra
2476 2412 2678 2483 Legem
2710 2418 2816 2467 est.

1974 2508 2036 2562 Si
2065 2516 2240 2564 autem
2268 2507 2455 2579 spiritu
2489 2509 2628 2578 facta
2675 2505 2848 2560 carnis
2877 2503 3331 2574 mortiﬁcaveritis,
3361 2502 3501 2557 vive.

1901 2602 1988 2656 tis.
2011 2601 2225 2671 Corpus
2260 2599 2376 2654 vult
2402 2599 2522 2670 lege
2570 2597 2767 2652 anima:
2797 2596 3116 2668 gubernari;
3153 2593 3295 2651 unde
3319 2601 3504 2650 osten-

1899 2695 2118 2766 ditquia
2145 2693 2191 2750 si
2218 2694 2358 2749 duce
2383 2701 2575 2748 sancto
2604 2692 2837 2762 Spiritu,
2869 2700 3023 2746 actus
3049 2698 3106 2746 et
3125 2688 3352 2745 consilia
3379 2704 3504 2744 car-

1902 2791 2006 2856 nis,
2053 2803 2174 2860 qua:
2224 2787 2384 2859 hujus
2439 2787 2625 2843 mundi
2676 2785 3063 2858 instigantibus
3107 2784 3505 2857 postestatibus

1900 2883 2320 2950 concinnantur,
2349 2881 2547 2938 fuerint
2603 2895 2882 2953 repressa,
2912 2894 2981 2935 ne
3007 2879 3202 2951 agendi
3234 2878 3507 2949 accipiant

1902 2985 2250 3048 potestatem,
2284 2978 2452 3031 vitam
2493 2975 2765 3047 praestari.
2794 2972 3110 3028 Mortiﬁcari
3142 2972 3290 3028 enim
3312 2973 3504 3028 dicun-

1902 3078 2009 3138 tur,
2050 3069 2097 3126 si
2141 3077 2407 3126 cessent:
2451 3084 2561 3124 non
2608 3077 2736 3123 sunt
2777 3067 2948 3135 enim,
2998 3067 3043 3123 si
3072 3075 3328 3132 cessant;
3373 3066 3500 3136 quia

1903 3175 2186 3238 peccatum
2218 3174 2454 3232 nonest,
2479 3165 2522 3220 si
2553 3180 2660 3220 non
2692 3164 2806 3220 ﬁat.

1976 3261 2157 3333 (Vers.
2194 3260 2312 3331 14.)
2346 3261 2669 3332 Quicumque
2691 3260 2828 3315 enim
2875 3259 3085 3329 Spiritu
3119 3257 3212 3314 Dei
3254 3267 3502 3330 aguntur,

1903 3355 1957 3410 Ιιὶ
1982 3355 2083 3426 ﬁlii
2127 3363 2247 3409 sunt
2270 3352 2391 3410 Dei.
2426 3353 2536 3410 Hos
2567 3351 2702 3408 dicit
2751 3351 2954 3422 Spiritu
2990 3352 3081 3408 Dei
3113 3351 3223 3422 agi,
3268 3351 3322 3406 in
3368 3365 3505 3421 quo-

1901 3463 2021 3504 rum
2049 3448 2260 3504 actibus
2280 3447 2510 3503 consilia
2538 3446 2848 3518 principum
2883 3455 2940 3502 et
2978 3454 3308 3517 potestatum
3343 3444 3504 3514 hujus

1902 3541 2088 3598 mundi
2112 3558 2220 3597 non
2249 3541 2534 3597 videntur:
2573 3542 2624 3596 in
2654 3556 2890 3612 quorum
2915 3541 3062 3596 enim
3092 3539 3362 3606 videntur,
3393 3554 3501 3593 non

1901 3645 2029 3692 sunt
2075 3635 2167 3691 ﬁlii
2201 3635 2324 3702 Dei,
2365 3634 2460 3691 sed
2518 3634 2763 3699 diaboli;
2795 3633 2921 3705 quia
2953 3634 3043 3704 qui
3095 3633 3162 3688 de
3209 3633 3321 3687 Deo
3344 3642 3502 3687 natus

1900 3739 2006 3797 est,
2043 3745 2150 3785 non
2179 3739 2389 3801 peccat,
2420 3730 2550 3785 dicit
2577 3729 2820 3785 Joannes
2848 3728 3132 3798 apostolus
3159 3727 3203 3797 (Ι
3224 3725 3382 3780 Joan.
3418 3742 3498 3792 ιιι,

1901 3823 1981 3894 9).
2038 3823 2154 3878 Hoc
2183 3832 2266 3878 est
2296 3823 2441 3879 enim
2473 3823 2615 3893 qttod
2651 3823 2843 3891 probat
2873 3821 2966 3877 Dei
3001 3822 3141 3875 ﬁlios
3190 3831 3244 3875 et
3274 3819 3496 3875 diaboli.

1904 3913 2056 3971 Unde
2089 3914 2349 3970 Dominus
2396 3914 2465 3970 ad
2507 3913 2727 3970 Judmos
2782 3913 2924 3984 quod
2973 3911 3116 3968 male
3165 3921 3411 3984 agerent,
3445 3920 3503 3966 et

1902 4007 2256 4078 parricidium
2301 4009 2627 4078 cogitarent,
2687 4005 2800 4062 ait:
2843 4006 2948 4060 Vos
2985 4005 3050 4060 de
3103 4014 3249 4077 patre
3293 4003 3498 4058 diabolo

1900 4101 2022 4157 estis
2052 4099 2234 4172 (Joan.
2265 4117 2382 4164 vm.
2420 4100 2540 4174 44).

1969 4197 2156 4270 (Vers.
2185 4195 2301 4267 15.)
2330 4194 2455 4250 Non
2505 4196 2640 4251 enim
2669 4195 2943 4267 accepistis
2971 4195 3213 4263 spiritum
3239 4194 3499 4249 seruitutis

1896 4296 2082 4349 iterum
2130 4293 2183 4346 iu
2230 4292 2433 4345 timore.
2491 4290 2603 4345 Hoc
2629 4288 2801 4354 dicit,
2851 4290 2980 4359 quia
3027 4298 3254 4359 accepto
3293 4289 3500 4358 Spiritu

1898 4396 2110 4451 sancto,
2144 4400 2170 4436 a
2198 4384 2397 4440 timore
2429 4384 2698 4438 malorum
2730 4393 2947 4438 actuum
2977 4383 3123 4437 exuti
3173 4397 3362 4438 sumus
3395 4397 3411 4448 ;
3441 4393 3498 4436 ut

1897 4480 1967 4536 de
1987 4489 2187 4536 caetero
2209 4479 2341 4535 nihil
2387 4478 2494 4534 tale
2522 4493 2768 4548 agamus,
2795 4477 2936 4532 unde
2960 4476 3155 4532 iterum
3185 4477 3494 4531 timeamus.

1901 4584 1924 4611 ο
1952 4573 2094 4629 Ante
2131 4574 2278 4628 enim
2326 4573 2429 4628 sub
2470 4573 2670 4628 timore
2713 4585 2954 4638 eramus,
2983 4571 3108 4639 quia
3155 4569 3298 4642 Lege
3349 4570 3494 4631 data,

189 4653 440 4710 homines
470 4655 765 4727 signiﬁcat.
793 4657 860 4713 Et
887 4660 1014 4730 quia
1046 4675 1211 4730 supra
1238 4661 1373 4718 dixit
1403 4674 1624 4735 propter
1663 4680 1787 4736 pec-
1818 4661 1871 4721 D
1895 4682 2086 4723 omnes
2121 4667 2201 4722 rei
2229 4676 2357 4722 sunt
2385 4665 2692 4720 constituti.
2721 4665 2981 4735 Spiritum
3011 4677 3142 4734 ergo
3164 4662 3378 4718 timoris
3398 4661 3499 4718 Le—

186 4757 370 4804 catum
388 4765 588 4819 corpus
610 4752 747 4808 mori
767 4761 943 4808 morte
957 4756 1220 4824 secunda,
1241 4755 1329 4811 hic
1347 4757 1543 4812 iterum
1567 4769 1792 4830 propter

186 4842 385 4900 bonam
413 4845 576 4902 vitam
609 4847 856 4936 mortgilia
885 4863 1118 4920 corpora
1142 4850 1404 4908 viviﬁcari
1442 4855 1712 4923 promisit,
1738 4855 1789 4910 id

187 4945 294 5004 est,
325 4945 498 4993 totum
531 4937 837 4996 hominem.

259 5031 445 5104 (Vers.
483 5032 599 5105 12.)
644 5032 856 5108 Igitur,
905 5039 1116 5109 fratres,
1161 5039 1414 5096 debitores
1468 5059 1643 5097 sumus
1687 5061 1791 5099 non

189 5125 357 5191 carni,
389 5136 443 5179 ut
471 5127 756 5182 secundum
800 5146 1009 5185 carnem
1057 5132 1308 5188 vivamus.
1337 5135 1564 5191 Rectum
1593 5147 1649 5193 et
1679 5154 1791 5194 ma-

191 5215 448 5275 nifestum
483 5230 593 5288 est,
629 5237 740 5277 non
766 5238 866 5280 nos
886 5223 1260 5282 adinventioni
1291 5226 1444 5294 Adm,
1478 5229 1571 5300 qui
1601 5246 1790 5286 carna-

191 5310 318 5368 liter
343 5313 478 5384 egit,
530 5315 910 5375 obsecundare
958 5318 1180 5388 debere,
1217 5321 1310 5394 qui
1370 5322 1516 5394 prior
1561 5339 1792 5394 peccans

263 5482 286 5547 ξι
314 5471 442 5547 Mss.
481 5475 796 5547 nonpanci,
820 5477 1030 5547 spiritus
1055 5493 1172 5533 vero
1197 5479 1337 5535 vivit.

260 5541 285 5579 δ
315 5544 520 5628 Omnes
547 5541 678 5601 edit.
711 5541 909 5628 idJes'tL
924 5548 1200 5620 Spiritum,
1231 5568 1295 5606 ne
1321 5552 1435 5620 quis
1464 5568 1642 5608 eorum
1665 5572 1790 5628 pas-

194 5617 332 5670 sione
383 5627 550 5685 potest
579 5620 840 5693 pervenire
871 5617 1026 5675 Eras.
1055 5631 1112 5693 et
1137 5636 1256 5693 seq.
1283 5617 1675 5693 expunxerunt'
1693 5643 1787 5693 ne,

193 5702 324 5744 mss.
354 5703 490 5760 vero
517 5703 688 5760 prope
713 5691 777 5745 ad
809 5707 972 5746 unum
1001 5691 1283 5750 nobiscum
1313 5691 1538 5752 faciunt.

235 5770 286 5838 Is
319 5759 453 5838 _Vet._
494 5759 714 5838 e’dit.;_et
757 5777 892 5838 mss.
937 5763 1166 5838 aliquot,
1195 5767 1493 5838 appellavit.
1529 5769 1790 5826 Prwterea

196 5833 331 5916 quod
362 5832 545 5916 anima
575 5847 594 5885 :
622 5829 778 5916 Rom.
809 5833 942 5916 edit.
972 5829 1310 5916 oblitteravit
1334 5841 1392 5895 τὸ
1429 5844 1588 5916 quod.
1634 5841 1786 5896 Haud

199 5901 578 5970 incommode;
608 5904 798 5963 melius
830 5915 1006 5964 tamen
1044 5908 1136 5965 alii
1170 5923 1302 5965 mss.
1335 5922 1387 5965 ut
1429 5901 1480 5966 in
1509 5917 1784 5968 contextu.

1893 4776 2015 4832 gem
2064 4760 2238 4826 dixit;
2267 4760 2392 4831 quia
2442 4760 2693 4814 homines
2745 4758 2952 4829 peccati
3000 4771 3163 4812 causa
3206 4757 3258 4812 in
3305 4757 3500 4812 timore

1893 4857 2193 4913 constituit.
2222 4855 2331 4911 Lex
2355 4862 2535 4909 autem
2565 4853 2856 4924 lidei.qu:e
2885 4852 2939 4907 in
2964 4853 3159 4918 spiritu
3189 4851 3498 4919 adoptionis

1894 4949 2254 5022 signiﬁcatur,
2279 4947 2387 5004 Lex
2417 4947 2734 5003 securitatis
2762 4954 2847 5002 est
2875 4961 2890 5013 ;
2923 4945 3049 5017 quia
3100 4960 3130 4999 a
3159 4945 3354 5000 timore
3398 4958 3498 4999 nos

1893 5047 2038 5103 eruit
2066 5046 2194 5102 dum
2253 5044 2422 5102 donat
2463 5050 2715 5114 peccata,
2744 5057 2809 5099 ac
2852 5058 2948 5113 per
2999 5043 3097 5096 hos
3123 5054 3349 5096 securos
3400 5054 3496 5095 nos

1895 5143 2061 5199 fecit:
2109 5156 2175 5198 ac
2223 5141 2424 5197 dicitur
2469 5139 2696 5212 spiritus
2742 5153 2852 5194 non
2914 5130 3494 5192 timoris‘secundnm

1898 5235 2042 5290 hunc
2067 5233 2309 5290 modum.

1970 5329 2079 5386 Sed
2105 5327 2377 5400 accepistis
2406 5325 2663 5396 Spiritum
2709 5319 3006 5392 adoptionis
3045 5319 3292 5388 ﬁliorum,
3317 5317 3369 5368 in
3396 5331 3495 5386 quo

1964 5482 1991 5524 ἀ
2016 5486 2090 5541 Ita
2117 5484 2277 5540 Rom.
2310 5483 2444 5538 edit.
2477 5496 2600 5536 cum
2642 5494 2775 5534 mss.
2805 5478 3029 5546 aliquot.
3059 5483 3114 5546 et
3160 5472 3292 5528 Gill.
3317 5473 3369 5529 in
3404 5490 3493 5528 va-

1893 5557 1988 5612 riis
2016 5559 2143 5613 lect.
2195 5554 2316 5610 Vet.
2351 5564 2534 5610 autem
2562 5551 2694 5610 edit.
2727 5565 2848 5604 cmn
2907 5545 3122 5600 cmteris
3181 5547 3497 5614 tm.s.,quod

1893 5631 2131 5703 promisit
2153 5627 2320 5703 nobis.
2420 5699 2430 5703 _
2509 5697 2521 5703 _
3029 5702 3036 5703 η
3306 5690 3339 5703 ._
3445 5692 3455 5703 .

1969 5709 1992 5736 °
2021 5702 2153 5754 Ante
2181 5699 2318 5753 enim
2346 5699 2441 5753 sub
2483 5697 2666 5751 timore
2718 5705 2923 5747 eramus
2978 5702 3086 5743 non
3138 5697 3414 5759 reperitur
3445 5697 3496 5748 in

1893 5785 2052 5836 mss.,
2086 5783 2140 5826 at
2163 5779 2355 5826 contra
2381 5773 2433 5824 in
2469 5769 2724 5822 omnibus
2747 5762 2882 5818 edit.
2915 5759 3169 5836 habetur.

1972 5841 1990 5880 ί
2021 5831 2141 5898 Vet.
2173 5842 2306 5898 edit.
2335 5855 2400 5896 ac
2441 5852 2573 5895 mss.
2625 5849 2734 5892 non
2789 5834 2980 5904 pauci,
3033 5832 3314 5888 secundum
3358 5831 3497 5887 hunc

1893 5916 2167 5970 mundum.
