  <div class='ocr_page' id='page_1' title='image "/cluster/home/n/w/nwhite01/storage/ocr_20150623/17/hvd.32044015471329/067.png"; bbox 0 0 4082 6306; ppageno 0'>
   <div class='ocr_carea' id='block_1_1' title="bbox 574 336 679 395">
    <p class='ocr_par' dir='ltr' id='par_1_1' title="bbox 574 336 679 395">
     <span class='ocr_line' id='line_1_1' title="bbox 574 336 679 395; baseline -0.038 -1"><span class='ocrx_word' id='word_1_1' title='bbox 574 336 679 395; x_wconf 74' lang='grc' dir='ltr'><strong>1Ξ5</strong></span> 
     </span>
    </p>
   </div>
   <div class='ocr_carea' id='block_1_2' title="bbox 1504 306 2931 388">
    <p class='ocr_par' dir='ltr' id='par_1_2' title="bbox 1504 306 2931 388">
     <span class='ocr_line' id='line_1_2' title="bbox 1504 306 2931 388; baseline -0.004 -1"><span class='ocrx_word' id='word_1_2' title='bbox 1504 325 1598 388; x_wconf 82' lang='lat' dir='ltr'><strong>AD</strong></span> <span class='ocrx_word' id='word_1_3' title='bbox 1631 311 1860 386; x_wconf 77' lang='lat' dir='ltr'><strong>DPEttA</strong></span> <span class='ocrx_word' id='word_1_4' title='bbox 1903 323 2152 385; x_wconf 79' lang='lat' dir='ltr'><strong>SANCTI</strong></span> <span class='ocrx_word' id='word_1_5' title='bbox 2191 306 2516 385; x_wconf 71' lang='lat' dir='ltr'><strong>Ausaosu</strong></span> <span class='ocrx_word' id='word_1_6' title='bbox 2555 325 2931 386; x_wconf 75' lang='lat' dir='ltr'><strong>APPENDIX.</strong></span> 
     </span>
    </p>
   </div>
   <div class='ocr_carea' id='block_1_3' title="bbox 3759 327 3849 386">
    <p class='ocr_par' dir='ltr' id='par_1_3' title="bbox 3759 327 3849 386">
     <span class='ocr_line' id='line_1_3' title="bbox 3759 327 3849 386; baseline -0.022 -1"><span class='ocrx_word' id='word_1_7' title='bbox 3759 327 3849 386; x_wconf 64' lang='lat' dir='ltr'><strong>{Si</strong></span> 
     </span>
    </p>
   </div>
   <div class='ocr_carea' id='block_1_4' title="bbox 570 442 3849 518">
    <p class='ocr_par' dir='ltr' id='par_1_4' title="bbox 570 442 3849 518">
     <span class='ocr_line' id='line_1_4' title="bbox 570 442 3849 518; baseline -0.002 -14"><span class='ocrx_word' id='word_1_8' title='bbox 570 450 882 504; x_wconf 78' lang='lat' dir='ltr'><strong>clanmmus:</strong></span> <span class='ocrx_word' id='word_1_9' title='bbox 913 445 1074 508; x_wconf 81' lang='lat' dir='ltr'><strong>Abba,</strong></span> <span class='ocrx_word' id='word_1_10' title='bbox 1098 453 1260 518; x_wconf 77' lang='lat' dir='ltr'><strong>pater.</strong></span> <span class='ocrx_word' id='word_1_11' title='bbox 1293 443 1481 501; x_wconf 82' lang='lat' dir='ltr'><strong>Gratia</strong></span> <span class='ocrx_word' id='word_1_12' title='bbox 1507 444 1605 500; x_wconf 85' lang='lat' dir='ltr'><strong>Dei</strong></span> <span class='ocrx_word' id='word_1_13' title='bbox 1637 459 1666 500; x_wconf 87' lang='lat' dir='ltr'><strong>a</strong></span> <span class='ocrx_word' id='word_1_14' title='bbox 1699 445 1896 500; x_wconf 80' lang='lat' dir='ltr'><strong>timore</strong></span> <span class='ocrx_word' id='word_1_15' title='bbox 1921 443 2160 509; x_wconf 86' lang='lat' dir='ltr'><strong>liberati,</strong></span> <span class='ocrx_word' id='word_1_16' title='bbox 2194 446 2240 508; x_wconf 74' lang='grc' dir='ltr'>Α</span> <span class='ocrx_word' id='word_1_17' title='bbox 2268 444 2436 517; x_wconf 83' lang='lat' dir='ltr'><strong>ciﬁgit</strong></span> <span class='ocrx_word' id='word_1_18' title='bbox 2461 444 2745 511; x_wconf 88' lang='lat' dir='ltr'><strong>mundum,</strong></span> <span class='ocrx_word' id='word_1_19' title='bbox 2777 445 2946 502; x_wconf 84' lang='lat' dir='ltr'><strong>futuri</strong></span> <span class='ocrx_word' id='word_1_20' title='bbox 2975 444 3162 502; x_wconf 69' lang='lat' dir='ltr'><strong>sreculi</strong></span> <span class='ocrx_word' id='word_1_21' title='bbox 3195 445 3360 500; x_wconf 87' lang='lat' dir='ltr'><strong>vitam</strong></span> <span class='ocrx_word' id='word_1_22' title='bbox 3401 442 3657 513; x_wconf 83' lang='lat' dir='ltr'><strong>credens,</strong></span> <span class='ocrx_word' id='word_1_23' title='bbox 3682 443 3734 500; x_wconf 90' lang='lat' dir='ltr'><strong>in</strong></span> <span class='ocrx_word' id='word_1_24' title='bbox 3759 451 3849 515; x_wconf 86' lang='lat' dir='ltr'><strong>qua</strong></span> 
     </span>
    </p>
   </div>
   <div class='ocr_carea' id='block_1_5' title="bbox 571 537 2168 612">
    <p class='ocr_par' dir='ltr' id='par_1_5' title="bbox 571 537 2168 612">
     <span class='ocr_line' id='line_1_5' title="bbox 571 537 2168 612; baseline -0.001 -15"><span class='ocrx_word' id='word_1_25' title='bbox 571 543 880 612; x_wconf 87' lang='lat' dir='ltr'><strong>accepimus</strong></span> <span class='ocrx_word' id='word_1_26' title='bbox 919 539 1166 611; x_wconf 71' lang='lat' dir='ltr'><strong>spirituum</strong></span> <span class='ocrx_word' id='word_1_27' title='bbox 1196 539 1507 611; x_wconf 83' lang='lat' dir='ltr'><strong>adoptionis</strong></span> <span class='ocrx_word' id='word_1_28' title='bbox 1531 540 1763 595; x_wconf 88' lang='lat' dir='ltr'><strong>ﬁliorum</strong></span> <span class='ocrx_word' id='word_1_29' title='bbox 1791 557 1805 606; x_wconf 92' lang='lat'><strong>;</strong></span> <span class='ocrx_word' id='word_1_30' title='bbox 1837 551 1891 593; x_wconf 91' lang='lat' dir='ltr'><strong>ut</strong></span> <span class='ocrx_word' id='word_1_31' title='bbox 1915 537 2168 596; x_wconf 83' lang='lat' dir='ltr'><strong>conside-</strong></span> 
     </span>
    </p>
   </div>
   <div class='ocr_carea' id='block_1_6' title="bbox 568 632 2165 706">
    <p class='ocr_par' dir='ltr' id='par_1_6' title="bbox 568 632 2165 706">
     <span class='ocr_line' id='line_1_6' title="bbox 568 632 2165 706; baseline -0.002 -15"><span class='ocrx_word' id='word_1_32' title='bbox 568 644 752 691; x_wconf 87' lang='lat' dir='ltr'><strong>rantes</strong></span> <span class='ocrx_word' id='word_1_33' title='bbox 777 633 907 706; x_wconf 85' lang='lat' dir='ltr'><strong>quid</strong></span> <span class='ocrx_word' id='word_1_34' title='bbox 939 647 1179 698; x_wconf 78' lang='lat' dir='ltr'><strong>eramus,</strong></span> <span class='ocrx_word' id='word_1_35' title='bbox 1203 643 1254 688; x_wconf 90' lang='lat' dir='ltr'><strong>et</strong></span> <span class='ocrx_word' id='word_1_36' title='bbox 1276 632 1403 704; x_wconf 86' lang='lat' dir='ltr'><strong>quid</strong></span> <span class='ocrx_word' id='word_1_37' title='bbox 1447 633 1592 688; x_wconf 90' lang='lat' dir='ltr'><strong>dono</strong></span> <span class='ocrx_word' id='word_1_38' title='bbox 1616 633 1712 687; x_wconf 87' lang='lat' dir='ltr'><strong>Dei</strong></span> <span class='ocrx_word' id='word_1_39' title='bbox 1747 647 1933 688; x_wconf 89' lang='lat' dir='ltr'><strong>sumus</strong></span> <span class='ocrx_word' id='word_1_40' title='bbox 1963 633 2165 702; x_wconf 82' lang='lat' dir='ltr'><strong>adepti,</strong></span> 
     </span>
    </p>
   </div>
   <div class='ocr_carea' id='block_1_7' title="bbox 569 725 2164 799">
    <p class='ocr_par' dir='ltr' id='par_1_7' title="bbox 569 725 2164 799">
     <span class='ocr_line' id='line_1_7' title="bbox 569 725 2164 799; baseline -0.001 -16"><span class='ocrx_word' id='word_1_41' title='bbox 569 741 763 799; x_wconf 82' lang='lat' dir='ltr'><strong>magna</strong></span> <span class='ocrx_word' id='word_1_42' title='bbox 797 740 919 782; x_wconf 80' lang='lat' dir='ltr'><strong>eum</strong></span> <span class='ocrx_word' id='word_1_43' title='bbox 973 725 1256 797; x_wconf 83' lang='lat' dir='ltr'><strong>diligentia</strong></span> <span class='ocrx_word' id='word_1_44' title='bbox 1313 726 1478 782; x_wconf 83' lang='lat' dir='ltr'><strong>vitam</strong></span> <span class='ocrx_word' id='word_1_45' title='bbox 1522 737 1762 782; x_wconf 78' lang='lat' dir='ltr'><strong>nostrain</strong></span> <span class='ocrx_word' id='word_1_46' title='bbox 1813 725 2164 793; x_wconf 89' lang='lat' dir='ltr'><strong>ordinemus;</strong></span> 
     </span>
    </p>
   </div>
   <div class='ocr_carea' id='block_1_8' title="bbox 567 819 2166 892">
    <p class='ocr_par' dir='ltr' id='par_1_8' title="bbox 567 819 2166 892">
     <span class='ocr_line' id='line_1_8' title="bbox 567 819 2166 892; baseline -0.001 -15"><span class='ocrx_word' id='word_1_47' title='bbox 567 836 638 877; x_wconf 90' lang='lat' dir='ltr'><strong>ne</strong></span> <span class='ocrx_word' id='word_1_48' title='bbox 662 833 859 876; x_wconf 83' lang='lat' dir='ltr'><strong>nomen</strong></span> <span class='ocrx_word' id='word_1_49' title='bbox 886 820 979 876; x_wconf 87' lang='lat' dir='ltr'><strong>Dei</strong></span> <span class='ocrx_word' id='word_1_50' title='bbox 1014 820 1192 876; x_wconf 93' lang='lat' dir='ltr'><strong>Patris</strong></span> <span class='ocrx_word' id='word_1_51' title='bbox 1216 821 1267 874; x_wconf 93' lang='lat' dir='ltr'><strong>in</strong></span> <span class='ocrx_word' id='word_1_52' title='bbox 1290 819 1447 875; x_wconf 90' lang='lat' dir='ltr'><strong>nobis</strong></span> <span class='ocrx_word' id='word_1_53' title='bbox 1465 820 1718 892; x_wconf 86' lang='lat' dir='ltr'><strong>injuriam</strong></span> <span class='ocrx_word' id='word_1_54' title='bbox 1753 823 2005 892; x_wconf 89' lang='lat' dir='ltr'><strong>patiatur,</strong></span> <span class='ocrx_word' id='word_1_55' title='bbox 2027 829 2084 877; x_wconf 91' lang='lat' dir='ltr'><strong>et</strong></span> <span class='ocrx_word' id='word_1_56' title='bbox 2105 837 2166 876; x_wconf 89' lang='lat' dir='ltr'><strong>ea</strong></span> 
     </span>
    </p>
   </div>
   <div class='ocr_carea' id='block_1_9' title="bbox 569 913 2169 986">
    <p class='ocr_par' dir='ltr' id='par_1_9' title="bbox 569 913 2169 986">
     <span class='ocr_line' id='line_1_9' title="bbox 569 913 2169 986; baseline -0.001 -15"><span class='ocrx_word' id='word_1_57' title='bbox 569 915 748 971; x_wconf 90' lang='lat' dir='ltr'><strong>omnia</strong></span> <span class='ocrx_word' id='word_1_58' title='bbox 779 931 898 984; x_wconf 74' lang='lat' dir='ltr'><strong>qua:</strong></span> <span class='ocrx_word' id='word_1_59' title='bbox 921 916 1218 980; x_wconf 85' lang='lat' dir='ltr'><strong>evasimus,</strong></span> <span class='ocrx_word' id='word_1_60' title='bbox 1249 914 1410 970; x_wconf 84' lang='lat' dir='ltr'><strong>veluti</strong></span> <span class='ocrx_word' id='word_1_61' title='bbox 1441 913 1634 986; x_wconf 85' lang='lat' dir='ltr'><strong>ingrati</strong></span> <span class='ocrx_word' id='word_1_62' title='bbox 1664 914 2030 971; x_wconf 84' lang='lat' dir='ltr'><strong>incurramus.</strong></span> <span class='ocrx_word' id='word_1_63' title='bbox 2063 914 2169 970; x_wconf 86' lang='lat' dir='ltr'><strong>Ta-</strong></span> 
     </span>
    </p>
   </div>
   <div class='ocr_carea' id='block_1_10' title="bbox 566 1008 2167 1079">
    <p class='ocr_par' dir='ltr' id='par_1_10' title="bbox 566 1008 2167 1079">
     <span class='ocr_line' id='line_1_10' title="bbox 566 1008 2167 1079; baseline 0 -16"><span class='ocrx_word' id='word_1_64' title='bbox 566 1008 673 1064; x_wconf 85' lang='lat' dir='ltr'><strong>lem</strong></span> <span class='ocrx_word' id='word_1_65' title='bbox 699 1008 841 1064; x_wconf 91' lang='lat' dir='ltr'><strong>enim</strong></span> <span class='ocrx_word' id='word_1_66' title='bbox 870 1009 1102 1079; x_wconf 78' lang='lat' dir='ltr'><strong>gratiam</strong></span> <span class='ocrx_word' id='word_1_67' title='bbox 1128 1009 1410 1064; x_wconf 84' lang='lat' dir='ltr'><strong>consecuti</strong></span> <span class='ocrx_word' id='word_1_68' title='bbox 1436 1022 1647 1076; x_wconf 89' lang='lat' dir='ltr'><strong>sumus,</strong></span> <span class='ocrx_word' id='word_1_69' title='bbox 1678 1019 1734 1065; x_wconf 93' lang='lat' dir='ltr'><strong>ut</strong></span> <span class='ocrx_word' id='word_1_70' title='bbox 1759 1008 2059 1066; x_wconf 77' lang='lat' dir='ltr'><strong>audeamus</strong></span> <span class='ocrx_word' id='word_1_71' title='bbox 2086 1009 2167 1065; x_wconf 89' lang='lat' dir='ltr'><strong>di-</strong></span> 
     </span>
    </p>
   </div>
   <div class='ocr_carea' id='block_1_11' title="bbox 568 1102 2163 1177">
    <p class='ocr_par' dir='ltr' id='par_1_11' title="bbox 568 1102 2163 1177">
     <span class='ocr_line' id='line_1_11' title="bbox 568 1102 2163 1177; baseline 0.001 -19"><span class='ocrx_word' id='word_1_72' title='bbox 568 1116 696 1158; x_wconf 87' lang='lat' dir='ltr'><strong>cere</strong></span> <span class='ocrx_word' id='word_1_73' title='bbox 731 1104 840 1159; x_wconf 92' lang='lat' dir='ltr'><strong>Deo</strong></span> <span class='ocrx_word' id='word_1_74' title='bbox 867 1121 880 1159; x_wconf 88' lang='lat'><strong>:</strong></span> <span class='ocrx_word' id='word_1_75' title='bbox 912 1103 1078 1168; x_wconf 80' lang='lat' dir='ltr'><strong>Abba,</strong></span> <span class='ocrx_word' id='word_1_76' title='bbox 1111 1102 1164 1159; x_wconf 87' lang='lat' dir='ltr'><strong>id</strong></span> <span class='ocrx_word' id='word_1_77' title='bbox 1193 1116 1292 1170; x_wconf 89' lang='lat' dir='ltr'><strong>est,</strong></span> <span class='ocrx_word' id='word_1_78' title='bbox 1338 1114 1492 1174; x_wconf 90' lang='lat' dir='ltr'><strong>pater</strong></span> <span class='ocrx_word' id='word_1_79' title='bbox 1523 1107 1536 1160; x_wconf 86' lang='lat' dir='ltr'><strong>i</strong></span> <span class='ocrx_word' id='word_1_80' title='bbox 1573 1105 1802 1177; x_wconf 83' lang='lat' dir='ltr'><strong>ideoque</strong></span> <span class='ocrx_word' id='word_1_81' title='bbox 1832 1117 2163 1174; x_wconf 89' lang='lat' dir='ltr'><strong>commouet,</strong></span> 
     </span>
    </p>
   </div>
   <div class='ocr_carea' id='block_1_12' title="bbox 569 1195 2164 1267">
    <p class='ocr_par' dir='ltr' id='par_1_12' title="bbox 569 1195 2164 1267">
     <span class='ocr_line' id='line_1_12' title="bbox 569 1195 2164 1267; baseline 0.001 -16"><span class='ocrx_word' id='word_1_82' title='bbox 569 1209 638 1251; x_wconf 89' lang='lat' dir='ltr'><strong>ne</strong></span> <span class='ocrx_word' id='word_1_83' title='bbox 668 1203 893 1267; x_wconf 85' lang='lat' dir='ltr'><strong>accepta</strong></span> <span class='ocrx_word' id='word_1_84' title='bbox 933 1195 1129 1251; x_wconf 89' lang='lat' dir='ltr'><strong>ﬁducia</strong></span> <span class='ocrx_word' id='word_1_85' title='bbox 1159 1196 1210 1251; x_wconf 92' lang='lat' dir='ltr'><strong>in</strong></span> <span class='ocrx_word' id='word_1_86' title='bbox 1245 1197 1608 1252; x_wconf 82' lang='lat' dir='ltr'><strong>temeritatem</strong></span> <span class='ocrx_word' id='word_1_87' title='bbox 1633 1205 1910 1264; x_wconf 78' lang='lat' dir='ltr'><strong>vertatur;</strong></span> <span class='ocrx_word' id='word_1_88' title='bbox 1944 1198 1990 1252; x_wconf 93' lang='lat' dir='ltr'><strong>si</strong></span> <span class='ocrx_word' id='word_1_89' title='bbox 2019 1198 2164 1254; x_wconf 91' lang='lat' dir='ltr'><strong>enim</strong></span> 
     </span>
    </p>
   </div>
   <div class='ocr_carea' id='block_1_13' title="bbox 568 1288 2169 1360">
    <p class='ocr_par' dir='ltr' id='par_1_13' title="bbox 568 1288 2169 1360">
     <span class='ocr_line' id='line_1_13' title="bbox 568 1288 2169 1360; baseline 0.002 -17"><span class='ocrx_word' id='word_1_90' title='bbox 568 1289 694 1345; x_wconf 83' lang='lat' dir='ltr'><strong>huic</strong></span> <span class='ocrx_word' id='word_1_91' title='bbox 725 1290 871 1355; x_wconf 88' lang='lat' dir='ltr'><strong>voci,</strong></span> <span class='ocrx_word' id='word_1_92' title='bbox 901 1305 1002 1360; x_wconf 90' lang='lat' dir='ltr'><strong>qua</strong></span> <span class='ocrx_word' id='word_1_93' title='bbox 1033 1289 1306 1345; x_wconf 89' lang='lat' dir='ltr'><strong>dicimus:</strong></span> <span class='ocrx_word' id='word_1_94' title='bbox 1343 1288 1505 1358; x_wconf 84' lang='lat' dir='ltr'><strong><em>Abba,</em></strong></span> <span class='ocrx_word' id='word_1_95' title='bbox 1538 1299 1703 1360; x_wconf 81' lang='lat' dir='ltr'><strong>pater,</strong></span> <span class='ocrx_word' id='word_1_96' title='bbox 1745 1289 2066 1346; x_wconf 90' lang='lat' dir='ltr'><strong>dissimilem</strong></span> <span class='ocrx_word' id='word_1_97' title='bbox 2091 1292 2169 1346; x_wconf 88' lang='lat' dir='ltr'><strong>vi—</strong></span> 
     </span>
    </p>
   </div>
   <div class='ocr_carea' id='block_1_14' title="bbox 570 1380 2166 1452">
    <p class='ocr_par' dir='ltr' id='par_1_14' title="bbox 570 1380 2166 1452">
     <span class='ocr_line' id='line_1_14' title="bbox 570 1380 2166 1452; baseline 0.002 -15"><span class='ocrx_word' id='word_1_98' title='bbox 570 1391 677 1437; x_wconf 88' lang='lat' dir='ltr'><strong>tam</strong></span> <span class='ocrx_word' id='word_1_99' title='bbox 735 1380 1112 1448; x_wconf 71' lang='lat' dir='ltr'><strong>exhibe-amns,</strong></span> <span class='ocrx_word' id='word_1_100' title='bbox 1157 1382 1412 1452; x_wconf 87' lang='lat' dir='ltr'><strong>injuriam</strong></span> <span class='ocrx_word' id='word_1_101' title='bbox 1457 1384 1567 1438; x_wconf 86' lang='lat' dir='ltr'><strong>Deo</strong></span> <span class='ocrx_word' id='word_1_102' title='bbox 1615 1384 1865 1450; x_wconf 82' lang='lat' dir='ltr'><strong>tat-imus,</strong></span> <span class='ocrx_word' id='word_1_103' title='bbox 1910 1394 2166 1440; x_wconf 87' lang='lat' dir='ltr'><strong>vocantes</strong></span> 
     </span>
    </p>
   </div>
   <div class='ocr_carea' id='block_1_15' title="bbox 569 1475 2167 1546">
    <p class='ocr_par' dir='ltr' id='par_1_15' title="bbox 569 1475 2167 1546">
     <span class='ocr_line' id='line_1_15' title="bbox 569 1475 2167 1546; baseline 0 -14"><span class='ocrx_word' id='word_1_104' title='bbox 569 1491 692 1532; x_wconf 89' lang='lat' dir='ltr'><strong>eum</strong></span> <span class='ocrx_word' id='word_1_105' title='bbox 744 1485 976 1546; x_wconf 84' lang='lat' dir='ltr'><strong>patrem.</strong></span> <span class='ocrx_word' id='word_1_106' title='bbox 1012 1475 1224 1532; x_wconf 88' lang='lat' dir='ltr'><strong>Idcirco</strong></span> <span class='ocrx_word' id='word_1_107' title='bbox 1279 1478 1425 1532; x_wconf 90' lang='lat' dir='ltr'><strong>enim</strong></span> <span class='ocrx_word' id='word_1_108' title='bbox 1478 1476 1720 1532; x_wconf 84' lang='lat' dir='ltr'><strong>bonitate</strong></span> <span class='ocrx_word' id='word_1_109' title='bbox 1761 1491 1860 1531; x_wconf 89' lang='lat' dir='ltr'><strong>sua</strong></span> <span class='ocrx_word' id='word_1_110' title='bbox 1882 1476 1986 1534; x_wconf 88' lang='lat' dir='ltr'><strong>hoc</strong></span> <span class='ocrx_word' id='word_1_111' title='bbox 2011 1475 2167 1533; x_wconf 88' lang='lat' dir='ltr'><strong>nobis</strong></span> 
     </span>
    </p>
   </div>
   <div class='ocr_carea' id='block_1_16' title="bbox 568 1568 2167 1643">
    <p class='ocr_par' dir='ltr' id='par_1_16' title="bbox 568 1568 2167 1643">
     <span class='ocr_line' id='line_1_16' title="bbox 568 1568 2167 1643; baseline 0.003 -20"><span class='ocrx_word' id='word_1_112' title='bbox 568 1568 814 1636; x_wconf 74' lang='lat' dir='ltr'><strong>indulsit,</strong></span> <span class='ocrx_word' id='word_1_113' title='bbox 839 1569 984 1640; x_wconf 91' lang='lat' dir='ltr'><strong>quod</strong></span> <span class='ocrx_word' id='word_1_114' title='bbox 1019 1585 1182 1640; x_wconf 84' lang='lat' dir='ltr'><strong>super</strong></span> <span class='ocrx_word' id='word_1_115' title='bbox 1213 1578 1462 1624; x_wconf 88' lang='lat' dir='ltr'><strong>naturam</strong></span> <span class='ocrx_word' id='word_1_116' title='bbox 1494 1580 1736 1624; x_wconf 90' lang='lat' dir='ltr'><strong>nostram</strong></span> <span class='ocrx_word' id='word_1_117' title='bbox 1786 1581 1866 1625; x_wconf 85' lang='lat' dir='ltr'><strong>est</strong></span> <span class='ocrx_word' id='word_1_118' title='bbox 1895 1587 1908 1636; x_wconf 90' lang='lat'><strong>;</strong></span> <span class='ocrx_word' id='word_1_119' title='bbox 1935 1583 1990 1626; x_wconf 92' lang='lat' dir='ltr'><strong>ut</strong></span> <span class='ocrx_word' id='word_1_120' title='bbox 2023 1571 2167 1643; x_wconf 85' lang='lat' dir='ltr'><strong>quod</strong></span> 
     </span>
    </p>
   </div>
   <div class='ocr_carea' id='block_1_17' title="bbox 567 1662 1988 1734">
    <p class='ocr_par' dir='ltr' id='par_1_17' title="bbox 567 1662 1988 1734">
     <span class='ocr_line' id='line_1_17' title="bbox 567 1662 1988 1734; baseline 0.001 -17"><span class='ocrx_word' id='word_1_121' title='bbox 567 1664 868 1720; x_wconf 71' lang='lat' dir='ltr'><strong>substantia</strong></span> <span class='ocrx_word' id='word_1_122' title='bbox 890 1663 1097 1734; x_wconf 80' lang='lat' dir='ltr'><strong>indigni</strong></span> <span class='ocrx_word' id='word_1_123' title='bbox 1123 1677 1307 1718; x_wconf 77' lang='lat' dir='ltr'><strong>sumus</strong></span> <span class='ocrx_word' id='word_1_124' title='bbox 1325 1705 1339 1730; x_wconf 89' lang='lat'><strong>,</strong></span> <span class='ocrx_word' id='word_1_125' title='bbox 1371 1662 1628 1734; x_wconf 83' lang='lat' dir='ltr'><strong>operibus</strong></span> <span class='ocrx_word' id='word_1_126' title='bbox 1660 1677 1988 1719; x_wconf 77' lang='lat' dir='ltr'><strong>mereamur.</strong></span> 
     </span>
    </p>
   </div>
   <div class='ocr_carea' id='block_1_18' title="bbox 641 1756 2168 1829">
    <p class='ocr_par' dir='ltr' id='par_1_18' title="bbox 641 1756 2168 1829">
     <span class='ocr_line' id='line_1_18' title="bbox 641 1756 2168 1829; baseline -0.001 -18"><span class='ocrx_word' id='word_1_127' title='bbox 641 1757 826 1826; x_wconf 70' lang='grc' dir='ltr'><strong>(νει-ε.</strong></span> <span class='ocrx_word' id='word_1_128' title='bbox 857 1757 975 1828; x_wconf 71' lang='grc'><strong>16.)</strong></span> <span class='ocrx_word' id='word_1_129' title='bbox 1000 1756 1122 1827; x_wconf 83' lang='lat' dir='ltr'><strong>Ipse</strong></span> <span class='ocrx_word' id='word_1_130' title='bbox 1146 1756 1378 1829; x_wconf 78' lang='lat' dir='ltr'><strong>Spiritus</strong></span> <span class='ocrx_word' id='word_1_131' title='bbox 1401 1756 1569 1810; x_wconf 80' lang='lat' dir='ltr'><strong>reddit</strong></span> <span class='ocrx_word' id='word_1_132' title='bbox 1597 1756 1942 1811; x_wconf 79' lang='lat' dir='ltr'><strong>testimonium</strong></span> <span class='ocrx_word' id='word_1_133' title='bbox 1963 1757 2168 1827; x_wconf 76' lang='lat' dir='ltr'><strong>spiritui</strong></span> 
     </span>
    </p>
   </div>
   <div class='ocr_carea' id='block_1_19' title="bbox 2267 538 3430 611">
    <p class='ocr_par' dir='ltr' id='par_1_19' title="bbox 2267 538 3430 611">
     <span class='ocr_line' id='line_1_19' title="bbox 2267 538 3430 611; baseline -0.005 -13"><span class='ocrx_word' id='word_1_134' title='bbox 2267 557 2328 598; x_wconf 88' lang='lat' dir='ltr'><strong>se</strong></span> <span class='ocrx_word' id='word_1_135' title='bbox 2349 553 2534 611; x_wconf 78' lang='lat' dir='ltr'><strong>Sperat</strong></span> <span class='ocrx_word' id='word_1_136' title='bbox 2564 541 2904 597; x_wconf 72' lang='lat' dir='ltr'><strong>cohreredem</strong></span> <span class='ocrx_word' id='word_1_137' title='bbox 2933 538 3138 596; x_wconf 90' lang='lat' dir='ltr'><strong>Christi</strong></span> <span class='ocrx_word' id='word_1_138' title='bbox 3167 541 3430 595; x_wconf 87' lang='lat' dir='ltr'><strong>futurum.</strong></span> 
     </span>
    </p>
   </div>
   <div class='ocr_carea' id='block_1_20' title="bbox 2344 631 3854 706">
    <p class='ocr_par' dir='ltr' id='par_1_20' title="bbox 2344 631 3854 706">
     <span class='ocr_line' id='line_1_20' title="bbox 2344 631 3854 706; baseline -0.002 -17"><span class='ocrx_word' id='word_1_139' title='bbox 2344 633 2522 706; x_wconf 71' lang='lat' dir='ltr'><strong>thrs.</strong></span> <span class='ocrx_word' id='word_1_140' title='bbox 2560 634 2671 703; x_wconf 77' lang='grc'><strong>18.)</strong></span> <span class='ocrx_word' id='word_1_141' title='bbox 2700 632 2956 688; x_wconf 75' lang='lat' dir='ltr'><strong>Existimo</strong></span> <span class='ocrx_word' id='word_1_142' title='bbox 3006 649 3127 706; x_wconf 81' lang='lat' dir='ltr'><strong>ergo</strong></span> <span class='ocrx_word' id='word_1_143' title='bbox 3157 633 3294 705; x_wconf 82' lang='lat' dir='ltr'><strong>quod</strong></span> <span class='ocrx_word' id='word_1_144' title='bbox 3333 650 3437 688; x_wconf 82' lang='lat' dir='ltr'><strong>non</strong></span> <span class='ocrx_word' id='word_1_145' title='bbox 3465 632 3569 686; x_wconf 86' lang='lat' dir='ltr'><strong>sint</strong></span> <span class='ocrx_word' id='word_1_146' title='bbox 3601 631 3854 703; x_wconf 73' lang='lat' dir='ltr'><strong>condigna</strong></span> 
     </span>
    </p>
   </div>
   <div class='ocr_carea' id='block_1_21' title="bbox 2269 727 3854 800">
    <p class='ocr_par' dir='ltr' id='par_1_21' title="bbox 2269 727 3854 800">
     <span class='ocr_line' id='line_1_21' title="bbox 2269 727 3854 800; baseline -0.001 -20"><span class='ocrx_word' id='word_1_147' title='bbox 2269 728 2536 796; x_wconf 84' lang='lat' dir='ltr'><strong>passiones</strong></span> <span class='ocrx_word' id='word_1_148' title='bbox 2563 727 2718 800; x_wconf 83' lang='lat' dir='ltr'><strong>hujus</strong></span> <span class='ocrx_word' id='word_1_149' title='bbox 2750 729 2992 800; x_wconf 82' lang='lat' dir='ltr'><strong>temporis</strong></span> <span class='ocrx_word' id='word_1_150' title='bbox 3020 728 3089 780; x_wconf 87' lang='lat' dir='ltr'><strong>ad</strong></span> <span class='ocrx_word' id='word_1_151' title='bbox 3114 730 3346 799; x_wconf 73' lang='lat' dir='ltr'><strong>futuram</strong></span> <span class='ocrx_word' id='word_1_152' title='bbox 3374 727 3620 798; x_wconf 84' lang='lat' dir='ltr'><strong>gloriam,</strong></span> <span class='ocrx_word' id='word_1_153' title='bbox 3645 741 3759 796; x_wconf 79' lang='lat' dir='ltr'><strong>qua:</strong></span> <span class='ocrx_word' id='word_1_154' title='bbox 3784 741 3854 779; x_wconf 81' lang='lat' dir='ltr'><strong>re-</strong></span> 
     </span>
    </p>
   </div>
   <div class='ocr_carea' id='block_1_22' title="bbox 2266 819 3852 888">
    <p class='ocr_par' dir='ltr' id='par_1_22' title="bbox 2266 819 3852 888">
     <span class='ocr_line' id='line_1_22' title="bbox 2266 819 3852 888; baseline -0.001 -14"><span class='ocrx_word' id='word_1_155' title='bbox 2266 819 2520 874; x_wconf 81' lang='lat' dir='ltr'><strong>velabitur</strong></span> <span class='ocrx_word' id='word_1_156' title='bbox 2539 823 2594 874; x_wconf 82' lang='lat' dir='ltr'><strong>i’n</strong></span> <span class='ocrx_word' id='word_1_157' title='bbox 2624 820 2789 874; x_wconf 78' lang='lat' dir='ltr'><strong>nobis.</strong></span> <span class='ocrx_word' id='word_1_158' title='bbox 2824 819 3149 874; x_wconf 77' lang='lat' dir='ltr'><strong>Exhortatio</strong></span> <span class='ocrx_word' id='word_1_159' title='bbox 3180 819 3298 874; x_wconf 69' lang='lat' dir='ltr'><strong>haec</strong></span> <span class='ocrx_word' id='word_1_160' title='bbox 3328 819 3397 874; x_wconf 87' lang='lat' dir='ltr'><strong>ad</strong></span> <span class='ocrx_word' id='word_1_161' title='bbox 3429 820 3712 888; x_wconf 83' lang='lat' dir='ltr'><strong>superiora</strong></span> <span class='ocrx_word' id='word_1_162' title='bbox 3741 827 3852 888; x_wconf 87' lang='lat' dir='ltr'><strong>per-</strong></span> 
     </span>
    </p>
   </div>
   <div class='ocr_carea' id='block_1_23' title="bbox 2268 911 3855 985">
    <p class='ocr_par' dir='ltr' id='par_1_23' title="bbox 2268 911 3855 985">
     <span class='ocr_line' id='line_1_23' title="bbox 2268 911 3855 985; baseline -0.002 -16"><span class='ocrx_word' id='word_1_163' title='bbox 2268 914 2424 980; x_wconf 88' lang='lat' dir='ltr'><strong>tinet,</strong></span> <span class='ocrx_word' id='word_1_164' title='bbox 2453 928 2550 984; x_wconf 90' lang='lat' dir='ltr'><strong>per</strong></span> <span class='ocrx_word' id='word_1_165' title='bbox 2574 928 2734 985; x_wconf 84' lang='lat' dir='ltr'><strong>quam</strong></span> <span class='ocrx_word' id='word_1_166' title='bbox 2766 912 3004 968; x_wconf 85' lang='lat' dir='ltr'><strong>ostendit</strong></span> <span class='ocrx_word' id='word_1_167' title='bbox 3047 927 3212 983; x_wconf 88' lang='lat' dir='ltr'><strong>parva</strong></span> <span class='ocrx_word' id='word_1_168' title='bbox 3260 926 3409 979; x_wconf 90' lang='lat' dir='ltr'><strong>esse,</strong></span> <span class='ocrx_word' id='word_1_169' title='bbox 3442 926 3566 983; x_wconf 71' lang='lat' dir='ltr'><strong>quae</strong></span> <span class='ocrx_word' id='word_1_170' title='bbox 3607 911 3692 966; x_wconf 90' lang='lat' dir='ltr'><strong>hic</strong></span> <span class='ocrx_word' id='word_1_171' title='bbox 3742 924 3855 982; x_wconf 83' lang='lat' dir='ltr'><strong>pos-</strong></span> 
     </span>
    </p>
   </div>
   <div class='ocr_carea' id='block_1_24' title="bbox 2268 1005 3852 1079">
    <p class='ocr_par' dir='ltr' id='par_1_24' title="bbox 2268 1005 3852 1079">
     <span class='ocr_line' id='line_1_24' title="bbox 2268 1005 3852 1079; baseline -0.003 -16"><span class='ocrx_word' id='word_1_172' title='bbox 2268 1015 2394 1063; x_wconf 91' lang='lat' dir='ltr'><strong>sunt</strong></span> <span class='ocrx_word' id='word_1_173' title='bbox 2436 1023 2464 1061; x_wconf 95' lang='lat' dir='ltr'><strong>a</strong></span> <span class='ocrx_word' id='word_1_174' title='bbox 2496 1007 2718 1079; x_wconf 81' lang='lat' dir='ltr'><strong>perﬁdis</strong></span> <span class='ocrx_word' id='word_1_175' title='bbox 2770 1006 3022 1078; x_wconf 79' lang='lat' dir='ltr'><strong>irrogari,</strong></span> <span class='ocrx_word' id='word_1_176' title='bbox 3049 1006 3114 1061; x_wconf 91' lang='lat' dir='ltr'><strong>ad</strong></span> <span class='ocrx_word' id='word_1_177' title='bbox 3144 1007 3616 1078; x_wconf 85' lang='lat' dir='ltr'><strong>comparationem</strong></span> <span class='ocrx_word' id='word_1_178' title='bbox 3663 1005 3852 1060; x_wconf 86' lang='lat' dir='ltr'><strong>decreti</strong></span> 
     </span>
    </p>
   </div>
   <div class='ocr_carea' id='block_1_25' title="bbox 2271 1097 3854 1167">
    <p class='ocr_par' dir='ltr' id='par_1_25' title="bbox 2271 1097 3854 1167">
     <span class='ocr_line' id='line_1_25' title="bbox 2271 1097 3854 1167; baseline -0.003 -10"><span class='ocrx_word' id='word_1_179' title='bbox 2271 1102 2510 1158; x_wconf 84' lang='lat' dir='ltr'><strong>muneris</strong></span> <span class='ocrx_word' id='word_1_180' title='bbox 2540 1103 2591 1156; x_wconf 92' lang='lat' dir='ltr'><strong>in</strong></span> <span class='ocrx_word' id='word_1_181' title='bbox 2622 1101 2805 1156; x_wconf 87' lang='lat' dir='ltr'><strong>futuro</strong></span> <span class='ocrx_word' id='word_1_182' title='bbox 2841 1101 3062 1156; x_wconf 66' lang='lat' dir='ltr'><strong>sarculo.</strong></span> <span class='ocrx_word' id='word_1_183' title='bbox 3099 1100 3392 1167; x_wconf 78' lang='lat' dir='ltr'><strong>Propterea</strong></span> <span class='ocrx_word' id='word_1_184' title='bbox 3427 1107 3452 1135; x_wconf 69' lang='grc' dir='ltr'>α</span> <span class='ocrx_word' id='word_1_185' title='bbox 3488 1114 3589 1154; x_wconf 91' lang='lat' dir='ltr'><strong>nos</strong></span> <span class='ocrx_word' id='word_1_186' title='bbox 3621 1097 3769 1166; x_wconf 84' lang='lat' dir='ltr'><strong>jubet</strong></span> <span class='ocrx_word' id='word_1_187' title='bbox 3799 1097 3854 1152; x_wconf 81' lang='lat' dir='ltr'><strong>ad</strong></span> 
     </span>
    </p>
   </div>
   <div class='ocr_carea' id='block_1_26' title="bbox 2269 1193 3856 1266">
    <p class='ocr_par' dir='ltr' id='par_1_26' title="bbox 2269 1193 3856 1266">
     <span class='ocr_line' id='line_1_26' title="bbox 2269 1193 3856 1266; baseline -0.003 -15"><span class='ocrx_word' id='word_1_188' title='bbox 2269 1195 2447 1251; x_wconf 81' lang='lat' dir='ltr'><strong>omnia</strong></span> <span class='ocrx_word' id='word_1_189' title='bbox 2476 1195 2639 1251; x_wconf 77' lang='lat' dir='ltr'><strong>exitia</strong></span> <span class='ocrx_word' id='word_1_190' title='bbox 2688 1204 2906 1266; x_wconf 87' lang='lat' dir='ltr'><strong>paratos</strong></span> <span class='ocrx_word' id='word_1_191' title='bbox 2946 1209 3072 1251; x_wconf 82' lang='lat' dir='ltr'><strong>esse</strong></span> <span class='ocrx_word' id='word_1_192' title='bbox 3114 1193 3338 1261; x_wconf 84' lang='lat' dir='ltr'><strong>debere,</strong></span> <span class='ocrx_word' id='word_1_193' title='bbox 3391 1193 3518 1266; x_wconf 89' lang='lat' dir='ltr'><strong>quia</strong></span> <span class='ocrx_word' id='word_1_194' title='bbox 3555 1207 3744 1264; x_wconf 79' lang='lat' dir='ltr'><strong>magna</strong></span> <span class='ocrx_word' id='word_1_195' title='bbox 3774 1205 3856 1262; x_wconf 81' lang='lat' dir='ltr'><strong>pro</strong></span> 
     </span>
    </p>
   </div>
   <div class='ocr_carea' id='block_1_27' title="bbox 2271 1283 3857 1359">
    <p class='ocr_par' dir='ltr' id='par_1_27' title="bbox 2271 1283 3857 1359">
     <span class='ocr_line' id='line_1_27' title="bbox 2271 1283 3857 1359; baseline -0.004 -15"><span class='ocrx_word' id='word_1_196' title='bbox 2271 1288 2355 1344; x_wconf 89' lang='lat' dir='ltr'><strong>his</strong></span> <span class='ocrx_word' id='word_1_197' title='bbox 2383 1288 2715 1359; x_wconf 87' lang='lat' dir='ltr'><strong>reprornissa</strong></span> <span class='ocrx_word' id='word_1_198' title='bbox 2743 1299 2867 1342; x_wconf 89' lang='lat' dir='ltr'><strong>sunt</strong></span> <span class='ocrx_word' id='word_1_199' title='bbox 2912 1287 3138 1359; x_wconf 62' lang='lat' dir='ltr'><strong>praemia</strong></span> <span class='ocrx_word' id='word_1_200' title='bbox 3161 1303 3176 1352; x_wconf 91' lang='lat'><strong>;</strong></span> <span class='ocrx_word' id='word_1_201' title='bbox 3196 1295 3253 1341; x_wconf 91' lang='lat' dir='ltr'><strong>ut</strong></span> <span class='ocrx_word' id='word_1_202' title='bbox 3279 1287 3333 1342; x_wconf 90' lang='lat' dir='ltr'><strong>in</strong></span> <span class='ocrx_word' id='word_1_203' title='bbox 3366 1283 3723 1341; x_wconf 75' lang='lat' dir='ltr'><strong>tribulatione</strong></span> <span class='ocrx_word' id='word_1_204' title='bbox 3745 1298 3857 1340; x_wconf 83' lang='lat' dir='ltr'><strong>con-</strong></span> 
     </span>
    </p>
   </div>
   <div class='ocr_carea' id='block_1_28' title="bbox 2269 1379 3853 1454">
    <p class='ocr_par' dir='ltr' id='par_1_28' title="bbox 2269 1379 3853 1454">
     <span class='ocr_line' id='line_1_28' title="bbox 2269 1379 3853 1454; baseline -0.004 -16"><span class='ocrx_word' id='word_1_205' title='bbox 2269 1384 2479 1439; x_wconf 89' lang='lat' dir='ltr'><strong>soletur</strong></span> <span class='ocrx_word' id='word_1_206' title='bbox 2507 1398 2568 1440; x_wconf 89' lang='lat' dir='ltr'><strong>se</strong></span> <span class='ocrx_word' id='word_1_207' title='bbox 2593 1383 2832 1449; x_wconf 87' lang='lat' dir='ltr'><strong>animus,</strong></span> <span class='ocrx_word' id='word_1_208' title='bbox 2865 1392 2921 1440; x_wconf 89' lang='lat' dir='ltr'><strong>et</strong></span> <span class='ocrx_word' id='word_1_209' title='bbox 2948 1398 3047 1454; x_wconf 86' lang='lat' dir='ltr'><strong>spe</strong></span> <span class='ocrx_word' id='word_1_210' title='bbox 3073 1391 3306 1439; x_wconf 83' lang='lat' dir='ltr'><strong>crescat.</strong></span> <span class='ocrx_word' id='word_1_211' title='bbox 3332 1381 3466 1437; x_wconf 82' lang='lat' dir='ltr'><strong>Nam</strong></span> <span class='ocrx_word' id='word_1_212' title='bbox 3498 1391 3552 1437; x_wconf 82' lang='lat' dir='ltr'><strong>et</strong></span> <span class='ocrx_word' id='word_1_213' title='bbox 3585 1379 3853 1453; x_wconf 84' lang='lat' dir='ltr'><strong>quosdam,</strong></span> 
     </span>
    </p>
   </div>
   <div class='ocr_carea' id='block_1_29' title="bbox 2272 1474 3854 1549">
    <p class='ocr_par' dir='ltr' id='par_1_29' title="bbox 2272 1474 3854 1549">
     <span class='ocr_line' id='line_1_29' title="bbox 2272 1474 3854 1549; baseline -0.004 -15"><span class='ocrx_word' id='word_1_214' title='bbox 2272 1479 2436 1534; x_wconf 90' lang='lat' dir='ltr'><strong>immo</strong></span> <span class='ocrx_word' id='word_1_215' title='bbox 2465 1479 2665 1534; x_wconf 86' lang='lat' dir='ltr'><strong>multos</strong></span> <span class='ocrx_word' id='word_1_216' title='bbox 2682 1477 2885 1534; x_wconf 82' lang='lat' dir='ltr'><strong>scimus</strong></span> <span class='ocrx_word' id='word_1_217' title='bbox 2916 1493 3014 1548; x_wconf 85' lang='lat' dir='ltr'><strong>pro</strong></span> <span class='ocrx_word' id='word_1_218' title='bbox 3049 1476 3416 1549; x_wconf 68' lang='lat' dir='ltr'><strong>praesentibus</strong></span> <span class='ocrx_word' id='word_1_219' title='bbox 3443 1478 3552 1531; x_wconf 77' lang='lat' dir='ltr'><strong>luci</strong></span> <span class='ocrx_word' id='word_1_220' title='bbox 3568 1476 3634 1542; x_wconf 90' lang='lat' dir='ltr'><strong>is,</strong></span> <span class='ocrx_word' id='word_1_221' title='bbox 3658 1474 3725 1530; x_wconf 90' lang='lat' dir='ltr'><strong>ad</strong></span> <span class='ocrx_word' id='word_1_222' title='bbox 3751 1488 3854 1528; x_wconf 88' lang='lat' dir='ltr'><strong>mo-</strong></span> 
     </span>
    </p>
   </div>
   <div class='ocr_carea' id='block_1_30' title="bbox 2270 1566 3855 1641">
    <p class='ocr_par' dir='ltr' id='par_1_30' title="bbox 2270 1566 3855 1641">
     <span class='ocr_line' id='line_1_30' title="bbox 2270 1566 3855 1641; baseline -0.004 -15"><span class='ocrx_word' id='word_1_223' title='bbox 2270 1570 2457 1626; x_wconf 89' lang='lat' dir='ltr'><strong>dicum</strong></span> <span class='ocrx_word' id='word_1_224' title='bbox 2502 1572 2688 1641; x_wconf 87' lang='lat' dir='ltr'><strong>utique</strong></span> <span class='ocrx_word' id='word_1_225' title='bbox 2734 1568 3066 1640; x_wconf 77' lang='lat' dir='ltr'><strong>profuturis,</strong></span> <span class='ocrx_word' id='word_1_226' title='bbox 3110 1581 3273 1640; x_wconf 89' lang='lat' dir='ltr'><strong>quam</strong></span> <span class='ocrx_word' id='word_1_227' title='bbox 3334 1583 3560 1638; x_wconf 85' lang='lat' dir='ltr'><strong>asperos</strong></span> <span class='ocrx_word' id='word_1_228' title='bbox 3605 1575 3664 1622; x_wconf 91' lang='lat' dir='ltr'><strong>et</strong></span> <span class='ocrx_word' id='word_1_229' title='bbox 3706 1566 3855 1622; x_wconf 82' lang='lat' dir='ltr'><strong>duros</strong></span> 
     </span>
    </p>
   </div>
   <div class='ocr_carea' id='block_1_31' title="bbox 2273 1663 3853 1736">
    <p class='ocr_par' dir='ltr' id='par_1_31' title="bbox 2273 1663 3853 1736">
     <span class='ocr_line' id='line_1_31' title="bbox 2273 1663 3853 1736; baseline -0.004 -16"><span class='ocrx_word' id='word_1_230' title='bbox 2273 1665 2453 1721; x_wconf 87' lang='lat' dir='ltr'><strong>subire</strong></span> <span class='ocrx_word' id='word_1_231' title='bbox 2485 1666 2723 1732; x_wconf 83' lang='lat' dir='ltr'><strong>labores,</strong></span> <span class='ocrx_word' id='word_1_232' title='bbox 2751 1673 2807 1722; x_wconf 85' lang='lat' dir='ltr'><strong>et</strong></span> <span class='ocrx_word' id='word_1_233' title='bbox 2832 1664 2901 1721; x_wconf 86' lang='lat' dir='ltr'><strong>ad</strong></span> <span class='ocrx_word' id='word_1_234' title='bbox 2953 1679 3074 1736; x_wconf 65' lang='lat' dir='ltr'><strong>qua:</strong></span> <span class='ocrx_word' id='word_1_235' title='bbox 3121 1663 3353 1720; x_wconf 85' lang='lat' dir='ltr'><strong>tendunt</strong></span> <span class='ocrx_word' id='word_1_236' title='bbox 3401 1663 3718 1734; x_wconf 85' lang='lat' dir='ltr'><strong>aliquando,</strong></span> <span class='ocrx_word' id='word_1_237' title='bbox 3747 1663 3853 1732; x_wconf 87' lang='lat' dir='ltr'><strong>quia</strong></span> 
     </span>
    </p>
   </div>
   <div class='ocr_carea' id='block_1_32' title="bbox 2272 1757 3855 1830">
    <p class='ocr_par' dir='ltr' id='par_1_32' title="bbox 2272 1757 3855 1830">
     <span class='ocr_line' id='line_1_32' title="bbox 2272 1757 3855 1830; baseline -0.004 -16"><span class='ocrx_word' id='word_1_238' title='bbox 2272 1760 2387 1830; x_wconf 89' lang='lat' dir='ltr'><strong>ipsa</strong></span> <span class='ocrx_word' id='word_1_239' title='bbox 2409 1759 2518 1813; x_wconf 90' lang='lat' dir='ltr'><strong>vita</strong></span> <span class='ocrx_word' id='word_1_240' title='bbox 2547 1758 2755 1830; x_wconf 75' lang='lat' dir='ltr'><strong>fragilis</strong></span> <span class='ocrx_word' id='word_1_241' title='bbox 2799 1765 2962 1814; x_wconf 86' lang='lat' dir='ltr'><strong>estet</strong></span> <span class='ocrx_word' id='word_1_242' title='bbox 3009 1758 3240 1823; x_wconf 89' lang='lat' dir='ltr'><strong>incerta,</strong></span> <span class='ocrx_word' id='word_1_243' title='bbox 3273 1757 3566 1828; x_wconf 85' lang='lat' dir='ltr'><strong>pervenire</strong></span> <span class='ocrx_word' id='word_1_244' title='bbox 3609 1769 3716 1811; x_wconf 88' lang='lat' dir='ltr'><strong>non</strong></span> <span class='ocrx_word' id='word_1_245' title='bbox 3750 1769 3855 1826; x_wconf 85' lang='lat' dir='ltr'><strong>pos-</strong></span> 
     </span>
    </p>
   </div>
   <div class='ocr_carea' id='block_1_33' title="bbox 571 1847 3856 1924">
    <p class='ocr_par' dir='ltr' id='par_1_33' title="bbox 571 1847 3856 1924">
     <span class='ocr_line' id='line_1_33' title="bbox 571 1847 3856 1924; baseline -0.001 -20"><span class='ocrx_word' id='word_1_246' title='bbox 571 1859 767 1916; x_wconf 82' lang='lat' dir='ltr'><strong>nostro,</strong></span> <span class='ocrx_word' id='word_1_247' title='bbox 796 1851 935 1921; x_wconf 84' lang='lat' dir='ltr'><strong>quod</strong></span> <span class='ocrx_word' id='word_1_248' title='bbox 965 1861 1140 1905; x_wconf 83' lang='lat' dir='ltr'><strong>sunms</strong></span> <span class='ocrx_word' id='word_1_249' title='bbox 1173 1849 1272 1919; x_wconf 82' lang='lat' dir='ltr'><strong>ﬁlii</strong></span> <span class='ocrx_word' id='word_1_250' title='bbox 1320 1847 1438 1904; x_wconf 77' lang='lat' dir='ltr'><strong>Del.</strong></span> <span class='ocrx_word' id='word_1_251' title='bbox 1470 1850 1618 1905; x_wconf 86' lang='lat' dir='ltr'><strong>Bene</strong></span> <span class='ocrx_word' id='word_1_252' title='bbox 1658 1850 1940 1917; x_wconf 71' lang='lat' dir='ltr'><strong>agentibus</strong></span> <span class='ocrx_word' id='word_1_253' title='bbox 1993 1851 2165 1918; x_wconf 88' lang='lat' dir='ltr'><strong>nobis,</strong></span> <span class='ocrx_word' id='word_1_254' title='bbox 2203 1847 2249 1906; x_wconf 92' lang='lat' dir='ltr'><strong>B</strong></span> <span class='ocrx_word' id='word_1_255' title='bbox 2275 1863 2423 1908; x_wconf 89' lang='lat' dir='ltr'><strong>sunt.</strong></span> <span class='ocrx_word' id='word_1_256' title='bbox 2453 1851 2645 1908; x_wconf 78' lang='lat' dir='ltr'><strong>Nautee</strong></span> <span class='ocrx_word' id='word_1_257' title='bbox 2675 1867 2773 1924; x_wconf 89' lang='lat' dir='ltr'><strong>pro</strong></span> <span class='ocrx_word' id='word_1_258' title='bbox 2805 1851 3003 1922; x_wconf 85' lang='lat' dir='ltr'><strong>quibus</strong></span> <span class='ocrx_word' id='word_1_259' title='bbox 3023 1851 3326 1908; x_wconf 88' lang='lat' dir='ltr'><strong>commodis</strong></span> <span class='ocrx_word' id='word_1_260' title='bbox 3350 1850 3516 1905; x_wconf 89' lang='lat' dir='ltr'><strong>tantis</strong></span> <span class='ocrx_word' id='word_1_261' title='bbox 3536 1865 3597 1904; x_wconf 89' lang='lat' dir='ltr'><strong>se</strong></span> <span class='ocrx_word' id='word_1_262' title='bbox 3618 1848 3856 1920; x_wconf 82' lang='lat' dir='ltr'><strong>procellis</strong></span> 
     </span>
    </p>
   </div>
   <div class='ocr_carea' id='block_1_34' title="bbox 572 1944 2166 2016">
    <p class='ocr_par' dir='ltr' id='par_1_34' title="bbox 572 1944 2166 2016">
     <span class='ocr_line' id='line_1_34' title="bbox 572 1944 2166 2016; baseline 0 -17"><span class='ocrx_word' id='word_1_263' title='bbox 572 1954 625 1999; x_wconf 89' lang='lat' dir='ltr'><strong>et</strong></span> <span class='ocrx_word' id='word_1_264' title='bbox 655 1959 750 2016; x_wconf 88' lang='lat' dir='ltr'><strong>per</strong></span> <span class='ocrx_word' id='word_1_265' title='bbox 784 1946 884 2000; x_wconf 90' lang='lat' dir='ltr'><strong>hoc</strong></span> <span class='ocrx_word' id='word_1_266' title='bbox 927 1946 1105 2016; x_wconf 88' lang='lat' dir='ltr'><strong>ipsum</strong></span> <span class='ocrx_word' id='word_1_267' title='bbox 1148 1952 1401 1999; x_wconf 87' lang='lat' dir='ltr'><strong>manente</strong></span> <span class='ocrx_word' id='word_1_268' title='bbox 1435 1945 1486 1999; x_wconf 93' lang='lat' dir='ltr'><strong>in</strong></span> <span class='ocrx_word' id='word_1_269' title='bbox 1514 1944 1673 2002; x_wconf 87' lang='lat' dir='ltr'><strong>nobis</strong></span> <span class='ocrx_word' id='word_1_270' title='bbox 1705 1945 1912 2015; x_wconf 85' lang='lat' dir='ltr'><strong>Spiritu</strong></span> <span class='ocrx_word' id='word_1_271' title='bbox 1955 1953 2166 2013; x_wconf 84' lang='lat' dir='ltr'><strong>sancto,</strong></span> 
     </span>
    </p>
   </div>
   <div class='ocr_carea' id='block_1_35' title="bbox 574 2037 2167 2111">
    <p class='ocr_par' dir='ltr' id='par_1_35' title="bbox 574 2037 2167 2111">
     <span class='ocr_line' id='line_1_35' title="bbox 574 2037 2167 2111; baseline 0.001 -20"><span class='ocrx_word' id='word_1_272' title='bbox 574 2037 701 2093; x_wconf 84' lang='lat' dir='ltr'><strong>huic</strong></span> <span class='ocrx_word' id='word_1_273' title='bbox 744 2039 860 2094; x_wconf 84' lang='lat' dir='ltr'><strong>voci</strong></span> <span class='ocrx_word' id='word_1_274' title='bbox 919 2045 974 2093; x_wconf 92' lang='lat' dir='ltr'><strong>et</strong></span> <span class='ocrx_word' id='word_1_275' title='bbox 1027 2038 1211 2092; x_wconf 90' lang='lat' dir='ltr'><strong>animo</strong></span> <span class='ocrx_word' id='word_1_276' title='bbox 1264 2046 1472 2104; x_wconf 85' lang='lat' dir='ltr'><strong>nostro,</strong></span> <span class='ocrx_word' id='word_1_277' title='bbox 1499 2037 1611 2111; x_wconf 62' lang='grc'><strong>’14</strong></span> <span class='ocrx_word' id='word_1_278' title='bbox 1638 2054 1746 2109; x_wconf 91' lang='lat' dir='ltr'><strong>quo</strong></span> <span class='ocrx_word' id='word_1_279' title='bbox 1790 2037 2093 2093; x_wconf 88' lang='lat' dir='ltr'><strong>clamamus</strong></span> <span class='ocrx_word' id='word_1_280' title='bbox 2116 2039 2167 2094; x_wconf 90' lang='lat' dir='ltr'><strong>in</strong></span> 
     </span>
    </p>
   </div>
   <div class='ocr_carea' id='block_1_36' title="bbox 572 2130 2166 2201">
    <p class='ocr_par' dir='ltr' id='par_1_36' title="bbox 572 2130 2166 2201">
     <span class='ocr_line' id='line_1_36' title="bbox 572 2130 2166 2201; baseline 0.001 -15"><span class='ocrx_word' id='word_1_281' title='bbox 572 2133 857 2187; x_wconf 85' lang='lat' dir='ltr'><strong>oratione:</strong></span> <span class='ocrx_word' id='word_1_282' title='bbox 890 2130 1049 2197; x_wconf 78' lang='lat' dir='ltr'><strong>Abba,</strong></span> <span class='ocrx_word' id='word_1_283' title='bbox 1077 2130 1129 2186; x_wconf 85' lang='lat' dir='ltr'><strong>id</strong></span> <span class='ocrx_word' id='word_1_284' title='bbox 1158 2142 1263 2198; x_wconf 88' lang='lat' dir='ltr'><strong>est,</strong></span> <span class='ocrx_word' id='word_1_285' title='bbox 1300 2139 1473 2200; x_wconf 84' lang='lat' dir='ltr'><strong>pater,</strong></span> <span class='ocrx_word' id='word_1_286' title='bbox 1508 2130 1741 2201; x_wconf 85' lang='lat' dir='ltr'><strong>Spiritus</strong></span> <span class='ocrx_word' id='word_1_287' title='bbox 1785 2130 1877 2186; x_wconf 86' lang='lat' dir='ltr'><strong>Dei</strong></span> <span class='ocrx_word' id='word_1_288' title='bbox 1923 2130 2166 2187; x_wconf 87' lang='lat' dir='ltr'><strong>testimo-</strong></span> 
     </span>
    </p>
   </div>
   <div class='ocr_carea' id='block_1_37' title="bbox 571 2224 2168 2296">
    <p class='ocr_par' dir='ltr' id='par_1_37' title="bbox 571 2224 2168 2296">
     <span class='ocr_line' id='line_1_37' title="bbox 571 2224 2168 2296; baseline 0.001 -15"><span class='ocrx_word' id='word_1_289' title='bbox 571 2227 720 2281; x_wconf 92' lang='lat' dir='ltr'><strong>nium</strong></span> <span class='ocrx_word' id='word_1_290' title='bbox 751 2224 863 2294; x_wconf 83' lang='lat' dir='ltr'><strong>dat,</strong></span> <span class='ocrx_word' id='word_1_291' title='bbox 896 2225 1025 2281; x_wconf 90' lang='lat' dir='ltr'><strong>dum</strong></span> <span class='ocrx_word' id='word_1_292' title='bbox 1055 2234 1238 2281; x_wconf 77' lang='lat' dir='ltr'><strong>manet.</strong></span> <span class='ocrx_word' id='word_1_293' title='bbox 1267 2228 1318 2280; x_wconf 92' lang='lat' dir='ltr'><strong>in</strong></span> <span class='ocrx_word' id='word_1_294' title='bbox 1346 2225 1519 2291; x_wconf 86' lang='lat' dir='ltr'><strong>nobis,</strong></span> <span class='ocrx_word' id='word_1_295' title='bbox 1540 2226 1796 2296; x_wconf 86' lang='lat' dir='ltr'><strong>quoniam</strong></span> <span class='ocrx_word' id='word_1_296' title='bbox 1825 2241 1931 2280; x_wconf 91' lang='lat' dir='ltr'><strong>non</strong></span> <span class='ocrx_word' id='word_1_297' title='bbox 1963 2235 2168 2282; x_wconf 86' lang='lat' dir='ltr'><strong>temere</strong></span> 
     </span>
    </p>
   </div>
   <div class='ocr_carea' id='block_1_38' title="bbox 571 2317 2166 2391">
    <p class='ocr_par' dir='ltr' id='par_1_38' title="bbox 571 2317 2166 2391">
     <span class='ocr_line' id='line_1_38' title="bbox 571 2317 2166 2391; baseline -0.001 -16"><span class='ocrx_word' id='word_1_298' title='bbox 571 2317 826 2386; x_wconf 86' lang='lat' dir='ltr'><strong>dicimus,</strong></span> <span class='ocrx_word' id='word_1_299' title='bbox 857 2317 1021 2386; x_wconf 81' lang='lat' dir='ltr'><strong>Abba,</strong></span> <span class='ocrx_word' id='word_1_300' title='bbox 1065 2329 1223 2390; x_wconf 86' lang='lat' dir='ltr'><strong>pater.</strong></span> <span class='ocrx_word' id='word_1_301' title='bbox 1259 2318 1484 2391; x_wconf 89' lang='lat' dir='ltr'><strong>Dignam</strong></span> <span class='ocrx_word' id='word_1_302' title='bbox 1511 2321 1655 2374; x_wconf 89' lang='lat' dir='ltr'><strong>enim</strong></span> <span class='ocrx_word' id='word_1_303' title='bbox 1684 2319 1848 2374; x_wconf 87' lang='lat' dir='ltr'><strong>vitam</strong></span> <span class='ocrx_word' id='word_1_304' title='bbox 1899 2318 2023 2374; x_wconf 88' lang='lat' dir='ltr'><strong>huic</strong></span> <span class='ocrx_word' id='word_1_305' title='bbox 2051 2319 2166 2374; x_wconf 88' lang='lat' dir='ltr'><strong>voci</strong></span> 
     </span>
    </p>
   </div>
   <div class='ocr_carea' id='block_1_39' title="bbox 570 2411 2168 2478">
    <p class='ocr_par' dir='ltr' id='par_1_39' title="bbox 570 2411 2168 2478">
     <span class='ocr_line' id='line_1_39' title="bbox 570 2411 2168 2478; baseline 0 -10"><span class='ocrx_word' id='word_1_306' title='bbox 570 2411 930 2468; x_wconf 82' lang='lat' dir='ltr'><strong>exbibeamus</strong></span> <span class='ocrx_word' id='word_1_307' title='bbox 953 2428 968 2478; x_wconf 93' lang='lat'><strong>;</strong></span> <span class='ocrx_word' id='word_1_308' title='bbox 994 2421 1047 2468; x_wconf 89' lang='lat' dir='ltr'><strong>et</strong></span> <span class='ocrx_word' id='word_1_309' title='bbox 1092 2411 1193 2468; x_wconf 88' lang='lat' dir='ltr'><strong>hoc</strong></span> <span class='ocrx_word' id='word_1_310' title='bbox 1215 2423 1302 2468; x_wconf 88' lang='lat' dir='ltr'><strong>est</strong></span> <span class='ocrx_word' id='word_1_311' title='bbox 1349 2411 1719 2468; x_wconf 90' lang='lat' dir='ltr'><strong>testimonium</strong></span> <span class='ocrx_word' id='word_1_312' title='bbox 1754 2413 2012 2478; x_wconf 89' lang='lat' dir='ltr'><strong>ﬁliormn,</strong></span> <span class='ocrx_word' id='word_1_313' title='bbox 2047 2411 2092 2468; x_wconf 88' lang='lat' dir='ltr'><strong>si</strong></span> <span class='ocrx_word' id='word_1_314' title='bbox 2117 2413 2168 2468; x_wconf 93' lang='lat' dir='ltr'><strong>in</strong></span> 
     </span>
    </p>
   </div>
   <div class='ocr_carea' id='block_1_40' title="bbox 571 2506 1927 2579">
    <p class='ocr_par' dir='ltr' id='par_1_40' title="bbox 571 2506 1927 2579">
     <span class='ocr_line' id='line_1_40' title="bbox 571 2506 1927 2579; baseline -0.003 -15"><span class='ocrx_word' id='word_1_315' title='bbox 571 2521 667 2564; x_wconf 88' lang='lat' dir='ltr'><strong>eos</strong></span> <span class='ocrx_word' id='word_1_316' title='bbox 697 2523 794 2578; x_wconf 86' lang='lat' dir='ltr'><strong>per</strong></span> <span class='ocrx_word' id='word_1_317' title='bbox 819 2507 1084 2578; x_wconf 89' lang='lat' dir='ltr'><strong>Spiritum</strong></span> <span class='ocrx_word' id='word_1_318' title='bbox 1107 2506 1357 2563; x_wconf 88' lang='lat' dir='ltr'><strong>videatur</strong></span> <span class='ocrx_word' id='word_1_319' title='bbox 1377 2508 1589 2579; x_wconf 84' lang='lat' dir='ltr'><strong>signum</strong></span> <span class='ocrx_word' id='word_1_320' title='bbox 1619 2517 1927 2578; x_wconf 90' lang='lat' dir='ltr'><strong>paternum.</strong></span> 
     </span>
    </p>
   </div>
   <div class='ocr_carea' id='block_1_41' title="bbox 641 2601 2171 2676">
    <p class='ocr_par' dir='ltr' id='par_1_41' title="bbox 641 2601 2171 2676">
     <span class='ocr_line' id='line_1_41' title="bbox 641 2601 2171 2676; baseline -0.001 -19"><span class='ocrx_word' id='word_1_321' title='bbox 641 2601 821 2676; x_wconf 83' lang='lat' dir='ltr'><strong>(Vers.</strong></span> <span class='ocrx_word' id='word_1_322' title='bbox 855 2602 974 2673; x_wconf 82' lang='grc'><strong>17.)</strong></span> <span class='ocrx_word' id='word_1_323' title='bbox 998 2602 1060 2658; x_wconf 89' lang='lat' dir='ltr'><strong>Si</strong></span> <span class='ocrx_word' id='word_1_324' title='bbox 1081 2613 1254 2657; x_wconf 84' lang='lat' dir='ltr'><strong>autem</strong></span> <span class='ocrx_word' id='word_1_325' title='bbox 1288 2601 1408 2672; x_wconf 81' lang='lat' dir='ltr'><strong>ﬁlii,</strong></span> <span class='ocrx_word' id='word_1_326' title='bbox 1439 2613 1483 2656; x_wconf 89' lang='lat' dir='ltr'><strong>et</strong></span> <span class='ocrx_word' id='word_1_327' title='bbox 1511 2601 1742 2657; x_wconf 69' lang='lat' dir='ltr'><strong>licet-edes</strong></span> <span class='ocrx_word' id='word_1_328' title='bbox 1764 2619 1782 2656; x_wconf 90' lang='lat'><strong><em>:</em></strong></span> <span class='ocrx_word' id='word_1_329' title='bbox 1805 2601 2029 2657; x_wconf 76' lang='lat' dir='ltr'><strong>Inercdes</strong></span> <span class='ocrx_word' id='word_1_330' title='bbox 2057 2603 2171 2672; x_wconf 85' lang='lat' dir='ltr'><strong>qui-</strong></span> 
     </span>
    </p>
   </div>
   <div class='ocr_carea' id='block_1_42' title="bbox 570 2695 2171 2770">
    <p class='ocr_par' dir='ltr' id='par_1_42' title="bbox 570 2695 2171 2770">
     <span class='ocr_line' id='line_1_42' title="bbox 570 2695 2171 2770; baseline 0.001 -18"><span class='ocrx_word' id='word_1_331' title='bbox 570 2697 687 2752; x_wconf 84' lang='lat' dir='ltr'><strong>dem</strong></span> <span class='ocrx_word' id='word_1_332' title='bbox 722 2696 844 2765; x_wconf 88' lang='lat' dir='ltr'><strong>Dei,</strong></span> <span class='ocrx_word' id='word_1_333' title='bbox 891 2695 1182 2752; x_wconf 62' lang='lat' dir='ltr'><strong>coheredes</strong></span> <span class='ocrx_word' id='word_1_334' title='bbox 1209 2707 1378 2750; x_wconf 83' lang='lat' dir='ltr'><strong>autem</strong></span> <span class='ocrx_word' id='word_1_335' title='bbox 1409 2695 1623 2751; x_wconf 82' lang='lat' dir='ltr'><strong>Christi.</strong></span> <span class='ocrx_word' id='word_1_336' title='bbox 1655 2695 1790 2751; x_wconf 92' lang='lat' dir='ltr'><strong>Cum</strong></span> <span class='ocrx_word' id='word_1_337' title='bbox 1840 2696 1984 2753; x_wconf 89' lang='lat' dir='ltr'><strong>Deus</strong></span> <span class='ocrx_word' id='word_1_338' title='bbox 2015 2706 2171 2770; x_wconf 88' lang='lat' dir='ltr'><strong>pater</strong></span> 
     </span>
    </p>
   </div>
   <div class='ocr_carea' id='block_1_43' title="bbox 571 2790 2172 2862">
    <p class='ocr_par' dir='ltr' id='par_1_43' title="bbox 571 2790 2172 2862">
     <span class='ocr_line' id='line_1_43' title="bbox 571 2790 2172 2862; baseline 0 -15"><span class='ocrx_word' id='word_1_339' title='bbox 571 2791 725 2847; x_wconf 91' lang='lat' dir='ltr'><strong>nullo</strong></span> <span class='ocrx_word' id='word_1_340' title='bbox 755 2790 918 2846; x_wconf 92' lang='lat' dir='ltr'><strong>modo</strong></span> <span class='ocrx_word' id='word_1_341' title='bbox 940 2800 1187 2846; x_wconf 88' lang='lat' dir='ltr'><strong>mortuus</strong></span> <span class='ocrx_word' id='word_1_342' title='bbox 1212 2791 1386 2861; x_wconf 89' lang='lat' dir='ltr'><strong>possit</strong></span> <span class='ocrx_word' id='word_1_343' title='bbox 1405 2791 1539 2857; x_wconf 89' lang='lat' dir='ltr'><strong>dici,</strong></span> <span class='ocrx_word' id='word_1_344' title='bbox 1569 2790 1824 2847; x_wconf 81' lang='lat' dir='ltr'><strong>Christus</strong></span> <span class='ocrx_word' id='word_1_345' title='bbox 1848 2799 2029 2846; x_wconf 86' lang='lat' dir='ltr'><strong>autem</strong></span> <span class='ocrx_word' id='word_1_346' title='bbox 2054 2792 2172 2862; x_wconf 87' lang='lat' dir='ltr'><strong>ejus</strong></span> 
     </span>
    </p>
   </div>
   <div class='ocr_carea' id='block_1_44' title="bbox 570 2884 2174 2957">
    <p class='ocr_par' dir='ltr' id='par_1_44' title="bbox 570 2884 2174 2957">
     <span class='ocr_line' id='line_1_44' title="bbox 570 2884 2174 2957; baseline 0.001 -16"><span class='ocrx_word' id='word_1_347' title='bbox 570 2884 718 2942; x_wconf 85' lang='lat' dir='ltr'><strong>ﬁlius</strong></span> <span class='ocrx_word' id='word_1_348' title='bbox 749 2892 999 2940; x_wconf 85' lang='lat' dir='ltr'><strong>mortuus</strong></span> <span class='ocrx_word' id='word_1_349' title='bbox 1045 2884 1260 2940; x_wconf 85' lang='lat' dir='ltr'><strong>dicatur</strong></span> <span class='ocrx_word' id='word_1_350' title='bbox 1286 2897 1452 2940; x_wconf 87' lang='lat' dir='ltr'><strong>causa</strong></span> <span class='ocrx_word' id='word_1_351' title='bbox 1501 2884 1912 2952; x_wconf 87' lang='lat' dir='ltr'><strong>incarnationis,</strong></span> <span class='ocrx_word' id='word_1_352' title='bbox 1933 2886 2062 2957; x_wconf 88' lang='lat' dir='ltr'><strong>quid</strong></span> <span class='ocrx_word' id='word_1_353' title='bbox 2089 2895 2174 2942; x_wconf 86' lang='lat' dir='ltr'><strong>est</strong></span> 
     </span>
    </p>
   </div>
   <div class='ocr_carea' id='block_1_45' title="bbox 575 2977 2174 3049">
    <p class='ocr_par' dir='ltr' id='par_1_45' title="bbox 575 2977 2174 3049">
     <span class='ocr_line' id='line_1_45' title="bbox 575 2977 2174 3049; baseline 0.001 -15"><span class='ocrx_word' id='word_1_354' title='bbox 575 2989 632 3034; x_wconf 92' lang='lat' dir='ltr'><strong>ut</strong></span> <span class='ocrx_word' id='word_1_355' title='bbox 655 2979 704 3034; x_wconf 91' lang='lat' dir='ltr'><strong>is</strong></span> <span class='ocrx_word' id='word_1_356' title='bbox 723 2977 816 3049; x_wconf 90' lang='lat' dir='ltr'><strong>qui</strong></span> <span class='ocrx_word' id='word_1_357' title='bbox 847 2985 1098 3034; x_wconf 89' lang='lat' dir='ltr'><strong>mortuus</strong></span> <span class='ocrx_word' id='word_1_358' title='bbox 1125 2986 1231 3045; x_wconf 90' lang='lat' dir='ltr'><strong>est,</strong></span> <span class='ocrx_word' id='word_1_359' title='bbox 1261 2992 1478 3047; x_wconf 85' lang='lat' dir='ltr'><strong>semper</strong></span> <span class='ocrx_word' id='word_1_360' title='bbox 1498 2977 1733 3034; x_wconf 87' lang='lat' dir='ltr'><strong>viventis</strong></span> <span class='ocrx_word' id='word_1_361' title='bbox 1754 2977 1929 3035; x_wconf 81' lang='lat' dir='ltr'><strong>lucres</strong></span> <span class='ocrx_word' id='word_1_362' title='bbox 1955 2993 2075 3035; x_wconf 89' lang='lat' dir='ltr'><strong>esse</strong></span> <span class='ocrx_word' id='word_1_363' title='bbox 2093 2979 2174 3036; x_wconf 87' lang='lat' dir='ltr'><strong>di-</strong></span> 
     </span>
    </p>
   </div>
   <div class='ocr_carea' id='block_1_46' title="bbox 572 3069 2172 3141">
    <p class='ocr_par' dir='ltr' id='par_1_46' title="bbox 572 3069 2172 3141">
     <span class='ocr_line' id='line_1_46' title="bbox 572 3069 2172 3141; baseline 0.001 -13"><span class='ocrx_word' id='word_1_364' title='bbox 572 3079 763 3138; x_wconf 91' lang='lat' dir='ltr'><strong>catur;</strong></span> <span class='ocrx_word' id='word_1_365' title='bbox 820 3085 943 3126; x_wconf 89' lang='lat' dir='ltr'><strong>cum</strong></span> <span class='ocrx_word' id='word_1_366' title='bbox 997 3069 1244 3126; x_wconf 71' lang='lat' dir='ltr'><strong>hmredes</strong></span> <span class='ocrx_word' id='word_1_367' title='bbox 1295 3069 1479 3141; x_wconf 90' lang='lat' dir='ltr'><strong>utique</strong></span> <span class='ocrx_word' id='word_1_368' title='bbox 1510 3085 1615 3126; x_wconf 90' lang='lat' dir='ltr'><strong>non</strong></span> <span class='ocrx_word' id='word_1_369' title='bbox 1675 3071 1783 3126; x_wconf 71' lang='lat' dir='ltr'><strong>nisi</strong></span> <span class='ocrx_word' id='word_1_370' title='bbox 1830 3081 2172 3129; x_wconf 88' lang='lat' dir='ltr'><strong>mortuorum</strong></span> 
     </span>
    </p>
   </div>
   <div class='ocr_carea' id='block_1_47' title="bbox 573 3161 2170 3226">
    <p class='ocr_par' dir='ltr' id='par_1_47' title="bbox 573 3161 2170 3226">
     <span class='ocr_line' id='line_1_47' title="bbox 573 3161 2170 3226; baseline 0.001 -7"><span class='ocrx_word' id='word_1_371' title='bbox 573 3164 684 3219; x_wconf 89' lang='lat' dir='ltr'><strong>sint</strong></span> <span class='ocrx_word' id='word_1_372' title='bbox 704 3163 726 3216; x_wconf 86' lang='lat'><strong>?</strong></span> <span class='ocrx_word' id='word_1_373' title='bbox 750 3161 858 3218; x_wconf 90' lang='lat' dir='ltr'><strong>Sed</strong></span> <span class='ocrx_word' id='word_1_374' title='bbox 884 3162 1004 3218; x_wconf 68' lang='lat' dir='ltr'><strong>haec</strong></span> <span class='ocrx_word' id='word_1_375' title='bbox 1031 3177 1195 3218; x_wconf 83' lang='lat' dir='ltr'><strong>causa</strong></span> <span class='ocrx_word' id='word_1_376' title='bbox 1230 3163 1600 3226; x_wconf 84' lang='lat' dir='ltr'><strong>humanitatis.</strong></span> <span class='ocrx_word' id='word_1_377' title='bbox 1615 3179 1723 3219; x_wconf 92' lang='lat' dir='ltr'><strong>non</strong></span> <span class='ocrx_word' id='word_1_378' title='bbox 1743 3163 2043 3220; x_wconf 86' lang='lat' dir='ltr'><strong>divinitatis</strong></span> <span class='ocrx_word' id='word_1_379' title='bbox 2065 3175 2170 3221; x_wconf 90' lang='lat' dir='ltr'><strong>est.</strong></span> 
     </span>
    </p>
   </div>
   <div class='ocr_carea' id='block_1_48' title="bbox 575 3251 2244 3327">
    <p class='ocr_par' dir='ltr' id='par_1_48' title="bbox 575 3251 2244 3327">
     <span class='ocr_line' id='line_1_48' title="bbox 575 3251 2244 3327; baseline 0.002 -15"><span class='ocrx_word' id='word_1_380' title='bbox 575 3255 709 3312; x_wconf 85' lang='lat' dir='ltr'><strong>Nam</strong></span> <span class='ocrx_word' id='word_1_381' title='bbox 743 3257 884 3323; x_wconf 87' lang='lat' dir='ltr'><strong>apud</strong></span> <span class='ocrx_word' id='word_1_382' title='bbox 938 3255 1106 3312; x_wconf 90' lang='lat' dir='ltr'><strong>Deum</strong></span> <span class='ocrx_word' id='word_1_383' title='bbox 1153 3271 1274 3326; x_wconf 63' lang='lat' dir='ltr'><strong>quae</strong></span> <span class='ocrx_word' id='word_1_384' title='bbox 1304 3257 1446 3327; x_wconf 86' lang='lat' dir='ltr'><strong>apud</strong></span> <span class='ocrx_word' id='word_1_385' title='bbox 1493 3270 1596 3312; x_wconf 86' lang='lat' dir='ltr'><strong>nos</strong></span> <span class='ocrx_word' id='word_1_386' title='bbox 1639 3256 1934 3313; x_wconf 72' lang='lat' dir='ltr'><strong>btereditas</strong></span> <span class='ocrx_word' id='word_1_387' title='bbox 1953 3257 2170 3326; x_wconf 88' lang='lat' dir='ltr'><strong>dicitur,</strong></span> <span class='ocrx_word' id='word_1_388' title='bbox 2201 3251 2244 3315; x_wconf 92' lang='lat' dir='ltr'><strong>C</strong></span> 
     </span>
    </p>
   </div>
   <div class='ocr_carea' id='block_1_49' title="bbox 577 3349 2172 3421">
    <p class='ocr_par' dir='ltr' id='par_1_49' title="bbox 577 3349 2172 3421">
     <span class='ocr_line' id='line_1_49' title="bbox 577 3349 2172 3421; baseline 0.003 -17"><span class='ocrx_word' id='word_1_389' title='bbox 577 3349 780 3404; x_wconf 86' lang='lat' dir='ltr'><strong>donum</strong></span> <span class='ocrx_word' id='word_1_390' title='bbox 839 3359 923 3404; x_wconf 89' lang='lat' dir='ltr'><strong>est</strong></span> <span class='ocrx_word' id='word_1_391' title='bbox 971 3351 1145 3421; x_wconf 86' lang='lat' dir='ltr'><strong>patris</strong></span> <span class='ocrx_word' id='word_1_392' title='bbox 1173 3350 1228 3406; x_wconf 92' lang='lat' dir='ltr'><strong>in</strong></span> <span class='ocrx_word' id='word_1_393' title='bbox 1261 3349 1402 3406; x_wconf 90' lang='lat' dir='ltr'><strong>ﬁlios</strong></span> <span class='ocrx_word' id='word_1_394' title='bbox 1428 3351 1746 3407; x_wconf 87' lang='lat' dir='ltr'><strong>obedieutes</strong></span> <span class='ocrx_word' id='word_1_395' title='bbox 1791 3350 2125 3408; x_wconf 76' lang='lat' dir='ltr'><strong>transfusum</strong></span> <span class='ocrx_word' id='word_1_396' title='bbox 2157 3369 2172 3420; x_wconf 90' lang='lat'><strong>;</strong></span> 
     </span>
    </p>
   </div>
   <div class='ocr_carea' id='block_1_50' title="bbox 577 3443 2174 3517">
    <p class='ocr_par' dir='ltr' id='par_1_50' title="bbox 577 3443 2174 3517">
     <span class='ocr_line' id='line_1_50' title="bbox 577 3443 2174 3517; baseline 0.003 -19"><span class='ocrx_word' id='word_1_397' title='bbox 577 3454 634 3498; x_wconf 89' lang='lat' dir='ltr'><strong>ut</strong></span> <span class='ocrx_word' id='word_1_398' title='bbox 665 3444 820 3498; x_wconf 86' lang='lat' dir='ltr'><strong>vivus</strong></span> <span class='ocrx_word' id='word_1_399' title='bbox 847 3443 1080 3500; x_wconf 76' lang='lat' dir='ltr'><strong>viventis</strong></span> <span class='ocrx_word' id='word_1_400' title='bbox 1135 3446 1310 3500; x_wconf 66' lang='lat' dir='ltr'><strong>haeres</strong></span> <span class='ocrx_word' id='word_1_401' title='bbox 1340 3445 1408 3500; x_wconf 89' lang='lat' dir='ltr'><strong>sit</strong></span> <span class='ocrx_word' id='word_1_402' title='bbox 1442 3445 1636 3501; x_wconf 88' lang='lat' dir='ltr'><strong>merito</strong></span> <span class='ocrx_word' id='word_1_403' title='bbox 1669 3448 1910 3517; x_wconf 89' lang='lat' dir='ltr'><strong>proprio,</strong></span> <span class='ocrx_word' id='word_1_404' title='bbox 1942 3463 2048 3502; x_wconf 90' lang='lat' dir='ltr'><strong>non</strong></span> <span class='ocrx_word' id='word_1_405' title='bbox 2076 3463 2174 3503; x_wconf 87' lang='lat' dir='ltr'><strong>ne-</strong></span> 
     </span>
    </p>
   </div>
   <div class='ocr_carea' id='block_1_51' title="bbox 575 3535 2172 3612">
    <p class='ocr_par' dir='ltr' id='par_1_51' title="bbox 575 3535 2172 3612">
     <span class='ocr_line' id='line_1_51' title="bbox 575 3535 2172 3612; baseline 0.003 -21"><span class='ocrx_word' id='word_1_406' title='bbox 575 3536 831 3593; x_wconf 72' lang='lat' dir='ltr'><strong>cessitate</strong></span> <span class='ocrx_word' id='word_1_407' title='bbox 855 3535 1119 3593; x_wconf 88' lang='lat' dir='ltr'><strong>dcfuncti.</strong></span> <span class='ocrx_word' id='word_1_408' title='bbox 1159 3539 1314 3595; x_wconf 88' lang='lat' dir='ltr'><strong>Unde</strong></span> <span class='ocrx_word' id='word_1_409' title='bbox 1345 3547 1400 3594; x_wconf 91' lang='lat' dir='ltr'><strong>et</strong></span> <span class='ocrx_word' id='word_1_410' title='bbox 1451 3541 1713 3595; x_wconf 85' lang='lat' dir='ltr'><strong>Dominus</strong></span> <span class='ocrx_word' id='word_1_411' title='bbox 1772 3541 1822 3595; x_wconf 92' lang='lat' dir='ltr'><strong>in</strong></span> <span class='ocrx_word' id='word_1_412' title='bbox 1879 3543 2172 3612; x_wconf 85' lang='lat' dir='ltr'><strong>Evangelio</strong></span> 
     </span>
    </p>
   </div>
   <div class='ocr_carea' id='block_1_52' title="bbox 579 3631 2178 3704">
    <p class='ocr_par' dir='ltr' id='par_1_52' title="bbox 579 3631 2178 3704">
     <span class='ocr_line' id='line_1_52' title="bbox 579 3631 2178 3704; baseline 0.003 -18"><span class='ocrx_word' id='word_1_413' title='bbox 579 3647 685 3686; x_wconf 90' lang='lat' dir='ltr'><strong>non</strong></span> <span class='ocrx_word' id='word_1_414' title='bbox 717 3632 887 3702; x_wconf 84' lang='lat' dir='ltr'><strong>magis</strong></span> <span class='ocrx_word' id='word_1_415' title='bbox 919 3631 1152 3687; x_wconf 85' lang='lat' dir='ltr'><strong>humana</strong></span> <span class='ocrx_word' id='word_1_416' title='bbox 1196 3645 1356 3704; x_wconf 86' lang='lat' dir='ltr'><strong>quam</strong></span> <span class='ocrx_word' id='word_1_417' title='bbox 1386 3631 1567 3688; x_wconf 85' lang='lat' dir='ltr'><strong>divina</strong></span> <span class='ocrx_word' id='word_1_418' title='bbox 1618 3634 1830 3689; x_wconf 83' lang='lat' dir='ltr'><strong>ratione</strong></span> <span class='ocrx_word' id='word_1_419' title='bbox 1878 3633 2057 3690; x_wconf 85' lang='lat' dir='ltr'><strong>vivam</strong></span> <span class='ocrx_word' id='word_1_420' title='bbox 2095 3635 2178 3690; x_wconf 86' lang='lat' dir='ltr'><strong>vi-</strong></span> 
     </span>
    </p>
   </div>
   <div class='ocr_carea' id='block_1_53' title="bbox 575 3725 2173 3799">
    <p class='ocr_par' dir='ltr' id='par_1_53' title="bbox 575 3725 2173 3799">
     <span class='ocr_line' id='line_1_53' title="bbox 575 3725 2173 3799; baseline 0.003 -19"><span class='ocrx_word' id='word_1_421' title='bbox 575 3725 827 3781; x_wconf 86' lang='lat' dir='ltr'><strong>ventibus</strong></span> <span class='ocrx_word' id='word_1_422' title='bbox 870 3726 1230 3780; x_wconf 86' lang='lat' dir='ltr'><strong>substantiam</strong></span> <span class='ocrx_word' id='word_1_423' title='bbox 1277 3742 1431 3782; x_wconf 83' lang='lat' dir='ltr'><strong>suam</strong></span> <span class='ocrx_word' id='word_1_424' title='bbox 1493 3729 1751 3799; x_wconf 88' lang='lat' dir='ltr'><strong>partitum</strong></span> <span class='ocrx_word' id='word_1_425' title='bbox 1782 3739 1926 3794; x_wconf 89' lang='lat' dir='ltr'><strong>esse,</strong></span> <span class='ocrx_word' id='word_1_426' title='bbox 1961 3727 2088 3785; x_wconf 89' lang='lat' dir='ltr'><strong>licet</strong></span> <span class='ocrx_word' id='word_1_427' title='bbox 2119 3730 2173 3785; x_wconf 90' lang='lat' dir='ltr'><strong>in</strong></span> 
     </span>
    </p>
   </div>
   <div class='ocr_carea' id='block_1_54' title="bbox 573 3817 2172 3892">
    <p class='ocr_par' dir='ltr' id='par_1_54' title="bbox 573 3817 2172 3892">
     <span class='ocr_line' id='line_1_54' title="bbox 573 3817 2172 3892; baseline 0.004 -19"><span class='ocrx_word' id='word_1_428' title='bbox 573 3819 829 3889; x_wconf 83' lang='lat' dir='ltr'><strong>parabola</strong></span> <span class='ocrx_word' id='word_1_429' title='bbox 860 3817 1182 3890; x_wconf 84' lang='lat' dir='ltr'><strong>signiﬁcavit</strong></span> <span class='ocrx_word' id='word_1_430' title='bbox 1206 3819 1361 3892; x_wconf 80' lang='lat' dir='ltr'><strong>(Luc.</strong></span> <span class='ocrx_word' id='word_1_431' title='bbox 1393 3836 1482 3889; x_wconf 75' lang='lat' dir='ltr'><strong>xv,</strong></span> <span class='ocrx_word' id='word_1_432' title='bbox 1529 3820 1618 3890; x_wconf 77' lang='grc' dir='ltr'><strong>η)</strong></span> <span class='ocrx_word' id='word_1_433' title='bbox 1650 3838 1664 3886; x_wconf 87' lang='lat'><strong>;</strong></span> <span class='ocrx_word' id='word_1_434' title='bbox 1707 3835 1809 3877; x_wconf 91' lang='lat' dir='ltr'><strong>nec</strong></span> <span class='ocrx_word' id='word_1_435' title='bbox 1838 3821 1982 3878; x_wconf 88' lang='lat' dir='ltr'><strong>enim</strong></span> <span class='ocrx_word' id='word_1_436' title='bbox 2013 3833 2172 3892; x_wconf 81' lang='lat' dir='ltr'><strong>para-</strong></span> 
     </span>
    </p>
   </div>
   <div class='ocr_carea' id='block_1_55' title="bbox 573 3913 2175 3986">
    <p class='ocr_par' dir='ltr' id='par_1_55' title="bbox 573 3913 2175 3986">
     <span class='ocr_line' id='line_1_55' title="bbox 573 3913 2175 3986; baseline 0.002 -17"><span class='ocrx_word' id='word_1_437' title='bbox 573 3913 695 3969; x_wconf 87' lang='lat' dir='ltr'><strong>bola</strong></span> <span class='ocrx_word' id='word_1_438' title='bbox 721 3913 956 3968; x_wconf 86' lang='lat' dir='ltr'><strong>absurda</strong></span> <span class='ocrx_word' id='word_1_439' title='bbox 981 3915 1194 3970; x_wconf 84' lang='lat' dir='ltr'><strong>ratione</strong></span> <span class='ocrx_word' id='word_1_440' title='bbox 1223 3914 1589 3984; x_wconf 90' lang='lat' dir='ltr'><strong>componitur.</strong></span> <span class='ocrx_word' id='word_1_441' title='bbox 1623 3913 1689 3970; x_wconf 87' lang='lat' dir='ltr'><strong>Ut</strong></span> <span class='ocrx_word' id='word_1_442' title='bbox 1719 3929 1850 3986; x_wconf 86' lang='lat' dir='ltr'><strong>ergo</strong></span> <span class='ocrx_word' id='word_1_443' title='bbox 1894 3925 2175 3986; x_wconf 88' lang='lat' dir='ltr'><strong>promptos</strong></span> 
     </span>
    </p>
   </div>
   <div class='ocr_carea' id='block_1_56' title="bbox 574 4004 2177 4079">
    <p class='ocr_par' dir='ltr' id='par_1_56' title="bbox 574 4004 2177 4079">
     <span class='ocr_line' id='line_1_56' title="bbox 574 4004 2177 4079; baseline 0.003 -20"><span class='ocrx_word' id='word_1_444' title='bbox 574 4020 674 4059; x_wconf 89' lang='lat' dir='ltr'><strong>nos</strong></span> <span class='ocrx_word' id='word_1_445' title='bbox 701 4005 767 4059; x_wconf 83' lang='lat' dir='ltr'><strong>ad</strong></span> <span class='ocrx_word' id='word_1_446' title='bbox 796 4004 1161 4061; x_wconf 80' lang='lat' dir='ltr'><strong>obedientium</strong></span> <span class='ocrx_word' id='word_1_447' title='bbox 1189 4007 1300 4062; x_wconf 93' lang='lat' dir='ltr'><strong>Deo</strong></span> <span class='ocrx_word' id='word_1_448' title='bbox 1319 4007 1467 4062; x_wconf 86' lang='lat' dir='ltr'><strong>Patri</strong></span> <span class='ocrx_word' id='word_1_449' title='bbox 1492 4006 1718 4066; x_wconf 82' lang='lat' dir='ltr'><strong>faceret.</strong></span> <span class='ocrx_word' id='word_1_450' title='bbox 1734 4006 1836 4064; x_wconf 79' lang='lat' dir='ltr'><strong>hac</strong></span> <span class='ocrx_word' id='word_1_451' title='bbox 1856 4023 1953 4079; x_wconf 87' lang='lat' dir='ltr'><strong>spe</strong></span> <span class='ocrx_word' id='word_1_452' title='bbox 1975 4009 2177 4065; x_wconf 82' lang='lat' dir='ltr'><strong>exhor-</strong></span> 
     </span>
    </p>
   </div>
   <div class='ocr_carea' id='block_1_57' title="bbox 579 4095 2178 4166">
    <p class='ocr_par' dir='ltr' id='par_1_57' title="bbox 579 4095 2178 4166">
     <span class='ocr_line' id='line_1_57' title="bbox 579 4095 2178 4166; baseline 0.006 -16"><span class='ocrx_word' id='word_1_453' title='bbox 579 4104 725 4150; x_wconf 81' lang='lat' dir='ltr'><strong>tatur</strong></span> <span class='ocrx_word' id='word_1_454' title='bbox 750 4095 936 4152; x_wconf 86' lang='lat' dir='ltr'><strong>dicens</strong></span> <span class='ocrx_word' id='word_1_455' title='bbox 954 4096 1051 4152; x_wconf 91' lang='lat' dir='ltr'><strong>Dei</strong></span> <span class='ocrx_word' id='word_1_456' title='bbox 1081 4113 1179 4152; x_wconf 88' lang='lat' dir='ltr'><strong>nos</strong></span> <span class='ocrx_word' id='word_1_457' title='bbox 1201 4099 1417 4156; x_wconf 77' lang='lat' dir='ltr'><strong>futuros</strong></span> <span class='ocrx_word' id='word_1_458' title='bbox 1451 4099 1722 4166; x_wconf 74' lang='lat' dir='ltr'><strong>ha-redes,</strong></span> <span class='ocrx_word' id='word_1_459' title='bbox 1745 4100 2058 4158; x_wconf 67' lang='lat' dir='ltr'><strong>cohmretles</strong></span> <span class='ocrx_word' id='word_1_460' title='bbox 2083 4119 2178 4159; x_wconf 90' lang='lat' dir='ltr'><strong>au-</strong></span> 
     </span>
    </p>
   </div>
   <div class='ocr_carea' id='block_1_58' title="bbox 575 4186 2178 4264">
    <p class='ocr_par' dir='ltr' id='par_1_58' title="bbox 575 4186 2178 4264">
     <span class='ocr_line' id='line_1_58' title="bbox 575 4186 2178 4264; baseline 0.009 -25"><span class='ocrx_word' id='word_1_461' title='bbox 575 4195 684 4242; x_wconf 84' lang='lat' dir='ltr'><strong>tem</strong></span> <span class='ocrx_word' id='word_1_462' title='bbox 709 4186 910 4244; x_wconf 87' lang='lat' dir='ltr'><strong>Christi</strong></span> <span class='ocrx_word' id='word_1_463' title='bbox 937 4205 952 4255; x_wconf 90' lang='lat'><strong>;</strong></span> <span class='ocrx_word' id='word_1_464' title='bbox 983 4199 1042 4244; x_wconf 90' lang='lat' dir='ltr'><strong>ut</strong></span> <span class='ocrx_word' id='word_1_465' title='bbox 1072 4190 1197 4261; x_wconf 91' lang='lat' dir='ltr'><strong>quia</strong></span> <span class='ocrx_word' id='word_1_466' title='bbox 1231 4204 1356 4261; x_wconf 89' lang='lat' dir='ltr'><strong>spes</strong></span> <span class='ocrx_word' id='word_1_467' title='bbox 1412 4205 1608 4264; x_wconf 82' lang='lat' dir='ltr'><strong>magna</strong></span> <span class='ocrx_word' id='word_1_468' title='bbox 1659 4193 1870 4262; x_wconf 83' lang='lat' dir='ltr'><strong>praemii</strong></span> <span class='ocrx_word' id='word_1_469' title='bbox 1897 4203 2003 4259; x_wconf 87' lang='lat' dir='ltr'><strong>est,</strong></span> <span class='ocrx_word' id='word_1_470' title='bbox 2031 4205 2178 4253; x_wconf 86' lang='lat' dir='ltr'><strong>tanto</strong></span> 
     </span>
    </p>
   </div>
   <div class='ocr_carea' id='block_1_59' title="bbox 576 4278 2177 4360">
    <p class='ocr_par' dir='ltr' id='par_1_59' title="bbox 576 4278 2177 4360">
     <span class='ocr_line' id='line_1_59' title="bbox 576 4278 2177 4360; baseline 0.007 -26"><span class='ocrx_word' id='word_1_471' title='bbox 576 4278 748 4350; x_wconf 80' lang='lat' dir='ltr'><strong>magis</strong></span> <span class='ocrx_word' id='word_1_472' title='bbox 775 4279 829 4334; x_wconf 93' lang='lat' dir='ltr'><strong>in</strong></span> <span class='ocrx_word' id='word_1_473' title='bbox 871 4280 973 4337; x_wconf 88' lang='lat' dir='ltr'><strong>Dei</strong></span> <span class='ocrx_word' id='word_1_474' title='bbox 1027 4283 1188 4338; x_wconf 87' lang='lat' dir='ltr'><strong>rebus</strong></span> <span class='ocrx_word' id='word_1_475' title='bbox 1229 4286 1617 4353; x_wconf 87' lang='lat' dir='ltr'><strong>propensiores</strong></span> <span class='ocrx_word' id='word_1_476' title='bbox 1659 4298 1925 4353; x_wconf 88' lang='lat' dir='ltr'><strong>essemus,</strong></span> <span class='ocrx_word' id='word_1_477' title='bbox 1948 4301 2177 4360; x_wconf 82' lang='lat' dir='ltr'><strong>postpo-</strong></span> 
     </span>
    </p>
   </div>
   <div class='ocr_carea' id='block_1_60' title="bbox 578 4379 2175 4450">
    <p class='ocr_par' dir='ltr' id='par_1_60' title="bbox 578 4379 2175 4450">
     <span class='ocr_line' id='line_1_60' title="bbox 578 4379 2175 4450; baseline 0.008 -21"><span class='ocrx_word' id='word_1_478' title='bbox 578 4384 771 4430; x_wconf 87' lang='lat' dir='ltr'><strong>nentes</strong></span> <span class='ocrx_word' id='word_1_479' title='bbox 791 4388 974 4431; x_wconf 90' lang='lat' dir='ltr'><strong>curam</strong></span> <span class='ocrx_word' id='word_1_480' title='bbox 1008 4379 1427 4436; x_wconf 87' lang='lat' dir='ltr'><strong>mundanorum.</strong></span> <span class='ocrx_word' id='word_1_481' title='bbox 1459 4380 1599 4450; x_wconf 86' lang='lat' dir='ltr'><strong>Quid</strong></span> <span class='ocrx_word' id='word_1_482' title='bbox 1624 4382 1696 4437; x_wconf 88' lang='lat' dir='ltr'><strong>sit</strong></span> <span class='ocrx_word' id='word_1_483' title='bbox 1721 4393 1903 4438; x_wconf 89' lang='lat' dir='ltr'><strong>autem</strong></span> <span class='ocrx_word' id='word_1_484' title='bbox 1929 4384 2175 4442; x_wconf 45' lang='lat' dir='ltr'><strong>coha‘re-</strong></span> 
     </span>
    </p>
   </div>
   <div class='ocr_carea' id='block_1_61' title="bbox 579 4468 2174 4546">
    <p class='ocr_par' dir='ltr' id='par_1_61' title="bbox 579 4468 2174 4546">
     <span class='ocr_line' id='line_1_61' title="bbox 579 4468 2174 4546; baseline 0.008 -24"><span class='ocrx_word' id='word_1_485' title='bbox 579 4468 703 4523; x_wconf 91' lang='lat' dir='ltr'><strong>dem</strong></span> <span class='ocrx_word' id='word_1_486' title='bbox 729 4481 856 4524; x_wconf 89' lang='lat' dir='ltr'><strong>esse</strong></span> <span class='ocrx_word' id='word_1_487' title='bbox 909 4471 1039 4527; x_wconf 89' lang='lat' dir='ltr'><strong>Filii</strong></span> <span class='ocrx_word' id='word_1_488' title='bbox 1087 4473 1208 4539; x_wconf 86' lang='lat' dir='ltr'><strong>Dei,</strong></span> <span class='ocrx_word' id='word_1_489' title='bbox 1241 4475 1310 4529; x_wconf 86' lang='lat' dir='ltr'><strong>ab</strong></span> <span class='ocrx_word' id='word_1_490' title='bbox 1340 4476 1589 4544; x_wconf 80' lang='lat' dir='ltr'><strong>apostolo</strong></span> <span class='ocrx_word' id='word_1_491' title='bbox 1626 4475 1837 4533; x_wconf 85' lang='lat' dir='ltr'><strong>Joanne</strong></span> <span class='ocrx_word' id='word_1_492' title='bbox 1873 4477 2174 4546; x_wconf 88' lang='lat' dir='ltr'><strong>docemur;</strong></span> 
     </span>
    </p>
   </div>
   <div class='ocr_carea' id='block_1_62' title="bbox 581 4560 2176 4645">
    <p class='ocr_par' dir='ltr' id='par_1_62' title="bbox 581 4560 2176 4645">
     <span class='ocr_line' id='line_1_62' title="bbox 581 4560 2176 4645; baseline 0.009 -31"><span class='ocrx_word' id='word_1_493' title='bbox 581 4560 723 4616; x_wconf 91' lang='lat' dir='ltr'><strong>inter</strong></span> <span class='ocrx_word' id='word_1_494' title='bbox 746 4571 941 4618; x_wconf 83' lang='lat' dir='ltr'><strong>caetera</strong></span> <span class='ocrx_word' id='word_1_495' title='bbox 970 4565 1114 4620; x_wconf 91' lang='lat' dir='ltr'><strong>enim</strong></span> <span class='ocrx_word' id='word_1_496' title='bbox 1142 4567 1246 4621; x_wconf 87' lang='lat' dir='ltr'><strong>ait:</strong></span> <span class='ocrx_word' id='word_1_497' title='bbox 1279 4566 1488 4623; x_wconf 82' lang='lat' dir='ltr'><strong>Scimus</strong></span> <span class='ocrx_word' id='word_1_498' title='bbox 1509 4571 1753 4640; x_wconf 83' lang='lat' dir='ltr'><strong>quoniam</strong></span> <span class='ocrx_word' id='word_1_499' title='bbox 1784 4587 1898 4625; x_wconf 88' lang='lat' dir='ltr'><strong>cum</strong></span> <span class='ocrx_word' id='word_1_500' title='bbox 1919 4589 2176 4645; x_wconf 52' lang='lat' dir='ltr'><strong>apparasL</strong></span> 
     </span>
    </p>
   </div>
   <div class='ocr_carea' id='block_1_63' title="bbox 582 4653 1670 4735">
    <p class='ocr_par' dir='ltr' id='par_1_63' title="bbox 582 4653 1670 4735">
     <span class='ocr_line' id='line_1_63' title="bbox 582 4653 1670 4735; baseline 0.011 -29"><span class='ocrx_word' id='word_1_501' title='bbox 582 4653 671 4720; x_wconf 87' lang='lat' dir='ltr'><strong>rit,</strong></span> <span class='ocrx_word' id='word_1_502' title='bbox 706 4655 896 4711; x_wconf 77' lang='lat' dir='ltr'><strong>similes</strong></span> <span class='ocrx_word' id='word_1_503' title='bbox 923 4659 966 4712; x_wconf 85' lang='lat' dir='ltr'><strong>ei</strong></span> <span class='ocrx_word' id='word_1_504' title='bbox 1005 4661 1196 4716; x_wconf 85' lang='lat' dir='ltr'><strong>erimus</strong></span> <span class='ocrx_word' id='word_1_505' title='bbox 1227 4661 1270 4731; x_wconf 93' lang='lat' dir='ltr'><strong>(l</strong></span> <span class='ocrx_word' id='word_1_506' title='bbox 1290 4661 1452 4718; x_wconf 83' lang='lat' dir='ltr'><strong>Joan.</strong></span> <span class='ocrx_word' id='word_1_507' title='bbox 1481 4678 1560 4730; x_wconf 88' lang='lat' dir='ltr'><strong>tn,</strong></span> <span class='ocrx_word' id='word_1_508' title='bbox 1587 4664 1670 4735; x_wconf 66' lang='grc' dir='ltr'><strong>ἓ).</strong></span> 
     </span>
    </p>
   </div>
   <div class='ocr_carea' id='block_1_64' title="bbox 658 4746 2178 4831">
    <p class='ocr_par' dir='ltr' id='par_1_64' title="bbox 658 4746 2178 4831">
     <span class='ocr_line' id='line_1_64' title="bbox 658 4746 2178 4831; baseline 0.011 -30"><span class='ocrx_word' id='word_1_509' title='bbox 658 4746 722 4801; x_wconf 88' lang='lat' dir='ltr'><strong>Si</strong></span> <span class='ocrx_word' id='word_1_510' title='bbox 749 4756 916 4804; x_wconf 79' lang='lat' dir='ltr'><strong>tamen</strong></span> <span class='ocrx_word' id='word_1_511' title='bbox 965 4755 1363 4824; x_wconf 84' lang='lat' dir='ltr'><strong>compotiamur,</strong></span> <span class='ocrx_word' id='word_1_512' title='bbox 1416 4766 1474 4811; x_wconf 87' lang='lat' dir='ltr'><strong>ut</strong></span> <span class='ocrx_word' id='word_1_513' title='bbox 1525 4769 1572 4813; x_wconf 89' lang='lat' dir='ltr'><strong>et</strong></span> <span class='ocrx_word' id='word_1_514' title='bbox 1612 4759 1770 4813; x_wconf 80' lang='lat' dir='ltr'><strong>simul</strong></span> <span class='ocrx_word' id='word_1_515' title='bbox 1808 4761 2178 4831; x_wconf 74' lang='lat' dir='ltr'><strong>gloriﬁcemur.</strong></span> 
     </span>
    </p>
   </div>
   <div class='ocr_carea' id='block_1_65' title="bbox 584 4838 2178 4922">
    <p class='ocr_par' dir='ltr' id='par_1_65' title="bbox 584 4838 2178 4922">
     <span class='ocr_line' id='line_1_65' title="bbox 584 4838 2178 4922; baseline 0.013 -32"><span class='ocrx_word' id='word_1_516' title='bbox 584 4838 868 4908; x_wconf 86' lang='lat' dir='ltr'><strong>Quomodo</strong></span> <span class='ocrx_word' id='word_1_517' title='bbox 892 4844 1210 4902; x_wconf 78' lang='lat' dir='ltr'><strong>colireredes</strong></span> <span class='ocrx_word' id='word_1_518' title='bbox 1231 4847 1434 4903; x_wconf 83' lang='lat' dir='ltr'><strong>Christi</strong></span> <span class='ocrx_word' id='word_1_519' title='bbox 1460 4849 1574 4906; x_wconf 88' lang='lat' dir='ltr'><strong>ﬁeri</strong></span> <span class='ocrx_word' id='word_1_520' title='bbox 1601 4865 1890 4920; x_wconf 81' lang='lat' dir='ltr'><strong>possumus</strong></span> <span class='ocrx_word' id='word_1_521' title='bbox 1913 4853 2178 4922; x_wconf 85' lang='lat' dir='ltr'><strong>declarat,</strong></span> 
     </span>
    </p>
   </div>
   <div class='ocr_carea' id='block_1_66' title="bbox 583 4931 2181 5021">
    <p class='ocr_par' dir='ltr' id='par_1_66' title="bbox 583 4931 2181 5021">
     <span class='ocr_line' id='line_1_66' title="bbox 583 4931 2181 5021; baseline 0.011 -33"><span class='ocrx_word' id='word_1_522' title='bbox 583 4931 810 4989; x_wconf 86' lang='lat' dir='ltr'><strong>dicens:</strong></span> <span class='ocrx_word' id='word_1_523' title='bbox 841 4933 901 4990; x_wconf 89' lang='lat' dir='ltr'><strong>Si</strong></span> <span class='ocrx_word' id='word_1_524' title='bbox 925 4946 1096 4994; x_wconf 82' lang='lat' dir='ltr'><strong>tamen</strong></span> <span class='ocrx_word' id='word_1_525' title='bbox 1142 4943 1538 5011; x_wconf 85' lang='lat' dir='ltr'><strong>compatiamur,</strong></span> <span class='ocrx_word' id='word_1_526' title='bbox 1569 4954 1625 4997; x_wconf 85' lang='lat' dir='ltr'><strong>ut</strong></span> <span class='ocrx_word' id='word_1_527' title='bbox 1665 4954 1708 4999; x_wconf 87' lang='lat' dir='ltr'><strong>et</strong></span> <span class='ocrx_word' id='word_1_528' title='bbox 1731 4947 1889 5002; x_wconf 86' lang='lat' dir='ltr'><strong>simul</strong></span> <span class='ocrx_word' id='word_1_529' title='bbox 1922 4950 2181 5021; x_wconf 80' lang='lat' dir='ltr'><strong>glori/ice-</strong></span> 
     </span>
    </p>
   </div>
   <div class='ocr_carea' id='block_1_67' title="bbox 583 5027 2184 5112">
    <p class='ocr_par' dir='ltr' id='par_1_67' title="bbox 583 5027 2184 5112">
     <span class='ocr_line' id='line_1_67' title="bbox 583 5027 2184 5112; baseline 0.011 -30"><span class='ocrx_word' id='word_1_530' title='bbox 583 5043 720 5082; x_wconf 87' lang='lat' dir='ltr'><strong>mu-r.</strong></span> <span class='ocrx_word' id='word_1_531' title='bbox 752 5027 1045 5086; x_wconf 84' lang='lat' dir='ltr'><strong>Videamus</strong></span> <span class='ocrx_word' id='word_1_532' title='bbox 1076 5047 1206 5104; x_wconf 85' lang='lat' dir='ltr'><strong>ergo</strong></span> <span class='ocrx_word' id='word_1_533' title='bbox 1253 5035 1384 5104; x_wconf 88' lang='lat' dir='ltr'><strong>quid</strong></span> <span class='ocrx_word' id='word_1_534' title='bbox 1424 5036 1493 5092; x_wconf 89' lang='lat' dir='ltr'><strong>sit</strong></span> <span class='ocrx_word' id='word_1_535' title='bbox 1535 5041 1793 5107; x_wconf 90' lang='lat' dir='ltr'><strong>compati.</strong></span> <span class='ocrx_word' id='word_1_536' title='bbox 1826 5040 2070 5112; x_wconf 88' lang='lat' dir='ltr'><strong>Compati</strong></span> <span class='ocrx_word' id='word_1_537' title='bbox 2098 5053 2184 5099; x_wconf 87' lang='lat' dir='ltr'><strong>est</strong></span> 
     </span>
    </p>
   </div>
   <div class='ocr_carea' id='block_1_68' title="bbox 584 5123 2180 5201">
    <p class='ocr_par' dir='ltr' id='par_1_68' title="bbox 584 5123 2180 5201">
     <span class='ocr_line' id='line_1_68' title="bbox 584 5123 2180 5201; baseline 0.011 -26"><span class='ocrx_word' id='word_1_538' title='bbox 584 5123 994 5192; x_wconf 85' lang='lat' dir='ltr'><strong>persecutiones</strong></span> <span class='ocrx_word' id='word_1_539' title='bbox 1025 5125 1259 5184; x_wconf 85' lang='lat' dir='ltr'><strong>tolerare</strong></span> <span class='ocrx_word' id='word_1_540' title='bbox 1282 5140 1504 5199; x_wconf 90' lang='lat' dir='ltr'><strong>propter</strong></span> <span class='ocrx_word' id='word_1_541' title='bbox 1524 5146 1673 5200; x_wconf 89' lang='lat' dir='ltr'><strong>spem</strong></span> <span class='ocrx_word' id='word_1_542' title='bbox 1701 5131 2030 5201; x_wconf 87' lang='lat' dir='ltr'><strong>futurorum,</strong></span> <span class='ocrx_word' id='word_1_543' title='bbox 2058 5153 2180 5193; x_wconf 87' lang='lat' dir='ltr'><strong>car-</strong></span> 
     </span>
    </p>
   </div>
   <div class='ocr_carea' id='block_1_69' title="bbox 585 5221 2182 5300">
    <p class='ocr_par' dir='ltr' id='par_1_69' title="bbox 585 5221 2182 5300">
     <span class='ocr_line' id='line_1_69' title="bbox 585 5221 2182 5300; baseline 0.008 -24"><span class='ocrx_word' id='word_1_544' title='bbox 585 5236 818 5293; x_wconf 89' lang='lat' dir='ltr'><strong>nemque</strong></span> <span class='ocrx_word' id='word_1_545' title='bbox 849 5221 1170 5294; x_wconf 83' lang='lat' dir='ltr'><strong>cruciﬁgere</strong></span> <span class='ocrx_word' id='word_1_546' title='bbox 1186 5238 1309 5279; x_wconf 93' lang='lat' dir='ltr'><strong>cum</strong></span> <span class='ocrx_word' id='word_1_547' title='bbox 1333 5225 1480 5280; x_wconf 88' lang='lat' dir='ltr'><strong>vitiis</strong></span> <span class='ocrx_word' id='word_1_548' title='bbox 1495 5233 1553 5280; x_wconf 92' lang='lat' dir='ltr'><strong>et</strong></span> <span class='ocrx_word' id='word_1_549' title='bbox 1575 5227 2047 5300; x_wconf 81' lang='lat' dir='ltr'><strong>concupiscentiis,</strong></span> <span class='ocrx_word' id='word_1_550' title='bbox 2078 5233 2182 5290; x_wconf 87' lang='lat' dir='ltr'><strong>hoc</strong></span> 
     </span>
    </p>
   </div>
   <div class='ocr_carea' id='block_1_70' title="bbox 587 5319 2178 5392">
    <p class='ocr_par' dir='ltr' id='par_1_70' title="bbox 587 5319 2178 5392">
     <span class='ocr_line' id='line_1_70' title="bbox 587 5319 2178 5392; baseline 0.005 -20"><span class='ocrx_word' id='word_1_551' title='bbox 587 5329 690 5384; x_wconf 90' lang='lat' dir='ltr'><strong>est,</strong></span> <span class='ocrx_word' id='word_1_552' title='bbox 742 5319 1051 5391; x_wconf 86' lang='lat' dir='ltr'><strong>voluptates</strong></span> <span class='ocrx_word' id='word_1_553' title='bbox 1097 5331 1150 5376; x_wconf 90' lang='lat' dir='ltr'><strong>et</strong></span> <span class='ocrx_word' id='word_1_554' title='bbox 1208 5333 1436 5390; x_wconf 82' lang='lat' dir='ltr'><strong>pompas</strong></span> <span class='ocrx_word' id='word_1_555' title='bbox 1482 5322 1663 5376; x_wconf 70' lang='lat' dir='ltr'><strong>smenli</strong></span> <span class='ocrx_word' id='word_1_556' title='bbox 1707 5336 1991 5392; x_wconf 90' lang='lat' dir='ltr'><strong>spernere.</strong></span> <span class='ocrx_word' id='word_1_557' title='bbox 2045 5324 2178 5380; x_wconf 88' lang='lat' dir='ltr'><strong>Cum</strong></span> 
     </span>
    </p>
   </div>
   <div class='ocr_carea' id='block_1_71' title="bbox 588 5411 2180 5484">
    <p class='ocr_par' dir='ltr' id='par_1_71' title="bbox 588 5411 2180 5484">
     <span class='ocr_line' id='line_1_71' title="bbox 588 5411 2180 5484; baseline 0.006 -20"><span class='ocrx_word' id='word_1_558' title='bbox 588 5411 730 5467; x_wconf 80' lang='lat' dir='ltr'><strong>ettim</strong></span> <span class='ocrx_word' id='word_1_559' title='bbox 759 5413 875 5472; x_wconf 64' lang='lat' dir='ltr'><strong>haec</strong></span> <span class='ocrx_word' id='word_1_560' title='bbox 895 5415 1074 5470; x_wconf 88' lang='lat' dir='ltr'><strong>omnia</strong></span> <span class='ocrx_word' id='word_1_561' title='bbox 1102 5422 1317 5470; x_wconf 88' lang='lat' dir='ltr'><strong>mortua</strong></span> <span class='ocrx_word' id='word_1_562' title='bbox 1341 5411 1545 5469; x_wconf 88' lang='lat' dir='ltr'><strong>fuerint</strong></span> <span class='ocrx_word' id='word_1_563' title='bbox 1566 5415 1708 5484; x_wconf 90' lang='lat' dir='ltr'><strong>apud</strong></span> <span class='ocrx_word' id='word_1_564' title='bbox 1737 5415 2180 5482; x_wconf 86' lang='lat' dir='ltr'><strong>hominem,cru-</strong></span> 
     </span>
    </p>
   </div>
   <div class='ocr_carea' id='block_1_72' title="bbox 661 5593 2192 5720">
    <p class='ocr_par' dir='ltr' id='par_1_72' title="bbox 661 5593 2192 5720">
     <span class='ocr_line' id='line_1_72' title="bbox 661 5593 2192 5720; baseline 0.008 -74"><span class='ocrx_word' id='word_1_565' title='bbox 661 5603 688 5631; x_wconf 79' lang='grc' dir='ltr'>ι</span> <span class='ocrx_word' id='word_1_566' title='bbox 724 5593 1004 5720; x_wconf 51' lang='grc' dir='ltr'><strong>Νοςέιιὸει</strong></span> <span class='ocrx_word' id='word_1_567' title='bbox 1033 5598 1225 5654; x_wconf 87' lang='lat' dir='ltr'><strong>deerat</strong></span> <span class='ocrx_word' id='word_1_568' title='bbox 1285 5599 1339 5654; x_wconf 92' lang='lat' dir='ltr'><strong>in</strong></span> <span class='ocrx_word' id='word_1_569' title='bbox 1396 5601 1613 5656; x_wconf 89' lang='lat' dir='ltr'><strong>cunctis</strong></span> <span class='ocrx_word' id='word_1_570' title='bbox 1655 5600 1788 5655; x_wconf 92' lang='lat' dir='ltr'><strong>edit.</strong></span> <span class='ocrx_word' id='word_1_571' title='bbox 1823 5607 1877 5652; x_wconf 88' lang='lat' dir='ltr'><strong>et</strong></span> <span class='ocrx_word' id='word_1_572' title='bbox 1909 5601 2192 5658; x_wconf 88' lang='lat' dir='ltr'><strong>nonnullis</strong></span> 
     </span>
     <span class='ocr_line' id='line_1_73' title="bbox 661 5670 1754 5720; baseline 0 0"><span class='ocrx_word' id='word_1_573' title='bbox 661 5680 750 5720; x_wconf 67' lang='lat'><strong>38..</strong></span> <span class='ocrx_word' id='word_1_574' title='bbox 784 5681 843 5720; x_wconf 89' lang='lat' dir='ltr'><strong>se</strong></span> <span class='ocrx_word' id='word_1_575' title='bbox 903 5684 968 5720; x_wconf 78' lang='lat' dir='ltr'><strong>ex</strong></span> <span class='ocrx_word' id='word_1_576' title='bbox 997 5670 1118 5720; x_wconf 85' lang='lat' dir='ltr'><strong>aliis</strong></span> <span class='ocrx_word' id='word_1_577' title='bbox 1150 5672 1400 5720; x_wconf 79' lang='lat' dir='ltr'><strong>nlnrihns</strong></span> <span class='ocrx_word' id='word_1_578' title='bbox 1425 5675 1754 5720; x_wconf 75' lang='lat' dir='ltr'><strong>restituitur.</strong></span> 
     </span>
    </p>
   </div>
   <div class='ocr_carea' id='block_1_73' title="bbox 587 5670 1754 5739">
    <p class='ocr_par' dir='ltr' id='par_1_73' title="bbox 587 5670 1754 5739">
     <span class='ocr_line' id='line_1_74' title="bbox 587 5670 1754 5739; baseline 0.003 -17"><span class='ocrx_word' id='word_1_579' title='bbox 587 5670 879 5739; x_wconf 33' lang='lat' dir='ltr'><strong>ms‘s.._sed</strong></span> <span class='ocrx_word' id='word_1_580' title='bbox 903 5684 968 5721; x_wconf 81' lang='lat' dir='ltr'><strong>ex</strong></span> <span class='ocrx_word' id='word_1_581' title='bbox 997 5670 1118 5724; x_wconf 89' lang='lat' dir='ltr'><strong>aliis</strong></span> <span class='ocrx_word' id='word_1_582' title='bbox 1150 5672 1400 5739; x_wconf 85' lang='lat' dir='ltr'><strong>pluribus</strong></span> <span class='ocrx_word' id='word_1_583' title='bbox 1425 5675 1754 5728; x_wconf 85' lang='lat' dir='ltr'><strong>restituitur.</strong></span> 
     </span>
    </p>
   </div>
   <div class='ocr_carea' id='block_1_74' title="bbox 665 5735 2188 5814">
    <p class='ocr_par' dir='ltr' id='par_1_74' title="bbox 665 5735 2188 5814">
     <span class='ocr_line' id='line_1_75' title="bbox 665 5735 2188 5814; baseline 0.005 -24"><span class='ocrx_word' id='word_1_584' title='bbox 665 5735 846 5814; x_wconf 47' lang='grc' dir='ltr'><strong>ὕλη-ρ</strong></span> <span class='ocrx_word' id='word_1_585' title='bbox 871 5741 1081 5814; x_wconf 69' lang='lat' dir='ltr'><strong>terrenis</strong></span> <span class='ocrx_word' id='word_1_586' title='bbox 1136 5735 1365 5796; x_wconf 66' lang='lat' dir='ltr'><strong>calestia</strong></span> <span class='ocrx_word' id='word_1_587' title='bbox 1395 5760 1537 5800; x_wconf 89' lang='lat' dir='ltr'><strong>nunc</strong></span> <span class='ocrx_word' id='word_1_588' title='bbox 1566 5744 1804 5814; x_wconf 81' lang='lat' dir='ltr'><strong>primum</strong></span> <span class='ocrx_word' id='word_1_589' title='bbox 1835 5756 1866 5797; x_wconf 89' lang='lat' dir='ltr'><strong>e</strong></span> <span class='ocrx_word' id='word_1_590' title='bbox 1886 5741 2007 5795; x_wconf 91' lang='lat' dir='ltr'><strong>cod.</strong></span> <span class='ocrx_word' id='word_1_591' title='bbox 2041 5741 2188 5800; x_wconf 86' lang='lat' dir='ltr'><strong>Flor.</strong></span> 
     </span>
    </p>
   </div>
   <div class='ocr_carea' id='block_1_75' title="bbox 609 5809 1592 5872">
    <p class='ocr_par' dir='ltr' id='par_1_75' title="bbox 609 5809 1592 5872">
     <span class='ocr_line' id='line_1_76' title="bbox 609 5809 1592 5872; baseline 0.004 -6"><span class='ocrx_word' id='word_1_592' title='bbox 609 5816 668 5866; x_wconf 89' lang='lat' dir='ltr'><strong>et</strong></span> <span class='ocrx_word' id='word_1_593' title='bbox 694 5809 858 5864; x_wconf 74' lang='lat' dir='ltr'><strong>Vind.</strong></span> <span class='ocrx_word' id='word_1_594' title='bbox 887 5810 1252 5867; x_wconf 78' lang='lat' dir='ltr'><strong>admittuntur</strong></span> <span class='ocrx_word' id='word_1_595' title='bbox 1274 5814 1326 5868; x_wconf 90' lang='lat' dir='ltr'><strong>in</strong></span> <span class='ocrx_word' id='word_1_596' title='bbox 1355 5809 1592 5872; x_wconf 61' lang='lat' dir='ltr'><strong>textum.</strong></span> 
     </span>
    </p>
   </div>
   <div class='ocr_carea' id='block_1_76' title="bbox 681 5881 2205 5961">
    <p class='ocr_par' dir='ltr' id='par_1_76' title="bbox 681 5881 2205 5961">
     <span class='ocr_line' id='line_1_77' title="bbox 681 5881 2205 5961; baseline 0.005 -22"><span class='ocrx_word' id='word_1_597' title='bbox 681 5890 703 5922; x_wconf 72' lang='grc' dir='ltr'><strong>ε</strong></span> <span class='ocrx_word' id='word_1_598' title='bbox 734 5881 808 5939; x_wconf 89' lang='lat' dir='ltr'><strong>Ita</strong></span> <span class='ocrx_word' id='word_1_599' title='bbox 832 5885 1025 5940; x_wconf 81' lang='lat' dir='ltr'><strong>omnes</strong></span> <span class='ocrx_word' id='word_1_600' title='bbox 1056 5883 1191 5940; x_wconf 90' lang='lat' dir='ltr'><strong>edit.</strong></span> <span class='ocrx_word' id='word_1_601' title='bbox 1237 5899 1302 5940; x_wconf 89' lang='lat' dir='ltr'><strong>ac</strong></span> <span class='ocrx_word' id='word_1_602' title='bbox 1347 5902 1480 5944; x_wconf 88' lang='lat' dir='ltr'><strong>mss.</strong></span> <span class='ocrx_word' id='word_1_603' title='bbox 1511 5887 1721 5961; x_wconf 87' lang='lat' dir='ltr'><strong>aliquot</strong></span> <span class='ocrx_word' id='word_1_604' title='bbox 1755 5903 1767 5941; x_wconf 91' lang='lat'>:</span> <span class='ocrx_word' id='word_1_605' title='bbox 1794 5886 2045 5948; x_wconf 86' lang='lat' dir='ltr'><strong>nonnulli</strong></span> <span class='ocrx_word' id='word_1_606' title='bbox 2073 5903 2205 5946; x_wconf 88' lang='lat' dir='ltr'><strong>vero</strong></span> 
     </span>
    </p>
   </div>
   <div class='ocr_carea' id='block_1_77' title="bbox 2276 1941 3856 2015">
    <p class='ocr_par' dir='ltr' id='par_1_77' title="bbox 2276 1941 3856 2015">
     <span class='ocr_line' id='line_1_78' title="bbox 2276 1941 3856 2015; baseline -0.003 -14"><span class='ocrx_word' id='word_1_607' title='bbox 2276 1955 2332 2002; x_wconf 89' lang='lat' dir='ltr'><strong>et</strong></span> <span class='ocrx_word' id='word_1_608' title='bbox 2352 1946 2768 2015; x_wconf 83' lang='lat' dir='ltr'><strong>tempestatibus</strong></span> <span class='ocrx_word' id='word_1_609' title='bbox 2801 1944 3072 2013; x_wconf 88' lang='lat' dir='ltr'><strong>credunt;</strong></span> <span class='ocrx_word' id='word_1_610' title='bbox 3110 1958 3235 2001; x_wconf 87' lang='lat' dir='ltr'><strong>cum</strong></span> <span class='ocrx_word' id='word_1_611' title='bbox 3267 1943 3444 1999; x_wconf 86' lang='lat' dir='ltr'><strong>sciant</strong></span> <span class='ocrx_word' id='word_1_612' title='bbox 3477 1945 3530 1998; x_wconf 91' lang='lat' dir='ltr'><strong>in</strong></span> <span class='ocrx_word' id='word_1_613' title='bbox 3575 1942 3665 1997; x_wconf 88' lang='lat' dir='ltr'><strong>his</strong></span> <span class='ocrx_word' id='word_1_614' title='bbox 3701 1941 3856 2013; x_wconf 79' lang='lat' dir='ltr'><strong>magis</strong></span> 
     </span>
    </p>
   </div>
   <div class='ocr_carea' id='block_1_78' title="bbox 2277 2035 3856 2110">
    <p class='ocr_par' dir='ltr' id='par_1_78' title="bbox 2277 2035 3856 2110">
     <span class='ocr_line' id='line_1_79' title="bbox 2277 2035 3856 2110; baseline -0.003 -16"><span class='ocrx_word' id='word_1_615' title='bbox 2277 2047 2507 2094; x_wconf 86' lang='lat' dir='ltr'><strong>mortem</strong></span> <span class='ocrx_word' id='word_1_616' title='bbox 2537 2048 2666 2094; x_wconf 87' lang='lat' dir='ltr'><strong>ante</strong></span> <span class='ocrx_word' id='word_1_617' title='bbox 2713 2040 2904 2095; x_wconf 88' lang='lat' dir='ltr'><strong>oculos</strong></span> <span class='ocrx_word' id='word_1_618' title='bbox 2944 2053 3089 2107; x_wconf 89' lang='lat' dir='ltr'><strong>esse,</strong></span> <span class='ocrx_word' id='word_1_619' title='bbox 3125 2051 3284 2110; x_wconf 89' lang='lat' dir='ltr'><strong>quam</strong></span> <span class='ocrx_word' id='word_1_620' title='bbox 3326 2036 3632 2092; x_wconf 83' lang='lat' dir='ltr'><strong>vitam?Et</strong></span> <span class='ocrx_word' id='word_1_621' title='bbox 3673 2035 3856 2090; x_wconf 84' lang='lat' dir='ltr'><strong>milites</strong></span> 
     </span>
    </p>
   </div>
   <div class='ocr_carea' id='block_1_79' title="bbox 2276 2126 3851 2202">
    <p class='ocr_par' dir='ltr' id='par_1_79' title="bbox 2276 2126 3851 2202">
     <span class='ocr_line' id='line_1_80' title="bbox 2276 2126 3851 2202; baseline -0.004 -16"><span class='ocrx_word' id='word_1_622' title='bbox 2276 2145 2372 2201; x_wconf 88' lang='lat' dir='ltr'><strong>spe</strong></span> <span class='ocrx_word' id='word_1_623' title='bbox 2417 2131 2698 2200; x_wconf 80' lang='lat' dir='ltr'><strong>praesentis</strong></span> <span class='ocrx_word' id='word_1_624' title='bbox 2752 2131 2986 2202; x_wconf 67' lang='lat' dir='ltr'><strong>praamii,</strong></span> <span class='ocrx_word' id='word_1_625' title='bbox 3016 2145 3141 2186; x_wconf 90' lang='lat' dir='ltr'><strong>cum</strong></span> <span class='ocrx_word' id='word_1_626' title='bbox 3192 2130 3402 2185; x_wconf 80' lang='lat' dir='ltr'><strong>incerta</strong></span> <span class='ocrx_word' id='word_1_627' title='bbox 3433 2128 3664 2184; x_wconf 88' lang='lat' dir='ltr'><strong>victoria</strong></span> <span class='ocrx_word' id='word_1_628' title='bbox 3699 2128 3785 2191; x_wconf 88' lang='lat' dir='ltr'><strong>sit,</strong></span> <span class='ocrx_word' id='word_1_629' title='bbox 3811 2126 3851 2180; x_wconf 87' lang='lat' dir='ltr'><strong>in</strong></span> 
     </span>
    </p>
   </div>
   <div class='ocr_carea' id='block_1_80' title="bbox 2275 2224 3856 2298">
    <p class='ocr_par' dir='ltr' id='par_1_80' title="bbox 2275 2224 3856 2298">
     <span class='ocr_line' id='line_1_81' title="bbox 2275 2224 3856 2298; baseline -0.004 -17"><span class='ocrx_word' id='word_1_630' title='bbox 2275 2226 2487 2298; x_wconf 79' lang='lat' dir='ltr'><strong>gladios</strong></span> <span class='ocrx_word' id='word_1_631' title='bbox 2523 2227 2805 2296; x_wconf 82' lang='lat' dir='ltr'><strong>insurgere</strong></span> <span class='ocrx_word' id='word_1_632' title='bbox 2838 2241 2946 2281; x_wconf 92' lang='lat' dir='ltr'><strong>non</strong></span> <span class='ocrx_word' id='word_1_633' title='bbox 2996 2225 3266 2282; x_wconf 89' lang='lat' dir='ltr'><strong>dubitant.</strong></span> <span class='ocrx_word' id='word_1_634' title='bbox 3291 2225 3510 2293; x_wconf 83' lang='lat' dir='ltr'><strong>Quanto</strong></span> <span class='ocrx_word' id='word_1_635' title='bbox 3547 2239 3684 2296; x_wconf 73' lang='lat' dir='ltr'><strong>ergo</strong></span> <span class='ocrx_word' id='word_1_636' title='bbox 3709 2224 3856 2291; x_wconf 79' lang='lat' dir='ltr'><strong>magis</strong></span> 
     </span>
    </p>
   </div>
   <div class='ocr_carea' id='block_1_81' title="bbox 2277 2317 3853 2394">
    <p class='ocr_par' dir='ltr' id='par_1_81' title="bbox 2277 2317 3853 2394">
     <span class='ocr_line' id='line_1_82' title="bbox 2277 2317 3853 2394; baseline -0.005 -17"><span class='ocrx_word' id='word_1_637' title='bbox 2277 2338 2379 2394; x_wconf 89' lang='lat' dir='ltr'><strong>pro</strong></span> <span class='ocrx_word' id='word_1_638' title='bbox 2404 2321 2619 2378; x_wconf 83' lang='lat' dir='ltr'><strong>Christo</strong></span> <span class='ocrx_word' id='word_1_639' title='bbox 2672 2321 2985 2392; x_wconf 87' lang='lat' dir='ltr'><strong>patiendum</strong></span> <span class='ocrx_word' id='word_1_640' title='bbox 3016 2330 3139 2387; x_wconf 89' lang='lat' dir='ltr'><strong>est,</strong></span> <span class='ocrx_word' id='word_1_641' title='bbox 3188 2320 3342 2391; x_wconf 87' lang='lat' dir='ltr'><strong>cujus</strong></span> <span class='ocrx_word' id='word_1_642' title='bbox 3384 2320 3552 2376; x_wconf 91' lang='lat' dir='ltr'><strong>etiam</strong></span> <span class='ocrx_word' id='word_1_643' title='bbox 3609 2317 3853 2387; x_wconf 86' lang='lat' dir='ltr'><strong>protelata</strong></span> 
     </span>
    </p>
   </div>
   <div class='ocr_carea' id='block_1_82' title="bbox 2277 2408 3857 2486">
    <p class='ocr_par' dir='ltr' id='par_1_82' title="bbox 2277 2408 3857 2486">
     <span class='ocr_line' id='line_1_83' title="bbox 2277 2408 3857 2486; baseline -0.005 -15"><span class='ocrx_word' id='word_1_644' title='bbox 2277 2424 2403 2471; x_wconf 93' lang='lat' dir='ltr'><strong>sunt</strong></span> <span class='ocrx_word' id='word_1_645' title='bbox 2430 2415 2585 2472; x_wconf 88' lang='lat' dir='ltr'><strong>nobis</strong></span> <span class='ocrx_word' id='word_1_646' title='bbox 2611 2414 2906 2471; x_wconf 80' lang='lat' dir='ltr'><strong>beneﬁcia:</strong></span> <span class='ocrx_word' id='word_1_647' title='bbox 2943 2415 3030 2484; x_wconf 89' lang='lat' dir='ltr'><strong>qui</strong></span> <span class='ocrx_word' id='word_1_648' title='bbox 3055 2428 3155 2485; x_wconf 87' lang='lat' dir='ltr'><strong>pro</strong></span> <span class='ocrx_word' id='word_1_649' title='bbox 3177 2413 3360 2486; x_wconf 85' lang='lat' dir='ltr'><strong>parvis</strong></span> <span class='ocrx_word' id='word_1_650' title='bbox 3387 2409 3705 2482; x_wconf 80' lang='lat' dir='ltr'><strong>magnifica,</strong></span> <span class='ocrx_word' id='word_1_651' title='bbox 3728 2408 3754 2447; x_wconf 73' lang='grc' dir='ltr'><strong>ιι</strong></span> <span class='ocrx_word' id='word_1_652' title='bbox 3778 2423 3857 2480; x_wconf 84' lang='lat' dir='ltr'><strong>pro</strong></span> 
     </span>
    </p>
   </div>
   <div class='ocr_carea' id='block_1_83' title="bbox 2276 2505 3857 2579">
    <p class='ocr_par' dir='ltr' id='par_1_83' title="bbox 2276 2505 3857 2579">
     <span class='ocr_line' id='line_1_84' title="bbox 2276 2505 3857 2579; baseline -0.005 -15"><span class='ocrx_word' id='word_1_653' title='bbox 2276 2507 2508 2565; x_wconf 85' lang='lat' dir='ltr'><strong>terrenis</strong></span> <span class='ocrx_word' id='word_1_654' title='bbox 2534 2507 2866 2572; x_wconf 73' lang='lat' dir='ltr'><strong>rmlestia,ct</strong></span> <span class='ocrx_word' id='word_1_655' title='bbox 2898 2522 2995 2578; x_wconf 90' lang='lat' dir='ltr'><strong>pro</strong></span> <span class='ocrx_word' id='word_1_656' title='bbox 3028 2505 3420 2579; x_wconf 87' lang='lat' dir='ltr'><strong>temporalibus</strong></span> <span class='ocrx_word' id='word_1_657' title='bbox 3449 2512 3717 2577; x_wconf 87' lang='lat' dir='ltr'><strong>perpetua</strong></span> <span class='ocrx_word' id='word_1_658' title='bbox 3743 2517 3857 2574; x_wconf 67' lang='lat' dir='ltr'><strong>pru-</strong></span> 
     </span>
    </p>
   </div>
   <div class='ocr_carea' id='block_1_84' title="bbox 2277 2594 3853 2672">
    <p class='ocr_par' dir='ltr' id='par_1_84' title="bbox 2277 2594 3853 2672">
     <span class='ocr_line' id='line_1_85' title="bbox 2277 2594 3853 2672; baseline -0.004 -15"><span class='ocrx_word' id='word_1_659' title='bbox 2277 2602 2385 2657; x_wconf 91' lang='lat' dir='ltr'><strong>mia</strong></span> <span class='ocrx_word' id='word_1_660' title='bbox 2414 2616 2534 2657; x_wconf 88' lang='lat' dir='ltr'><strong>cum</strong></span> <span class='ocrx_word' id='word_1_661' title='bbox 2562 2601 2734 2672; x_wconf 83' lang='lat' dir='ltr'><strong>gloria</strong></span> <span class='ocrx_word' id='word_1_662' title='bbox 2763 2600 3074 2671; x_wconf 84' lang='lat' dir='ltr'><strong>pollicetur!</strong></span> <span class='ocrx_word' id='word_1_663' title='bbox 3101 2599 3207 2654; x_wconf 87' lang='lat' dir='ltr'><strong>Pro</strong></span> <span class='ocrx_word' id='word_1_664' title='bbox 3229 2596 3450 2654; x_wconf 87' lang='lat' dir='ltr'><strong>Christo</strong></span> <span class='ocrx_word' id='word_1_665' title='bbox 3480 2597 3720 2653; x_wconf 88' lang='lat' dir='ltr'><strong>dicimur</strong></span> <span class='ocrx_word' id='word_1_666' title='bbox 3742 2594 3853 2666; x_wconf 89' lang='lat' dir='ltr'><strong>pati.</strong></span> 
     </span>
    </p>
   </div>
   <div class='ocr_carea' id='block_1_85' title="bbox 2275 2690 3856 2766">
    <p class='ocr_par' dir='ltr' id='par_1_85' title="bbox 2275 2690 3856 2766">
     <span class='ocr_line' id='line_1_86' title="bbox 2275 2690 3856 2766; baseline -0.006 -15"><span class='ocrx_word' id='word_1_667' title='bbox 2275 2710 2398 2751; x_wconf 91' lang='lat' dir='ltr'><strong>cum</strong></span> <span class='ocrx_word' id='word_1_668' title='bbox 2431 2695 2586 2751; x_wconf 89' lang='lat' dir='ltr'><strong>nobis</strong></span> <span class='ocrx_word' id='word_1_669' title='bbox 2620 2710 2724 2748; x_wconf 90' lang='lat' dir='ltr'><strong>non</strong></span> <span class='ocrx_word' id='word_1_670' title='bbox 2754 2692 2827 2748; x_wconf 86' lang='lat' dir='ltr'><strong>illi</strong></span> <span class='ocrx_word' id='word_1_671' title='bbox 2859 2693 3130 2766; x_wconf 81' lang='lat' dir='ltr'><strong>proﬁciat.</strong></span> <span class='ocrx_word' id='word_1_672' title='bbox 3157 2693 3300 2764; x_wconf 91' lang='lat' dir='ltr'><strong>quod</strong></span> <span class='ocrx_word' id='word_1_673' title='bbox 3333 2691 3576 2763; x_wconf 84' lang='lat' dir='ltr'><strong>patimur</strong></span> <span class='ocrx_word' id='word_1_674' title='bbox 3602 2708 3615 2743; x_wconf 83' lang='lat'><strong>:</strong></span> <span class='ocrx_word' id='word_1_675' title='bbox 3640 2690 3737 2747; x_wconf 68' lang='lat' dir='ltr'><strong>Sed</strong></span> <span class='ocrx_word' id='word_1_676' title='bbox 3754 2690 3856 2761; x_wconf 87' lang='lat' dir='ltr'><strong>quia</strong></span> 
     </span>
    </p>
   </div>
   <div class='ocr_carea' id='block_1_86' title="bbox 2278 2783 3858 2858">
    <p class='ocr_par' dir='ltr' id='par_1_86' title="bbox 2278 2783 3858 2858">
     <span class='ocr_line' id='line_1_87' title="bbox 2278 2783 3858 2858; baseline -0.004 -13"><span class='ocrx_word' id='word_1_677' title='bbox 2278 2790 2366 2845; x_wconf 89' lang='lat' dir='ltr'><strong>ille</strong></span> <span class='ocrx_word' id='word_1_678' title='bbox 2395 2788 2739 2844; x_wconf 83' lang='lat' dir='ltr'><strong>occasionem</strong></span> <span class='ocrx_word' id='word_1_679' title='bbox 2770 2789 2966 2858; x_wconf 62' lang='lat' dir='ltr'><strong>quaerit</strong></span> <span class='ocrx_word' id='word_1_680' title='bbox 2999 2783 3384 2843; x_wconf 88' lang='lat' dir='ltr'><strong>remunerandi</strong></span> <span class='ocrx_word' id='word_1_681' title='bbox 3416 2800 3538 2852; x_wconf 88' lang='lat' dir='ltr'><strong>nos,</strong></span> <span class='ocrx_word' id='word_1_682' title='bbox 3588 2785 3696 2841; x_wconf 85' lang='lat' dir='ltr'><strong>hoc</strong></span> <span class='ocrx_word' id='word_1_683' title='bbox 3741 2797 3858 2854; x_wconf 67' lang='lat' dir='ltr'><strong>pre-</strong></span> 
     </span>
    </p>
   </div>
   <div class='ocr_carea' id='block_1_87' title="bbox 2278 2879 3856 2954">
    <p class='ocr_par' dir='ltr' id='par_1_87' title="bbox 2278 2879 3856 2954">
     <span class='ocr_line' id='line_1_88' title="bbox 2278 2879 3856 2954; baseline -0.004 -17"><span class='ocrx_word' id='word_1_684' title='bbox 2278 2884 2441 2954; x_wconf 82' lang='lat' dir='ltr'><strong>cipit;</strong></span> <span class='ocrx_word' id='word_1_685' title='bbox 2468 2891 2527 2937; x_wconf 91' lang='lat' dir='ltr'><strong>ut</strong></span> <span class='ocrx_word' id='word_1_686' title='bbox 2565 2884 2742 2937; x_wconf 87' lang='lat' dir='ltr'><strong>bonus</strong></span> <span class='ocrx_word' id='word_1_687' title='bbox 2785 2882 2932 2937; x_wconf 90' lang='lat' dir='ltr'><strong>enim</strong></span> <span class='ocrx_word' id='word_1_688' title='bbox 2965 2881 3050 2936; x_wconf 84' lang='lat' dir='ltr'><strong>vel</strong></span> <span class='ocrx_word' id='word_1_689' title='bbox 3109 2879 3361 2950; x_wconf 82' lang='lat' dir='ltr'><strong>profusus</strong></span> <span class='ocrx_word' id='word_1_690' title='bbox 3409 2880 3638 2951; x_wconf 75' lang='lat' dir='ltr'><strong>largitor</strong></span> <span class='ocrx_word' id='word_1_691' title='bbox 3663 2889 3856 2934; x_wconf 76' lang='lat' dir='ltr'><strong>causam</strong></span> 
     </span>
    </p>
   </div>
   <div class='ocr_carea' id='block_1_88' title="bbox 2277 2968 3853 3047">
    <p class='ocr_par' dir='ltr' id='par_1_88' title="bbox 2277 2968 3853 3047">
     <span class='ocr_line' id='line_1_89' title="bbox 2277 2968 3853 3047; baseline -0.004 -18"><span class='ocrx_word' id='word_1_692' title='bbox 2277 2975 2493 3047; x_wconf 70' lang='lat' dir='ltr'><strong>quaerit,</strong></span> <span class='ocrx_word' id='word_1_693' title='bbox 2519 2973 2796 3045; x_wconf 89' lang='lat' dir='ltr'><strong>quomodo</strong></span> <span class='ocrx_word' id='word_1_694' title='bbox 2820 2973 2988 3029; x_wconf 86' lang='lat' dir='ltr'><strong>donet</strong></span> <span class='ocrx_word' id='word_1_695' title='bbox 3013 2981 3107 3027; x_wconf 88' lang='lat' dir='ltr'><strong>aut</strong></span> <span class='ocrx_word' id='word_1_696' title='bbox 3129 2971 3387 3042; x_wconf 84' lang='lat' dir='ltr'><strong>indignis,</strong></span> <span class='ocrx_word' id='word_1_697' title='bbox 3417 2979 3509 3026; x_wconf 89' lang='lat' dir='ltr'><strong>aut</strong></span> <span class='ocrx_word' id='word_1_698' title='bbox 3526 2968 3853 3027; x_wconf 87' lang='lat' dir='ltr'><strong>verecundis.</strong></span> 
     </span>
    </p>
   </div>
   <div class='ocr_carea' id='block_1_89' title="bbox 2283 3059 3857 3137">
    <p class='ocr_par' dir='ltr' id='par_1_89' title="bbox 2283 3059 3857 3137">
     <span class='ocr_line' id='line_1_90' title="bbox 2283 3059 3857 3137; baseline -0.006 -13"><span class='ocrx_word' id='word_1_699' title='bbox 2283 3068 2523 3137; x_wconf 88' lang='lat' dir='ltr'><strong>Denique</strong></span> <span class='ocrx_word' id='word_1_700' title='bbox 2543 3076 2600 3122; x_wconf 91' lang='lat' dir='ltr'><strong>ut</strong></span> <span class='ocrx_word' id='word_1_701' title='bbox 2630 3067 2745 3137; x_wconf 89' lang='lat' dir='ltr'><strong>ipsa</strong></span> <span class='ocrx_word' id='word_1_702' title='bbox 2774 3065 2942 3122; x_wconf 74' lang='lat' dir='ltr'><strong>exitia</strong></span> <span class='ocrx_word' id='word_1_703' title='bbox 2972 3064 3193 3121; x_wconf 89' lang='lat' dir='ltr'><strong>tolerari</strong></span> <span class='ocrx_word' id='word_1_704' title='bbox 3221 3064 3452 3135; x_wconf 87' lang='lat' dir='ltr'><strong>possint,</strong></span> <span class='ocrx_word' id='word_1_705' title='bbox 3480 3062 3602 3134; x_wconf 88' lang='lat' dir='ltr'><strong>ipse</strong></span> <span class='ocrx_word' id='word_1_706' title='bbox 3641 3059 3857 3134; x_wconf 81' lang='lat' dir='ltr'><strong>suggerit</strong></span> 
     </span>
    </p>
   </div>
   <div class='ocr_carea' id='block_1_90' title="bbox 2281 3162 2452 3217">
    <p class='ocr_par' dir='ltr' id='par_1_90' title="bbox 2281 3162 2452 3217">
     <span class='ocr_line' id='line_1_91' title="bbox 2281 3162 2452 3217; baseline -0.006 -1"><span class='ocrx_word' id='word_1_707' title='bbox 2281 3162 2452 3217; x_wconf 87' lang='lat' dir='ltr'><strong>vires.</strong></span> 
     </span>
    </p>
   </div>
   <div class='ocr_carea' id='block_1_91' title="bbox 2349 3250 3858 3326">
    <p class='ocr_par' dir='ltr' id='par_1_91' title="bbox 2349 3250 3858 3326">
     <span class='ocr_line' id='line_1_92' title="bbox 2349 3250 3858 3326; baseline -0.005 -16"><span class='ocrx_word' id='word_1_708' title='bbox 2349 3255 2532 3326; x_wconf 82' lang='lat' dir='ltr'><strong>(Vers.</strong></span> <span class='ocrx_word' id='word_1_709' title='bbox 2565 3252 2680 3325; x_wconf 78' lang='lat' dir='ltr'><strong>l9.)</strong></span> <span class='ocrx_word' id='word_1_710' title='bbox 2706 3251 2840 3309; x_wconf 84' lang='lat' dir='ltr'><strong>Nam</strong></span> <span class='ocrx_word' id='word_1_711' title='bbox 2878 3253 3193 3325; x_wconf 73' lang='lat' dir='ltr'><strong>exspectatio</strong></span> <span class='ocrx_word' id='word_1_712' title='bbox 3241 3259 3491 3306; x_wconf 69' lang='lat' dir='ltr'><strong>creatura:</strong></span> <span class='ocrx_word' id='word_1_713' title='bbox 3520 3250 3858 3306; x_wconf 67' lang='lat' dir='ltr'><strong>reuelationem</strong></span> 
     </span>
    </p>
   </div>
   <div class='ocr_carea' id='block_1_92' title="bbox 2279 3341 3858 3421">
    <p class='ocr_par' dir='ltr' id='par_1_92' title="bbox 2279 3341 3858 3421">
     <span class='ocr_line' id='line_1_93' title="bbox 2279 3341 3858 3421; baseline -0.008 -15"><span class='ocrx_word' id='word_1_714' title='bbox 2279 3351 2511 3421; x_wconf 82' lang='lat' dir='ltr'><strong>ﬁliorum</strong></span> <span class='ocrx_word' id='word_1_715' title='bbox 2558 3348 2658 3404; x_wconf 85' lang='lat' dir='ltr'><strong>Dei</strong></span> <span class='ocrx_word' id='word_1_716' title='bbox 2702 3355 2983 3419; x_wconf 69' lang='lat' dir='ltr'><strong>exspectat.</strong></span> <span class='ocrx_word' id='word_1_717' title='bbox 3019 3347 3285 3416; x_wconf 86' lang='lat' dir='ltr'><strong>Quoniam</strong></span> <span class='ocrx_word' id='word_1_718' title='bbox 3313 3344 3604 3416; x_wconf 58' lang='lat' dir='ltr'><strong>praesentis</strong></span> <span class='ocrx_word' id='word_1_719' title='bbox 3627 3341 3858 3412; x_wconf 88' lang='lat' dir='ltr'><strong>temporis</strong></span> 
     </span>
    </p>
   </div>
   <div class='ocr_carea' id='block_1_93' title="bbox 2278 3436 3856 3517">
    <p class='ocr_par' dir='ltr' id='par_1_93' title="bbox 2278 3436 3856 3517">
     <span class='ocr_line' id='line_1_94' title="bbox 2278 3436 3856 3517; baseline -0.008 -18"><span class='ocrx_word' id='word_1_720' title='bbox 2278 3445 2562 3517; x_wconf 85' lang='lat' dir='ltr'><strong>passiones</strong></span> <span class='ocrx_word' id='word_1_721' title='bbox 2590 3443 2840 3512; x_wconf 84' lang='lat' dir='ltr'><strong>indignas</strong></span> <span class='ocrx_word' id='word_1_722' title='bbox 2867 3441 3006 3496; x_wconf 84' lang='lat' dir='ltr'><strong>dixit</strong></span> <span class='ocrx_word' id='word_1_723' title='bbox 3047 3440 3112 3496; x_wconf 87' lang='lat' dir='ltr'><strong>ad</strong></span> <span class='ocrx_word' id='word_1_724' title='bbox 3144 3449 3600 3509; x_wconf 85' lang='lat' dir='ltr'><strong>superventuram</strong></span> <span class='ocrx_word' id='word_1_725' title='bbox 3626 3436 3856 3506; x_wconf 81' lang='lat' dir='ltr'><strong>gloriam,</strong></span> 
     </span>
    </p>
   </div>
   <div class='ocr_carea' id='block_1_94' title="bbox 2280 3531 3862 3611">
    <p class='ocr_par' dir='ltr' id='par_1_94' title="bbox 2280 3531 3862 3611">
     <span class='ocr_line' id='line_1_95' title="bbox 2280 3531 3862 3611; baseline -0.009 -15"><span class='ocrx_word' id='word_1_726' title='bbox 2280 3539 2511 3611; x_wconf 83' lang='lat' dir='ltr'><strong>subjecit</strong></span> <span class='ocrx_word' id='word_1_727' title='bbox 2542 3537 2684 3609; x_wconf 88' lang='lat' dir='ltr'><strong>quod</strong></span> <span class='ocrx_word' id='word_1_728' title='bbox 2707 3545 2958 3593; x_wconf 81' lang='lat' dir='ltr'><strong>creatura</strong></span> <span class='ocrx_word' id='word_1_729' title='bbox 2985 3535 3088 3591; x_wconf 86' lang='lat' dir='ltr'><strong>hoc</strong></span> <span class='ocrx_word' id='word_1_730' title='bbox 3119 3540 3420 3606; x_wconf 76' lang='lat' dir='ltr'><strong>exspectat,</strong></span> <span class='ocrx_word' id='word_1_731' title='bbox 3451 3541 3513 3588; x_wconf 90' lang='lat' dir='ltr'><strong>ut</strong></span> <span class='ocrx_word' id='word_1_732' title='bbox 3545 3531 3862 3602; x_wconf 86' lang='lat' dir='ltr'><strong>compleatur</strong></span> 
     </span>
    </p>
   </div>
   <div class='ocr_carea' id='block_1_95' title="bbox 2279 3627 3860 3695">
    <p class='ocr_par' dir='ltr' id='par_1_95' title="bbox 2279 3627 3860 3695">
     <span class='ocr_line' id='line_1_96' title="bbox 2279 3627 3860 3695; baseline -0.009 -3"><span class='ocrx_word' id='word_1_733' title='bbox 2279 3649 2539 3692; x_wconf 89' lang='lat' dir='ltr'><strong>numerus</strong></span> <span class='ocrx_word' id='word_1_734' title='bbox 2563 3634 2795 3688; x_wconf 86' lang='lat' dir='ltr'><strong>ﬁliorum</strong></span> <span class='ocrx_word' id='word_1_735' title='bbox 2836 3631 2955 3695; x_wconf 89' lang='lat' dir='ltr'><strong>Dei,</strong></span> <span class='ocrx_word' id='word_1_736' title='bbox 2990 3631 3296 3686; x_wconf 88' lang='lat' dir='ltr'><strong>destinatus</strong></span> <span class='ocrx_word' id='word_1_737' title='bbox 3327 3629 3394 3684; x_wconf 91' lang='lat' dir='ltr'><strong>ad</strong></span> <span class='ocrx_word' id='word_1_738' title='bbox 3417 3627 3589 3683; x_wconf 88' lang='lat' dir='ltr'><strong>vitam</strong></span> <span class='ocrx_word' id='word_1_739' title='bbox 3625 3645 3638 3693; x_wconf 91' lang='lat'><strong>;</strong></span> <span class='ocrx_word' id='word_1_740' title='bbox 3670 3636 3728 3681; x_wconf 91' lang='lat' dir='ltr'><strong>nt</strong></span> <span class='ocrx_word' id='word_1_741' title='bbox 3753 3637 3860 3680; x_wconf 88' lang='lat' dir='ltr'><strong>tunc</strong></span> 
     </span>
    </p>
   </div>
   <div class='ocr_carea' id='block_1_96' title="bbox 2280 3718 3857 3800">
    <p class='ocr_par' dir='ltr' id='par_1_96' title="bbox 2280 3718 3857 3800">
     <span class='ocr_line' id='line_1_97' title="bbox 2280 3718 3857 3800; baseline -0.008 -14"><span class='ocrx_word' id='word_1_742' title='bbox 2280 3731 2498 3787; x_wconf 88' lang='lat' dir='ltr'><strong>demum</strong></span> <span class='ocrx_word' id='word_1_743' title='bbox 2526 3730 2686 3785; x_wconf 86' lang='lat' dir='ltr'><strong>etiam</strong></span> <span class='ocrx_word' id='word_1_744' title='bbox 2717 3729 2833 3800; x_wconf 89' lang='lat' dir='ltr'><strong>ipsa</strong></span> <span class='ocrx_word' id='word_1_745' title='bbox 2865 3735 3114 3782; x_wconf 85' lang='lat' dir='ltr'><strong>creatura</strong></span> <span class='ocrx_word' id='word_1_746' title='bbox 3146 3726 3319 3796; x_wconf 89' lang='lat' dir='ltr'><strong>possit</strong></span> <span class='ocrx_word' id='word_1_747' title='bbox 3345 3736 3368 3764; x_wconf 75' lang='grc' dir='ltr'><em>ε</em></span> <span class='ocrx_word' id='word_1_748' title='bbox 3398 3723 3619 3779; x_wconf 89' lang='lat' dir='ltr'><strong>liberari</strong></span> <span class='ocrx_word' id='word_1_749' title='bbox 3649 3738 3677 3777; x_wconf 88' lang='lat' dir='ltr'><strong>a</strong></span> <span class='ocrx_word' id='word_1_750' title='bbox 3709 3718 3857 3777; x_wconf 76' lang='lat' dir='ltr'><strong>servi-</strong></span> 
     </span>
    </p>
   </div>
   <div class='ocr_carea' id='block_1_97' title="bbox 2283 3818 3414 3891">
    <p class='ocr_par' dir='ltr' id='par_1_97' title="bbox 2283 3818 3414 3891">
     <span class='ocr_line' id='line_1_98' title="bbox 2283 3818 3414 3891; baseline -0.008 -11"><span class='ocrx_word' id='word_1_751' title='bbox 2283 3831 2398 3880; x_wconf 90' lang='lat' dir='ltr'><strong>tute</strong></span> <span class='ocrx_word' id='word_1_752' title='bbox 2429 3821 2824 3891; x_wconf 89' lang='lat' dir='ltr'><strong>corruptionis,</strong></span> <span class='ocrx_word' id='word_1_753' title='bbox 2849 3828 2906 3875; x_wconf 85' lang='lat' dir='ltr'><strong>et</strong></span> <span class='ocrx_word' id='word_1_754' title='bbox 2930 3833 3150 3875; x_wconf 87' lang='lat' dir='ltr'><strong>cessare</strong></span> <span class='ocrx_word' id='word_1_755' title='bbox 3190 3833 3217 3872; x_wconf 88' lang='lat' dir='ltr'><strong>a</strong></span> <span class='ocrx_word' id='word_1_756' title='bbox 3255 3818 3414 3872; x_wconf 85' lang='lat' dir='ltr'><strong>vitio.</strong></span> 
     </span>
    </p>
   </div>
   <div class='ocr_carea' id='block_1_98' title="bbox 2355 3912 3860 3989">
    <p class='ocr_par' dir='ltr' id='par_1_98' title="bbox 2355 3912 3860 3989">
     <span class='ocr_line' id='line_1_99' title="bbox 2355 3912 3860 3989; baseline -0.009 -18"><span class='ocrx_word' id='word_1_757' title='bbox 2355 3916 2535 3989; x_wconf 81' lang='lat' dir='ltr'><strong>(Vers.</strong></span> <span class='ocrx_word' id='word_1_758' title='bbox 2563 3916 2685 3985; x_wconf 80' lang='lat'><strong>‘20.)</strong></span> <span class='ocrx_word' id='word_1_759' title='bbox 2718 3914 2953 3969; x_wconf 84' lang='lat' dir='ltr'><strong>Vanitati</strong></span> <span class='ocrx_word' id='word_1_760' title='bbox 2982 3915 3118 3968; x_wconf 85' lang='lat' dir='ltr'><strong>enim</strong></span> <span class='ocrx_word' id='word_1_761' title='bbox 3163 3923 3402 3966; x_wconf 83' lang='lat' dir='ltr'><strong>creatura</strong></span> <span class='ocrx_word' id='word_1_762' title='bbox 3433 3912 3667 3983; x_wconf 78' lang='lat' dir='ltr'><strong>subjecta</strong></span> <span class='ocrx_word' id='word_1_763' title='bbox 3690 3919 3860 3966; x_wconf 80' lang='lat' dir='ltr'><strong>estnon</strong></span> 
     </span>
    </p>
   </div>
   <div class='ocr_carea' id='block_1_99' title="bbox 2279 3999 3854 4075">
    <p class='ocr_par' dir='ltr' id='par_1_99' title="bbox 2279 3999 3854 4075">
     <span class='ocr_line' id='line_1_100' title="bbox 2279 3999 3854 4075; baseline -0.007 -11"><span class='ocrx_word' id='word_1_764' title='bbox 2279 4010 2588 4065; x_wconf 77' lang='lat' dir='ltr'><strong>voluntaria.</strong></span> <span class='ocrx_word' id='word_1_765' title='bbox 2617 4008 2675 4064; x_wconf 85' lang='lat' dir='ltr'><strong>In</strong></span> <span class='ocrx_word' id='word_1_766' title='bbox 2707 4007 2927 4062; x_wconf 89' lang='lat' dir='ltr'><strong>Domini</strong></span> <span class='ocrx_word' id='word_1_767' title='bbox 2984 4014 3040 4063; x_wconf 91' lang='lat' dir='ltr'><strong>et</strong></span> <span class='ocrx_word' id='word_1_768' title='bbox 3089 4007 3352 4061; x_wconf 89' lang='lat' dir='ltr'><strong>creatoris</strong></span> <span class='ocrx_word' id='word_1_769' title='bbox 3383 4011 3655 4075; x_wconf 88' lang='lat' dir='ltr'><strong>potestate</strong></span> <span class='ocrx_word' id='word_1_770' title='bbox 3703 3999 3854 4074; x_wconf 79' lang='lat' dir='ltr'><strong>posits</strong></span> 
     </span>
    </p>
   </div>
   <div class='ocr_carea' id='block_1_100' title="bbox 2280 4091 3861 4172">
    <p class='ocr_par' dir='ltr' id='par_1_100' title="bbox 2280 4091 3861 4172">
     <span class='ocr_line' id='line_1_101' title="bbox 2280 4091 3861 4172; baseline -0.009 -13"><span class='ocrx_word' id='word_1_771' title='bbox 2280 4114 2551 4166; x_wconf 86' lang='lat' dir='ltr'><strong>creatura,</strong></span> <span class='ocrx_word' id='word_1_772' title='bbox 2610 4115 2718 4156; x_wconf 92' lang='lat' dir='ltr'><strong>non</strong></span> <span class='ocrx_word' id='word_1_773' title='bbox 2770 4102 2960 4172; x_wconf 91' lang='lat' dir='ltr'><strong>utique</strong></span> <span class='ocrx_word' id='word_1_774' title='bbox 2989 4108 3188 4169; x_wconf 85' lang='lat' dir='ltr'><strong>sponte</strong></span> <span class='ocrx_word' id='word_1_775' title='bbox 3233 4097 3476 4168; x_wconf 85' lang='lat' dir='ltr'><strong>subjecta</strong></span> <span class='ocrx_word' id='word_1_776' title='bbox 3507 4104 3593 4152; x_wconf 89' lang='lat' dir='ltr'><strong>est</strong></span> <span class='ocrx_word' id='word_1_777' title='bbox 3621 4091 3861 4155; x_wconf 84' lang='lat' dir='ltr'><strong>vanitati;</strong></span> 
     </span>
    </p>
   </div>
   <div class='ocr_carea' id='block_1_101' title="bbox 2282 4183 3865 4267">
    <p class='ocr_par' dir='ltr' id='par_1_101' title="bbox 2282 4183 3865 4267">
     <span class='ocr_line' id='line_1_102' title="bbox 2282 4183 3865 4267; baseline -0.009 -16"><span class='ocrx_word' id='word_1_778' title='bbox 2282 4211 2387 4252; x_wconf 88' lang='lat' dir='ltr'><strong>non</strong></span> <span class='ocrx_word' id='word_1_779' title='bbox 2412 4197 2555 4251; x_wconf 90' lang='lat' dir='ltr'><strong>enim</strong></span> <span class='ocrx_word' id='word_1_780' title='bbox 2587 4195 2832 4267; x_wconf 90' lang='lat' dir='ltr'><strong>proderit</strong></span> <span class='ocrx_word' id='word_1_781' title='bbox 2855 4195 2958 4249; x_wconf 87' lang='lat' dir='ltr'><strong>sibi</strong></span> <span class='ocrx_word' id='word_1_782' title='bbox 2989 4193 3136 4266; x_wconf 93' lang='lat' dir='ltr'><strong>quod</strong></span> <span class='ocrx_word' id='word_1_783' title='bbox 3162 4193 3407 4262; x_wconf 89' lang='lat' dir='ltr'><strong>subjecta</strong></span> <span class='ocrx_word' id='word_1_784' title='bbox 3448 4199 3556 4257; x_wconf 87' lang='lat' dir='ltr'><strong>est,</strong></span> <span class='ocrx_word' id='word_1_785' title='bbox 3590 4188 3688 4246; x_wconf 91' lang='lat' dir='ltr'><strong>sed</strong></span> <span class='ocrx_word' id='word_1_786' title='bbox 3711 4183 3865 4243; x_wconf 83' lang='lat' dir='ltr'><strong>nobis.</strong></span> 
     </span>
    </p>
   </div>
   <div class='ocr_carea' id='block_1_102' title="bbox 2281 4277 3864 4362">
    <p class='ocr_par' dir='ltr' id='par_1_102' title="bbox 2281 4277 3864 4362">
     <span class='ocr_line' id='line_1_103' title="bbox 2281 4277 3864 4362; baseline -0.008 -17"><span class='ocrx_word' id='word_1_787' title='bbox 2281 4289 2421 4360; x_wconf 85' lang='lat' dir='ltr'><strong>Quid</strong></span> <span class='ocrx_word' id='word_1_788' title='bbox 2446 4299 2528 4345; x_wconf 90' lang='lat' dir='ltr'><strong>est</strong></span> <span class='ocrx_word' id='word_1_789' title='bbox 2545 4304 2674 4362; x_wconf 82' lang='lat' dir='ltr'><strong>ergo</strong></span> <span class='ocrx_word' id='word_1_790' title='bbox 2703 4289 2756 4343; x_wconf 95' lang='lat' dir='ltr'><strong>in</strong></span> <span class='ocrx_word' id='word_1_791' title='bbox 2799 4303 2906 4358; x_wconf 90' lang='lat' dir='ltr'><strong>quo</strong></span> <span class='ocrx_word' id='word_1_792' title='bbox 2932 4287 3162 4342; x_wconf 86' lang='lat' dir='ltr'><strong>vanitati</strong></span> <span class='ocrx_word' id='word_1_793' title='bbox 3211 4285 3455 4357; x_wconf 81' lang='lat' dir='ltr'><strong>subjecta</strong></span> <span class='ocrx_word' id='word_1_794' title='bbox 3483 4293 3596 4351; x_wconf 88' lang='lat' dir='ltr'><strong>est,</strong></span> <span class='ocrx_word' id='word_1_795' title='bbox 3629 4283 3738 4338; x_wconf 86' lang='lat' dir='ltr'><strong>nisi</strong></span> <span class='ocrx_word' id='word_1_796' title='bbox 3759 4277 3864 4351; x_wconf 81' lang='lat' dir='ltr'><strong>quis</strong></span> 
     </span>
    </p>
   </div>
   <div class='ocr_carea' id='block_1_103' title="bbox 2280 4375 3866 4455">
    <p class='ocr_par' dir='ltr' id='par_1_103' title="bbox 2280 4375 3866 4455">
     <span class='ocr_line' id='line_1_104' title="bbox 2280 4375 3866 4455; baseline -0.009 -18"><span class='ocrx_word' id='word_1_797' title='bbox 2280 4398 2404 4455; x_wconf 72' lang='lat' dir='ltr'><strong>quae</strong></span> <span class='ocrx_word' id='word_1_798' title='bbox 2423 4393 2670 4454; x_wconf 86' lang='lat' dir='ltr'><strong>generat,</strong></span> <span class='ocrx_word' id='word_1_799' title='bbox 2699 4381 2902 4437; x_wconf 89' lang='lat' dir='ltr'><strong>caduca</strong></span> <span class='ocrx_word' id='word_1_800' title='bbox 2931 4389 3058 4436; x_wconf 92' lang='lat' dir='ltr'><strong>sunt</strong></span> <span class='ocrx_word' id='word_1_801' title='bbox 3075 4379 3388 4451; x_wconf 81' lang='lat' dir='ltr'><strong>?0peratur</strong></span> <span class='ocrx_word' id='word_1_802' title='bbox 3408 4376 3584 4444; x_wconf 87' lang='lat' dir='ltr'><strong>enim,</strong></span> <span class='ocrx_word' id='word_1_803' title='bbox 3599 4385 3658 4431; x_wconf 91' lang='lat' dir='ltr'><strong>ut</strong></span> <span class='ocrx_word' id='word_1_804' title='bbox 3685 4375 3866 4430; x_wconf 87' lang='lat' dir='ltr'><strong>fructus</strong></span> 
     </span>
    </p>
   </div>
   <div class='ocr_carea' id='block_1_104' title="bbox 2284 4469 3862 4546">
    <p class='ocr_par' dir='ltr' id='par_1_104' title="bbox 2284 4469 3862 4546">
     <span class='ocr_line' id='line_1_105' title="bbox 2284 4469 3862 4546; baseline -0.004 -14"><span class='ocrx_word' id='word_1_805' title='bbox 2284 4476 2448 4532; x_wconf 86' lang='lat' dir='ltr'><strong>faciat</strong></span> <span class='ocrx_word' id='word_1_806' title='bbox 2475 4475 2889 4546; x_wconf 89' lang='lat' dir='ltr'><strong>corruptibilcs:</strong></span> <span class='ocrx_word' id='word_1_807' title='bbox 2915 4473 3194 4544; x_wconf 86' lang='lat' dir='ltr'><strong>corruptio</strong></span> <span class='ocrx_word' id='word_1_808' title='bbox 3217 4486 3350 4542; x_wconf 82' lang='lat' dir='ltr'><strong>ergo</strong></span> <span class='ocrx_word' id='word_1_809' title='bbox 3379 4473 3498 4542; x_wconf 86' lang='lat' dir='ltr'><strong>ipsa</strong></span> <span class='ocrx_word' id='word_1_810' title='bbox 3531 4469 3740 4524; x_wconf 84' lang='lat' dir='ltr'><strong>vanitas</strong></span> <span class='ocrx_word' id='word_1_811' title='bbox 3761 4473 3862 4525; x_wconf 81' lang='lat' dir='ltr'><strong>est;</strong></span> 
     </span>
    </p>
   </div>
   <div class='ocr_carea' id='block_1_105' title="bbox 2282 4559 3864 4638">
    <p class='ocr_par' dir='ltr' id='par_1_105' title="bbox 2282 4559 3864 4638">
     <span class='ocr_line' id='line_1_106' title="bbox 2282 4559 3864 4638; baseline -0.01 -14"><span class='ocrx_word' id='word_1_812' title='bbox 2282 4569 2463 4624; x_wconf 88' lang='lat' dir='ltr'><strong>omnia</strong></span> <span class='ocrx_word' id='word_1_813' title='bbox 2487 4567 2632 4623; x_wconf 89' lang='lat' dir='ltr'><strong>enim</strong></span> <span class='ocrx_word' id='word_1_814' title='bbox 2659 4581 2778 4638; x_wconf 62' lang='lat' dir='ltr'><strong>quae</strong></span> <span class='ocrx_word' id='word_1_815' title='bbox 2799 4575 3098 4622; x_wconf 88' lang='lat' dir='ltr'><strong>nascuntur</strong></span> <span class='ocrx_word' id='word_1_816' title='bbox 3119 4565 3172 4618; x_wconf 91' lang='lat' dir='ltr'><strong>in</strong></span> <span class='ocrx_word' id='word_1_817' title='bbox 3193 4563 3414 4631; x_wconf 86' lang='lat' dir='ltr'><strong>mundo,</strong></span> <span class='ocrx_word' id='word_1_818' title='bbox 3443 4559 3864 4628; x_wconf 82' lang='lat' dir='ltr'><strong>inlirma,caduca</strong></span> 
     </span>
    </p>
   </div>
   <div class='ocr_carea' id='block_1_106' title="bbox 2204 4653 3862 4734">
    <p class='ocr_par' dir='ltr' id='par_1_106' title="bbox 2204 4653 3862 4734">
     <span class='ocr_line' id='line_1_107' title="bbox 2204 4653 3862 4734; baseline -0.009 -14"><span class='ocrx_word' id='word_1_819' title='bbox 2204 4656 2259 4719; x_wconf 88' lang='lat' dir='ltr'><strong>D</strong></span> <span class='ocrx_word' id='word_1_820' title='bbox 2283 4673 2339 4720; x_wconf 89' lang='lat' dir='ltr'><strong>et</strong></span> <span class='ocrx_word' id='word_1_821' title='bbox 2359 4662 2754 4734; x_wconf 89' lang='lat' dir='ltr'><strong>corruptibilia,</strong></span> <span class='ocrx_word' id='word_1_822' title='bbox 2771 4677 2833 4716; x_wconf 89' lang='lat' dir='ltr'><strong>ac</strong></span> <span class='ocrx_word' id='word_1_823' title='bbox 2846 4677 2942 4731; x_wconf 89' lang='lat' dir='ltr'><strong>per</strong></span> <span class='ocrx_word' id='word_1_824' title='bbox 2970 4662 3074 4716; x_wconf 86' lang='lat' dir='ltr'><strong>hoc</strong></span> <span class='ocrx_word' id='word_1_825' title='bbox 3097 4674 3234 4715; x_wconf 90' lang='lat' dir='ltr'><strong>vana</strong></span> <span class='ocrx_word' id='word_1_826' title='bbox 3254 4657 3561 4713; x_wconf 83' lang='lat' dir='ltr'><strong>sunt.Vana</strong></span> <span class='ocrx_word' id='word_1_827' title='bbox 3576 4653 3862 4716; x_wconf 83' lang='lat' dir='ltr'><strong>suntenim,</strong></span> 
     </span>
    </p>
   </div>
   <div class='ocr_carea' id='block_1_107' title="bbox 2283 4754 3866 4829">
    <p class='ocr_par' dir='ltr' id='par_1_107' title="bbox 2283 4754 3866 4829">
     <span class='ocr_line' id='line_1_108' title="bbox 2283 4754 3866 4829; baseline -0.008 -19"><span class='ocrx_word' id='word_1_828' title='bbox 2283 4758 2408 4829; x_wconf 89' lang='lat' dir='ltr'><strong>quia</strong></span> <span class='ocrx_word' id='word_1_829' title='bbox 2433 4765 2629 4811; x_wconf 85' lang='lat' dir='ltr'><strong>statum</strong></span> <span class='ocrx_word' id='word_1_830' title='bbox 2657 4772 2813 4811; x_wconf 89' lang='lat' dir='ltr'><strong>suum</strong></span> <span class='ocrx_word' id='word_1_831' title='bbox 2842 4764 3030 4811; x_wconf 86' lang='lat' dir='ltr'><strong>tenere</strong></span> <span class='ocrx_word' id='word_1_832' title='bbox 3074 4771 3182 4810; x_wconf 92' lang='lat' dir='ltr'><strong>non</strong></span> <span class='ocrx_word' id='word_1_833' title='bbox 3213 4759 3450 4826; x_wconf 83' lang='lat' dir='ltr'><strong>possunt</strong></span> <span class='ocrx_word' id='word_1_834' title='bbox 3486 4771 3500 4807; x_wconf 95' lang='lat'>:</span> <span class='ocrx_word' id='word_1_835' title='bbox 3533 4767 3657 4807; x_wconf 84' lang='lat' dir='ltr'><strong>nam</strong></span> <span class='ocrx_word' id='word_1_836' title='bbox 3695 4754 3866 4806; x_wconf 84' lang='lat' dir='ltr'><strong>cuncta</strong></span> 
     </span>
    </p>
   </div>
   <div class='ocr_carea' id='block_1_108' title="bbox 2285 4844 3865 4920">
    <p class='ocr_par' dir='ltr' id='par_1_108' title="bbox 2285 4844 3865 4920">
     <span class='ocr_line' id='line_1_109' title="bbox 2285 4844 3865 4920; baseline -0.008 -14"><span class='ocrx_word' id='word_1_837' title='bbox 2285 4851 2585 4906; x_wconf 86' lang='lat' dir='ltr'><strong>deformata</strong></span> <span class='ocrx_word' id='word_1_838' title='bbox 2617 4865 2715 4920; x_wconf 91' lang='lat' dir='ltr'><strong>per</strong></span> <span class='ocrx_word' id='word_1_839' title='bbox 2731 4849 2936 4904; x_wconf 81' lang='lat' dir='ltr'><strong>ﬂuxum</strong></span> <span class='ocrx_word' id='word_1_840' title='bbox 2962 4863 3182 4919; x_wconf 82' lang='lat' dir='ltr'><strong>semper</strong></span> <span class='ocrx_word' id='word_1_841' title='bbox 3213 4850 3264 4903; x_wconf 91' lang='lat' dir='ltr'><strong>in</strong></span> <span class='ocrx_word' id='word_1_842' title='bbox 3308 4863 3368 4904; x_wconf 87' lang='lat' dir='ltr'><strong>se</strong></span> <span class='ocrx_word' id='word_1_843' title='bbox 3398 4847 3633 4903; x_wconf 88' lang='lat' dir='ltr'><strong>redeunt</strong></span> <span class='ocrx_word' id='word_1_844' title='bbox 3665 4844 3865 4902; x_wconf 83' lang='lat' dir='ltr'><strong>conlusa</strong></span> 
     </span>
    </p>
   </div>
   <div class='ocr_carea' id='block_1_109' title="bbox 2282 4936 3869 5015">
    <p class='ocr_par' dir='ltr' id='par_1_109' title="bbox 2282 4936 3869 5015">
     <span class='ocr_line' id='line_1_110' title="bbox 2282 4936 3869 5015; baseline -0.004 -15"><span class='ocrx_word' id='word_1_845' title='bbox 2282 4945 2336 5000; x_wconf 93' lang='lat' dir='ltr'><strong>in</strong></span> <span class='ocrx_word' id='word_1_846' title='bbox 2364 4953 2632 5000; x_wconf 88' lang='lat' dir='ltr'><strong>naturam.</strong></span> <span class='ocrx_word' id='word_1_847' title='bbox 2653 4943 2762 5015; x_wconf 82' lang='lat'><strong>75</strong></span> <span class='ocrx_word' id='word_1_848' title='bbox 2789 4942 2903 4998; x_wconf 82' lang='lat' dir='ltr'><strong>Hoc</strong></span> <span class='ocrx_word' id='word_1_849' title='bbox 2935 4942 3071 4998; x_wconf 87' lang='lat' dir='ltr'><strong>dicit</strong></span> <span class='ocrx_word' id='word_1_850' title='bbox 3109 4944 3178 5000; x_wconf 90' lang='lat' dir='ltr'><strong>de</strong></span> <span class='ocrx_word' id='word_1_851' title='bbox 3232 4943 3317 4997; x_wconf 88' lang='lat' dir='ltr'><strong>bis</strong></span> <span class='ocrx_word' id='word_1_852' title='bbox 3371 4949 3426 4997; x_wconf 93' lang='lat' dir='ltr'><strong>et</strong></span> <span class='ocrx_word' id='word_1_853' title='bbox 3451 4941 3736 5004; x_wconf 83' lang='lat' dir='ltr'><strong>Salomon,</strong></span> <span class='ocrx_word' id='word_1_854' title='bbox 3762 4936 3869 5010; x_wconf 81' lang='lat' dir='ltr'><strong>quia</strong></span> 
     </span>
    </p>
   </div>
   <div class='ocr_carea' id='block_1_110' title="bbox 2286 5032 3867 5110">
    <p class='ocr_par' dir='ltr' id='par_1_110' title="bbox 2286 5032 3867 5110">
     <span class='ocr_line' id='line_1_111' title="bbox 2286 5032 3867 5110; baseline -0.007 -14"><span class='ocrx_word' id='word_1_855' title='bbox 2286 5042 2467 5096; x_wconf 78' lang='lat' dir='ltr'><strong>onniia</strong></span> <span class='ocrx_word' id='word_1_856' title='bbox 2523 5041 2637 5095; x_wconf 66' lang='lat' dir='ltr'><strong>haec</strong></span> <span class='ocrx_word' id='word_1_857' title='bbox 2686 5039 2898 5094; x_wconf 81' lang='lat' dir='ltr'><strong>vanitas</strong></span> <span class='ocrx_word' id='word_1_858' title='bbox 2936 5039 3228 5106; x_wconf 82' lang='lat' dir='ltr'><strong>(Eccles.|,</strong></span> <span class='ocrx_word' id='word_1_859' title='bbox 3256 5040 3338 5110; x_wconf 67' lang='grc' dir='ltr'><strong>ἓ).</strong></span> <span class='ocrx_word' id='word_1_860' title='bbox 3385 5037 3493 5096; x_wconf 83' lang='lat' dir='ltr'><strong>Nec</strong></span> <span class='ocrx_word' id='word_1_861' title='bbox 3516 5037 3788 5095; x_wconf 89' lang='lat' dir='ltr'><strong>discordat</strong></span> <span class='ocrx_word' id='word_1_862' title='bbox 3811 5032 3867 5086; x_wconf 87' lang='lat' dir='ltr'><strong>ab</strong></span> 
     </span>
    </p>
   </div>
   <div class='ocr_carea' id='block_1_111' title="bbox 2287 5128 3868 5200">
    <p class='ocr_par' dir='ltr' id='par_1_111' title="bbox 2287 5128 3868 5200">
     <span class='ocr_line' id='line_1_112' title="bbox 2287 5128 3868 5200; baseline -0.007 -11"><span class='ocrx_word' id='word_1_863' title='bbox 2287 5134 2374 5189; x_wconf 90' lang='lat' dir='ltr'><strong>his</strong></span> <span class='ocrx_word' id='word_1_864' title='bbox 2407 5132 2592 5200; x_wconf 86' lang='lat' dir='ltr'><strong>David,</strong></span> <span class='ocrx_word' id='word_1_865' title='bbox 2622 5131 2812 5187; x_wconf 89' lang='lat' dir='ltr'><strong>dicens</strong></span> <span class='ocrx_word' id='word_1_866' title='bbox 2845 5149 2858 5185; x_wconf 93' lang='lat'>:</span> <span class='ocrx_word' id='word_1_867' title='bbox 2901 5131 3269 5188; x_wconf 85' lang='lat' dir='ltr'><strong>Verumtamen</strong></span> <span class='ocrx_word' id='word_1_868' title='bbox 3298 5135 3504 5187; x_wconf 63' lang='lat' dir='ltr'><strong>partitas</strong></span> <span class='ocrx_word' id='word_1_869' title='bbox 3547 5131 3713 5186; x_wconf 85' lang='lat' dir='ltr'><strong>omnis</strong></span> <span class='ocrx_word' id='word_1_870' title='bbox 3735 5128 3868 5180; x_wconf 79' lang='lat' dir='ltr'><strong>homo</strong></span> 
     </span>
    </p>
   </div>
   <div class='ocr_carea' id='block_1_112' title="bbox 2289 5223 3865 5301">
    <p class='ocr_par' dir='ltr' id='par_1_112' title="bbox 2289 5223 3865 5301">
     <span class='ocr_line' id='line_1_113' title="bbox 2289 5223 3865 5301; baseline -0.001 -17"><span class='ocrx_word' id='word_1_871' title='bbox 2289 5231 2459 5284; x_wconf 83' lang='lat' dir='ltr'><strong>vivens</strong></span> <span class='ocrx_word' id='word_1_872' title='bbox 2482 5226 2600 5301; x_wconf 86' lang='lat' dir='ltr'><strong>(Ps.</strong></span> <span class='ocrx_word' id='word_1_873' title='bbox 2633 5243 2862 5292; x_wconf 70' lang='lat' dir='ltr'><strong>xxxvtn,</strong></span> <span class='ocrx_word' id='word_1_874' title='bbox 2914 5227 2994 5297; x_wconf 86' lang='grc' dir='ltr'><strong>ϐ).</strong></span> <span class='ocrx_word' id='word_1_875' title='bbox 3029 5225 3356 5282; x_wconf 83' lang='lat' dir='ltr'><strong>Manducare</strong></span> <span class='ocrx_word' id='word_1_876' title='bbox 3402 5225 3550 5281; x_wconf 88' lang='lat' dir='ltr'><strong>enim</strong></span> <span class='ocrx_word' id='word_1_877' title='bbox 3582 5235 3640 5282; x_wconf 91' lang='lat' dir='ltr'><strong>et</strong></span> <span class='ocrx_word' id='word_1_878' title='bbox 3679 5223 3865 5283; x_wconf 66' lang='lat' dir='ltr'><strong>bibere.</strong></span> 
     </span>
    </p>
   </div>
   <div class='ocr_carea' id='block_1_113' title="bbox 2291 5316 3867 5389">
    <p class='ocr_par' dir='ltr' id='par_1_113' title="bbox 2291 5316 3867 5389">
     <span class='ocr_line' id='line_1_114' title="bbox 2291 5316 3867 5389; baseline -0.008 -11"><span class='ocrx_word' id='word_1_879' title='bbox 2291 5331 2346 5378; x_wconf 87' lang='lat' dir='ltr'><strong>et</strong></span> <span class='ocrx_word' id='word_1_880' title='bbox 2369 5339 2456 5377; x_wconf 69' lang='lat' dir='ltr'><strong>res</strong></span> <span class='ocrx_word' id='word_1_881' title='bbox 2491 5322 2676 5376; x_wconf 75' lang='lat' dir='ltr'><strong>rutundi</strong></span> <span class='ocrx_word' id='word_1_882' title='bbox 2721 5336 2935 5386; x_wconf 82' lang='lat' dir='ltr'><strong>curare,</strong></span> <span class='ocrx_word' id='word_1_883' title='bbox 2966 5337 3150 5377; x_wconf 86' lang='lat' dir='ltr'><strong>nonne</strong></span> <span class='ocrx_word' id='word_1_884' title='bbox 3179 5321 3392 5376; x_wconf 85' lang='lat' dir='ltr'><strong>vanitas</strong></span> <span class='ocrx_word' id='word_1_885' title='bbox 3423 5331 3506 5377; x_wconf 89' lang='lat' dir='ltr'><strong>est</strong></span> <span class='ocrx_word' id='word_1_886' title='bbox 3527 5321 3551 5373; x_wconf 86' lang='lat'><strong>?</strong></span> <span class='ocrx_word' id='word_1_887' title='bbox 3575 5320 3646 5374; x_wconf 87' lang='lat' dir='ltr'><strong>Et</strong></span> <span class='ocrx_word' id='word_1_888' title='bbox 3674 5316 3867 5389; x_wconf 83' lang='lat' dir='ltr'><strong>prodest</strong></span> 
     </span>
    </p>
   </div>
   <div class='ocr_carea' id='block_1_114' title="bbox 2292 5407 3865 5488">
    <p class='ocr_par' dir='ltr' id='par_1_114' title="bbox 2292 5407 3865 5488">
     <span class='ocr_line' id='line_1_115' title="bbox 2292 5407 3865 5488; baseline -0.006 -16"><span class='ocrx_word' id='word_1_889' title='bbox 2292 5427 2472 5472; x_wconf 88' lang='lat' dir='ltr'><strong>tamen</strong></span> <span class='ocrx_word' id='word_1_890' title='bbox 2499 5416 2610 5486; x_wconf 90' lang='lat' dir='ltr'><strong>ipsa</strong></span> <span class='ocrx_word' id='word_1_891' title='bbox 2643 5416 2890 5482; x_wconf 87' lang='lat' dir='ltr'><strong>vanitas;</strong></span> <span class='ocrx_word' id='word_1_892' title='bbox 2922 5415 3135 5488; x_wconf 85' lang='lat' dir='ltr'><strong>proﬁcit</strong></span> <span class='ocrx_word' id='word_1_893' title='bbox 3161 5417 3304 5472; x_wconf 88' lang='lat' dir='ltr'><strong>enim</strong></span> <span class='ocrx_word' id='word_1_894' title='bbox 3332 5416 3648 5471; x_wconf 88' lang='lat' dir='ltr'><strong>hominibus</strong></span> <span class='ocrx_word' id='word_1_895' title='bbox 3670 5412 3800 5469; x_wconf 87' lang='lat' dir='ltr'><strong>natis</strong></span> <span class='ocrx_word' id='word_1_896' title='bbox 3821 5407 3865 5462; x_wconf 88' lang='lat' dir='ltr'><strong>in</strong></span> 
     </span>
    </p>
   </div>
   <div class='ocr_carea' id='block_1_115' title="bbox 2294 5598 3864 5674">
    <p class='ocr_par' dir='ltr' id='par_1_115' title="bbox 2294 5598 3864 5674">
     <span class='ocr_line' id='line_1_116' title="bbox 2294 5598 3864 5674; baseline -0.003 -20"><span class='ocrx_word' id='word_1_897' title='bbox 2294 5599 2413 5674; x_wconf 80' lang='lat' dir='ltr'><strong>alii.</strong></span> <span class='ocrx_word' id='word_1_898' title='bbox 2446 5598 2652 5674; x_wconf 77' lang='lat' dir='ltr'><strong>liberari</strong></span> <span class='ocrx_word' id='word_1_899' title='bbox 2677 5615 2708 5653; x_wconf 78' lang='grc' dir='ltr'><strong><em>η</em></strong></span> <span class='ocrx_word' id='word_1_900' title='bbox 2736 5601 2978 5655; x_wconf 77' lang='lat' dir='ltr'><strong>servitute</strong></span> <span class='ocrx_word' id='word_1_901' title='bbox 3001 5601 3368 5674; x_wconf 79' lang='lat' dir='ltr'><strong>corruptionis,</strong></span> <span class='ocrx_word' id='word_1_902' title='bbox 3397 5609 3445 5654; x_wconf 80' lang='lat' dir='ltr'><strong>et</strong></span> <span class='ocrx_word' id='word_1_903' title='bbox 3473 5615 3679 5674; x_wconf 81' lang='lat' dir='ltr'><strong>cessare</strong></span> <span class='ocrx_word' id='word_1_904' title='bbox 3717 5613 3747 5650; x_wconf 79' lang='grc' dir='ltr'><em>α</em></span> <span class='ocrx_word' id='word_1_905' title='bbox 3772 5606 3864 5674; x_wconf 72' lang='lat' dir='ltr'><strong>scr-</strong></span> 
     </span>
    </p>
   </div>
   <div class='ocr_carea' id='block_1_116' title="bbox 2293 5665 3865 5740">
    <p class='ocr_par' dir='ltr' id='par_1_116' title="bbox 2293 5665 3865 5740">
     <span class='ocr_line' id='line_1_117' title="bbox 2293 5665 3865 5740; baseline -0.006 -15"><span class='ocrx_word' id='word_1_906' title='bbox 2293 5671 2442 5735; x_wconf 82' lang='lat' dir='ltr'><strong>vitio,</strong></span> <span class='ocrx_word' id='word_1_907' title='bbox 2476 5671 2858 5740; x_wconf 82' lang='lat' dir='ltr'><strong>quidam....et</strong></span> <span class='ocrx_word' id='word_1_908' title='bbox 2903 5677 3122 5728; x_wconf 81' lang='lat' dir='ltr'><strong>cessaret</strong></span> <span class='ocrx_word' id='word_1_909' title='bbox 3158 5665 3220 5726; x_wconf 68' lang='lat' dir='ltr'><strong>in</strong></span> <span class='ocrx_word' id='word_1_910' title='bbox 3277 5673 3441 5731; x_wconf 82' lang='lat' dir='ltr'><strong>uitio:</strong></span> <span class='ocrx_word' id='word_1_911' title='bbox 3491 5672 3614 5725; x_wconf 88' lang='lat' dir='ltr'><strong>cod.</strong></span> <span class='ocrx_word' id='word_1_912' title='bbox 3671 5665 3865 5723; x_wconf 83' lang='lat' dir='ltr'><strong>tandem</strong></span> 
     </span>
    </p>
   </div>
   <div class='ocr_carea' id='block_1_117' title="bbox 2295 5739 3864 5872">
    <p class='ocr_par' dir='ltr' id='par_1_117' title="bbox 2295 5739 3864 5872">
     <span class='ocr_line' id='line_1_118' title="bbox 2295 5739 3864 5816; baseline -0.007 -18"><span class='ocrx_word' id='word_1_913' title='bbox 2295 5742 2489 5808; x_wconf 87' lang='lat' dir='ltr'><strong>Corb.,</strong></span> <span class='ocrx_word' id='word_1_914' title='bbox 2513 5741 2722 5796; x_wconf 80' lang='lat' dir='ltr'><strong>liberari</strong></span> <span class='ocrx_word' id='word_1_915' title='bbox 2743 5743 2806 5797; x_wconf 83' lang='lat' dir='ltr'><strong>ab</strong></span> <span class='ocrx_word' id='word_1_916' title='bbox 2837 5744 3014 5815; x_wconf 72' lang='lat' dir='ltr'><strong>ofﬁcio</strong></span> <span class='ocrx_word' id='word_1_917' title='bbox 3037 5744 3314 5812; x_wconf 72' lang='lat' dir='ltr'><strong>servitutis,</strong></span> <span class='ocrx_word' id='word_1_918' title='bbox 3335 5751 3383 5799; x_wconf 83' lang='lat' dir='ltr'><strong>st</strong></span> <span class='ocrx_word' id='word_1_919' title='bbox 3411 5759 3654 5816; x_wconf 77' lang='lat' dir='ltr'><strong>pausare.</strong></span> <span class='ocrx_word' id='word_1_920' title='bbox 3675 5739 3864 5797; x_wconf 83' lang='lat' dir='ltr'><strong>Thuan.</strong></span> 
     </span>
     <span class='ocr_line' id='line_1_119' title="bbox 2298 5813 2733 5872; baseline -0.002 -2"><span class='ocrx_word' id='word_1_921' title='bbox 2298 5813 2494 5872; x_wconf 83' lang='lat' dir='ltr'><strong>addit..</strong></span> <span class='ocrx_word' id='word_1_922' title='bbox 2526 5813 2581 5867; x_wconf 80' lang='lat' dir='ltr'><strong>in</strong></span> <span class='ocrx_word' id='word_1_923' title='bbox 2610 5815 2733 5872; x_wconf 79' lang='lat' dir='ltr'><strong>otio.</strong></span> 
     </span>
    </p>
   </div>
   <div class='ocr_carea' id='block_1_118' title="bbox 2458 5852 2733 5876">
    <p class='ocr_par' dir='ltr' id='par_1_118' title="bbox 2458 5852 2733 5876">
     <span class='ocr_line' id='line_1_120' title="bbox 2458 5852 2733 5876; baseline 0.015 -11"><span class='ocrx_word' id='word_1_924' title='bbox 2458 5852 2494 5876; x_wconf 65' lang='grc' dir='ltr'><strong>θ’</strong></span> <span class='ocrx_word' id='word_1_925' title='bbox 2528 5852 2581 5867; x_wconf 73' lang='grc' dir='ltr'><strong>ΙΙ.</strong></span> <span class='ocrx_word' id='word_1_926' title='bbox 2611 5852 2733 5872; x_wconf 69' lang='grc' dir='ltr'><strong>νυννο</strong></span> 
     </span>
    </p>
   </div>
  </div>
