4082 6306
241 359 358 422 128

1118 347 1630 413 COMMENTARIA
1669 353 1734 410 ΙΝ
1777 351 2166 413 EPISTOLMI
2214 353 2302 411 AD
2343 345 2691 414 ROMANOS.

3457 353 3562 412 126

240 477 481 543 mundo,
514 486 573 534 ut
602 489 698 548 per
736 475 852 532 huic
875 476 926 529 in
961 473 1280 546 corporibus
1323 468 1857 538 exercitati,discant
1883 471 1934 535 Α
1961 472 2109 527 dium
2140 488 2155 538 ;
2189 481 2245 527 et
2304 471 2348 526 si
2401 471 2505 528 hoc
2541 484 2563 512 ο
2592 472 2827 543 positum
2863 472 3024 530 fuerit
3056 514 3070 541 ,
3123 481 3241 528 arte
3273 485 3368 526 sua
3418 472 3562 538 inter

239 573 578 644 mysterium
601 569 898 626 Creatoris.
931 567 1012 623 Ad
1033 563 1497 636 comparationem
1524 563 1670 619 enim
1697 571 1858 620 aiter-

242 679 448 721 norum
468 679 604 720 vana
626 672 752 719 sunt
777 679 792 728 ;
819 677 941 717 nam
964 661 1018 717 in
1039 675 1138 716 suo
1162 659 1307 717 bona
1327 666 1479 729 sunt,
1508 659 1710 730 quippe
1730 671 1854 714 cum

241 759 362 815 sint
393 760 731 816 necessaria.

319 850 510 923 (Vers.
534 850 653 923 21.)
683 851 792 908 Sed
835 858 1050 922 propter
1088 863 1205 904 eum
1233 847 1323 918 qui
1367 847 1586 918 subjecit
1629 846 1777 901 illam
1800 846 1856 900 in

244 959 366 1016 spe.
391 944 526 1013 Qum
555 958 682 1016 spes
711 944 804 1010 sit,
834 944 1016 999 statim
1043 941 1295 1012 subjecit,
1323 941 1514 998 dicens
1545 955 1558 992 :
1590 939 1853 1008 Quoniam

243 1048 300 1093 et
339 1039 461 1107 ipsa
515 1049 749 1094 creatura
779 1037 1080 1093 liberabitur
1109 1053 1140 1090 a
1169 1037 1412 1091 servitute
1462 1034 1770 1106 corruptela
1797 1034 1853 1088 in

246 1132 551 1188 libertatem
577 1132 757 1204 gloria:
777 1133 1006 1203 ﬁliorum
1034 1129 1150 1185 Dei.
1180 1129 1446 1198 Quoniam
1469 1126 1854 1184 contradicere

250 1245 366 1285 non
421 1237 604 1300 potest
652 1238 900 1284 creatura
939 1226 1209 1282 conditori
1234 1239 1354 1290 suo,
1386 1225 1502 1295 ejus
1530 1237 1690 1280 causa
1720 1223 1852 1278 sub-

241 1324 396 1394 jecta
424 1331 509 1378 est
533 1336 638 1376 non
669 1321 789 1376 sine
825 1335 943 1391 spe.
979 1320 1152 1375 liabet
1203 1319 1347 1374 enim
1379 1318 1432 1372 in
1463 1317 1647 1373 labore
1677 1317 1850 1388 posita

249 1417 360 1473 hoc
386 1417 665 1482 solatium,
685 1415 943 1487 quoniam
971 1413 1197 1470 habebit
1235 1413 1499 1484 requiem,
1528 1427 1649 1468 cum
1681 1409 1858 1466 credi-

245 1509 435 1566 derint
477 1523 698 1574 omnes,
751 1520 888 1578 quos
926 1507 1032 1563 scit
1074 1506 1219 1562 Deus
1247 1503 1589 1570 credituros;
1622 1517 1854 1576 quorum

247 1605 417 1658 etiam
443 1615 609 1658 causa
636 1600 889 1670 subjecit.

321 1693 511 1767 (Vers.
541 1692 661 1764 92.)
687 1692 895 1748 Scimus
925 1691 1063 1746 enim
1083 1690 1220 1762 quod
1259 1689 1424 1745 omnis
1449 1696 1688 1744 creatura
1710 1689 1857 1759 inge-

249 1790 426 1844 miscit
467 1799 515 1843 et
563 1788 785 1858 parturit
813 1802 977 1858 usque
997 1785 1188 1840 adhuc.
1218 1783 1496 1840 Parturire
1527 1781 1714 1838 dolere
1743 1790 1849 1836 est.

1959 569 2113 640 ipsos
2143 583 2436 640 germanos
2451 567 2926 624 lacitdiscordiam
2959 587 2973 636 ;
3005 577 3064 625 ut
3094 578 3325 641 quatuor
3353 569 3560 639 angulis

1963 663 2174 733 pulsata
2230 661 2429 718 domus
2459 703 2475 727 ,
2526 673 2591 716 ex
2653 663 2835 734 aliqua
2902 673 3057 734 parte
3105 660 3269 719 iaciat
3315 663 3554 718 ruinam.

1960 755 2190 826 Propter
2217 755 2363 826 quod
2393 771 2500 810 uno
2523 753 2757 811 consilio
2795 754 3110 825 fugiendum
3145 763 3232 810 est
3258 755 3386 810 hinc
3414 753 3561 808 chri—

1959 849 2180 913 stianls;
2201 847 2510 919 exemplum
2542 848 2686 901 enim
2716 845 2918 901 debent
2941 846 3096 918 sequi
3131 845 3304 902 sancti
3344 845 3557 902 Simeo-

1961 943 2067 1010 nis,
2095 943 2184 1014 qui
2227 943 2408 999 sciens
2435 942 2641 998 bellum
2676 941 2764 996 hic
2787 942 2902 1012 geri
2929 950 3125 997 contra
3157 941 3467 1012 perﬁdiam,
3498 941 3551 996 in

1962 1051 2092 1107 pace
2126 1035 2325 1092 dimitti
2354 1051 2413 1093 se
2442 1034 2738 1107 postulavit
2765 1033 2919 1108 (Luc.
2943 1033 3266 1106 n,‘29).lloc
3297 1043 3379 1091 est
3411 1033 3554 1106 quod

1959 1131 2154 1201 singuli
2187 1140 2409 1187 orantes
2439 1145 2537 1201 pro
2576 1130 2834 1186 omnibus
2866 1144 3112 1194 oramus,
3140 1136 3203 1184 ut
3242 1131 3427 1185 veniat
3471 1145 3558 1186 re-

1958 1240 2121 1296 gnum
2151 1223 2246 1281 Dei
2273 1223 2492 1295 (Matth.
2537 1240 2610 1286 vi,
2642 1222 2733 1294 10)
2767 1239 2781 1289 ;
2817 1233 2945 1278 tunc
2973 1222 3122 1279 enim
3172 1217 3279 1278 erit
3304 1220 3557 1278 liberatis

1958 1321 2206 1390 corporis
2251 1321 2450 1387 nostri,
2483 1320 2535 1374 id
2565 1327 2673 1387 est,
2699 1318 2942 1374 omnium
2995 1316 3421 1374 Christianorum
3454 1335 3468 1369 :
3499 1317 3555 1373 in

1958 1427 2187 1482 corpore
2209 1412 2352 1467 enim
2383 1426 2572 1468 omnes
2628 1410 2978 1482 signiﬁcavit,
3030 1412 3153 1481 quia
3196 1423 3385 1465 sumus
3415 1407 3558 1466 alter

1960 1504 2183 1560 alterius
2207 1505 2473 1560 membra.
2517 1504 2821 1575 Apostolus
2861 1503 3082 1576 quidem
3108 1503 3261 1574 quasi
3292 1503 3376 1558 vir
3419 1502 3557 1560 divi-

1961 1612 2063 1654 nus
2094 1598 2233 1654 bene
2262 1597 2431 1654 sentit
2452 1597 2520 1654 de
2550 1597 2942 1666 nobis,dicens
2969 1597 3095 1668 quia
3126 1597 3555 1668 ingemiscimus,

1961 1699 2019 1746 ut
2040 1692 2164 1747 hinc
2194 1690 2521 1758 liberemur,
2567 1690 2710 1747 sicut
2755 1699 2812 1746 et
2859 1688 3251 1762 ingemiscebat
3295 1688 3557 1746 Simeou:

1961 1784 2054 1839 scd
2084 1784 2244 1840 video
2274 1785 2643 1840 oblectatione
2672 1782 2861 1838 mundi
2905 1797 3005 1837 nos
3035 1781 3238 1838 teneri.
3263 1780 3432 1853 igitur
3463 1797 3559 1852 per

247 1884 374 1956 Ipse
401 1897 599 1939 sensus
635 1890 742 1949 est,
771 1882 896 1952 quia
939 1882 1119 1936 omnis
1175 1887 1424 1936 creatura
1457 1892 1558 1949 per
1591 1876 1854 1948 quotidia-
1885 1878 1931 1938 Β
1961 1875 2078 1932 hinc
2103 1889 2226 1947 quae
2253 1891 2416 1948 supra
2446 1877 2591 1932 dicta
2619 1883 2769 1944 sunt,
2803 1875 3050 1933 ostendit
3076 1891 3238 1948 quam
3269 1876 3377 1932 vim
3407 1891 3554 1932 crea-

250 1992 385 2033 num
412 1976 660 2032 laborem
686 1974 995 2045 ingemiseit
1015 1983 1070 2030 et
1097 1972 1247 2028 dolet
1265 1986 1438 2042 usque
1467 1969 1650 2026 modo.
1673 1969 1856 2040 Usque

139 2099 154 2106 -
253 2070 419 2127 modo
450 2066 659 2124 tamdiu
689 2067 987 2139 signiﬁcat,
1015 2066 1274 2131 quamdiu
1297 2065 1514 2134 legitur.
1545 2063 1664 2134 Ipsa
1707 2063 1855 2119 enim

254 2163 530 2220 elementa
554 2175 680 2217 cum
726 2159 1102 2217 sollicitudine
1127 2174 1323 2232 operas
1373 2173 1500 2214 suas
1549 2157 1854 2223 exhibent;

259 2257 388 2328 quia
416 2264 472 2311 et
494 2256 656 2310 solet
686 2256 810 2310 luna
852 2270 962 2310 non
990 2255 1109 2310 sine
1135 2255 1327 2310 labore
1355 2262 1554 2309 statuta
1606 2252 1709 2308 sibi
1750 2254 1855 2308 im-

269 2349 420 2420 plent
462 2347 654 2420 spatia,
687 2356 743 2404 et
774 2347 997 2419 spiritus
1053 2347 1368 2403 animalium
1423 2361 1624 2416 magno
1652 2347 1858 2418 gemitu

267 2451 482 2498 artatur
502 2441 567 2497 ad
584 2441 892 2497 exhibenda
922 2442 1152 2498 servitia
1179 2459 1193 2508 ;
1223 2455 1344 2495 nam
1369 2438 1624 2496 videmus
1645 2439 1736 2496 illa
1764 2454 1859 2512 ge-

265 2538 466 2592 mentia
513 2536 630 2607 cogi
672 2536 844 2591 invita
883 2536 951 2591 ad
1002 2536 1268 2592 laborem.
1321 2535 1448 2591 Haec
1503 2548 1636 2606 ergo
1675 2535 1858 2591 omnia

259 2637 584 2701 exspectant
607 2629 880 2702 requiem,
913 2638 974 2685 ut
1003 2646 1032 2685 a
1065 2629 1252 2686 servili
1305 2644 1472 2702 opere
1531 2629 1854 2686 liberentur.

255 2722 315 2780 Si
345 2734 531 2779 autem
572 2721 690 2777 haec
715 2730 862 2778 esset
887 2722 1145 2787 servitus,
1170 2736 1294 2794 quae
1329 2722 1397 2777 ad
1422 2722 1592 2777 Deum
1624 2723 1857 2792 proﬁce.

257 2825 345 2872 ret
389 2816 838 2886 promerendum,
864 2815 1152 2888 gauderet,
1182 2831 1289 2872 non
1318 2815 1533 2872 doleret
1558 2826 1810 2871 creatura
1839 2832 1854 2870 t

255 2909 355 2964 sed
389 2911 515 2979 quia
545 2911 719 2965 nostri
751 2922 916 2964 causa
951 2909 1192 2980 subjecta
1225 2917 1312 2965 est
1339 2909 1590 2964 servituti
1622 2923 1856 2979 corrup-

255 3001 446 3064 tionis,
471 3000 812 3056 dolet.Vidct
841 3001 989 3056 enim
1017 3001 1262 3072 quotidie
1287 3015 1449 3071 opera
1473 3016 1569 3055 sua
1600 3001 1856 3067 interire;

251 3093 504 3164 quotidie
555 3094 699 3148 enim
733 3094 961 3149 Ioritur
1007 3103 1062 3148 et
1107 3093 1314 3148 occidit
1340 3108 1477 3164 opus
1524 3094 1662 3163 ejus.
1690 3093 1859 3150 Recte

251 3200 390 3256 ergo
417 3184 590 3253 dolet,
614 3185 769 3256 cujus
813 3184 1058 3256 operatio
1099 3201 1206 3241 non
1235 3185 1303 3241 ad
1331 3188 1697 3242 attarnitatem
1724 3203 1853 3258 per-

1959 1979 2079 2026 tura
2111 1971 2347 2040 patiatur
2384 1972 2557 2027 nostri
2588 1983 2791 2037 causa;
2823 1987 2946 2027 cum
2988 1970 3203 2041 quando
3232 1985 3332 2026 nos
3361 1971 3559 2040 quibus

1958 2062 2284 2135 obsequium
2311 2063 2433 2136 ejus
2462 2064 2702 2136 prolicit,
2729 2065 2933 2135 quique
2977 2064 3072 2120 Dei
3104 2063 3364 2132 Spiritum
3407 2062 3559 2132 adju-

1961 2165 2133 2212 torem
2163 2157 2452 2224 habemus,
2499 2155 2939 2228 ingemiscimus,
2974 2165 3034 2212 ut
3087 2156 3213 2212 hinc
3237 2156 3557 2224 liberemur,

1961 2261 2022 2306 ut
2071 2252 2336 2322 promissa
2383 2265 2788 2323 consequamur
2837 2250 3086 2322 praemia.
3143 2250 3356 2318 Quanto
3387 2252 3559 2320 magis

1961 2357 2092 2414 ergo
2117 2351 2368 2399 creatura
2415 2344 2745 2414 ingemiscit,
2774 2353 2898 2414 qua:
2927 2358 3103 2414 neque
3131 2342 3434 2412 adjutorcm
3463 2340 3560 2395 ha-

1961 2437 2054 2494 bet
2082 2436 2346 2506 Spiritum
2373 2447 2649 2505 sanctum,
2678 2450 2856 2508 neque
2881 2437 2933 2491 in
2958 2451 3056 2492 sua
3087 2449 3250 2491 causa
3297 2435 3515 2490 laborat
3540 2451 3555 2489 :

1959 2529 2146 2585 addito
2169 2529 2294 2595 hoc,
2319 2528 2466 2599 quod
2497 2541 2563 2585 ea
2592 2541 2712 2599 qua!
2743 2529 2935 2584 labore
2965 2541 3067 2584 suo
3089 2535 3338 2599 generat.
3371 2536 3430 2580 ut
3455 2526 3558 2579 ali-

1959 2625 2157 2681 mentis
2201 2639 2485 2681 sorvorum
2531 2621 2630 2680 Dei
2679 2623 2995 2695 proﬁciant,
3051 2631 3245 2679 contra
3298 2621 3381 2677 fas
3411 2621 3560 2680 videt

1961 2717 2125 2773 idolis
2149 2718 2446 2773 immolari!
2483 2717 2640 2773 Unde
2693 2717 2815 2788 plus
2844 2716 3014 2782 dolet,
3049 2726 3105 2772 et
3129 2725 3279 2787 optat
3306 2716 3464 2772 citius
3493 2716 3559 2772 li-

1961 2812 2165 2879 berari,
2198 2811 2310 2884 ’16
2343 2810 2528 2868 sciens
2571 2808 2674 2866 hoc
2720 2813 2786 2865 ad
2819 2809 3072 2880 iujuriam
3103 2810 3368 2880 proﬁcere
3394 2809 3551 2864 Crea~

1961 2905 2119 2960 toris.

2034 2997 2220 3069 (Vera.
2245 2997 2365 3070 ξι.)
2390 2997 2497 3070 Spe
2523 2997 2658 3052 enim
2681 2995 2866 3051 saluati
2889 3011 3090 3050 sumus.
3117 2994 3230 3051 Hoc
3249 2993 3401 3060 dicit,
3431 2984 3556 3066 quia

1962 3092 2237 3162 sperando
2264 3089 2408 3162 quod
2440 3087 2694 3161 promisit
2720 3087 2866 3144 Deus
2905 3087 2957 3143 in
2987 3086 3230 3152 Christo,
3265 3087 3424 3142 nobis
3448 3101 3561 3141 ine-

1962 3189 2126 3241 ritum
2187 3185 2436 3253 fecimus,
2470 3192 2529 3238 ut
2588 3183 2901 3239 liberemur.
2933 3181 3076 3252 Ergo
3110 3183 3162 3237 in
3191 3196 3290 3254 spe
3342 3181 3558 3238 liberati

252 3277 540 3343 tinet,sed
558 3274 1930 3352 adcorruptioneanuantumergodaturintel-C
1963 3283 2350 3355 sumus;quia
2401 3297 2507 3338 nou
2560 3279 2708 3335 aliud
2754 3278 2995 3334 futurum
3045 3287 3176 3346 est,
3226 3293 3388 3349 quam
3438 3291 3558 3332 cre-

249 3372 374 3443 ligi,
400 3371 542 3426 satis
567 3371 638 3427 de
667 3380 856 3428 nostra
880 3372 1056 3426 salute
1085 3372 1320 3428 sollicita
1352 3384 1500 3442 sunt,
1523 3375 1760 3431 scientes
1789 3375 1855 3430 ad

246 3467 641 3522 liberationem
691 3481 846 3521 suam
880 3466 1146 3536 proﬁcere
1177 3468 1464 3532 maturius,
1498 3469 1539 3522 si
1571 3468 1732 3524 modo
1759 3483 1856 3524 nos

247 3561 417 3616 citius
469 3575 832 3631 agnoscamus
875 3569 1179 3616 auctorem.
1213 3561 1340 3616 Haec
1388 3561 1568 3631 itaque
1599 3563 1854 3629 scientes,

243 3653 403 3708 omni
425 3665 556 3708 cura
578 3651 974 3723 diligentiaque
994 3653 1189 3725 dignos
1213 3669 1316 3708 nos
1346 3655 1710 3726 praebeamus,
1736 3655 1857 3710 aliis

241 3762 472 3818 quoque
501 3754 564 3801 ut
583 3746 839 3818 exemplo
869 3747 1067 3814 simus,
1099 3763 1208 3804 non
1255 3759 1446 3804 nostra
1476 3749 1648 3803 solum
1694 3748 1859 3806 mise-

244 3839 478 3896 ratione
503 3839 792 3905 commoti,
836 3839 934 3896 sed
965 3851 1019 3896 et
1068 3842 1184 3911 ejus
1215 3855 1376 3897 causa
1422 3857 1543 3911 qua
1573 3840 1766 3896 diebus
1795 3855 1858 3896 ac

243 3933 518 3990 noctibus
547 3933 773 4005 injurias
805 3935 1020 4006 patiens
1065 3936 1408 4007 ingemiseit;
1443 3938 1683 3992 solemus
1711 3936 1854 3992 enim

239 4026 297 4082 in
323 4025 536 4082 alienis
565 4028 748 4083 causis
773 4029 1102 4100 propensius
1130 4028 1373 4100 vigilare.

317 4122 512 4195 (Vere.
540 4121 660 4194 23.)
694 4121 820 4178 Non
849 4124 1018 4178 solum
1069 4135 1242 4180 autem
1285 4127 1402 4192 illa,
1434 4127 1526 4181 sed
1573 4135 1621 4181 et
1653 4142 1746 4182 nos
1766 4127 1856 4197 qui

237 4215 642 4287 receptaculum
674 4214 907 4286 Spiritus
939 4216 1207 4284 habemus,
1237 4234 1331 4272 nos
1360 4220 1459 4290 ipsi
1490 4220 1630 4274 intra
1658 4231 1855 4276 nosmet

237 4311 391 4379 ipsos
442 4308 860 4380 ingemiseintus,
909 4318 1264 4380 exspectantes
1290 4311 1692 4383 redemptionem
1739 4329 1855 4368 cor-

237 4404 390 4474 poris
417 4402 603 4458 uostri.
624 4401 754 4458 Post
783 4411 1092 4458 creaturam
1119 4403 1450 4460 mundanam
1469 4403 1670 4474 adjecit
1689 4407 1852 4462 etiam

240 4511 346 4551 nos
382 4496 490 4550 hoc
542 4504 884 4566 exspectare,
943 4504 1000 4554 et
1056 4496 1425 4569 ingemiscere
1467 4497 1534 4552 ad
1565 4499 1758 4567 Deum,
1793 4508 1854 4555 ut

239 4589 375 4646 hinc
399 4587 704 4645 liberemur
723 4589 905 4646 cuncti
927 4588 1192 4646 destinati
1213 4590 1281 4648 ad
1301 4592 1464 4648 vitam
1491 4607 1506 4658 ;
1541 4595 1666 4663 quia
1701 4591 1849 4648 chri-

1962 3375 2162 3431 dimus.

2035 3471 2166 3543 Spes
2193 3480 2366 3526 autem
2387 3487 2503 3542 quaz
2551 3470 2776 3536 videtur,
2815 3485 2916 3524 non
2948 3477 3023 3523 est
3053 3484 3190 3537 spes.
3217 3464 3557 3522 Manifestum

1961 3573 2048 3620 est
2077 3580 2183 3620 non
2212 3581 2335 3620 esse
2363 3581 2514 3636 spem
2545 3579 2673 3635 quin
2709 3565 2949 3629 videtur,
2973 3562 3070 3619 sed
3095 3561 3248 3634 quod
3267 3575 3373 3618 non
3404 3559 3560 3615 vide-

1964 3668 2089 3714 tur:
2121 3673 2183 3713 ac
2210 3673 2306 3729 per
2335 3657 2439 3713 hoc
2490 3658 2786 3713 credentes
2819 3658 3059 3728 pravmiis
3085 3656 3353 3711 alliciendi
3400 3663 3555 3717 sunt;

1961 3753 2085 3823 quia
2119 3770 2239 3824 qua:
2271 3769 2382 3807 non
2413 3753 2620 3818 vident,
2669 3761 2912 3823 sperant.

2031 3845 2216 3918 (Vere.
2239 3845 2360 3916 ‘15.)
2397 3845 2533 3900 Nam
2562 3845 2700 3916 quod
2729 3846 2864 3898 uidet
2893 3845 3028 3914 quis,
3059 3842 3185 3913 quid
3207 3853 3374 3912 sperat
3400 3842 3425 3894 ?
3454 3840 3559 3896 Sed

1960 3940 2004 3992 si
2027 3940 2166 4009 quod
2196 3956 2296 3993 non
2319 3939 2570 4006 uidemus,
2610 3956 2899 4012 speramus,
2928 3954 3019 4009 per
3046 3936 3345 4008 patientiam
3374 3951 3557 4005 exspe-

1959 4025 2182 4086 ctam‘us.
2214 4033 2446 4088 Dubium
2482 4047 2592 4089 non
2617 4043 2697 4090 est
2739 4047 2800 4088 ea
2825 4033 3058 4102 Sperari,
3092 4045 3212 4101 qua:
3233 4045 3342 4084 non
3372 4028 3559 4084 viden-

1959 4133 2047 4181 tur
2078 4143 2092 4192 ;
2121 4136 2515 4197 exspectantur
2539 4127 2683 4183 enim
2710 4126 2914 4182 futura.
2943 4126 3070 4181 llaec
3099 4123 3435 4194 exspectatio
3465 4136 3559 4192 pa-

1961 4218 2148 4274 tientia
2173 4229 2277 4285 est,
2307 4232 2426 4292 quze
2451 4221 2678 4276 multum
2713 4230 2954 4276 meretur
2983 4235 3010 4272 a
3043 4219 3153 4274 Deo
3179 4234 3192 4281 ;
3217 4225 3277 4273 ut
3296 4217 3362 4272 de
3383 4215 3471 4271 die
3503 4215 3557 4271 in

1958 4315 2102 4370 diem
2134 4325 2464 4387 exspectans
2514 4317 2697 4386 cupiat
2728 4316 2920 4371 venire
2950 4329 3177 4385 regnum
3208 4313 3326 4378 Dei,
3357 4322 3406 4366 et
3449 4325 3556 4366 non

1958 4408 2192 4477 dubitet,
2221 4411 2346 4481 quia
2387 4409 2586 4465 tardat.

2027 4504 2212 4576 (Vera.
2240 4503 2361 4577 26.)
2393 4504 2652 4560 Similiter
2704 4514 2876 4560 autem
2906 4513 2952 4557 et
2981 4502 3198 4575 spiritus
3241 4500 3455 4573 adjuvat
3478 4497 3559 4553 in-

1960 4598 2254 4667 ﬁrmitatem
2274 4609 2463 4655 nostra
2493 4600 2764 4654 orationis.
2805 4598 3074 4666 Quoniam
3125 4595 3376 4665 superius
3404 4593 3559 4664 inge-

235 4686 446 4742 stianis
479 4684 715 4741 mundus
737 4684 826 4741 hic
856 4687 1084 4757 pelagus
1102 4698 1210 4743 est.
1237 4687 1391 4745 Sicut
1419 4689 1564 4743 enim
1589 4703 1741 4744 mare
1760 4688 1856 4744 ad-
1882 4691 1936 4753 D
1963 4693 2194 4749 miscere
2219 4709 2340 4760 nos,
2372 4705 2423 4750 et
2458 4695 2675 4764 precari
2709 4693 3088 4748 liberationem
3126 4686 3468 4754 memoravit,
3503 4694 3559 4742 et

235 4781 431 4837 versis
473 4782 746 4836 excitatur
799 4781 1079 4852 procellis,
1132 4781 1326 4844 insilit,
1356 4791 1413 4839 et
1463 4791 1849 4855 tempestatem

239 4872 641 4945 navigantibus
670 4872 838 4941 facit;
885 4874 957 4930 ita
989 4883 1043 4931 et
1072 4875 1332 4931 saeculum
1363 4877 1698 4947 perﬁdorum
1721 4893 1853 4935 con-

199 5045 202 5048 .
238 4967 558 5040 spiratione
611 4977 968 5036 commotum,
995 4969 1285 5040 perturbat
1314 4970 1556 5027 ﬁdelium
1584 4982 1799 5029 mentes
1833 4989 1848 5026 :

233 5075 295 5121 et
325 5073 490 5122 tanta
517 5061 837 5122 diversitate
867 5062 972 5120 hoc
1000 5066 1114 5136 agit
1137 5063 1414 5129 inimicus,
1445 5074 1503 5119 ut
1537 5067 1665 5137 quid
1697 5067 1850 5138 prius

234 5155 569 5214 evitandum
597 5154 740 5222 sit,”
774 5164 1074 5228 ignoretur.
1107 5156 1165 5212 Si
1195 5158 1342 5213 enim
1381 5166 1626 5229 potestas
1653 5158 1854 5215 desinit

234 5267 368 5308 esse
395 5251 688 5306 adversum
719 5265 838 5316 nos,
871 5252 1202 5321 privatorum
1239 5261 1450 5309 mentes
1495 5252 1773 5323 exagitat:
1804 5252 1850 5309 si

231 5357 292 5404 et
325 5346 385 5402 hi
420 5354 870 5417 compescantur,
903 5360 1003 5417 per
1047 5345 1382 5402 domesticos
1429 5346 1630 5402 conﬁat
1657 5345 1849 5402 incen-

312 5494 341 5522 ι
379 5482 513 5538 Mss.
540 5481 771 5552 aliquot.
802 5483 1022 5536 moritur
1060 5491 1107 5537 et
1134 5484 1343 5538 occidit.
1395 5483 1536 5538 Iul‘ra
1587 5497 1720 5537 vero
1763 5483 1853 5538 ubi

232 5571 363 5619 nos,
395 5555 537 5609 edit.
570 5554 799 5625 Amerb.
831 5553 1129 5625 cunctique
1184 5573 1344 5622 mss.,
1376 5558 1589 5612 scientes
1633 5555 1700 5608 ad
1732 5555 1858 5609 libe-

233 5630 505 5682 rationem
525 5641 696 5680 suam.
743 5623 940 5680 Verum
968 5623 1097 5681 huic
1127 5630 1338 5683 auctori
1369 5645 1474 5683 non
1508 5629 1611 5683 hoc
1643 5636 1854 5684 tantum

232 5701 366 5754 loco
389 5696 630 5768 contigit
659 5698 958 5766 incongrue
1003 5698 1172 5768 loqui.

307 5771 337 5809 δ
368 5770 513 5825 Tres
571 5782 709 5823 mss.
761 5769 929 5822 verbo
982 5773 1250 5841 ignoretur
1293 5771 1501 5826 addunt
1551 5785 1653 5826 non
1721 5772 1858 5828 enim

235 5841 624 5914 deﬁcit,_tmde
648 5851 891 5914 nascatur
913 5842 1196 5914 tribulatio.
1217 5843 1376 5910 Quod
1407 5853 1589 5899 autem
1645 5859 1743 5914 pro
1767 5859 1862 5914 po-

244 5925 414 5969 testas
443 5911 605 5967 Rom.
647 5911 781 5965 edit.
810 5911 1114 5982 substituit,
1147 5924 1442 5985 tempestas,
1478 5918 1578 5971 hoc
1602 5911 1711 5971 non
1746 5911 1862 5971 tan-
1897 5989 1906 5998 .

1963 4787 2016 4842 in
2041 4786 2234 4842 dolore
2262 4787 2446 4856 positi,
2492 4796 2585 4841 aut
2617 4803 2736 4856 qua:
2779 4787 2938 4856 longe
2979 4784 3159 4840 futura
3215 4783 3355 4838 dicta
3404 4789 3555 4848 sunt,

1963 4895 2086 4934 mox
2113 4878 2234 4935 ﬁeri
2259 4879 2532 4946 volumus,
2562 4890 2658 4934 aut
2685 4880 2796 4934 cito
2828 4879 2972 4944 tolli,
3004 4893 3098 4949 per
3127 4893 3250 4949 qua:
3277 4879 3342 4931 ad
3391 4874 3558 4930 meri-

1961 4983 2077 5029 tum
2121 4973 2546 5043 perveniamus;
2600 4983 2657 5029 et
2686 4973 2938 5028 videmur
2981 4972 3252 5028 imbecilla
3310 4970 3558 5025 oratione

1963 5067 2193 5139 precari,
2251 5067 2377 5122 dum
2425 5068 2503 5122 illi
2561 5067 2866 5137 denegatur
2921 5065 3169 5122 euectus.
3204 5064 3421 5120 luiirma
3475 5065 3559 5115 est

1961 5161 2128 5226 enim,
2165 5164 2255 5230 qui
2299 5171 2488 5215 contra
2522 5160 2786 5215 ratioorm
2813 5161 3053 5229 postulat
3079 5176 3092 5212 :
3117 5172 3180 5212 ac
3212 5172 3306 5226 per
3339 5155 3440 5208 hoc
3467 5153 3555 5206 in-

1962 5254 2271 5308 ﬁrmitatem
2297 5252 2434 5308 hanc
2471 5269 2498 5307 a
2522 5263 2711 5309 sancto
2740 5253 2946 5324 Spiritu
2977 5253 3104 5307 dato
3133 5249 3286 5303 nobis
3311 5245 3555 5316 adjuvari

1960 5346 2214 5401 osumdit.
2241 5345 2475 5417 Adjuvat
2498 5356 2703 5414 autem,
2727 5347 2852 5418 quia
2877 5363 2995 5418 quae
3017 5353 3250 5398 autante
3272 5347 3554 5411 petuntur,

1957 5492 2070 5537 tum
2103 5493 2291 5538 contra
2325 5491 2646 5537 caeterarum
2676 5483 3033 5549 omniumque
3078 5490 3208 5529 mss.
3257 5474 3557 5530 auctorita-

1958 5563 2065 5610 tem
2140 5563 2381 5624 pugnat,
2439 5555 2534 5608 sed
2575 5562 2632 5608 et
2681 5565 2870 5608 contra
2923 5550 3222 5624 legitimum
3279 5561 3550 5624 sensum;

1959 5619 2185 5698 potestas
2214 5619 2358 5680 cnim
2411 5625 2500 5680 hic
2550 5628 2844 5696 0pp0nitur
2876 5621 3189 5677 hominibus
3221 5619 3466 5690 privatis,
3498 5626 3558 5672 ut

1959 5699 2108 5754 locus
2139 5699 2356 5754 clamat.

2035 5780 2058 5808 ε
2095 5771 2166 5824 Ita
2199 5768 2332 5823 edit.
2367 5767 2618 5828 Amerb.,
2679 5767 2833 5820 Eras.
2881 5773 2936 5821 et
2963 5777 3096 5819 mss.
3145 5764 3392 5834 plerique
3418 5779 3441 5834 :7
3463 5760 3554 5814 alii

1961 5853 2093 5896 vero
2125 5855 2256 5897 mss.
2294 5840 2492 5908 partim
2532 5839 2793 5892 subditum
2819 5838 2997 5967 Juerit
3023 5878 3036 5901 ,
3092 5837 3292 5907 partim
3335 5833 3556 5906 sopitum

1961 5915 2144 5967 fuerit.
2173 5911 2317 5967 uuod
2348 5908 2474 5965 Gill.
2509 5919 2564 5963 ct
2595 5909 2753 5966 Rom.
2787 5925 2816 5966 e
2860 5913 2918 5966 it.
2959 5909 3339 5967 Dra’tulerunt.

1958 5915 2144 5987 fuerit,
2173 5911 2317 5982 quod
2348 5908 2474 5965 Gill.
2509 5919 2564 5963 ct
2595 5909 2753 5966 Rom.
2787 5908 2918 5967 edit.
2959 5909 3339 5980 pratulerunt.
