4120 6316
511 285 612 348 127

1477 290 1570 347 AD
1605 288 1841 348 OPERA
1878 287 2125 347 SANCTI
2168 289 2496 348 AMBROSII
2551 288 2918 348 APPENDIX.

3708 291 3820 349 1'28

507 417 670 475 quam
694 402 802 476 peti
825 402 1079 473 debeam,
1099 405 1656 473 autsuntcontraria,
1675 421 1782 461 non
1804 405 1936 462 sinit
1957 405 2094 462 ﬁeri.
2124 410 2177 470 Α
2274 405 2455 478 (Vers.
2488 406 2610 480 29.)
2657 407 2802 463 Nam
2843 425 2972 481 quos
3027 409 3306 482 prwscivit.
3337 409 3477 468 Istos
3505 423 3640 482 quos
3664 427 3822 484 pra:-

583 497 726 554 Nam
747 499 874 570 quid
899 515 1103 556 oremus
1132 501 1266 556 sicut
1296 510 1516 573 oportet,
1544 501 1815 556 nescimus.
1870 499 2103 556 Inﬁrmi-

507 600 677 649 tatem
705 593 967 651 orationis
1019 604 1222 651 nostra:
1261 597 1621 668 ignorantiam
1677 596 1987 668 signiﬁcare
2013 595 2108 653 de-

511 687 774 756 claravit;
803 688 1043 746 fallimur
1065 691 1207 746 cnim
1229 700 1483 762 putantes
1503 689 1768 764 prodesse
1792 707 1910 763 qua:
1928 689 2110 763 posci—

513 798 674 852 mus,
717 799 843 840 cum
893 800 1001 842 non
1049 787 1280 858 prosint.
1319 787 1564 860 Denique
1619 788 1796 844 eidem
1847 787 2111 860 Apostolo

512 879 677 935 tertio
723 879 1067 952 deprecanti,
1117 891 1177 937 ut
1228 883 1557 938 tentationes
1600 882 1670 938 ab
1699 899 1766 938 eo
1805 891 2110 952 cessarent,

514 972 642 1044 quia
689 973 902 1030 crebrae
949 984 1130 1044 erant,
1173 974 1376 1031 dictum
1413 991 1441 1029 a
1475 975 1706 1031 Domino
1737 985 1820 1032 est
1855 992 1868 1030 :
1901 975 2114 1047 Sufﬁcit

516 1065 607 1120 tibi
645 1066 819 1136 gratia
871 1083 1030 1133 mea;
1061 1084 1179 1122 nam
1226 1069 1386 1122 uirtus
1432 1069 1485 1122 in
1515 1068 1819 1138 inﬁrmitate
1851 1069 2114 1140 perﬁcitur

516 1159 586 1233 (ll
614 1159 739 1218 Cor.
767 1178 864 1228 stt,
894 1162 972 1236 9),
1025 1163 1078 1219 id
1122 1172 1228 1232 est,
1255 1164 1338 1220 sic
1395 1165 1650 1220 meritum
1707 1165 1827 1235 quis
1856 1164 2107 1233 collocat,

516 1255 646 1314 dum
677 1258 729 1312 in
786 1257 1234 1316 tribulationibus
1291 1259 1506 1330 patiens
1559 1259 1858 1316 invenitur.
1913 1258 2116 1316 Didicit

517 1365 649 1423 ergo
671 1362 862 1408 contra
895 1367 954 1407 se
985 1367 1111 1409 esse
1136 1351 1281 1422 quod
1307 1352 1544 1424 petebat.
1581 1351 1678 1408 Est
1723 1361 1778 1407 et
1821 1350 2117 1423 aliquando

519 1443 756 1514 superba
785 1456 839 1500 et
870 1446 1035 1501 stulta
1067 1444 1280 1517 petitio,
1317 1445 1457 1501 sicut
1484 1443 1588 1501 fuit
1633 1445 1866 1500 duorum
1898 1454 2118 1515 aposto-

521 1534 695 1592 lorum
718 1535 910 1594 Jacobi
938 1545 992 1593 et
1038 1537 1288 1605 Joannis,
1337 1537 1533 1609 quibus
1587 1538 1886 1608 incongrua
1935 1548 1990 1594 et
2017 1535 2118 1592 im-

521 1644 714 1688 mensa
763 1632 1080 1700 petentibus
1105 1632 1311 1688 dictum
1339 1643 1462 1688 est:
1497 1631 1726 1688 Nescitis
1764 1632 1888 1703 quid
1939 1631 2121 1702 petatis

523 1719 740 1792 (Matth.
767 1738 859 1787 xx,
887 1724 1004 1796 22).

2207 502 2368 559 scivit
2407 501 2621 558 futuros
2649 503 2755 558 sibi
2790 502 3041 572 devotos,
3071 503 3220 575 ipsos
3249 504 3419 576 elegit
3439 503 3507 561 ad
3536 506 3821 576 promissa

2212 595 2433 668 praemia
2463 597 2795 668 capessenda
2822 614 2836 664 ;
2885 608 2942 654 ut
2976 597 3033 654 hi
3061 600 3153 668 qui
3199 600 3426 656 credere
3452 599 3734 668 videntur,
3764 609 3826 656 et

2213 708 2320 749 non
2353 702 2677 763 permanent
2730 693 2784 749 in
2835 692 2942 750 ﬁde
2990 704 3190 764 carpta,
3221 710 3250 750 a
3282 694 3392 750 Deo
3416 694 3576 751 electi
3605 710 3827 767 negen—

2213 795 2338 852 tur;
2367 788 2491 859 quia
2515 802 2652 859 quos
2702 787 2843 844 Deus
2868 787 3053 860 elegit,
3075 788 3220 860 apud
3245 803 3304 845 se
3333 797 3684 860 permanent.
3715 789 3824 845 Est

2213 881 2360 938 enim
2385 883 2478 954 qui
2519 882 2587 937 ad
2619 890 2831 950 tempus
2875 883 3094 954 eligitur
3125 925 3139 951 ,
3182 885 3325 940 sicut
3363 883 3498 941 Saul
3523 884 3774 942 etJudas
3807 902 3822 952 ;

2217 991 2323 1031 non
2344 975 2413 1031 de
2435 976 2806 1047 pratscientia,
2833 976 2931 1032 sed
2958 977 3028 1033 de
3059 977 3321 1049 praesenti
3344 977 3579 1049 justitia.

2289 1067 2589 1140 Couformes
2650 1071 2764 1139 ﬁeri
2837 1071 3082 1140 imaginis
3143 1069 3277 1125 Filii
3345 1072 3446 1127 sui.
3515 1072 3628 1130 lloc
3689 1071 3829 1130 dicit

2216 1165 2341 1236 quia
2375 1164 2496 1220 ideo
2521 1165 2626 1236 77
2658 1165 3118 1235 prmdeStinantur
3169 1166 3222 1221 in
3253 1165 3492 1224 futurum
3530 1169 3825 1237 saeculum,

2218 1269 2280 1316 ut’
2323 1260 2532 1316 similes
2571 1259 2702 1315 ﬁant
2751 1259 2895 1315 Filio
2945 1261 3075 1328 Dei,
3134 1260 3279 1330 quod
3327 1260 3438 1332 jam
3490 1276 3655 1333 supra
3703 1276 3826 1318 me-

2220 1354 2447 1412 moravi.

2295 1445 2364 1503 Ut
2389 1448 2455 1502 sit
2481 1447 2590 1520 ipse
2632 1448 3000 1519 primogenitus
3030 1448 3084 1502 in
3125 1447 3305 1502 multis
3350 1447 3620 1519 fratribus.
3653 1447 3831 1505 Recte

2221 1543 2613 1616 primogenitus,
2641 1543 2732 1614 qui
2763 1551 2891 1598 ante
2917 1556 3132 1598 omnem
3155 1550 3460 1598 creaturam
3485 1556 3594 1598 non
3616 1539 3829 1609 factus,

2223 1637 2321 1694 sed
2369 1647 2529 1693 natus
2574 1646 2701 1693 est:
2733 1635 2802 1692 ad
2851 1636 3008 1708 cujus
3055 1636 3360 1708 exemplum
3403 1637 3543 1694 Deus
3573 1635 3832 1694 homines

2226 1733 2281 1790 in
2316 1732 2456 1789 ﬁlios
2485 1731 2589 1788 sibi
2622 1731 2882 1803 adoptare
2909 1731 3159 1802 dignatus
3187 1740 3289 1787 est.
3333 1730 3430 1786 Est
3469 1740 3526 1787 et
3554 1731 3834 1804 primogeo

596 1817 705 1872 Sed
733 1819 844 1889 ipse
890 1819 1123 1890 Spiritus
1151 1821 1377 1891 postulat
1428 1837 1523 1894 pro
1550 1821 1696 1877 nobis
1718 1823 1989 1895 gemitibus
2012 1822 2121 1878 iue-
2151 1825 2199 1885 B
2227 1828 2374 1884 nitus
2405 1827 2458 1883 in
2487 1827 2904 1898 regeneratione
2927 1825 3199 1881 Christus.
3231 1825 3326 1880 Est
3351 1835 3406 1882 et
3434 1824 3835 1898 primogenitus

523 1912 898 1968 narrabitibus.
937 1913 1054 1970 Non
1105 1913 1358 1971 humanis
1407 1915 1642 1987 eloquiis
1688 1916 1979 1988 postulare
2024 1931 2123 1987 pro

527 2004 685 2060 nobis
708 2006 906 2063 dicitur
925 2009 1163 2079 Spiritus
1187 2008 1428 2075 Domini,
1453 2008 1549 2066 sed
1564 2024 1719 2065 more
1748 2017 1959 2064 naturae
1987 2023 2122 2064 suae.

527 2095 661 2154 Cum
684 2100 828 2155 enim
858 2101 1004 2171 quod
1045 2101 1114 2157 de
1148 2103 1258 2158 Deo
1283 2111 1391 2170 est,
1425 2102 1536 2159 Deo
1565 2103 1846 2176 loquitur;
1879 2117 1946 2160 eo
1975 2118 2126 2160 more

531 2190 785 2262 loquatur
818 2210 1041 2252 necesse
1089 2207 1197 2266 est,
1229 2213 1340 2269 quo
1369 2197 1462 2255 ille
1489 2198 1752 2270 loquitur,
1789 2199 1858 2256 de
1886 2214 1994 2270 quo
2021 2207 2123 2256 est.

528 2284 701 2341 Nemo
728 2289 874 2342 enim
901 2304 1022 2344 cum
1045 2290 1164 2347 cive
1191 2305 1292 2347 suo
1322 2301 1346 2329 ιι
1375 2292 1480 2347 alia
1513 2292 1695 2365 lingua
1727 2291 1987 2364 loquitur.
2019 2291 2127 2350 Su-

531 2384 809 2455 perl‘nndit
839 2385 982 2441 enim
1033 2402 1096 2444 se
1139 2389 1394 2459 precibus
1449 2390 1653 2447 nostris
1680 2388 1923 2462 Spiritus
1969 2389 2130 2447 datus

529 2479 818 2544 liObts;ul
840 2479 1196 2550 imperitiam,
1241 2492 1298 2539 et
1345 2483 1826 2555 improvidentiam
1886 2495 2128 2541 nostram

530 2585 681 2628 motu
710 2589 808 2631 suo
831 2575 1076 2647 aperiat;
1101 2586 1154 2634 et
1177 2577 1270 2634 illa
1297 2578 1504 2635 nobisa
1527 2579 1641 2637 Deo
1668 2587 1838 2650 petat,
1860 2595 1982 2651 quae
2007 2594 2132 2650 pro-

533 2665 643 2724 sint
675 2665 860 2724 nobis.

605 2760 788 2834 (Vers.
821 2761 942 2834 27.)
991 2763 1094 2832 Qui
1142 2773 1315 2820 autem
1362 2777 1623 2822 scrutatur
1665 2768 1846 2832 corda,
1877 2769 1970 2823 scit
2005 2769 2132 2839 quid

535 2855 786 2912 desideret
826 2857 1080 2929 Spiritus,
1121 2862 1246 2932 quia
1271 2861 1557 2917 secundum
1585 2861 1751 2918 Deum
1780 2864 2011 2936 postulat
2039 2879 2134 2936 pro

534 2951 748 3006 sanctis.
799 2950 1144 3009 Manifestum
1185 2964 1268 3010 est
1294 2955 1422 3025 quia
1454 2955 1702 3023 Deo,cui
1746 2955 1883 3011 nihil
1909 2957 2131 3011 tacitum

537 3056 691 3100 estet
710 3047 1008 3115 occultum,
1035 3057 1161 3104 nota
1183 3058 1270 3104 est
1289 3051 1526 3120 precatio
1543 3050 1786 3107 omnium
1809 3052 2128 3122 spirituum;

539 3149 742 3212 quanto
792 3142 964 3214 magis
1015 3142 1247 3212 Spiritus
1278 3145 1472 3212 sancti,
1503 3146 1597 3217 qui
1649 3144 1895 3215 ejusdem
1948 3145 2136 3216 utique

2232 1931 2254 1959 ε
2284 1935 2351 1977 ex
2380 1919 2610 1976 mortuis
2637 1919 2793 1990 cujus
2823 1927 3016 1975 natura
3047 1919 3353 1991 ignoratur.
3401 1917 3466 1974 Et
3496 1917 3837 1991 primogeni-

2229 2022 2316 2068 tus
2343 2020 2466 2083 post
2495 2012 2778 2068 victoriam
2821 2010 3122 2068 ascendens
3152 2011 3208 2067 in
3255 2011 3449 2068 caelos.
3481 2010 3832 2082 Primogenio

2229 2115 2316 2163 tus
2367 2105 2529 2177 igitur
2579 2106 2632 2161 in
2681 2105 2938 2162 omnibus
2987 2103 3154 2160 frater
3203 2113 3391 2160 noster
3420 2103 3672 2182 (dicitur;
3706 2102 3833 2174 quia

2230 2199 2394 2256 homo
2441 2199 2691 2272 dignatus
2739 2207 2822 2255 est
2869 2199 3056 2254 nasci:
3087 2199 3344 2254 Dominus
3375 2212 3508 2254 vero
3535 2207 3652 2264 est;
3705 2196 3834 2267 quia

2230 2294 2375 2352 Deus
2418 2302 2604 2350 noster
2652 2300 2758 2362 est,
2809 2293 2951 2349 sicut
2999 2292 3134 2348 dicit
3179 2292 3443 2364 propheta
3477 2291 3830 2350 Hieremias:

2233 2387 2336 2444 Hic
2379 2399 2455 2444 est
2506 2388 2644 2443 Deus
2691 2397 2887 2456 uoster,
2919 2383 3069 2460 {nec
3094 2395 3364 2458 reputatur
3393 2386 3530 2443 alius
3558 2388 3750 2457 absque
3778 2402 3835 2442 eo

2233 2483 2454 2556 (Barac.
2479 2499 2560 2552 tn,
2591 2482 2706 2556 56).

2306 2577 2491 2648 (Vers.
2514 2576 2632 2647 50.)
2666 2575 2809 2644 Quos
2835 2584 3008 2631 autem
3036 2575 3442 2648 praedestinavit,
3467 2575 3590 2631 illos
3613 2585 3661 2630 et
3686 2591 3837 2630 uoca-

2232 2672 2322 2727 vit.
2361 2670 2565 2728 Vocare
2589 2679 2671 2726 est
2696 2669 3022 2740 cogitantem
3045 2668 3114 2726 de
3135 2668 3241 2725 ﬁde
3262 2669 3542 2740 adjuvare,
3568 2677 3663 2724 aut
3689 2682 3836 2724 com-

2237 2781 2478 2838 pungere
2521 2780 2666 2829 eum,
2717 2780 2878 2837 quem
2921 2763 3058 2820 sciat
3103 2762 3313 2819 audire.
3342 2762 3412 2818 Et
3449 2778 3574 2834 quos
3613 2762 3834 2827 vocavit,

2233 2861 2378 2933 ipsos
2423 2871 2468 2916 et
2500 2860 2810 2932 justiﬁcavit
2840 2876 2859 2914 :
2893 2876 3021 2932 quos
3069 2868 3240 2914 autem
3275 2858 3599 2930 justiﬁcavit,
3647 2858 3745 2912 hos
3788 2865 3837 2910 et

2235 2954 2601 3026 magni/icavit.
2641 2952 2753 3009 Hoc
2787 2953 2919 3010 dicit
2944 2951 3087 3025 quod
3134 2966 3325 3024 supra,
3367 2952 3492 3023 quia
3523 2965 3660 3023 quos
3693 2964 3838 3022 pra:-

2237 3046 2396 3102 scivit
2423 3048 2561 3103 Deus
2591 3056 2749 3118 aptos
2771 3045 2896 3113 sibi,
2931 3046 2984 3102 lii
3009 3045 3299 3103 credentes
3324 3054 3668 3116 permanent,
3713 3044 3838 3116 quia

2239 3141 2399 3196 aliter
2427 3140 2540 3196 ﬁeri
2565 3155 2670 3196 non
2694 3149 2896 3211 potest,
2920 3139 3022 3194 nisi
3043 3152 3180 3210 quos
3206 3137 3476 3208 pricscivit
3499 3137 3666 3203 Deus,
3691 3137 3839 3208 ipsos

538 3236 864 3291 substantia:
885 3245 992 3302 est,
1015 3246 1070 3292 et
1099 3238 1340 3308 loquitur
1367 3255 1475 3294 non
1507 3240 1740 3310 impulsu
1765 3241 1925 3306 aeris,
1959 3255 2135 3309 neque
2163 3227 2208 3290 C
2239 3245 2295 3291 et
2319 3233 2636 3306 jttstilicavit
2669 3252 2680 3287 :
2717 3249 2780 3290 ac
2821 3247 2921 3304 per
2950 3233 3055 3288 hoc
3099 3241 3152 3287 et
3199 3229 3562 3302 magniﬁcavit
3608 3228 3754 3296 illos,
3785 3233 3841 3283 ut

540 3338 600 3382 ut
640 3329 962 3399 angeli,aut
1007 3331 1146 3388 sicut
1201 3343 1401 3388 caetera
1429 3349 1494 3388 ex
1543 3335 1830 3403 creaturis,
1861 3334 1958 3391 sed
2001 3335 2140 3390 sicut

540 3421 804 3492 competit
824 3423 946 3492 ejus
973 3423 1279 3481 divinitati!
1309 3426 1421 3481 Deo
1447 3441 1578 3496 ergo
1607 3427 1872 3498 loquitur,
1891 3443 2013 3482 cum
2043 3443 2138 3482 no-

542 3512 626 3569 bis
657 3523 842 3571 tacere
867 3517 1125 3584 videtur;
1152 3520 1282 3590 quia
1303 3531 1359 3577 et
1381 3520 1552 3590 videt,
1584 3536 1706 3578 cum
1737 3537 1845 3578 non
1869 3522 2138 3590 videatur,

542 3616 598 3662 et
634 3608 750 3664 haec
781 3611 938 3681 petit,
953 3627 1074 3682 quae
1093 3613 1198 3670 scit
1213 3614 1328 3672 Deo
1342 3615 1584 3686 placere,
1603 3616 1830 3674 etnob‘is
1853 3618 2138 3690 prodesse.

544 3700 696 3758 Tunc
745 3718 880 3759 sane
913 3722 1011 3774 pro
1065 3708 1224 3764 nobis
1252 3708 1555 3782 interponit
1599 3725 1661 3767 se
1702 3711 1845 3769 idem
1886 3712 2140 3783 Spiritus,

541 3809 666 3851 cum
697 3797 801 3853 scit
827 3813 926 3856 nos
953 3815 1054 3871 per
1101 3803 1493 3885 ignorantiam,
1541 3819 1651 3860 non
1685 3820 1779 3875 per
1820 3805 2142 3876 jactantiam

544 3891 822 3945 contraria
850 3893 1152 3962 postulare.

616 3981 804 4053 (Vers.
849 3984 968 4056 28.)
1031 3985 1238 4042 Scimus
1282 3999 1452 4044 autem
1503 3991 1750 4058 quoniam
1808 3990 2145 4064 diligentibus

545 4071 714 4128 Deum
753 4078 930 4132 omnia
956 4079 1240 4147 procedunt
1277 4082 1331 4136 in
1358 4083 1570 4149 bonum,
1615 4084 1681 4138 iis
1730 4083 1818 4155 qui
1864 4081 2146 4139 secundum

545 4171 871 4241 propositum
896 4175 1066 4228 vocati
1086 4185 1205 4229 sunt
1235 4177 1419 4230 sancti.
1441 4175 1554 4233 lloc
1578 4177 1734 4244 dicit,
1759 4177 1884 4248 quia
1916 4177 2145 4248 diligen-

547 4270 628 4318 tes
677 4263 846 4320 Deum
887 4267 990 4322 etsi
1039 4266 1293 4338 imperite
1337 4269 1547 4340 precati
1594 4268 1802 4326 fuerint
1832 4311 1849 4338 ,
1896 4285 2002 4326 non
2035 4270 2148 4326 illis

545 4356 764 4421 oberit;
791 4359 919 4430 quia
951 4362 1289 4430 propositum
1321 4363 1505 4418 cordis
1536 4363 1753 4420 illorum
1799 4364 1980 4419 sciens
2003 4363 2148 4420 Deus

546 4447 574 4488 δ
594 4459 652 4506 et
677 4450 966 4522 ignaviam,
989 4468 1097 4508 non
1128 4453 1239 4509 illis
1270 4454 1522 4526 imputat,
1554 4471 1677 4528 quae
1702 4455 1931 4512 adversa
1960 4466 2146 4528 postu-

549 4544 664 4599 lant
691 4562 706 4611 ;
731 4544 826 4600 sed
875 4561 938 4602 ea
967 4549 1178 4618 annuit,
1213 4565 1334 4621 quae
1364 4549 1543 4606 danda
1570 4562 1696 4608 sunt
1725 4552 1894 4608 Deum
1922 4555 2149 4608 amanti-

2242 3328 2450 3385 similes
2483 3327 2616 3384 ﬁant
2643 3327 2782 3383 Filio
2810 3327 2930 3382 Dei.
2964 3327 3040 3382 De
3070 3326 3287 3382 czetcris
3311 3340 3450 3395 quos
3480 3341 3588 3379 non
3619 3323 3839 3394 praesci-

2245 3423 2320 3478 vit
2349 3422 2512 3489 Deus,
2560 3437 2667 3478 non
2717 3430 2802 3478 est
2831 3420 2910 3476 illi
2955 3435 3088 3476 cura
3119 3419 3172 3474 in
3221 3419 3320 3474 hac
3346 3417 3541 3490 gratia,
3575 3417 3701 3488 quia
3737 3430 3840 3470 non

2245 3517 2517 3588 prtescivit
2552 3527 2575 3554 ο
2604 3517 2730 3573 illos
2758 3515 2968 3571 loturos
3010 3514 3258 3570 idoneos.
3295 3514 3362 3568 At
3393 3512 3440 3567 si
3469 3511 3720 3577 credant,
3750 3516 3843 3564 aut

2245 3611 2518 3682 eligantur
2546 3610 2612 3666 ad
2643 3619 2886 3680 tempus;
2915 3609 3039 3680 quia
3074 3607 3330 3664 videntur
3356 3607 3509 3675 boni,
3538 3620 3609 3662 ne
3628 3604 3842 3676 justitia

2245 3714 2558 3776 contempta
2586 3705 2855 3770 videatur,
2903 3717 3013 3757 non
3057 3713 3382 3772 permanent
3409 3710 3468 3756 ut
3497 3698 3844 3771 magniﬁcen-

2250 3807 2355 3863 tur,
2389 3797 2534 3853 sicut
2561 3806 2619 3852 et
2659 3795 2831 3852 ludas
2876 3794 3200 3861 lscariotes’,
3232 3803 3328 3849 aut
3373 3793 3450 3848 illi
3499 3793 3842 3864 septuaginta

2248 3891 2380 3956 duo,
2413 3892 2502 3962 qui
2530 3892 2726 3956 electi,
2772 3899 2892 3961 post
2922 3887 3237 3946 scandalum
3270 3887 3414 3959 passi
3443 3897 3786 3944 recesserunt
3817 3899 3844 3938 a

2252 3984 2532 4041 Salvatore
2554 3981 2732 4058 (Joan.
2768 4000 2841 4051 vt,
2875 3982 2991 4054 7i).

2324 4076 2503 4149 (Vers.
2537 4075 2657 4147 5L)
2701 4075 2840 4144 Quid
2870 4091 2992 4148 ergo
3037 4075 3266 4130 dicemus
3309 4074 3379 4128 ad
3428 4073 3575 4130 hac?
3619 4073 3682 4132 Si
3712 4073 3851 4129 Deus

2253 4183 2347 4239 pro
2377 4167 2545 4235 nobis,
2567 4167 2681 4238 quis
2706 4179 2885 4222 contra
2910 4167 3045 4222 nos?
3073 4165 3423 4222 Manifestum
3452 4176 3558 4234 est,
3583 4167 3707 4238 quia
3742 4167 3851 4222 Deo

2251 4263 2410 4319 nobis
2439 4263 2807 4318 testimonium
2841 4260 3166 4333 perliihente
3187 4301 3203 4328 ,
3235 4258 3356 4331 quis
3385 4267 3472 4314 est
3514 4261 3605 4330 qui
3653 4259 3851 4316 audeat

2252 4373 2508 4415 accusare
2535 4372 2653 4424 nos,
2685 4356 2902 4430 quando
2928 4357 3045 4429 ipse
3074 4357 3166 4428 qui
3188 4355 3353 4427 judes
3383 4363 3508 4424 est,
3545 4364 3674 4412 ante
3699 4370 3842 4429 prte-

2253 4452 2419 4508 scivit
2445 4467 2566 4518 nos,
2610 4461 2666 4508 et
2691 4451 2918 4508 idoneos
2942 4450 3246 4520 judicavit?

2326 4544 2510 4616 (Vers.
2539 4543 2658 4616 52.)
2701 4544 2806 4610 Qui
2827 4545 3038 4616 proprio
3069 4542 3213 4600 Filio
3241 4561 3337 4600 suo
3361 4561 3464 4601 non
3491 4545 3742 4619 pepercit,
3765 4543 3853 4601 sed

547 4638 668 4694 bus.
725 4638 881 4697 Unde
925 4652 979 4697 el
1030 4642 1293 4700 Dominus
1342 4645 1421 4700 ait
1477 4659 1492 4701 :
1527 4644 1643 4703 Scit
1693 4655 1904 4713 autem,
1950 4648 2144 4719 inquit,
2175 4639 2228 4699 D
2254 4655 2346 4710 pro
2373 4638 2520 4694 nobis
2547 4638 2783 4694 omnibus
2805 4639 3020 4693 tradidit
3051 4639 3226 4695 illum.
3251 4639 3344 4697 Sic
3374 4656 3597 4698 securos
3625 4656 3728 4697 nos
3759 4641 3852 4697 de-

549 4731 712 4789 Pater
741 4745 922 4790 vester
947 4735 1077 4808 qttid
1104 4737 1278 4811 vobis_
1309 4753 1448 4807 opus
1484 4738 1576 4806 sit,
1621 4749 1916 4810 antequam
1947 4740 2149 4811 petatis

549 4827 620 4882 ab
649 4841 716 4884 eo
745 4807 973 4894 (Matth.
1001 4845 1072 4896 vn,
1103 4807 1341 4902 52).Illi
1386 4846 1518 4902 ergo
1561 4807 1861 4888 secundum
1891 4807 2146 4902 proposi-

551 4930 666 4976 tum
698 4934 988 4988 vocantur,
1039 4939 1179 4995 quos
1206 4924 1494 4982 credentes
1532 4927 1805 4998 praescivit
1833 4926 1980 4984 Deus
2005 4925 2151 4982 l‘utu-

551 5029 644 5071 ros
693 5015 797 5070 sibi
828 5015 1123 5085 idoneos;
1179 5028 1235 5075 ut
1284 5030 1573 5092 antequam
1639 5021 1930 5077 crederent
1969 5061 1987 5090 ,
2038 5019 2147 5077 sci.

553 5119 765 5168 rentur.

631 5291 655 5318 ³
681 5280 842 5366 Rom.
874 5282 1033 5350 cdit.,
1067 5284 1238 5340 aliena
1288 5285 1467 5356 lingua
1523 5285 1872 5354 loquitur.....
1931 5281 2152 5335 adventu

559 5371 652 5409 suo
670 5365 890 5423 aperiat.

630 5424 658 5464 ιι
683 5425 757 5482 Ita
776 5441 971 5484 omnes
1020 5443 1153 5485 mss.
1185 5443 1252 5484 ac
1276 5437 1385 5485 vet.
1417 5428 1577 5494 edit.;
1603 5427 1762 5485 Rom.
1799 5438 1953 5490 vero,
1984 5434 2031 5479 et
2055 5423 2156 5476 im-

563 5499 914 5555 beciltitatem.

639 5581 660 5610 °
701 5568 860 5626 Rom.
910 5570 1045 5628 edit.
1092 5587 1214 5629 cum
1270 5589 1402 5629 mss.
1459 5587 1565 5628 non
1598 5570 1790 5638 nullis,
1821 5585 1885 5624 ex
1906 5566 2148 5629 mortuis,

563 5644 770 5722 quando
799 5642 996 5701 devicta
1025 5655 1186 5700 morte
1208 5644 1482 5722 adscendit
1506 5647 1562 5699 in
1591 5643 1766 5722 ιςῳιυρ.
2013 5711 2041 5722 γ’

636 5713 665 5754 ἀ
705 5715 831 5794 Nec
857 5727 1144 5794 reputatur,
1175 5717 1289 5794 sive
1317 5727 1374 5772 ιιι
1404 5732 1536 5771 mss.
1569 5716 1757 5786 aliqui,
1788 5728 1892 5767 non
1928 5713 2155 5794 aestima-

566 5788 727 5860 ινξιπιτ,
757 5790 894 5844 alius
913 5788 1109 5860 absque
1136 5805 1216 5856 eo,
1250 5789 1302 5844 in
1337 5797 1545 5857 textum
1575 5803 1644 5844 ex
1673 5801 1820 5860 mss._
1837 5798 1944 5840 non
1963 5788 2158 5860 paucis

571 5851 920 5918 restituimus.
966 5851 1107 5916 inira
1148 5851 1276 5917 vero
1318 5851 1370 5915 iu
1415 5873 1541 5916 mss.
1591 5855 1912 5930 quihusdam
1963 5851 2162 5928 legitur

2253 4732 2382 4789 bere
2428 4747 2552 4790 esse
2583 4732 2705 4788 ﬁdei
2748 4747 2911 4787 causa
2963 4733 3243 4800 hortatur;
3277 4732 3298 4772 ί
3345 4745 3404 4790 ιιι
3452 4736 3648 4801 Deum,
3697 4733 3854 4807 quasi

2254 4827 2584 4898 praescium,
2636 4833 2926 4896 antequam
2975 4841 3042 4882 ex
3088 4826 3272 4898 impiis
3317 4827 3510 4884 ﬁdeles
3562 4841 3853 4891 essemus,

2253 4919 2448 4976 Filium
2479 4934 2638 4974 suum
2668 4934 2766 4989 pro
2797 4918 2957 4976 nobis
2985 4921 3149 4976 morti
3182 4920 3476 4987 tradidisse
3510 4921 3784 4978 ostendat.

2327 5017 2602 5083 Quomodo
2628 5033 2733 5071 non
2758 5017 2911 5072 etiam
2940 5033 3056 5071 cum
3079 5017 3174 5072 illo
3219 5018 3394 5072 omnia
3440 5018 3585 5072 nobis
3611 5017 3858 5074 donauit?

2254 5112 2424 5170 Deum
2455 5109 2586 5166 olim
2614 5109 2924 5168 decrevisse
2943 5109 3076 5166 dicit
3104 5109 3541 5167 remouerandos
3571 5112 3856 5168 credentes

2255 5276 2486 5349 partim,
2513 5291 2698 5349 vocare
2722 5284 2794 5332 est
2823 5275 3132 5349 cogitantem
3147 5273 3422 5349 hominem
3451 5273 3595 5349 quod
3623 5273 3689 5327 sit
3714 5271 3814 5327 Dei
3839 5311 3856 5337 ,

2255 5343 2477 5416 uocare;
2510 5348 2703 5417 partim
2723 5389 2735 5407 .
2768 5343 2987 5417 quidsit
3017 5345 3275 5400 hominem
3309 5361 3509 5400 vocare.
3557 5343 3752 5400 Vocare
3784 5351 3857 5417 est

2257 5414 2568 5492 cogitantem
2597 5421 2661 5474 de
2691 5414 2813 5486 ﬁde,
2839 5428 2972 5487 etc.,
3005 5420 3057 5474 in
3086 5417 3412 5492 quibusdam
3443 5425 3628 5492 autem
3657 5414 3858 5472 omitti-

2261 5489 2347 5549 tui'
2373 5510 2386 5546 :
2421 5508 2522 5575 nos
2549 5507 2679 5575 vero
2718 5491 3005 5547 lectionem
3036 5492 3280 5546 omnium
3309 5489 3442 5544 edit.
3478 5489 3859 5560 potioremque

2263 5580 2392 5621 mss.
2427 5575 2770 5620 retinutmus.

2336 5646 2359 5674 ο
2402 5635 2532 5692 Illos
2553 5639 2762 5708 futuros
2783 5636 2996 5691 idoneos
3024 5649 3155 5691 mss.
3191 5633 3438 5706 plerique
3466 5631 3740 5705 iidemque
3763 5644 3858 5702 op-

2263 5709 2378 5764 timi
2397 5709 2704 5765 restituere.

2342 5760 2724 5850 Pascal}:
2767 5763 2928 5842 Erus.
2971 5796 3095 5839 cum
3137 5765 3272 5838 mss.
3299 5760 3547 5850 aliquot,
3576 5787 3632 5834 ut
3661 5776 3856 5839 Deum,

2267 5859 2367 5924 quo
2396 5851 2635 5924 priPscio;
2659 5862 2767 5908 etc.
