4120 6316
268 247 354 306 129

1104 226 1612 295 COMMENTARIA
1653 229 1718 290 IN
1761 223 2153 291 EPISTOLAM
2193 228 2285 287 AD
2322 224 2676 291 ROMANOS.

3437 230 3544 292 130

268 368 313 423 in
337 361 628 419 Christum.
661 355 720 415 Si
751 357 896 414 enim
923 355 1070 428 quod
1092 356 1268 426 majus
1294 365 1349 412 et
1378 355 1712 427 praecipuum
1737 360 1842 419 est,
1870 353 1926 412 Α
1950 360 2043 416 est,
2065 351 2185 420 quia
2215 360 2426 424 propter
2461 362 2506 406 te
2533 360 2696 408 morte
2720 350 2984 421 afﬁciatur
3026 358 3135 406 tota
3163 351 3269 418 die,
3301 354 3548 408 malimali

267 453 498 529 priestitit
517 449 696 518 nobis,
719 459 774 506 ut
795 449 993 506 Filium
1004 464 1160 505 suum
1184 465 1372 506 verum
1389 456 1444 505 et
1460 447 1840 504 charissimnm

267 547 491 604 traderet
520 552 744 616 prepter
771 557 874 600 nos
901 543 1078 598 adhuc
1103 542 1330 614 impios;
1358 557 1531 613 quare
1559 555 1670 596 non
1697 539 1842 612 quod

265 641 423 700 minus
465 647 550 696 est
581 637 823 694 facturus
869 636 1127 694 credatur
1165 650 1271 708 pro
1299 633 1459 692 nobis
1495 633 1846 692 credentibus

263 736 384 796 sibi?
423 733 544 790 1am
591 735 738 790 enim
783 740 970 803 parata
1017 739 1145 787 sunt
1189 727 1542 786 credentibus
1587 726 1842 800 praemia;

265 829 423 888 minus
447 835 532 885 est
561 826 706 882 enim
739 825 896 882 nobis
926 824 1113 882 omnia
1143 839 1268 880 cum
1301 823 1396 880 illo
1420 821 1648 889 donare,
1681 835 1842 893 quam

265 923 395 980 illum
419 920 593 976 nostri
617 932 781 975 causa
811 917 972 974 morti
1006 916 1249 973 tradere.

328 1013 505 1083 (Vers.
551 1009 671 1084 55.)
723 1011 852 1080 Quis
897 1010 1158 1066 accusabit
1203 1008 1450 1065 adversus
1492 1007 1676 1062 electos
1704 1003 1849 1061 Dei?

269 1109 531 1167 Neminem
552 1106 756 1163 audere
781 1120 881 1161 nec
903 1119 1065 1176 posse
1090 1104 1353 1175 judicium
1373 1111 1429 1158 et
1450 1102 1846 1174 praescientiam

271 1202 352 1261 Dei
395 1202 451 1256 in
495 1201 652 1257 nobis
694 1207 992 1256 retractare
1020 1206 1269 1269 apertum
1293 1205 1396 1252 est.
1429 1195 1564 1265 Quis
1594 1204 1678 1252 est
1701 1195 1847 1252 enim

269 1297 347 1368 qui
374 1294 548 1366 possit
575 1293 716 1362 haec,
746 1308 867 1365 quae
914 1293 1058 1350 Deus
1106 1291 1317 1363 prohat,
1351 1290 1696 1362 improbare;
1725 1305 1848 1348 cum

268 1407 414 1449 nemo
444 1389 667 1461 :equalis
690 1389 761 1445 sit
794 1387 944 1445 Deo?

331 1483 466 1539 Deus
491 1483 582 1554 qui
603 1482 862 1554 justiﬁcat
893 1478 1067 1553 (Esai.
1099 1496 1151 1547 ι,
1186 1480 1265 1552 8).
1301 1479 1415 1536 Hoc
1455 1481 1508 1534 in
1540 1479 1695 1535 Esaia
1729 1494 1855 1550 pro-

268 1577 410 1652 pheta
443 1583 548 1643 est,
597 1575 742 1648 quod
784 1575 873 1631 hic
920 1575 1075 1646 quasi
1106 1590 1261 1631 suum
1311 1575 1491 1647 ponit;
1533 1575 1657 1646 quia
1692 1589 1854 1631 nemo

268 1681 342 1730 est
363 1672 504 1727 alius
555 1670 690 1742 qui,
727 1668 869 1741 quod
914 1669 1109 1741 probat
1146 1669 1292 1725 Deus
1325 1710 1340 1733 ,
1377 1677 1589 1740 arguat.
1625 1668 1734 1723 Aut
1785 1683 1854 1724 ne

1946 460 2126 498 sumus
2152 444 2288 498 velut
2310 459 2426 499 oves
2454 445 2787 515 occisionis)?
2818 443 2926 500 Sed
2947 444 3001 498 in
3030 441 3112 499 Itis
3137 444 3369 501 ainnibus
3395 462 3545 514 supc-

1948 556 2123 594 ramus
2156 547 2365 612 propter
2391 555 2526 606 eum,
2559 540 2648 611 qui
2677 539 2861 596 dilexit
2888 556 3002 596 nos.
3035 538 3148 596 Hoc
3174 539 3438 611 scriptum
3467 553 3554 596 est

1949 637 2004 693 in
2039 637 2249 708 psalmo
2276 636 2696 709 quadragesimo
2727 635 2906 692 tertio.
2937 634 3277 693 Manifestum
3311 643 3395 691 est
3420 652 3552 709 ergo

1951 730 2066 787 haec
2087 731 2293 798 omnia,
2311 746 2430 802 qua:
2451 739 2759 796 enumerat,
2774 729 2958 797 exitia,
2984 728 3383 798 tribulationcs,
3402 745 3552 799 prcs-

1950 838 2126 893 suras,
2155 833 2211 882 et
2240 833 2496 893 mortem,
2523 838 2628 880 non
2661 839 2820 895 posse
2848 823 3084 880 conferri
3114 824 3198 881 vel
3248 824 3554 895 comparari

1952 920 2204 976 charitati
2244 919 2472 987 Christi,
2522 936 2684 993 quam
2733 921 3027 977 seminavit
3070 921 3123 976 in
3169 921 3346 978 nobis.
3389 920 3556 978 Multo

1952 1013 2098 1071 enim
2127 1013 2332 1086 majora
2355 1013 2475 1086 ejus
2495 1013 2761 1070 beneﬁcia
2791 1013 3078 1081 habemus,
3103 1029 3266 1086 quam
3290 1014 3408 1070 haec
3432 1022 3560 1072 sunt

1955 1109 2158 1177 omnia,
2189 1124 2312 1178 quze
2341 1107 2592 1164 videntur
2620 1107 2871 1164 adversa.
2902 1107 2962 1164 Si
2991 1106 3136 1164 enim
3167 1107 3432 1163 morimur
3458 1121 3560 1178 pro

1955 1200 2070 1265 illo,
2104 1200 2249 1273 quod
2279 1201 2498 1272 gravius
2523 1199 2740 1256 videtur
2773 1201 2826 1256 in
2859 1199 2968 1269 bis,
2998 1208 3056 1257 et
3085 1199 3176 1256 ille
3204 1209 3451 1256 mortuus
3476 1205 3563 1256 est

1957 1309 2054 1364 pro
2085 1294 2242 1350 nobis
2268 1310 2281 1347 :
2309 1293 2407 1350 sed
2437 1294 2527 1350 ille
2557 1301 2614 1348 ut
2638 1293 2923 1365 prodesset
2950 1292 3144 1361 nobis;
3163 1302 3350 1349 nostra
3378 1300 3561 1350 autem

1957 1402 2106 1443 mors
2135 1403 2239 1442 non
2270 1387 2345 1442 illi
2375 1387 2608 1460 proﬁcit,
2641 1387 2737 1444 sed
2764 1386 2947 1444 nobis.
2993 1386 3376 1461 Temporalem
3415 1385 3562 1444 enim

1958 1482 2120 1536 vitam
2174 1481 2474 1551 perdimus,
2523 1491 2581 1538 ut
2634 1482 2791 1538 nobis
2841 1481 3172 1552 rependatur
3222 1489 3450 1538 aeterna.
3497 1481 3567 1538 Et

1958 1573 2089 1646 quid
2121 1574 2319 1629 mirum
2363 1573 2408 1629 si
2440 1573 2586 1630 servi
2630 1573 2937 1630 moriantur
2974 1589 3077 1645 pro
3126 1573 3270 1631 bono
3298 1573 3562 1641 Domino;

1958 1667 2178 1740 quando
2209 1667 2470 1724 Dominus
2517 1680 2763 1725 mortuus
2809 1678 2894 1726 est
2920 1683 3018 1741 pro
3047 1669 3222 1726 servis
3244 1713 3260 1741 ,
3291 1680 3348 1727 et
3373 1668 3569 1726 malis?

269 1766 388 1822 forte
419 1765 540 1835 ipse
582 1777 684 1820 nos
718 1763 860 1818 Deus
898 1770 1123 1820 accuset
1155 1778 1169 1815 :
1198 1760 1297 1818 sed
1341 1777 1449 1817 non
1501 1769 1686 1834 potest
1710 1761 1854 1833 quod
1882 1755 1934 1822 B
1959 1761 2196 1817 Vincunt
2226 1776 2355 1832 ergo
2379 1761 2678 1830 beneﬁcia,
2733 1770 2790 1818 et
2832 1763 3194 1820 exhortantur
3228 1763 3470 1820 animum
3499 1762 3568 1820 ad

267 1859 534 1932 justiﬁcat,
564 1872 845 1913 accusare.

331 1953 507 2026 (νει-ε.
556 1949 677 2022 54.)
717 1949 788 2005 Ει
832 1953 948 2021 quis
977 1951 1097 2019 erit,
1127 1950 1215 2021 qui
1245 1951 1551 2006 condemnet
1576 1950 1602 2004 ?
1627 1950 1860 2006 Christus

267 2049 344 2118 qui
367 2057 604 2103 mortuus
616 2048 881 2117 est,immo
900 2048 990 2118 qui
1014 2057 1061 2102 et
1088 2047 1391 2114 resurrexit,
1415 2053 1558 2112 etest
1577 2047 1632 2101 in
1651 2046 1862 2102 dextera

269 2140 353 2197 Dei
375 2184 391 2210 ,
422 2143 518 2212 qui
547 2143 700 2196 etiam
727 2141 1022 2214 interpellat
1064 2157 1160 2212 pro
1189 2141 1353 2196 nobis.
1386 2140 1578 2209 Deum,
1609 2141 1732 2212 quia
1764 2155 1863 2197 nos

269 2235 544 2306 justiﬁeat,
565 2249 827 2292 accusare
844 2249 944 2290 nos
966 2243 1146 2305 negat:
1163 2233 1436 2289 Christum
1450 2246 1628 2291 autem
1644 2232 1866 2290 damna-

277 2345 328 2387 re
341 2345 434 2386 nos
465 2345 571 2387 non
591 2344 772 2402 posse;
797 2329 921 2402 quia
947 2344 1012 2386 eo
1037 2328 1236 2385 affectu
1267 2327 1441 2400 diligit
1462 2342 1579 2394 nos,
1615 2337 1866 2385 utmore-

275 2433 413 2482 retur
442 2441 546 2496 pro
563 2423 738 2491 nobis,
768 2433 824 2480 et
848 2438 1162 2495 resurgens,
1195 2436 1412 2493 semper
1439 2436 1632 2477 causas
1654 2428 1868 2478 nostras

275 2527 385 2590 agat
403 2517 551 2589 apud
574 2517 809 2574 Patrem.
827 2516 994 2588 Cujus
1023 2516 1319 2589 postulatio
1349 2515 1621 2572 contemni
1645 2531 1752 2570 non
1774 2531 1870 2586 po-

279 2621 400 2680 test;
424 2613 559 2686 quia
582 2613 636 2669 in
655 2612 880 2669 dextera
901 2611 996 2668 Dei
1018 2620 1122 2679 est,
1145 2609 1249 2667 hoc
1269 2619 1371 2677 est,
1399 2609 1452 2666 in
1486 2609 1692 2666 honore
1721 2609 1868 2681 quod

279 2704 532 2771 Deusest;
562 2715 618 2760 ut
635 2704 703 2760 dc
733 2705 847 2760 Deo
874 2703 1036 2760 Patre
1055 2702 1259 2771 securi,
1279 2711 1335 2760 et
1351 2702 1568 2758 Christo
1589 2701 1728 2758 Filio
1755 2701 1872 2772 ejus

277 2797 357 2866 qui
380 2797 726 2868 judicaturus
737 2805 844 2863 est,
859 2795 1032 2868 injﬁde
1047 2797 1167 2866 ejus
1180 2796 1450 2852 laetemur.
1463 2796 1599 2852 Hinc
1615 2803 1695 2851 est
1713 2793 1869 2866 illud,

278 2893 405 2964 quod
427 2893 562 2949 dicit
587 2893 747 2948 Petro
768 2891 1018 2963 apostolo
1042 2908 1057 2946 :
1081 2890 1216 2946 Ecce
1233 2891 1600 2961 exspostulavit
1619 2890 1869 2957 Satanas,

278 2995 329 3040 ut
353 3004 436 3042 vos
471 2987 679 3042 ventitet
707 2987 839 3042 sicut
863 2985 1088 3040 triticum
1110 3001 1132 3041 :
1163 3003 1255 3058 ego
1277 2996 1448 3041 autem
1474 2985 1656 3058 rogavi
1681 3002 1777 3058 pro
1804 2995 1871 3052 te,

279 3096 337 3136 ne
359 3081 573 3151 deﬁciat
601 3081 728 3151 ﬁdes
775 3089 863 3134 tua
911 3078 1070 3152 (Luc.
1117 3095 1252 3148 χιιι,
1298 3080 1389 3147 5|,
1423 3078 1536 3152 52).
1587 3079 1700 3134 lloc
1746 3095 1875 3151 ergo

1964 1853 2428 1926 perseverandum
2463 1865 2684 1926 propter
2709 1871 2854 1922 eum,
2887 1855 2979 1926 qui
3006 1855 3203 1934 dilexit
3232 1871 3352 1913 nos.

2037 1947 2220 2021 (Vers.
2273 1949 2372 2012 58,
2423 1946 2541 2020 59.)
2582 1947 2800 2018 Conﬁdo
2849 1949 2986 2003 enim
3029 1949 3154 2021 quia
3195 1966 3358 2022 neque
3404 1966 3567 2008 mors.

1965 2044 2307 2101 Conﬁdentia
2339 2043 2457 2100 haec
2486 2044 2554 2100 de
2598 2045 2898 2115 sponsione
2927 2042 3130 2100 Christi
3159 2055 3242 2101 est
3261 2087 3277 2114 ,
3307 2061 3410 2118 qua
3440 2061 3572 2118 pro~

1966 2136 2114 2192 misit
2155 2137 2207 2193 in
2258 2137 2607 2194 tribulatione
2655 2137 2914 2210 adjuvare
2952 2137 3060 2196 sibi
3107 2137 3340 2195 dicatam
3383 2139 3571 2197 ﬁdem.

1971 2229 2154 2300 Neque
2193 2231 2321 2300 vita,
2351 2247 2514 2300 neque
2557 2232 2807 2304 angelus,
2850 2248 3012 2304 neque
3041 2234 3234 2300 virtus,
3265 2249 3428 2303 neque
3453 2233 3578 2290 alti-

1970 2323 2116 2389 tudo,
2143 2339 2304 2394 neque
2323 2323 2666 2396 profundum,
2686 2341 2849 2397 neque
2875 2313 3172 2397 pra'sentia,
3194 2343 3355 2399 neque
3375 2330 3576 2399 futura,

1972 2432 2132 2486 neque
2172 2415 2281 2470 alia
2319 2425 2554 2472 creatura
2607 2418 2794 2488 poterit
2844 2435 2939 2472 nos
2977 2435 3220 2491 separare
3256 2436 3289 2474 a
3322 2419 3580 2476 charitate

1972 2507 2092 2577 Dei,
2117 2523 2234 2578 quia
2258 2517 2335 2564 est
2359 2509 2414 2564 in
2437 2508 2642 2565 Christo
2669 2507 2797 2565 Jesu
2824 2506 3048 2566 Domino
3071 2521 3266 2568 nostro.
3299 2510 3426 2567 Haec
3451 2520 3582 2568 sunt

1973 2601 2179 2668 omnia,
2211 2619 2338 2675 qua:
2367 2602 2434 2659 ad
2467 2602 2850 2660 abductionem
2895 2613 3138 2661 nostram
3179 2619 3209 2659 a
3251 2603 3472 2661 diabolo
3497 2605 3582 2662 in-

1976 2698 2265 2768 feruntur,
2296 2715 2418 2772 qua:
2450 2698 2654 2756 idcirco
2685 2709 2954 2756 memorat
2976 2742 2991 2768 ,
3025 2709 3084 2756 ut
3113 2701 3324 2757 muniat
3349 2715 3490 2762 nos;
3523 2709 3584 2756 ut

1975 2792 2021 2847 si
2051 2791 2396 2864 advenerint,
2421 2793 2763 2849 conﬁdentes
2790 2793 2859 2850 de
2885 2808 3006 2864 spe,
3029 2801 3087 2850 et
3115 2794 3330 2850 auxiliis
3355 2791 3581 2864 Christi,

1978 2890 2174 2947 armati
2207 2889 2314 2946 ﬁde
2356 2890 2619 2946 adversus
2668 2889 2783 2946 lucc
2827 2905 3213 2962 repugnemus.
3265 2891 3404 2960 Quid
3437 2891 3582 2946 enim

1979 2987 2023 3042 si
2072 3001 2220 3042 mors
2272 2985 2424 3041 illata
2475 2985 2678 3052 fuerit,
2714 3000 2898 3040 nonne
2940 2984 3153 3041 lucrum
3180 2995 3263 3042 est
3290 2986 3584 3041 maximum

1979 3080 2328 3135 occasionem
2373 3078 2642 3147 invenire,
2692 3094 2796 3150 qua
2847 3079 3011 3134 citius
3057 3087 3214 3134 eatur
3259 3079 3312 3134 in
3356 3094 3586 3151 regnum

279 3173 429 3229 modo
461 3173 781 3245 interpellat
817 3188 915 3243 pro
954 3173 1113 3229 nobis
1140 3173 1423 3240 Salvator;
1455 3183 1481 3212 ει
1513 3175 1692 3230 sciens
1725 3175 1872 3230 enim
1901 3222 1952 3288 ο
1982 3175 2350 3246 promissum?
2376 3175 2562 3248 Neque
2603 3175 2646 3230 si
2683 3190 2926 3246 praesens
2975 3176 3083 3230 vita
3116 3175 3386 3247 promissa
3431 3175 3589 3230 nobis

283 3264 665 3288 ε...--..ι-...ξ-...
715 3276 762 3288 ..ι
794 3265 1135 3288 -1ιῑι-...12--...
1188 3265 1480 3288 -.1---..,-..τε
1529 3268 1698 3288 ..-,ι..ε
1760 3283 1870 3288 ---..-
1985 3268 2143 3288 ΩΑᾘῼ.
2206 3269 2452 3288 λο-μᾉ·.-.-
2506 3286 2569 3288 ,U,
2600 3271 2699 3288 μ’.-
2798 3270 2944 3288 ,I_L-.
2983 3286 3002 3288 _,
3059 3286 3071 3288 _
3111 3281 3255 3288 _,,_,,.
3304 3286 3354 3288 η.
3429 3269 3454 3288 I,
3500 3284 3584 3288 ,_-

282 3264 666 3337 impudentiam
710 3276 765 3321 et
793 3265 1137 3321 altitudinem
1186 3265 1483 3322 adversarii
1528 3268 1723 3335 nostri,
1753 3283 1876 3324 cum

282 3373 338 3414 se
360 3367 681 3416 commovet
707 3359 1001 3416 adversum
1033 3374 1156 3428 nos,
1188 3360 1232 3415 si
1264 3376 1372 3416 non
1403 3361 1451 3415 ei
1483 3362 1877 3432 assentiamus,

282 3451 530 3510 Salvator
557 3453 865 3525 interpellat
908 3468 1007 3526 pro
1053 3453 1238 3521 nobis;
1271 3471 1343 3512 ne
1371 3456 1576 3528 aliquid
1617 3458 1883 3516 violenter

283 3555 580 3618 praesumat
620 3547 765 3602 circa
816 3561 958 3614 nos,
1008 3554 1070 3602 ut
1115 3557 1370 3603 arceatur
1417 3549 1707 3606 insolentia
1739 3551 1879 3622 ejus.

284 3639 390 3696 Bac
408 3655 582 3696 causa
607 3647 787 3696 tamen
813 3638 1015 3694 dicitur
1033 3639 1208 3696 Filius
1228 3639 1598 3711 interpellare,
1621 3658 1742 3698 cum
1767 3642 1885 3714 ipse

283 3741 399 3804 agat
420 3742 624 3800 totum,
640 3739 697 3788 et
715 3732 938 3802 aequalis
959 3731 1031 3789 sit
1047 3731 1160 3789 Deo
1181 3732 1349 3799 Patri;
1369 3742 1421 3788 et
1445 3735 1570 3805 quia
1588 3751 1724 3793 unus
1749 3735 1887 3793 dici-

287 3833 367 3882 tur
386 3827 559 3896 Deus,
581 3840 650 3881 ne
675 3826 835 3882 Pater
855 3835 910 3882 et
939 3825 1110 3882 Filius
1123 3827 1436 3899 singularis,
1468 3828 1551 3885 vel
1579 3832 1706 3887 unio
1733 3841 1886 3902 puta-

284 3925 446 3988 retur,
478 3917 557 3973 ad
582 3931 941 3988 personarum
964 3919 1074 3991 78
1102 3918 1510 3977 distinctionem
1537 3923 1616 3980 sic
1648 3923 1888 3996 loquitur

284 4010 596 4084 Scriptura;
655 4021 716 4067 ut
763 4022 819 4068 et
849 4011 1047 4069 Filium
1093 4028 1204 4070 non
1249 4013 1525 4086 disparem
1581 4017 1800 4074 tradat:
1834 4029 1889 4077 et

288 4105 530 4174 Patrem,
555 4107 686 4179 quia
707 4105 869 4164 Pater
898 4117 1005 4178 est,
1035 4115 1092 4166 et
1120 4109 1247 4181 quia
1274 4109 1342 4166 ab
1372 4110 1493 4182 ipso
1520 4122 1644 4168 sunt
1666 4115 1848 4170 omnia
1869 4157 1884 4186 ,

291 4201 572 4272 praeferat.

355 4297 546 4371 (Vers.
574 4296 694 4370 55.)
740 4296 870 4364 Quis
894 4314 988 4353 nos
1018 4299 1282 4370 separabit
1308 4317 1340 4354 a
1377 4301 1629 4358 charitate
1658 4300 1892 4358 Christi?

291 4390 400 4448 iloc
428 4401 543 4460 est,
575 4393 699 4461 quis
728 4407 828 4448 nos
855 4401 1103 4450 avertere
1129 4395 1334 4466 poterit
1352 4410 1382 4452 a
1413 4397 1708 4454 dilectione
1737 4396 1894 4455 Chri-

289 4483 371 4554 sti,
397 4486 491 4558 qui
519 4486 682 4542 nobis
709 4494 817 4542 tam
845 4503 1037 4560 magna
1053 4497 1110 4545 et
1135 4488 1422 4547 innumera
1450 4491 1708 4563 praestitit
1727 4493 1894 4550 bene-

288 4579 450 4637 ﬁcia?
493 4580 832 4638 Tribulatio?
859 4583 968 4641 Sed
1015 4601 1125 4643 non
1169 4585 1318 4657 facit,
1371 4589 1497 4660 quia
1545 4590 1891 4648 dilectionem

287 4671 423 4730 ﬁrmi
473 4674 765 4732 christiani
814 4677 956 4734 nulla
1018 4680 1245 4738 vincunt
1301 4691 1592 4740 tormenta.
1645 4687 1894 4743 Amantis

289 4769 430 4825 enim
461 4770 596 4842 plus
647 4771 901 4828 incitatur
948 4772 1214 4842 charitas,
1248 4775 1294 4832 si
1343 4793 1467 4834 cum
1517 4778 1674 4850 cujus
1724 4781 1896 4838 sensit

291 4860 592 4931 beneﬁcia,
636 4861 986 4933 prohibeatur
1023 4881 1241 4936 amare;
1274 4868 1401 4925 dum
1429 4869 1574 4928 enim
1603 4882 1794 4944 putant
1835 4891 1896 4930 se

293 4953 320 4992 ι)
358 4957 413 5012 in
440 4956 646 5014 merita
674 4956 791 5028 ejus
821 4959 1124 5030 seminare,
1157 4964 1426 5022 suscitant
1473 4977 1771 5026 memorata
1797 4970 1894 5028 be-

291 5048 510 5108 neﬁcia.

360 5145 556 5218 (Vera.
571 5147 663 5215 56,
687 5147 898 5222 57.)An
909 5153 1154 5225 angustia
1171 5155 1276 5227 (an
1297 5159 1694 5226 persecutio?an
1708 5164 1901 5234 fames?

291 5253 358 5294 an
393 5241 654 5296 auditas?
683 5259 752 5296 an
791 5245 1080 5314 periculum
1102 5247 1129 5301 ?
1147 5263 1215 5302 an
1234 5247 1444 5320 gladius
1472 5251 1626 5324 (sicut
1652 5260 1901 5328 scriptum

363 5393 390 5422 α
417 5385 574 5471 _Mss.
606 5386 852 5459 aliquot,
884 5391 1056 5446 sciens
1085 5391 1221 5448 enim
1257 5396 1576 5466 potentiam;
1606 5414 1780 5471 unus,
1809 5402 1909 5458 im-

291 5457 656 5529 prudentiam.

353 5527 393 5610 μ’
420 5527 645 5616 Omnes
672 5532 807 5616 edit.
834 5548 902 5616 ac
929 5547 1062 5616 m_ss_.
1092 5538 1379 5616 nonnulli,
1407 5542 1661 5598 immerita
1687 5548 1800 5616 ejus
1827 5564 1904 5604 se-

293 5605 522 5689 minare,
562 5605 1076 5689 memoratrbeneficia
1094 5627 1113 5678 ;
1145 5613 1329 5689 caueri
1361 5605 1492 5689 mss.
1513 5616 1614 5689 qui
1647 5605 1908 5689 et'potio-

295 5681 492 5758 res,nt
515 5687 619 5728 nos
641 5681 693 5732 in
719 5688 902 5746 textu;
928 5681 1038 5758 nisi
1055 5682 1199 5758 quod
1221 5685 1491 5758 omittitur
1511 5681 1564 5742 in
1582 5681 1902 5758 quihusdam

297 5757 403 5827 vos
432 5759 835 5827 memorata,_et
863 5767 959 5823 pro
985 5753 1040 5807 in
1066 5753 1250 5810 merita
1276 5757 1328 5811 in
1356 5753 1614 5814 omnibus
1633 5760 1742 5817 fere
1771 5763 1905 5819 scri-

297 5813 452 5874 bitur
477 5813 751 5878 immerita
764 5813 946 5896 inepto
973 5841 1158 5884 sensu.
1192 5828 1260 5885 At
1287 5830 1339 5887 in
1368 5831 1561 5888 merita
1585 5813 1792 5891 Christi
1806 5813 1902 5892 se-

1983 3268 2149 3326 fuerit
2195 3269 2460 3342 dignitate
2501 3271 2708 3326 munita
2731 3311 2745 3336 ,
2786 3270 2951 3327 debet
2979 3286 3078 3325 nos
3105 3281 3365 3326 avertere
3392 3269 3462 3326 ab
3493 3284 3591 3342 spe

1982 3363 2240 3421 beneﬁcii
2279 3363 2510 3432 Christi,
2552 3381 2712 3437 quem
2742 3365 2968 3434 scimus,
2997 3365 3124 3436 quia
3162 3380 3270 3422 non
3313 3364 3491 3422 solum
3539 3365 3591 3421 in

1983 3455 2168 3513 futuro
2195 3498 2210 3524 ,
2256 3458 2352 3514 sed
2381 3467 2436 3513 et
2463 3457 2514 3513 in
2549 3458 2802 3528 praesenti
2831 3458 3076 3529 proderit
3106 3457 3292 3516 nobis.
3335 3457 3447 3515 Nec
3473 3459 3594 3531 qui-

1985 3550 2109 3607 dem
2155 3551 2200 3606 si
2248 3565 2308 3607 se
2359 3551 2592 3623 angelus
2639 3551 2799 3608 nobis
2843 3551 3100 3609 ostendat
3139 3551 3206 3607 ad
3249 3553 3595 3608 scduccndus

1988 3659 2111 3711 nos,
2148 3655 2169 3683 ε
2201 3645 2532 3701 subornatus
2560 3644 2792 3701 fallaciis
2820 3647 2991 3717 patris
3020 3646 3103 3701 sui
3131 3645 3354 3702 diaboli.
3389 3662 3600 3718 prama-

1989 3739 2102 3796 lere
2136 3739 2358 3796 debebit
2386 3740 2680 3797 adversum
2729 3756 2868 3809 nos;
2901 3756 3024 3797 cum
3068 3743 3305 3796 sciamus
3332 3740 3555 3800 Clll‘ialt)
3577 3784 3594 3812 ,

1990 3843 2050 3889 ut
2077 3833 2265 3906 magni
2294 3834 2510 3890 consilii
2537 3835 2771 3904 Angelo,
2797 3833 2932 3890 nihil
2967 3836 3396 3907 pra‘ponentlutn
3422 3836 3598 3912 (lfsai.

1989 3927 2072 3999 ix,
2102 3927 2181 4002 6).
2215 3929 2404 4001 Neque
2430 3928 2476 3985 si
2515 3929 2692 3984 virtus
2723 3929 2792 3986 ab
2823 3929 3009 4001 aliquo
3051 3929 3190 3985 iacta
3229 3930 3391 3986 fuerit
3417 3971 3432 3994 ,
3460 3929 3603 3988 sicut

1991 4022 2192 4079 dicitur
2239 4023 2378 4079 iacta
2417 4038 2446 4078 a
2477 4022 2702 4080 Simone
2752 4037 2947 4095 mago,
2978 4023 3070 4096 qui
3119 4023 3321 4097 dicitur
3364 4025 3420 4082 in
3471 4040 3601 4082 aere

1993 4133 2247 4185 sursum,
2275 4125 2335 4174 ut
2367 4117 2627 4189 populum
2658 4116 2864 4174 Christi
2898 4117 3330 4188 scandalizarct,
3364 4119 3602 4189 volasse,

1994 4211 2156 4268 ﬁdem
2184 4221 2431 4268 nostram
2459 4211 2685 4268 debebit
2713 4212 2960 4268 minuere
2984 4253 2998 4277 ,
3030 4213 3320 4269 scientiam
3350 4213 3603 4270 Salvato-

1995 4323 2111 4365 rem
2166 4307 2312 4364 nube
2357 4306 2658 4363 famulante
2715 4315 3027 4378 susceptum
3077 4305 3396 4364 ascendisse
3441 4322 3607 4380 supra

1997 4416 2188 4458 omnes
2217 4401 2388 4457 caelos
2417 4399 2567 4472 (Act.
2599 4415 2640 4469 ι,
2667 4398 2760 4472 9).
2794 4399 2986 4472 Neque
3015 4400 3060 4455 si
3089 4401 3145 4456 in
3172 4399 3517 4458 altitudinem
3544 4416 3606 4459 se

1999 4495 2158 4552 nobis
2209 4495 2504 4564 ostendat,
2547 4493 2618 4552 de
2661 4509 2772 4566 qua
2814 4493 2946 4550 dicit
2991 4493 3233 4550 Joannes
3274 4495 3605 4568 apostolus:

2000 4592 2079 4648 An
2112 4591 2366 4665 ignoratis
2391 4589 2724 4646 altitudinem
2749 4589 2966 4646 Satanae
2993 4587 3189 4660 (Apoc.
3217 4604 3277 4654 tt,
3300 4588 3436 4662 26)?
3456 4605 3486 4644 a
3513 4588 3611 4648 de-

2001 4684 2224 4742 votione
2256 4698 2358 4740 nos
2389 4681 2606 4738 Domini
2634 4679 2764 4738 Jesu
2788 4679 3014 4738 debebit
3039 4678 3259 4738 auferre
3279 4722 3294 4748 ,
3318 4696 3482 4752 quem
3505 4681 3613 4739 sci-

2004 4796 2125 4838 mus
2153 4777 2512 4837 descendisse
2541 4775 2610 4833 de
2647 4775 2792 4834 caelo
2811 4817 2827 4842 ,
2858 4771 2887 4812 ει
2916 4783 2974 4830 ut
3000 4782 3221 4832 terrena
3264 4773 3612 4846 spiritalibus

2004 4877 2262 4936 sociaret.
2311 4874 2501 4946 Neque
2539 4871 2586 4928 si
2631 4887 2728 4944 per
2769 4868 3144 4943 phantasiam,
3191 4884 3297 4942 qua
3346 4870 3614 4928 seducere

2005 4973 2325 5036 meditatur,
2358 4965 2688 5040 profundum
2739 4964 2896 5021 nobis
2933 4961 3188 5021 ostendat
3232 4961 3464 5021 horrore
3503 4964 3610 5022 mi-

2006 5069 2270 5136 randum,
2298 5079 2403 5137 qua
2435 5062 2611 5120 territi
2640 5061 2782 5119 forte
2811 5061 3238 5118 succumbamus
3267 5059 3345 5118 illi
3369 5078 3384 5115 :
3406 5075 3508 5117 nec
3534 5059 3615 5117 sic

2007 5164 2228 5238 dignum
2260 5168 2347 5218 est
2368 5202 2383 5228 ,
2411 5168 2470 5216 ut
2495 5157 2718 5214 Christo
2745 5155 2905 5214 ﬁdem
2939 5157 3284 5230 frangamus,
3316 5170 3480 5228 quem
3506 5154 3616 5211 sci-

2009 5276 2129 5317 mus
2175 5255 2351 5314 nostri
2396 5269 2562 5312 causa
2592 5252 2645 5309 in
2675 5250 3008 5326 profundum
3055 5261 3215 5308 terra:
3263 5245 3610 5306 descendisse

2013 5399 2308 5459 minamus,
2336 5391 2462 5464 quia
2486 5389 2605 5460 ipse
2627 5387 2776 5464 prior
2800 5385 2997 5464 dilexit
3017 5397 3152 5464 nos,
3169 5393 3234 5433 ac
3259 5374 3602 5464 deditpphis.

2090 5483 2112 5512 ο
2151 5455 2412 5525 Nonnulli
2441 5455 2600 5526 mss,
2627 5455 2928 5514 subornata
2971 5455 3176 5526 fallacis
3202 5455 3368 5526 patris
3402 5457 3501 5526 sui:

2086 5541 2112 5581 ά
2151 5512 2622 5612 ἓόἱὲἱῗὲξίὲῖέὗιῖι
2643 5512 2755 5612 ἒξει
2801 5512 3604 5612 εεττίξὲξέῗίῖῖξϊῗῗῆξ.τέἓῖὥὶ

2013 5582 2326 5698 ιηττέῖίὲῑὸ
2363 5607 2472 5698 et
2501 5582 3603 5698 ιεξέσξεςβιῖξειξξξξ

2012 5655 2478 5753 ἓΣὶἱὰὐιᾶιΪέειᾶἔιίι
2507 5655 3134 5753 ιζ’όιὴῖῐδῑιῖὲξξρλλ

2013 5711 2257 5769 randum,
2289 5711 2478 5764 cuum."
2508 5711 2666 5760 I.Iu|us
2697 5711 2830 5730 μυ...
2857 5711 3207 5770 “tvm”.

2013 5760 2290 5826 nonnullis
2320 5759 2583 5819 restituit,
2615 5747 2832 5804 horrore
2870 5761 3047 5830 mag!
