4082 6306
540 228 638 286 ibi

1459 223 1552 299 AD
1589 222 1823 285 OP-ERA
1862 222 2112 295 SANCTl
2148 222 2481 299 ASIBROSU
2519 225 2896 299 APPENDIX.

3744 235 3843 299 181

536 353 593 398 et
618 352 797 400 morte
828 358 1009 415 pressa
1030 359 1204 416 genus
1230 343 1526 399 humanum
1556 342 1843 399 liberasse.
1873 342 2061 414 Neque
2087 342 2134 398 si
2166 345 2221 406 Δ
2245 342 2546 413 obsequium
2569 386 2584 412 ,
2612 356 2661 399 et
2706 346 2983 416 promissa,
3013 363 3231 419 quorum
3259 348 3467 415 Patres,
3498 358 3547 403 et
3571 366 3631 405 ea:
3661 350 3844 421 quibus

537 436 720 493 futura
750 437 902 493 nobis
933 437 1197 509 spondeat
1226 477 1240 500 ,
1275 452 1395 507 quas
1430 436 1684 506 promisit
1716 436 1843 492 Eva:
1878 434 2031 506 (Cen.
2060 450 2135 502 ιιι,

535 533 617 601 4),
651 546 934 587 assensum
967 530 1217 586 dabimus
1262 532 1364 597 illi,
1396 529 1619 586 discreti
1648 546 1677 585 a
1708 529 1951 597 Christo,
1977 546 2135 600 quem

536 625 739 680 virtute
771 635 826 681 et
853 633 1041 681 natura
1073 624 1246 681 Deum
1294 624 1573 680 credimus
1604 634 1656 681 et
1688 625 1911 681 scimus.
1958 623 2072 680 Nec
2094 625 2136 680 si

533 730 651 776 arte
684 730 709 759 α
742 731 793 777 et
842 721 1147 777 subtilitate
1189 723 1405 778 astutiae
1453 737 1567 777 suae
1617 722 1779 777 aliam
1830 730 2136 779 creaturam

533 816 695 888 lingat
727 816 793 873 ad
822 819 1037 884 horam,
1066 818 1208 873 sicut
1244 818 1524 873 [inserunt
1545 816 1766 875 Jamnes
1795 827 1849 875 et
1871 818 2139 874 Mambres

531 926 714 968 coram
762 912 1085 981 Pharaone;
1119 914 1515 977 inconveniens
1546 924 1629 970 est
1656 954 1671 978 ,
1703 926 1759 969 ιιι
1810 930 1907 985 per
1946 913 2065 969 haec
2106 930 2134 971 a

531 1006 642 1064 Deo
672 1016 927 1065 creatore
969 1024 1101 1066 vero
1152 1026 1249 1066 nos
1299 1020 1557 1077 revocet,
1588 1025 1751 1081 quem
1786 1026 1895 1065 non
1923 1010 2140 1083 ignota-

530 1115 651 1155 mus
685 1116 780 1175 per
817 1098 1097 1157 Christum
1140 1101 1344 1159 Filium
1395 1116 1554 1157 suum
1605 1109 1908 1156 creaturam
1947 1101 2137 1157 condi-

527 1189 673 1251 disse
716 1193 767 1248 in
817 1201 1081 1250 aeternum
1128 1194 1454 1250 existentem
1485 1192 1569 1264 (ll
1600 1190 1737 1246 Tim.
1772 1208 1854 1262 ιιι,
1884 1190 1975 1266 8).
2008 1193 2137 1262 Qui-

530 1284 757 1341 busdam
782 1284 999 1341 videtur
1031 1286 1195 1349 aliam
1224 1295 1535 1342 creaturam
1565 1284 1775 1341 dixisse
1816 1286 1885 1342 de
1929 1286 2132 1353 idolis;

528 1377 626 1433 sed
680 1394 788 1433 non
833 1389 917 1435 est
968 1394 1189 1447 verum,
1217 1379 1343 1451 quia
1394 1380 1530 1434 hanc
1572 1376 1763 1433 debuit
1801 1378 2133 1448 signiﬁcare,

528 1490 689 1545 quam
732 1476 834 1533 sub
880 1476 1244 1539 admiratione
1289 1476 1630 1532 seductionis
1675 1475 1892 1531 videtur
1932 1477 2135 1546 lingere

529 1568 778 1625 Satanas.
800 1569 932 1624 Nam
958 1570 1080 1639 quis
1102 1569 1398 1626 seducatur
1424 1569 1666 1625 ﬁdelium
1696 1569 1762 1623 ad
1792 1569 1926 1636 ιιωο,
1959 1584 1988 1622 a
2015 1569 2134 1639 qui-

527 1660 625 1716 bus
666 1663 895 1717 recessit
942 1660 1291 1719 tnanifeStato
1338 1662 1567 1719 errore?
1599 1662 1707 1735 79
1733 1661 1842 1719 Sed
1874 1663 1989 1719 haec
2020 1677 2134 1717 me-

2247 434 2481 493 Christus
2507 440 2786 495 secundum
2814 456 3020 496 carnem
3041 482 3057 509 ,
3088 443 3175 513 qui
3202 452 3279 499 est
3306 460 3461 515 super
3500 444 3672 499 omnia
3708 443 3844 501 Dens

2245 530 2537 589 benedictus
2565 534 2619 587 in
2659 537 2871 591 secula.
2919 537 3103 593 Amen.
3136 537 3310 593 Tanta
3342 537 3615 607 praeconia
3640 537 3844 594 nobili-

2246 626 2369 681 tatis
2395 635 2451 680 et
2480 625 2766 697 dignitatis
2809 630 3027 698 generis
3068 628 3385 687 Judaorum
3430 638 3486 687 et
3528 630 3847 700 promissio—

2242 735 2369 775 nunt
2411 732 2724 789 enumerat,
2760 730 2818 779 ut
2846 723 3109 780 omnibus
3153 740 3253 795 pro
3294 726 3379 781 his
3419 724 3665 781 dolorem
3696 724 3846 780 incu-

2244 818 2370 881 tiat;
2396 817 2523 885 quia
2554 831 2661 872 non
2691 816 3007 887 recipiendo
3036 817 3380 874 Salvatorem
3428 818 3842 889 prierogativam

2242 908 2485 976 Patrum,
2510 920 2563 963 et
2594 910 2978 978 promissionis
2998 914 3256 968 meritum
3291 910 3668 979 perdiderunt.
3695 911 3846 980 Pejo-

2241 1020 2330 1060 res
2354 1006 2653 1075 gentilibus
2677 1005 2830 1074 tacti,
2860 1021 3002 1077 quos
3028 1008 3201 1077 prius,
3228 1008 3355 1077 quia
3378 1007 3500 1062 sine
3524 1005 3635 1063 Deo
3664 1016 3840 1070 erant,

2240 1097 2698 1155 abominabantur
2742 1115 2758 1156 :
2796 1100 3131 1171 propensius
3156 1100 3301 1155 enini
3332 1100 3535 1154 malum
3560 1109 3642 1155 est
3667 1098 3845 1169 digni-

2240 1201 2405 1249 tatem
2458 1192 2799 1264 perdidisse,
2844 1211 3006 1265 quam
3051 1210 3158 1251 non
3211 1194 3495 1252 habuisse.
3535 1192 3753 1249 Interea
3780 1192 3843 1250 de

2238 1282 2525 1342 Salvatore
2554 1286 2684 1342 dicit
2709 1306 2721 1340 :

2315 1378 2417 1445 Qui
2464 1388 2535 1433 est
2581 1395 2739 1450 super
2781 1381 2954 1433 omnia
3003 1378 3143 1434 Deus
3188 1380 3483 1435 benedictus
3527 1379 3583 1435 in
3626 1378 3839 1435 cacata.

2239 1471 2419 1527 Amen.
2466 1471 2696 1540 Quando
2735 1473 2881 1529 enim
2914 1473 3061 1528 nulla
3095 1471 3309 1544 paterni
3335 1473 3573 1528 nominis
3600 1472 3653 1527 tit
3690 1488 3840 1528 men-

2237 1567 2334 1632 tio,
2364 1577 2415 1621 et
2448 1565 2516 1621 de
2546 1565 2765 1622 Christo
2792 1582 2977 1623 sermo
3006 1576 3126 1634 est;
3158 1582 3267 1622 non
3300 1576 3479 1636 potest
3507 1566 3745 1631 diﬂ‘erti,
3780 1582 3841 1622 ne

2237 1657 2383 1713 Dens
2429 1658 2665 1715 dicatur.
2715 1659 3057 1731 Frequenter
3103 1661 3249 1716 enim
3294 1659 3578 1731 Scriptura
3624 1671 3843 1731 prOpter

526 1755 731 1813 ditatur
761 1767 817 1812 et
850 1756 1023 1827 ﬁngit,
1054 1772 1155 1829 per
1185 1773 1309 1830 qua:
1338 1757 1502 1813 etiam
1536 1757 1740 1813 electos
1774 1754 1945 1825 possit
1973 1756 2135 1811 sedne
2164 1744 2213 1821 Β
2240 1751 2395 1807 unius
2427 1752 2522 1808 Dei
2554 1751 2975 1822 professionem,
3004 1752 3051 1808 si
3074 1752 3144 1810 de
3172 1752 3283 1809 Deo
3312 1752 3473 1809 Patre
3504 1752 3771 1824 loquitur,
3793 1762 3843 1808 et

524 1864 671 1906 cere.
700 1849 856 1905 Nulla
898 1867 1028 1922 ergo
1073 1860 1200 1906 sunt
1220 1892 1233 1915 ,
1266 1850 1406 1924 (qua:
1435 1864 1535 1905 nos
1565 1849 1777 1919 possint
1808 1866 1834 1903 a
1864 1848 2132 1906 eharitate

528 1943 624 1999 Dei
654 1960 911 2014 separare
933 1988 947 2012 ,
981 1960 1104 2015 quae
1131 1954 1220 2000 est
1260 1944 1315 2000 in
1342 1943 1562 1999 Christo
1589 1943 1715 1999 Jesu
1754 1961 1767 1996 :
1799 1944 1944 1999 Deus
1984 1943 2131 1999 enim

526 2036 851 2093 cbaritatem
882 2053 1034 2093 suam
1060 2038 1113 2092 in
1141 2036 1360 2094 Christo
1386 2036 1543 2092 nobis
1574 2036 1837 2104 ostendit,
1865 2035 1992 2093 dum
2026 2048 2133 2092 tra-

528 2130 608 2186 dit
640 2130 791 2187 illunt
824 2147 923 2203 pro
955 2132 1134 2187 nobis.

1140 2223 1373 2281 CAPUT
1423 2223 1516 2279 IX.

598 2316 777 2390 (Vers.
818 2317 962 2389 1-5.)
1010 2316 1290 2373 Veritatem
1335 2318 1451 2372 dico
1497 2318 1551 2373 in
1600 2314 1804 2372 Christo
1843 2316 1994 2385 Jcsu,
2026 2334 2131 2374 non

529 2411 765 2477 mentior,
804 2412 1150 2466 testimonium
1182 2410 1309 2464 mihi
1338 2411 1636 2482 perhibente
1677 2410 1991 2466 conscientia
2016 2427 2131 2468 mea

524 2506 575 2560 in
607 2506 807 2577 Spiritu
832 2516 1034 2572 sancto,
1053 2506 1173 2576 quia
1201 2506 1414 2560 tristitia
1434 2515 1509 2560 est
1538 2504 1664 2561 mihi
1687 2522 1908 2578 magna,
1936 2517 1983 2562 et
2005 2522 2130 2562 con-

524 2599 697 2654 tinuus
728 2598 877 2654 dolor
905 2599 1051 2653 cordi
1080 2614 1195 2653 meo
1212 2615 1230 2665 ;
1262 2598 1503 2670 aptabant
1548 2599 1685 2654 enim
1726 2615 1818 2671 ego
1856 2600 1966 2672 ipse
1995 2616 2126 2654 ana-

526 2691 699 2745 thema
742 2707 850 2745 esse
899 2708 929 2745 a
982 2690 1185 2748 Christo
1232 2708 1327 2761 pro
1378 2690 1630 2761 fratribus
1684 2692 1847 2757 meis,
1892 2692 2129 2765 cognatis

523 2787 805 2839 secundum
840 2801 1067 2852 carnem,
1096 2785 1181 2855 qui
1211 2796 1327 2839 sunt
1361 2782 1634 2839 lsraetitw.
1668 2783 1933 2852 Quoniam
1960 2799 2121 2857 supev

524 2878 638 2933 rius
666 2886 853 2933 contra
882 2876 1100 2933 Judaeos
1132 2877 1278 2949 loqui
1308 2876 1554 2945 videtur,
1588 2876 1680 2946 qui
1707 2892 1773 2931 ex
1801 2875 1944 2949 Lege
1966 2876 2127 2946 justi-

523 2971 677 3027 licari
706 2988 765 3027 se
794 2982 984 3044 putant
1027 2991 1040 3026 :
1086 2988 1227 3029 nunc
1269 2982 1329 3029 ut
1356 2982 1541 3029 votum
1573 2987 1732 3030 suum
1774 2981 1828 3029 et
1869 2971 2126 3029 alfectum

521 3064 666 3121 circa
698 3079 794 3120 eos
820 3063 1104 3134 ostendat;
1139 3074 1277 3123 teste
1305 3066 1642 3123 conscientia
1669 3080 1790 3133 sua,
1820 3067 1872 3121 in
1904 3063 2123 3123 Christo

2240 1846 2350 1900 Deo
2377 1845 2625 1916 adjungit
2652 1845 2871 1912 Filium,
2905 1846 3071 1901 Deum
3101 1846 3320 1901 Patrem
3350 1854 3529 1912 vocat,
3561 1853 3619 1902 et
3644 1845 3840 1901 Filium

2238 1940 2552 1996 Dominum.
2571 1940 2629 1998 Si
2653 1940 2777 2013 quis
2794 1950 2973 1997 autem
2991 1956 3096 1997 non
3111 1949 3266 2012 putat
3285 1940 3354 1997 de
3370 1939 3591 1997 Christo
3609 1939 3835 1996 dictum:

2238 2032 2341 2100 Qui
2368 2044 2439 2091 est
2469 2032 2629 2102 Deus,
2661 2034 2751 2091 det
2784 2049 3095 2103 personam,
3126 2033 3196 2090 de
3220 2049 3329 2105 qua
3354 2034 3558 2090 dictum
3602 2043 3687 2089 est
3722 2053 3736 2086 ;
3779 2032 3841 2089 tle

2235 2126 2397 2184 Patre
2423 2128 2572 2184 enim
2601 2128 2711 2185 Deo
2738 2126 2839 2184 hoc
2874 2128 2993 2183 loco
3038 2129 3242 2185 mentio
3272 2127 3414 2186 facta
3451 2144 3557 2183 non
3587 2136 3699 2183 est.
3736 2126 3837 2183 Sed

2232 2220 2363 2292 quid
2395 2220 2621 2288 mirum,
2649 2221 2695 2276 si
2745 2220 2799 2275 in
2845 2220 2947 2277 hoc
2999 2220 3120 2278 loco
3147 2218 3423 2277 Christum
3463 2221 3637 2277 Deum
3676 2236 3838 2292 super

2233 2315 2416 2372 omnia
2448 2324 2637 2386 aperta
2687 2331 2822 2371 voce
2855 2315 3201 2387 loqueretur,
3231 2316 3299 2372 de
3325 2332 3435 2387 quo
3464 2315 3568 2372 alia
3620 2318 3674 2372 in
3721 2318 3833 2386 epi-

2231 2408 2373 2463 stola
2421 2407 2565 2464 hnnc
2610 2422 2831 2463 sensum
2878 2409 2969 2463 tali
3020 2423 3275 2465 sermone
3312 2410 3571 2475 ﬁrmavit,
3607 2409 3833 2467 dicens:

2236 2500 2305 2556 Ut
2356 2502 2407 2556 in
2449 2502 2654 2557 nomine
2691 2499 2818 2556 Jesu
2851 2518 3000 2556 omne
3029 2518 3163 2573 genu
3203 2502 3477 2571 ﬂectatur,
3512 2502 3798 2559 antestium
3822 2544 3834 2567 ,

2231 2597 2550 2651 terrestrium
2596 2606 2642 2652 et
2689 2598 3015 2666 infernarum
3042 2595 3269 2668 (Philip.
3304 2613 3367 2666 ιι,
3397 2596 3525 2668 ill)?
3556 2597 3687 2656 Haec
3715 2609 3834 2655 sunt

2230 2691 2432 2758 omnia,
2464 2706 2633 2761 super
2671 2707 2793 2763 qua:
2844 2692 2985 2747 Deus
3022 2689 3275 2748 Christus
3303 2700 3406 2748 est.
3446 2691 3638 2763 Neque
3669 2695 3832 2760 enim,

2229 2787 2474 2859 exceptis
2516 2787 2637 2855 his,
2662 2795 2791 2843 sunt
2835 2787 3039 2858 aliqua,
3071 2797 3127 2845 ut
3159 2803 3267 2843 uon
3293 2802 3458 2858 super
3482 2788 3667 2843 omnia
3698 2788 3834 2845 Deus

2226 2880 2479 2938 Christus
2521 2880 2633 2937 sit:
2660 2896 2762 2938 nec
2808 2890 2985 2950 potest
3026 2894 3168 2951 genu
3212 2879 3434 2936 ﬂectere
3459 2880 3643 2937 omnis
3683 2895 3830 2936 crea-

2229 2980 2390 3041 tura,
2441 2972 2543 3029 nisi
2597 2972 2731 3029 Deo.
2799 2971 3043 3042 Denique
3091 2969 3333 3029 Joannes
3378 2972 3663 3041 apestolus
3713 2987 3831 3027 cum

2229 3066 2432 3123 inscius
2481 3065 2732 3137 angelum
2769 3073 2828 3122 ut
2869 3064 3037 3131 Deum
3085 3065 3244 3121 vellet
3276 3064 3535 3131 adorare,
3582 3064 3744 3121 audit
3768 3064 3832 3120 ah

519 3155 652 3213 Iesu
680 3168 735 3214 et
762 3157 815 3214 in
846 3156 1051 3230 Spiritu
1080 3168 1269 3215 sancto
1300 3159 1430 3215 dicit
1459 3175 1519 3216 se
1551 3159 1720 3232 loqui,
1753 3171 1812 3216 ut
1840 3174 1949 3216 non
1976 3162 2127 3217 velut
2150 3138 2196 3203 Ο
2229 3174 2293 3214 eo
2325 3178 2337 3211 :
2363 3158 2446 3214 Ne
2473 3160 2675 3232 feceris,
2713 3158 2960 3229 quoniam
2984 3174 3259 3214 conservus
3306 3167 3422 3212 tuus
3463 3174 3597 3213 sum.
3644 3156 3829 3223 Deum,

520 3250 742 3308 inimico
789 3252 1005 3308 illorum
1036 3252 1173 3310 ﬁdes
1220 3253 1408 3311 haberi
1438 3272 1543 3310 non
1579 3257 1771 3327 possit.
1802 3257 1929 3313 ldeo
1960 3256 2123 3314 Chri-

517 3352 658 3399 stum
705 3353 759 3400 et
806 3344 1073 3417 Spiritum
1117 3359 1387 3416 sanctum,
1424 3364 1562 3419 quos
1606 3347 1742 3403 nihil
1777 3349 1929 3414 latet,
1959 3360 2125 3407 testes

518 3438 605 3493 dat
634 3457 645 3492 :
672 3448 727 3493 et
760 3455 991 3509 quorum
1023 3439 1395 3497 testimonium
1444 3442 1727 3513 reprobari
1760 3459 1869 3499 non
1912 3453 2123 3515 potest,

517 3532 606 3603 qni
637 3534 716 3588 sic
748 3533 1037 3603 perhibent
1084 3536 1457 3592 testimonium
1489 3535 1786 3608 Apostolo,
1815 3538 1943 3595 dum
1970 3555 2121 3596 com-

517 3630 778 3685 mendant
820 3646 944 3685 eum
989 3630 1192 3687 virtute
1222 3630 1504 3703 signorum
1524 3674 1539 3701 ,
1570 3650 1691 3704 quae
1720 3631 1998 3690 faciebant
2025 3650 2123 3707 per

516 3720 689 3777 illum.
719 3722 855 3791 Quia
884 3725 1031 3779 enim
1065 3735 1171 3778 tam
1219 3740 1473 3795 magnum
1513 3725 1825 3797 prmsidium
1856 3736 1939 3784 est
1964 3727 2123 3784 Chri-

515 3816 605 3881 Sti,
636 3824 692 3870 et
734 3817 1066 3887 praecipuam
1099 3814 1423 3873 cbaritatem
1459 3834 1587 3890 erga
1617 3834 1790 3890 genus
1823 3819 2118 3876 humanum

514 3908 778 3976 ostendit,
822 3918 880 3964 et
906 3907 1223 3980 dignatione
1268 3911 1387 3980 ejus
1434 3910 1674 3982 gloriosa
1704 3922 1758 3966 et
1791 3912 2119 3969 immortalia

514 4004 738 4073 praemia
768 4003 1096 4074 repromissa
1140 4021 1152 4057 :
1198 4019 1260 4059 ac
1289 4020 1383 4076 per
1413 4004 1514 4059 hoc
1545 4003 1696 4061 dolet
1719 4021 1894 4076 genus
1924 4022 2082 4062 suum
2104 4048 2118 4074 ,

518 4095 664 4164 quod
704 4104 789 4150 est
829 4096 1129 4151 secundum
1160 4110 1411 4162 carnem;
1438 4098 1566 4168 quia
1600 4096 1979 4155 incredulitate
2021 4114 2118 4155 sua

514 4187 619 4244 hoc
647 4187 876 4259 perenni
899 4198 954 4244 et
974 4188 1200 4245 salutari
1231 4189 1500 4246 beneﬁcio
1526 4205 1586 4245 se
1615 4189 1919 4262 privarunt.
1950 4191 2114 4265 Ergo,

515 4282 783 4354 Optabam,
812 4284 913 4353 ait,
943 4300 1049 4340 non
1082 4292 1243 4355 opto;
1275 4285 1399 4356 quia
1430 4285 1535 4340 scit
1566 4283 1680 4341 fieri
1709 4289 1816 4341 no'n
1848 4300 2031 4358 posse,
2059 4297 2119 4344 ut

512 4386 621 4431 tam
671 4377 959 4433 honestum
1006 4378 1351 4447 membrum,
1383 4378 1534 4435 nullo
1567 4379 1910 4451 praecedente
1943 4382 2112 4451 vitio,

511 4470 926 4527 abscinderetur
951 4469 978 4509 ι)
1007 4487 1036 4527 a
1069 4488 1302 4543 corpore
1347 4473 1683 4543 christiano;
1732 4474 1984 4531 aﬂ‘ectum
2035 4487 2113 4533 ta-

510 4580 633 4620 men
666 4573 720 4621 et
750 4564 1105 4623 dilectionem
1134 4566 1275 4621 circa
1303 4582 1481 4639 genus
1511 4583 1669 4624 suum
1697 4569 1956 4626 ostendit.

585 4661 767 4733 (Vers.
806 4661 887 4733 4.)
930 4662 1167 4731 Quorum
1205 4660 1418 4734 adoptio
1464 4672 1537 4721 est
1578 4664 1827 4734 ﬁliorum.
1866 4664 2021 4723 Juste
2050 4681 2110 4723 se

510 4755 705 4813 dolere
732 4757 925 4828 probat
944 4798 960 4825 ,
993 4757 1213 4830 quando
1242 4756 1503 4833 prtedicat
1530 4758 1748 4815 laudem
1776 4761 1991 4832 generis
2016 4777 2111 4818 eo-

510 4866 664 4917 rum;
697 4853 820 4922 quia
872 4848 1002 4906 olim
1054 4851 1152 4907 ﬁlii
1196 4851 1765 4926 adoptati,_all'ectnm
1797 4866 1851 4911 et
1879 4858 2105 4927 gratiam

509 4945 603 5001 Dei
634 4944 813 5002 Patris
844 4945 899 5001 in
927 4946 1141 5002 irritum
1176 4945 1513 5005 habuerunt.
1564 4947 1779 5022 Adiecit
1804 4950 2014 5021 adhuc,
2047 4961 2107 5008 ut

507 5053 561 5100 et
587 5046 725 5101 alios
750 5044 941 5101 dolere
973 5060 1070 5116 pro
1093 5042 1175 5101 bis
1202 5045 1380 5117 faciat,
1401 5046 1589 5104 dicens
1621 5066 1635 5102 :

580 5138 758 5210 (Vers.
791 5136 872 5208 5.)
918 5128 985 5192 Et
1023 5137 1216 5212 gloria,
1242 5150 1289 5193 et
1319 5148 1645 5211 testamenta,
1674 5150 1721 5197 et
1751 5142 2028 5213 legislatio,
2058 5154 2105 5199 et

581 5307 607 5337 ἰ
624 5298 826 5370 Omnes
852 5298 981 5354 edit.
1001 5305 1056 5356 et
1082 5313 1212 5354 mss.
1237 5315 1299 5354 ac
1328 5300 1481 5370 pauci
1507 5315 1662 5367 mss.,
1689 5308 1736 5355 et
1757 5300 2104 5369 sublimitate;

514 5367 803 5442 creteri,‘in
847 5371 1041 5442 quibus
1086 5367 1450 5442 antiquiores,
1484 5383 1531 5429 et
1558 5374 1861 5428 subtilitate.
1898 5367 2103 5429 liursns

518 5442 694 5517 paucis
732 5434 1031 5509 interiectis"
1056 5483 1072 5509 ,
1107 5434 1260 5498 Eras.
1297 5458 1361 5498 ac
1404 5434 1525 5517 seq.
1557 5446 1691 5501 edit.
1727 5461 1849 5500 cunt
1883 5463 1989 5503 uno
2018 5443 2105 5501 vel

519 5511 835 5583 gitefohmss.
869 5524 1245 5583 remanerent,
1272 5511 1576 5573 conveniens
1598 5526 1708 5583 est;
1737 5516 1827 5572 ubi
1857 5533 1955 5572 nos
1981 5532 2103 5571 cum

512 5556 729 5667 zzz-cru,
765 5586 809 5602 -ι
840 5565 1112 5637 plerisque
1144 5556 1278 5665 mss:
1332 5560 1711 5654 restituimus’,
1745 5590 2105 5643 inconveniens

578 5666 603 5717 ’λ
642 5684 785 5739 item.
833 5691 959 5734 eun.
994 5706 1113 5739 an...
1152 5666 1251 5739 μί

593 5706 611 5782 ζ
639 5706 1355 5809 ἣξξξέιῗξᾶῗιξίέιηξίιιιιυὶε
1374 5747 1545 5809 _mss.,
1577 5750 1609 5786 a
1639 5746 1854 5809 corpore
1891 5729 2104 5809 Christi.

1098 5798 1327 5925 ῑθέτυετε
1364 5802 1538 5872 Patri,
1561 5812 1652 5860 aut
1679 5798 1846 5873 Filio,
1870 5810 1960 5861 aut
1984 5801 2109 5874 Spi-

1122 5948 1143 5989 ι

1142 6018 1291 6205 \

2228 3254 2422 3325 inquit,
2456 3253 2619 3308 adora
2650 3253 2838 3325 (Apoc.
2874 3269 2965 3307 xu
2987 3294 3002 3319 ,
3038 3252 3146 3323 10).
3192 3251 3306 3308 Nec
3356 3252 3617 3307 Dominus
3651 3251 3829 3325 utique

2226 3348 2441 3405 adorari
2471 3364 2529 3405 se
2563 3356 2872 3418 pateretur,
2903 3347 3008 3403 nisi
3036 3348 3160 3418 quia
3194 3346 3339 3404 Deus
3365 3354 3450 3402 est
3493 3364 3505 3403 :
3543 3346 3589 3401 si
3617 3346 3831 3417 quomi-

2224 3457 2347 3509 nus,
2370 3456 2661 3512 usurpasse
2683 3441 2949 3498 dicendns
2972 3450 3073 3508 est,
3101 3449 3158 3498 et
3184 3455 3459 3511 peccasse,
3487 3439 3635 3512 quod
3654 3440 3826 3506 absit;

2222 3550 2343 3589 cum
2375 3534 2492 3604 ipse
2517 3533 2793 3589 diabolum
2822 3533 3135 3604 increpans,
3182 3530 3470 3589 Dominum
3502 3532 3675 3588 Deum
3702 3532 3829 3589 ado-

2222 3625 2478 3693 randum,
2510 3637 2566 3682 et
2616 3628 2717 3697 ipsi
2763 3626 2869 3682 soli
2919 3625 3267 3683 serviendum
3321 3626 3575 3683 ostendat
3604 3626 3825 3701 (Matth.

2220 3737 2295 3786 tv,
2346 3718 2456 3792 10).
2503 3720 2651 3777 Nihil
2696 3737 2824 3794 ergo
2874 3720 3261 3793 praeiudicatur
3307 3722 3419 3779 Deo
3471 3722 3617 3778 Patri
3644 3765 3659 3789 ,
3705 3739 3829 3781 cum

2219 3815 2476 3870 adorator
2506 3813 2759 3871 Christus
2792 3823 2850 3870 ut
2878 3815 3052 3884 Deus;
3080 3816 3202 3887 quia
3248 3830 3372 3872 cum
3418 3816 3519 3873 soli
3553 3816 3670 3873 Deo
3713 3831 3827 3875 ser-

2221 3907 2475 3965 viendum
2508 3908 2743 3975 dicatur,
2766 3908 3005 3965 servitur
3030 3918 3086 3965 et
3108 3907 3350 3969 Christo.
3384 3910 3523 3966 Dicit
3553 3910 3702 3965 enim
3724 3910 3827 3967 alio

2219 4002 2341 4058 loco
2387 4021 2400 4057 :
2435 4002 2536 4069 Qui
2562 4003 2617 4057 in
2646 4002 2725 4057 liis
2750 4002 2901 4058 servit
2943 4001 3179 4071 Christo,
3218 4003 3386 4074 placet
3414 4001 3524 4057 Deo
3554 4000 3736 4075 (han.
3767 4019 3821 4069 ι.

2220 4097 2296 4168 4).
2331 4095 2470 4165 Quid
2500 4111 2634 4168 ergo
2664 4106 2938 4167 superest,
2971 4097 3074 4153 nisi
3107 4106 3164 4151 ιιι
3195 4096 3356 4154 Pater
3378 4097 3543 4165 Deus,
3573 4108 3626 4152 et
3656 4096 3825 4154 Filius

2220 4189 2399 4255 Deus;
2430 4197 2483 4244 et
2513 4189 2870 4245 nihilominus
2910 4204 3052 4245 unus
3094 4188 3239 4245 Deus
3275 4189 3529 4246 credatur
3559 4191 3824 4262 uterque?

2219 4282 2347 4342 Sive
2376 4282 2520 4340 enim
2564 4282 2780 4339 Patrem
2830 4283 2952 4354 quis
2999 4281 3222 4351 adoret,
3255 4283 3371 4340 sive
3399 4283 3620 4349 Filium,
3654 4298 3818 4340 unum

2218 4382 2388 4439 Deum
2418 4381 2614 4437 dicitur
2644 4379 2908 4446 adorare;
2950 4389 2972 4418 ο
2998 4387 3054 4435 et
3082 4378 3294 4437 servire
3318 4378 3491 4447 Patri,
3522 4391 3613 4435 aut
3636 4378 3781 4435 Filio
3805 4418 3820 4444 ,

2218 4478 2308 4532 uni
2342 4477 2457 4533 Deo
2473 4474 2756 4532 servitium
2778 4473 3085 4531 exhibetur.
3110 4474 3224 4546 80
3246 4471 3403 4528 Nulla
3424 4473 3588 4544 igitur
3612 4472 3821 4529 discre-

2136 4535 2191 4597 D
2218 4570 2294 4625 tio
2324 4579 2440 4636 est;
2474 4569 2599 4641 quia
2630 4568 2722 4641 qui
2754 4568 2949 4625 adorat
2981 4535 3223 4634 Filiuin',
3255 4535 3527 4623 adorat'et
3556 4566 3814 4625 Patrem:

2213 4672 2270 4719 et
2296 4665 2386 4735 qui
2418 4663 2589 4719 servit
2618 4662 2763 4718 Patri
2793 4704 2807 4728 ,
2842 4661 3010 4718 servit
3040 4670 3096 4717 et
3124 4659 3289 4717 Filio.
3341 4660 3410 4716 Et
3452 4671 3510 4717 ut
3534 4660 3657 4718 sine
3686 4660 3816 4716 adu-

2210 4759 2418 4815 latione
2460 4757 2681 4815 deitatis
2710 4757 2871 4829 hujus
2897 4757 3301 4815 confessionem
3330 4772 3455 4814 esse
3480 4756 3730 4825 doceret,
3763 4757 3814 4811 in

2211 4857 2564 4914 ennclusione
2604 4857 2803 4927 posuit,
2832 4854 3015 4922 Amen,
3044 4856 3148 4911 hoc
3176 4862 3281 4922 est,
3316 4868 3538 4923 rerum;
3572 4863 3631 4909 ut
3654 4852 3812 4910 Chri-

2212 4962 2356 5008 stum
2391 4952 2560 5007 Deum
2583 4965 2748 5022 super
2773 4950 2955 5006 omnia
2980 4950 3033 5004 in
3055 4949 3285 5011 veritate
3306 4947 3622 5006 ostenderet
3647 4947 3815 5005 bene.

2212 5048 2415 5104 dictum
2448 5047 2499 5101 in
2528 5047 2745 5101 smcula.

2286 5140 2469 5215 (Vers.
2501 5139 2582 5212 6.)
2616 5138 2740 5196 Non
2769 5147 2944 5195 autem
2970 5140 3162 5198 excidit
3189 5140 3397 5199 verbum
3422 5137 3541 5193 Dei.
3575 5136 3695 5195 Non
3718 5151 3811 5193 ex-

2207 5300 2336 5357 ritui
2362 5308 2560 5367 sancto,
2594 5300 2683 5353 nni
2714 5296 2893 5356 Deo...
2926 5301 3111 5356 adorat
3142 5311 3192 5355 et
3225 5300 3436 5356 Patrem
3465 5311 3513 5355 et
3552 5300 3808 5366 Spiritum

2210 5382 2513 5428 sanctum...
2537 5372 2699 5444 servit
2726 5369 2870 5427 Filio
2893 5382 2943 5429 et
2964 5372 3191 5444 Spiritui
3212 5385 3411 5439 sancto,
3434 5384 3543 5429 etc.
3573 5390 3585 5425 :
3615 5371 3806 5442 reliqui

2210 5460 2364 5509 vero,
2399 5454 2455 5499 et
2482 5442 2615 5515 edit.
2650 5446 2805 5500 nobis
2845 5442 3183 5515 congruunt,
3216 5447 3316 5499 nisi
3343 5444 3485 5509 quod
3519 5444 3679 5499 Rom.
3712 5458 3808 5514 pro

2210 5529 2256 5571 et
2284 5516 2470 5587 servire
2500 5514 2673 5581 Patri,
2703 5517 2920 5587 posuit,
2951 5514 2997 5571 et
3022 5518 3066 5573 si
3092 5518 3312 5572 servitur
3348 5515 3539 5571 Patri:
3570 5531 3668 5571 nec
3700 5530 3804 5587 non

2211 5597 2333 5659 post
2356 5586 2506 5659 nutta
2547 5580 2726 5658 igitur:
2753 5580 3068 5658 subiunxit,
3100 5589 3156 5659 in
3185 5588 3266 5643 his
3286 5604 3304 5642 :
3328 5603 3391 5643 ac
3420 5588 3639 5642 domum
3668 5586 3806 5643 iul‘ra

2212 5657 2715 5740 pro'confessionem
2756 5657 2881 5718 cum
2924 5676 3059 5723 mss.
3098 5658 3311 5719 Thuau.
3344 5660 3640 5725 substituit,
3680 5674 3802 5730 pro-

2212 5735 2504 5802 fessionem.
