4082 6306
215 222 322 290 155

1101 208 1606 286 constitutum
1645 206 1708 266 IN
1747 203 2143 274 EPIS'I‘OLAM
2182 204 2280 278 Ab.
2315 202 2662 282 uesanos.

3426 203 3528 276 iui

211 340 352 397 cidit
378 344 618 400 verbum
645 341 740 395 Dei
770 339 1042 396 dicentis:
1071 337 1139 404 In
1161 336 1316 392 Isaac
1340 334 1604 392 vocabitur
1629 332 1718 394 tibi
1743 348 1819 388 se-
1856 336 1902 395 Α
1931 329 2394 388 benedicereutur
2429 346 2620 388 omnes
2654 338 2849 402 gentes
2889 336 3072 390 terrae.
3113 326 3343 398 Quando
3383 325 3530 382 enim

215 452 333 489 nter:
365 436 541 506 (Gen.
569 451 693 504 xxx,
732 432 836 506 12)
857 475 871 500 ,
906 433 956 488 id
984 441 1067 490 est
1087 473 1102 500 ,
1136 431 1239 492 hoc
1267 428 1488 495 evenit,
1519 425 1662 496 quod
1691 424 1829 481 dixit

217 529 366 586 Deus
419 530 705 595 futurum;
752 537 811 583 ut
862 543 967 582 non
1019 526 1074 580 bi
1117 524 1432 582 dicerentur
1472 536 1659 577 semen
1705 533 1827 575 esse

214 622 498 688 Abrahae,
549 620 643 692 qui
693 620 788 675 ﬁlii
841 619 961 689 ejus
1001 628 1180 674 essent
1224 614 1522 678 secundum
1564 627 1823 668 carnem:

214 715 318 773 sed
360 716 452 772 isti
495 717 588 788 qui
621 716 786 772 ﬁdem
815 717 1165 785 acceperint,
1198 727 1295 782 per
1322 726 1484 788 quam
1520 719 1676 764 natus
1707 717 1825 772 est,

215 808 408 874 Isaac,
449 811 806 866 relormatatn
839 817 1086 880 tempore
1116 805 1362 877 Christi,
1404 818 1512 859 11011
1549 805 1660 874 jam
1704 817 1828 871 spe-

217 902 422 958 cialem
453 945 468 969 ,
501 901 600 959 sed
629 901 942 974 generalem
969 917 984 966 ;
1019 909 1074 958 ut
1103 899 1248 970 quod
1281 896 1554 951 Abraham
1593 893 1828 956 credidit

215 994 285 1050 de
342 995 536 1062 Isaac,
581 993 672 1050 iSIi
712 992 1002 1050 crederent
1042 991 1111 1048 de
1152 991 1263 1046 Deo
1303 997 1360 1045 et
1401 987 1660 1054 Christo;
1701 985 1826 1058 quin

215 1100 381 1146 natus
415 1096 502 1146 est
550 1089 641 1146 Dei
689 1088 859 1144 Filius
904 1086 972 1143 ad
1019 1085 1248 1156 salutem
1285 1093 1310 1121 τι
1343 1084 1565 1140 humani
1611 1080 1828 1153 generis

216 1182 604 1238 redimendam
619 1220 632 1236 .

293 1274 483 1347 (Vcrs.
518 1274 598 1345 7.)
635 1271 815 1345 Neque
841 1289 1015 1328 omnes
1039 1273 1128 1345 qui
1155 1282 1272 1332 sunt
1298 1287 1366 1328 ea:
1391 1268 1597 1339 Israel,
1631 1267 1684 1324 lii
1713 1277 1829 1324 sunt

217 1365 484 1422 Israelita:
513 1385 532 1434 ;
565 1383 727 1439 neque
752 1367 873 1439 quia
901 1382 1072 1420 semen
1104 1375 1222 1419 sunt
1261 1363 1482 1418 Abrahte
1503 1403 1517 1428 ,
1562 1377 1736 1418 omnes
1767 1361 1830 1428 ft-

216 1462 315 1518 lii:
345 1461 441 1518 sed
471 1461 526 1516 in
557 1459 712 1515 Isaac
743 1459 1007 1516 vocabitur
1035 1459 1127 1514 tibi
1157 1475 1350 1513 semen.
1379 1455 1404 1494 δ
1434 1455 1546 1511 lloc
1574 1464 1658 1510 est
1683 1453 1830 1526 quod

216 1556 336 1610 vult
359 1553 635 1624 intelligi,
661 1569 768 1610 non
797 1554 908 1623 jam
940 1552 1064 1609 idco
1093 1552 1287 1624 dignos
1313 1565 1437 1605 esse
1463 1563 1672 1614 omnes,
1704 1546 1828 1618 quia

219 1648 318 1704 ﬁlii
350 1657 480 1703 sunt
509 1645 746 1703 Abrahae
772 1665 783 1700 :
819 1645 915 1704 sed
941 1661 1036 1702 eos
1061 1660 1182 1701 esse
1210 1643 1404 1715 dignos
1426 1682 1440 1709 ,
1468 1641 1558 1712 qui
1587 1639 1679 1694 ﬁlii
1705 1654 1831 1710 pro-

1933 421 2228 494 promissio
2258 422 2398 476 facta
2425 433 2509 478 est
2537 423 2773 480 Abrahae
2794 464 2808 489 ,
2841 433 2896 478 ot
2922 420 3131 480 audivit
3159 437 3172 474 :
3206 419 3341 486 Quia
3369 421 3424 474 in
3453 434 3534 474 se-

1931 517 2070 570 mine
2106 524 2192 572 tuo
2227 515 2594 571 benedicentur
2631 532 2807 571 omnes
2841 525 3017 588 gentes
3057 523 3250 580 terra;
3281 511 3529 568 Christus

1932 608 2120 680 utique
2159 607 2236 663 illi
2280 609 2586 678 promissus.
2623 617 2710 664 est
2754 625 2821 665 ex
2859 608 3084 666 traduce
3125 606 3310 673 Isaae,
3343 605 3397 661 in
3426 619 3534 676 quo

1929 702 2031 762 hoc
2056 702 2335 771 impletum
2363 703 2629 762 videmus.

2003 793 2184 868 (Vcrs.
2218 793 2329 866 10.)
2358 794 2482 850 Non
2507 797 2673 852 solum
2703 804 2878 850 autem
2906 796 3035 861 hac,
3069 805 3091 834 θ
3121 794 3176 850 id
3201 804 3276 851 est
3297 835 3312 862 ,
3342 794 3531 862 Sarra,

1929 887 2018 944 sed
2056 897 2103 942 et
2145 887 2375 944 Rebecca
2413 904 2478 944 ea:
2513 906 2613 943 uno
2652 888 2926 944 concubitu
2962 889 3156 944 habens
3185 886 3339 946 Isaac
3369 888 3533 960 patris

1931 983 2116 1038 nostri.
2150 981 2268 1039 Non
2303 993 2508 1048 tantum
2539 997 2668 1054 ergo
2695 982 2920 1046 Sanam
2955 981 3008 1042 in
3043 990 3176 1053 typo
3207 981 3340 1038 dicit
3369 995 3539 1052 gene-

1931 1090 2086 1133 rasse
2127 1074 2311 1145 Isaac,
2362 1075 2463 1133 sed
2505 1084 2560 1134 et
2599 1075 2908 1140 Debeccam
2947 1089 3177 1132 uxorem
3221 1073 3396 1128 Isaac.
3428 1072 3539 1128 Sed

1930 1170 2038 1231 alia
2084 1185 2251 1226 causa
2291 1181 2372 1227 est
2402 1171 2456 1226 in
2487 1170 2666 1238 Isaac,
2698 1169 2802 1225 alia
2835 1169 2894 1224 in
2917 1167 3096 1228 Jacob
3121 1176 3176 1224 et
3202 1166 3385 1231 Esau;
3417 1166 3540 1235 quia

1935 1261 2081 1320 Isaac
2120 1263 2172 1320 in
2211 1261 2386 1334 ﬁgura
2428 1262 2729 1320 Salvaturis
2765 1272 2926 1318 natus
2961 1267 3076 1328 est,
3112 1259 3282 1316 Jacob
3317 1274 3448 1314 vero
3486 1267 3542 1313 et

1937 1359 2080 1416 Esau
2106 1358 2338 1422 duorum
2367 1360 2692 1430 populorum
2723 1356 2926 1414 habent
2951 1365 3170 1428 typum,
3204 1355 3256 1410 id
3283 1366 3391 1420 est,
3422 1368 3538 1410 cre-

1935 1453 2176 1510 dentium
2201 1494 2214 1518 ,
2251 1462 2308 1509 et
2352 1470 2458 1509 non
2498 1451 2880 1518 credentium;
2914 1461 2971 1510 ut
3001 1466 3126 1506 cum
3155 1464 3224 1506 ex
3255 1463 3365 1505 uno
3392 1447 3498 1503 sint
3520 1488 3537 1513 ,

1934 1547 2136 1610 diversi
2162 1549 2272 1606 sint
2299 1557 2499 1606 tamen.
2531 1547 2589 1604 In
2620 1548 2850 1620 singulis
2876 1548 3020 1606 enim
3046 1557 3104 1608 et
3131 1561 3308 1618 genus
3334 1543 3543 1615 signiti-

1933 1651 2107 1707 catur,
2141 1651 2198 1698 ut
2225 1642 2282 1700 111
2308 1643 2467 1702 unius
2491 1643 2710 1713 generis
2730 1641 3002 1708 dicantur,
3032 1641 3124 1712 qui
3153 1641 3205 1694 in
3227 1653 3390 1696 causa
3415 1636 3540 1692 ﬁdei

218 1743 502 1798 missionis
534 1753 700 1807 sunt,
739 1739 790 1796 id
821 1749 939 1802 est.
981 1755 1116 1812 quos
1150 1735 1390 1812 praesciit
1415 1736 1561 1792 Deus
1599 1734 1830 1806 promis-
1864 1749 1908 1810 Β
1936 1751 2102 1790 unum
2143 1745 2302 1804 sunt,
2348 1736 2430 1792 vel
2462 1736 2723 1808 perﬁdiis.
2760 1736 2910 1794 Unus
2941 1736 3086 1794 enim
3119 1734 3458 1806 signiﬁcatur
3485 1733 3539 1788 in

217 1836 431 1892 sionem
474 1851 631 1890 suam
661 1844 1015 1905 suscepturus
1037 1875 1053 1900 ,
1083 1832 1204 1889 sive
1234 1848 1301 1887 ex
1337 1827 1541 1886 Judmis
1566 1877 1578 1896 ,
1611 1829 1727 1884 sive
1757 1843 1823 1883 ex
1925 1829 2134 1897 multis,
2160 1846 2266 1889 non
2293 1847 2389 1902 per
2417 1833 2696 1888 traducem
2721 1832 2929 1897 contis,
2954 1830 3052 1885 sed
3081 1844 3176 1900 per
3197 1843 3542 1886 communem

217 1927 516 1999 gentibus;
548 1923 602 1980 bi
633 1927 779 1982 enim
807 1923 958 1998 digni
987 1935 1114 1980 sunt
1144 1923 1249 1979 dici
1285 1922 1547 1980 Israelita:
1570 1963 1584 1990 ,
1617 1920 1671 1976 id
1701 1928 1786 1977 est
1806 1962 1821 1988 ,
1924 1938 2179 1990 causam;
2197 1924 2319 1995 quia.
2342 1931 2398 1982 ct
2421 1939 2487 1984 ex
2507 1924 2651 1984 Esau
2676 1923 2845 1984 Jacob
2863 1925 2962 1986 ﬁlii
2983 1923 3203 1982 dicendi
3227 1932 3374 1989 sunt,
3395 1933 3450 1979 et
3476 1938 3540 1978 ex

219 2021 468 2077 videntes
502 2020 670 2076 Deum
697 2062 712 2088 ,
743 2018 832 2089 qui
862 2018 1114 2076 credunt.
1162 2016 1296 2074 Nam
1337 2017 1406 2074 de
1445 2015 1598 2071 Isaac
1636 2015 1826 2085 utique

222 2129 416 2170 omnes
466 2114 522 2169 111
575 2113 670 2166 11111
713 2122 839 2167 sunt
885 2111 1160 2178 Abrahae;
1210 2110 1338 2184 quia
1377 2109 1554 2166 omnis
1587 2121 1827 2184 propago

225 2209 444 2280 generis
475 2206 786 2264 Judazorum
818 2223 882 2263 ex
912 2205 1186 2262 Abraham
1217 2221 1310 2277 per
1339 2203 1490 2261 Isaac
1521 2210 1624 2258 est.
1664 2213 1686 2240 θ
1718 2200 1826 2258 Sed

231 2302 395 2373 quia,
441 2305 581 2357 sicut
622 2295 771 2364 dixi,
819 2295 872 2354 hi
921 2310 1048 2356 sunt
1099 2314 1230 2354 vere
1275 2297 1368 2352 ﬁlii
1418 2293 1688 2362 Abrahae,
1735 2293 1828 2366 qui

234 2397 647 2468 promissionem
679 2404 1006 2468 sequuntur,
1038 2411 1159 2467 qua:
1190 2391 1242 2448 iu
1272 2392 1423 2448 Isaac
1455 2391 1590 2446 facta
1617 2399 1736 2446 est:
1765 2404 1829 2444 ac

230 2508 328 2565 per
357 2491 458 2546 hoc
481 2490 670 2562 reliqui
698 2489 792 2545 ﬁlii
825 2507 929 2545 non
960 2502 1082 2545 sunt
1112 2485 1327 2544 dicendi
1357 2481 1627 2551 Ahrahze;
1655 2479 1829 2540 Abra-

227 2585 351 2642 ham
395 2585 542 2642 enim
585 2586 853 2653 credens,
907 2581 1062 2640 Isaac
1104 2582 1319 2652 accepit
1365 2589 1588 2651 propter
1633 2577 1826 2644 ﬁdem,

227 2679 351 2753 quia
375 2679 612 2735 credidit
633 2679 760 2734 Deo.
787 2679 843 2734 ln
864 2695 970 2749 quo
987 2678 1304 2749 mysterium
1329 2674 1521 2730 futura:
1545 2672 1666 2730 ﬁdei
1683 2671 1831 2728 desi-

227 2787 452 2848 gnatum
481 2785 564 2831 est
590 2790 604 2840 ;
637 2782 694 2829 ut
724 2773 797 2828 illi
827 2781 1016 2830 essent
1043 2772 1241 2829 fratres
1271 2771 1442 2838 Isaac,
1465 2768 1558 2842 qui
1584 2765 1831 2825 eamdem

230 2870 388 2926 ﬁdem
422 2867 730 2934 haberent,
763 2868 815 2922 in
847 2884 952 2939 qua
989 2867 1139 2922 Isaac
1170 2873 1332 2920 natus
1362 2871 1480 2930 est;
1523 2861 1650 2934 quia
1685 2860 1837 2917 Isaac

226 2962 282 3019 in
315 2971 447 3036 typo
475 2962 782 3018 Salvatoris
812 2967 971 3016 natus
1004 2969 1088 3014 est
1120 2975 1185 3014 ex
1219 2957 1586 3030 promissione
1607 2999 1622 3024 ,
1657 2964 1714 3010 ut
1745 2953 1837 3026 qui

229 3055 527 3112 crediderit
555 3053 828 3112 Christum
856 3053 1040 3109 Jesum
1073 3050 1402 3126 promissum
1429 3064 1551 3106 esse
1577 3047 1834 3114 Abrahte,

1926 2016 2096 2074 Jacob
2118 2017 2262 2075 Esau
2286 2020 2585 2090 imputandi
2618 2030 2746 2076 sunt
2770 2019 2890 2076 lilii.
2921 2018 3032 2076 Nec
3053 2020 3198 2075 enim
3223 2021 3351 2090 quia
3374 2015 3544 2075 Jacob

1928 2111 2201 2181 laudatur,
2233 2128 2425 2170 omnes
2454 2131 2523 2170 ex
2549 2128 2616 2170 eo
2647 2114 2798 2180 nati,
2831 2111 2926 2169 lilii
2956 2113 3074 2184 ejus
3103 2113 3296 2168 merito
3325 2109 3545 2168 dicendi

1928 2215 2089 2264 sunt:
2119 2217 2212 2262 aut
2234 2208 2362 2278 quia
2387 2208 2534 2266 Esau
2559 2208 2849 2278 displicet,
2873 2221 3066 2264 omnes
3094 2222 3162 2264 ex
3187 2205 3307 2275 ejus
3333 2203 3542 2275 origine

1933 2299 2154 2371 reprobi
2199 2310 2366 2368 sunt;
2413 2316 2537 2358 cum
2579 2300 2866 2360 videamus
2902 2308 2960 2355 et
2995 2298 3063 2360 de
3105 2297 3275 2354 Jacob
3319 2295 3543 2354 traduce

1934 2403 2088 2448 natos
2117 2391 2294 2450 factos
2319 2392 2577 2464 perﬁdos,
2606 2405 2660 2450 et
2689 2392 2759 2447 de
2791 2391 2935 2450 Esau
2967 2391 3156 2448 ﬁdeles
3185 2398 3242 2446 et
3272 2389 3384 2445 Deo
3414 2389 3543 2443 cha-

1936 2504 2050 2546 ros.
2087 2488 2222 2546 Nam
2263 2489 2410 2561 quod
2434 2489 2503 2552 de
2528 2489 2700 2548 10001)
2737 2489 2890 2552 multi
2921 2489 3034 2548 sint
3061 2487 3285 2559 perﬁdi,
3317 2485 3540 2543 dubium

1936 2601 2044 2641 non
2077 2595 2204 2653 est;
2238 2603 2432 2644 omnes
2455 2587 2601 2648 enim
2629 2585 2801 2644 Judaei
2837 2601 2950 2646 non
2973 2587 3083 2659 81,
3114 2583 3424 2645 credentes,
3453 2590 3548 2637 aut

1937 2679 2230 2744 credentes
2266 2695 2332 2740 es
2372 2696 2441 2738 eo
2479 2679 2684 2742 habent
2711 2679 2981 2750 originem
3009 2698 3028 2734 s
3061 2687 3117 2734 et
3149 2677 3278 2749 quia
3306 2676 3374 2734 de
3402 2677 3543 2734 Esau

1938 2783 2068 2830 sunt
2108 2773 2241 2832 boni
2275 2782 2331 2830 et
2371 2773 2592 2837 ﬁdeles,
2637 2773 2834 2843 probat
2871 2772 3007 2839 Job,
3057 2772 3150 2844 qui
3189 2779 3276 2832 est
3312 2787 3380 2828 ex
3423 2769 3547 2826 ﬁliis

1943 2867 2120 2934 Esau,
2147 2867 2369 2938 quintus
2389 2908 2404 2933 ,
2441 2867 2509 2924 ab
2535 2865 2845 2934 Abraham,
2876 2864 2980 2922 hoc
3010 2874 3126 2932 est,
3169 2879 3338 2935 nepos
3380 2863 3544 2926 Esau.

2013 2959 2192 3032 (Vera.
2232 2957 2450 3029 11-15.)
2481 2958 2622 3016 Nam
2647 2975 2763 3018 cum
2791 2956 3024 3014 nondum
3049 2957 3158 3013 nati
3186 2957 3424 3028 fuissem,
3459 2966 3552 3011 aut

1943 3054 2143 3125 aliquid
2182 3055 2403 3126 egissent
2445 3055 2636 3114 bonum
2659 3054 2738 3108 vel
2763 3051 2993 3117 malum;
3022 3061 3078 3106 ut
3108 3051 3390 3106 secundum
3420 3051 3553 3106 elec-

231 3151 318 3208 hic
349 3152 420 3208 sit
452 3149 594 3207 ﬁlius
625 3150 888 3218 Abrahae,
925 3147 1090 3204 frater
1117 3163 1248 3204 vero
1278 3143 1450 3202 Isaac.
1494 3145 1705 3201 Dictum
1746 3155 1830 3200 est
1856 3160 1902 3224 ο
1936 3151 2126 3206 tionem
2165 3149 2488 3221 propositum
2517 3146 2620 3203 Dei
2657 3157 2911 3214 merserat,
2944 3162 3046 3204 non
3073 3162 3136 3202 ea:
3164 3145 3426 3215 operibus,
3455 3145 3546 3202 sed

227 3257 364 3315 ergo
395 3241 628 3298 Abrahze
650 3285 664 3308 ,
693 3241 818 3313 quia
845 3243 898 3296 in
925 3243 1116 3297 semine
1146 3249 1232 3296 tuo
1260 3241 1626 3296 benedicentur
1656 3255 1833 3294 omnes

228 3348 407 3409 gentes
439 3335 601 3410 (Gen.
634 3351 776 3401 xxtt,
812 3334 938 3406 18);
975 3335 1116 3407 quod
1149 3334 1337 3405 utique
1368 3335 1421 3390 in
1453 3334 1600 3390 Isaac
1632 3331 1834 3388 factum

231 3447 344 3487 non
378 3439 491 3495 est,
524 3429 618 3486 sed
647 3431 698 3484 in
727 3444 816 3494 eo,
842 3431 934 3501 qui
964 3431 1017 3485 in
1047 3429 1194 3486 Isaac
1225 3429 1527 3501 promissus
1554 3438 1636 3484 est
1666 3426 1837 3483 Abra-

230 3523 319 3580 hae
343 3567 358 3591 ,
395 3525 485 3596 qui
518 3531 601 3580 est
631 3519 878 3579 Christus
899 3564 915 3590 ,
949 3525 1002 3579 in
1033 3540 1140 3596 quo
1171 3539 1364 3581 omnes
1390 3533 1583 3595 gentes
1613 3521 1840 3584 benedi-

229 3629 434 3674 cuntur
457 3617 768 3673 credentes.
802 3617 992 3672 (imteri
1026 3633 1158 3690 ergo
1200 3615 1374 3674 Iudici
1417 3617 1510 3672 lilii
1551 3623 1678 3671 sunt
1721 3631 1840 3670 car-

232 3715 321 3769 nis
342 3758 357 3782 ,
389 3713 517 3768 dum
547 3713 913 3784 promissione
945 3713 1264 3784 privautur:
1299 3728 1402 3770 nec
1427 3711 1676 3782 deputari
1707 3726 1840 3782 pos-

231 3813 364 3862 sunt
396 3804 595 3860 merito
623 3803 856 3860 Abrahtn
879 3846 894 3871 ,
926 3805 1018 3874 qui
1051 3801 1213 3860 ﬁdem
1246 3820 1350 3860 non
1380 3813 1710 3878 sequuntur,
1746 3817 1842 3874 per

234 3916 403 3974 quam
437 3899 633 3971 dignus
660 3899 868 3957 exstitit
903 3898 1196 3954 Abraham.

309 3990 506 4066 (Vera.
537 3991 621 4063 8.)
653 3988 721 4044 Id
751 4000 823 4047 est
847 4033 862 4058 ,
894 4005 996 4046 non
1022 3997 1116 4062 qui
1141 3989 1241 4059 ﬁlii
1270 3991 1444 4047 carnis
1464 4032 1479 4057 ,
1509 3987 1565 4044 Ιιὶ
1594 3999 1714 4044 sunt
1745 3987 1845 4060 ﬁlii

233 4083 336 4140 Dei
360 4101 381 4140 :
411 4083 503 4140 sed
540 4083 630 4155 qui
669 4083 764 4152 ﬁlii
801 4083 1160 4154 promissionis
1190 4093 1340 4148 smit,
1385 4083 1707 4139 testimantur
1733 4077 1757 4118 ἀ
1792 4082 1846 4135 in

234 4179 456 4235 semine.
480 4174 746 4248 Apertum
769 4186 850 4232 est
877 4177 1002 4246 quia
1033 4191 1139 4230 non
1169 4185 1396 4247 possunt
1418 4169 1524 4231 dici
1550 4174 1644 4229 ﬁlii
1666 4173 1848 4230 carnis

237 4272 335 4328 ﬁlii
369 4272 466 4327 Del
492 4289 504 4325 :
540 4271 593 4326 bi
617 4271 764 4326 enim
794 4285 860 4326 ex
881 4267 1322 4340 concupiscentia
1348 4268 1528 4324 carnis
1550 4269 1657 4324 nati
1685 4274 1845 4333 sunt;

235 4365 330 4420 isti
359 4378 492 4419 vero
514 4378 583 4419 ex
607 4363 713 4419 ﬁde
734 4363 1108 4434 spiritualiter,
1132 4361 1429 4420 secundum
1454 4362 1596 4435 qdod
1619 4362 1849 4433 promis-

237 4473 362 4513 sum
386 4467 469 4512 est
493 4456 756 4525 Ahralnc;
788 4465 846 4513 ut
869 4456 924 4512 111
947 4459 1350 4514 :cstimarentur
1371 4471 1557 4514 semen
1586 4472 1728 4522 esse,
1758 4454 1852 4529 qui

239 4548 559 4606 crederent.

316 4642 518 4715 (Vera.
556 4637 640 4717 9.)
683 4641 1059 4700 Promissionis
1093 4646 1228 4700 enim
1260 4643 1466 4700 verbum
1499 4643 1595 4700 hoc
1623 4654 1738 4700 est:
1767 4642 1849 4698 Ad

242 4737 343 4793 hoc
388 4745 590 4809 tempus
630 4737 868 4802 veniam,
915 4747 963 4793 et
1005 4737 1215 4795 habebit
1257 4738 1396 4796 Sara
1430 4739 1618 4810 ﬁlium.
1653 4737 1764 4796 1100
1796 4738 1849 4795 111

240 4827 453 4885 Genesi
497 4829 747 4894 habetur,
783 4829 926 4902 quod
961 4832 1363 4904 prteﬁguratum
1397 4831 1450 4889 in
1483 4831 1698 4888 Christo
1725 4843 1810 4889 est
1835 4875 1850 4902 ,

243 4932 306 4978 ut
347 4923 567 4980 futurus
601 4923 854 4980 Christus
892 4925 1302 4998 promitterctur
1330 4929 1473 4985 ﬁlius
1499 4928 1729 4986 Abrahae
1753 4972 1767 4997 ,
1798 4930 1850 4984 in

245 5034 364 5090 quo
394 5019 785 5090 promissionis
809 5021 1036 5078 verbum
1070 5021 1409 5094 impleretur,
1452 5033 1509 5079 ut
1547 5019 1600 5080 in
1637 5024 1859 5081 Christo

325 5146 353 5174 ει
394 5131 521 5192 Gill.
549 5151 610 5210 ac
639 5135 799 5210 Boni.
843 5137 976 5197 edit.
1013 5156 1134 5204 cum
1181 5140 1394 5208 Tltuan.
1439 5141 1592 5210 cod.,
1637 5143 1854 5200 humani

246 5211 457 5281 generis
485 5205 871 5264 redhibendam.

321 5280 354 5321 ι)
394 5280 472 5342 Ita
515 5295 647 5356 mss.
681 5288 734 5337 ot
765 5292 870 5338 vel.
921 5283 1054 5340 edit.
1103 5286 1212 5340 nisi
1257 5286 1398 5356 quod
1450 5284 1576 5342 Gill.
1626 5287 1850 5356 omittit,

251 5351 374 5408 Hoc
402 5363 536 5432 est":
576 5353 734 5432 bium.
785 5365 971 5412 autem
1017 5357 1150 5416 edit.
1198 5351 1444 5426 adjecto,
1481 5369 1542 5413 ut
1563 5359 1732 5423 solet,
1766 5351 1853 5415 se;

245 5426 442 5506 guenli
466 5413 978 5506 "Spripturmjersu.
1009 5413 1314 5506 etrepetit'a
1336 5413 1500 5499 parte
1529 5413 1851 5506 Superioris,

246 5497 356 5549 ista
393 5497 673 5574 subjungit
715 5515 725 5551 :
781 5497 909 5574 Vult
939 5497 1366 5574 intelligeretth
1401 5497 1724 5574 0111118δᾷ01ιὶ
1754 5504 1858 5571 lilii

245 5577 375 5648 sunt
410 5566 666 5648 ‘Abraltte,
704 5585 830 5648 esse
858 5572 1070 5642 dignos,
1105 5566 1158 5638 ut
1189 5566 1698 5648 15111111οωεήωῷ
1727 5566 1852 5641 sint,

246 5635 307 5692 id
341 5644 444 5716 est,
473 5635 874 5716 quos‘pra‘zsciit,
904 5635 1010 5710 étc.

330 5720 355 5748 ε
390 5709 512 5796 fed
537 5707 660 5796 quia
689 5751 701 5768 .
724 5751 748 5796 _.
875 5707 989 5784 quae
1017 5716 1070 5771 in
1095 5711 1250 5775 Isaac
1291 5715 1430 5791 facta
1459 5729 1532 5775 est
1557 5761 1570 5786 ,
1601 5719 1654 5776 in
1685 5717 1858 5776 multo

250 5778 514 5852 pluribus
542 5793 675 5837 mss.
705 5778 1066 5843 desideratur.

1938 3260 2003 3310 ea:
2037 3252 2251 3300 uocante
2291 3243 2486 3300 dictum
2525 3243 2746 3313 estquia
2773 3244 2942 3314 major
2968 3241 3150 3298 serth
3175 3242 3385 3304 minori,
3416 3241 3552 3296 sicut

1940 3340 2195 3410 scriptum
2227 3351 2306 3395 est
2345 3355 2364 3393 :
2401 3337 2567 3396 Jacob
2605 3338 2787 3404 dilexi,
2832 3335 2976 3396 Esau
3011 3346 3184 3394 autent
3223 3335 3344 3392 odio
3369 3335 3548 3394 habui.

1943 3433 2056 3490 1100
2089 3431 2143 3488 111
2184 3431 2448 3490 Malacliia
2489 3430 2742 3488 habetur.
2777 3430 3189 3488 Prmscientiam
3220 3429 3316 3486 Dei
3343 3430 3554 3500 ﬂagitat

1943 3528 1998 3583 in
2041 3527 2128 3584 his
2167 3527 2370 3593 causis,
2413 3525 2540 3597 quia
2585 3539 2692 3582 non
2721 3524 2866 3580 aliud
2903 3532 3084 3594 potest
3113 3524 3359 3586 evenire,
3392 3536 3553 3592 quam

1949 3619 2105 3676 novit
2133 3619 2276 3674 Deus
2296 3617 2558 3674 futurum.
2590 3616 2828 3674 Sciendo
2848 3617 2993 3672 enim
3023 3616 3153 3687 quid
3180 3617 3554 3687 unusquisque

1947 3714 2162 3769 illorum
2185 3713 2399 3768 iuturus
2424 3721 2592 3778 esset,
2621 3710 2761 3767 dixit
2793 3729 2804 3764 :
2839 3710 2934 3766 llic
2955 3709 3062 3776 erit
3088 3710 3307 3780 dignus,
3334 3709 3426 3780 qui
3451 3711 3558 3768 erit

1948 3806 2156 3871 minor;
2207 3813 2262 3860 et
2309 3803 2403 3876 qui
2449 3803 2654 3874 major,
2702 3803 2806 3860 erit
2846 3801 3122 3874 indignus.
3166 3802 3348 3859 Unum
3389 3802 3557 3874 elegit

1950 3898 2312 3970 praiscientia,
2327 3906 2382 3954 et
2405 3897 2634 3954 alterum
2661 3899 2866 3966 sprevit
2891 3915 2906 3954 :
2928 3897 3054 3954 etin
3073 3896 3168 3954 illo
3187 3911 3354 3968 quem
3371 3895 3555 3966 elegit,

1950 3991 2292 4066 propositum
2313 3989 2404 4046 Dei
2424 3994 2641 4055 manet;
2661 3988 2781 4060 quia
2804 3986 2950 4044 aliud
2970 4003 3076 4042 non
3101 3997 3282 4058 potest
3304 3985 3522 4046 evenire
3536 4027 3554 4056 ,

1951 4101 2114 4157 quam
2145 4081 2290 4158 quod
2317 4084 2497 4150 scivit,
2531 4093 2585 4138 et
2616 4081 2897 4153 proposuit
2919 4080 2972 4136 in
3005 4080 3121 4148 illo,
3155 4091 3211 4137 ut
3241 4081 3416 4138 salute
3439 4080 3557 4151 dig-

1950 4196 2052 4240 nus
2082 4180 2155 4238 sit
2183 4198 2196 4234 :
2226 4190 2281 4236 et
2309 4180 2364 4236 in
2396 4179 2510 4248 illo,
2537 4193 2696 4251 quem
2726 4179 2950 4249 sprevit,
2981 4178 3148 4236 simili
3177 4179 3339 4236 modo
3371 4185 3558 4240 manet

1951 4274 2319 4346 propositum,
2361 4272 2506 4345 quod
2552 4271 2836 4343 praposuit
2875 4271 2944 4328 de
2985 4272 3109 4339 illo;
3149 4272 3272 4344 quia
3307 4271 3558 4343 indignus

1951 4369 2076 4424 erit.
2105 4368 2220 4424 Hoc
2245 4368 2398 4440 quasi
2433 4368 2716 4439 praescius,
2747 4383 2854 4424 non
2884 4383 3240 4438 personarum
3268 4376 3556 4440 acceptor;

1953 4480 2078 4520 nam
2107 4465 2379 4526 neminem
2409 4465 2651 4528 damnat.
2681 4473 2974 4536 antequam
2998 4476 3188 4537 peccet
3221 4483 3233 4518 :
3263 4475 3320 4522 et
3347 4467 3558 4525 nuilum

1873 4566 1926 4626 ι)
1953 4568 2204 4623 coronat,
2247 4565 2540 4630 antequam
2583 4558 2784 4614 vincat.
2827 4557 2940 4614 Hoc
2971 4560 3208 4629 pertinet
3235 4558 3304 4616 ad
3334 4574 3559 4618 causam

1951 4650 2262 4708 Judacorum
2283 4691 2299 4716 ,
2343 4654 2434 4722 qui
2462 4650 2564 4706 sibi
2595 4652 3015 4722 praerogativam
3045 4650 3381 4720 defendunt,
3413 4652 3560 4724 quod

1953 4745 2047 4800 ﬁlii
2076 4747 2186 4802 sint
2207 4744 2443 4804 Abrahae
2473 4763 2485 4800 :
2512 4745 2808 4820 Apostolus
2835 4755 3015 4802 autem
3040 4747 3356 4812 consolatur
3381 4762 3471 4816 se;
3501 4756 3564 4810 ut

1953 4842 2077 4914 quia
2116 4841 2329 4900 dixerat
2367 4841 2616 4900 dolorem
2661 4841 2865 4902 habere
2903 4858 2966 4912 se
2999 4842 3183 4902 cordis
3215 4843 3562 4912 continuum,

1954 4951 2117 4994 causa
2159 4935 2564 4994 incredulitatis
2601 4951 2816 5005 eorum,
2849 4953 3083 5010 quorum
3110 4937 3328 5010 adoptio
3355 4945 3473 4995 erat
3500 4936 3562 4990 ﬁ-

1954 5030 2175 5102 liorum,
2219 5041 2276 5088 et
2315 5031 2450 5102 legis
2487 5032 2828 5101 constitutio,
2867 5042 2926 5090 et
2953 5049 3022 5090 ex
3053 5033 3259 5102 quibus.
3285 5034 3560 5101 Christus,

2032 5147 2059 5188 ά
2098 5148 2320 5208 Amesb.
2361 5159 2416 5205 et
2461 5149 2618 5205 Erus.
2664 5159 2720 5206 ut
2765 5149 2986 5216 quidam
3034 5165 3194 5217 mss.,
3242 5153 3295 5205 in
3341 5151 3556 5207 semine.

1960 5220 2207 5293 Apertum
2244 5231 2316 5278 est
2344 5222 2465 5292 quia
2493 5238 2594 5278 non
2631 5232 2843 5293 possunt
2871 5222 2976 5278 dici
3011 5223 3107 5292 ﬁlii
3135 5223 3264 5288 Dei;
3301 5222 3356 5276 111
3391 5223 3558 5289 enim,

1961 5289 2104 5362 et'c.;_
2151 5289 2275 5348 Gill.
2325 5289 2380 5349 el.
2423 5293 2579 5348 Rorri.
2628 5289 2761 5362 edit.
2812 5309 2932 5348 cum
2983 5289 3167 5362 paucis
3209 5308 3364 5360 mss,
3397 5294 3452 5346 in
3480 5311 3562 5358 se:

1961 5359 2351 5431 111111ος1101οἿ
2399 5368 2453 5419 in
2487 5379 2671 5420 semen.
2727 5359 2866 5419 Dicit
2909 5359 3048 5427 ﬁlios
3087 5365 3284 5429 carnis,
3330 5359 3380 5419 et
3421 5365 3559 5434 filias
3643 5429 3645 5432 ,

1962 5435 2077 5490 Dei.
2112 5437 2384 5502 Hifenim,
2413 5447 2551 5492 etc.:
2585 5439 2764 5492 locum
2802 5452 2932 5492 vero
2963 5452 2993 5491 c
3025 5436 3275 5505 plurimis
3305 5437 3558 5510 optimis-

1960 5525 2065 5578 que
2093 5522 2223 5563 mss.
2253 5517 2610 5592 restituimas.

2036 5579 2261 5654 ⁸110111.
2290 5581 2418 5654 edit.
2454 5591 2509 5654 et
2539 5580 2671 5654 cod.
2693 5578 2908 5654 'Plruan.
2939 5578 3070 5654 hinc
3101 5580 3474 5654 resciderant,
3509 5586 3564 5654 id

1961 5662 2036 5724 est
2066 5651 2252 5724 Sarra.
2282 5651 2373 5724 Sic
2398 5653 2573 5724 etiam
2592 5649 2724 5704 inira
2755 5649 2913 5704 Rom.
2944 5649 3075 5705 edit.
3106 5653 3220 5724 sola
3249 5649 3556 5724 exemerat,

1964 5723 2085 5779 Hoc
2109 5724 2160 5800 in
2191 5721 2466 5778 Malechus
2483 5721 2734 5800 Imitetur:
2758 5734 2881 5792 qua:
2912 5720 3473 5800 tametr'repet'luhtm
3504 5720 3558 5787 ni

1963 5793 2181 5864 cunctis
2204 5807 2340 5854 mss.
2369 5802 2430 5852 es
2451 5792 2582 5852 odit.
