4082 6306
512 172 612 232 135
1461 159 1555 221 ΑΙ)
1592 155 1821 221 OPERA
1865 154 2112 217 SANCTI
2151 148 2472 217 AMBROSII
2515 147 2884 213 APPENDIX.
3721 149 3827 208 136

509 289 779 350 Salvator,
809 284 944 340 sicut
983 291 1036 339 et
1067 281 1182 352 ipse
1207 279 1285 336 ait
1316 295 1330 334 :
1363 278 1502 348 Quia
1538 278 1683 334 salus
1714 295 1775 332 ea:
1804 275 2009 332 Juda'is
2035 285 2108 330 es:
2133 274 2183 336 Α
2213 286 2374 328 omne
2399 271 2599 328 bonum
2629 269 2844 341 penitus
2871 266 3205 332 oblitterari;
3237 267 3441 340 quippe
3466 280 3587 324 cum
3617 276 3826 322 natura

508 380 691 453 (Jomr.
735 396 808 448 tv,
842 376 972 450 22);
1007 383 1231 432 tractata
1261 373 1427 447 Lege,
1458 372 1667 429 invenit
1694 371 1820 444 quia
1852 387 1959 426 non
1988 385 2106 425 om-

508 489 606 532 nes
641 472 732 545 qui
768 487 837 528 ex
873 469 1039 526 Israel
1078 475 1240 536 sunt,
1281 466 1540 525 credituri
1570 474 1698 521 sunt
1733 480 1746 518 :
1779 479 1954 536 neque
1980 462 2107 535 quia

505 568 758 625 dicuntur
783 566 875 622 ﬁlii
903 565 1158 632 Abrahae,
1184 577 1378 621 omnes
1405 560 1636 619 Abrahae
1660 560 1800 616 ﬁlios
1825 559 2105 626 dicendos,

505 663 649 720 sicut
685 677 846 731 supra
892 659 1216 718 memoravi.
1262 655 1457 713 Minuit
1495 670 1626 728 ergo
1651 654 1898 710 dolorem
1925 666 2109 721 suum,

507 755 791 814 inveniens
830 754 962 810 olim
1004 750 1349 824 praedictum,
1396 748 1540 818 quod
1568 761 1678 804 non
1708 761 1900 802 omnes
1927 752 2114 801 essent

504 847 802 913 credituri;
845 855 870 882 ⁸
915 853 974 900 ut
1004 843 1091 899 his
1121 841 1256 899 solis
1284 841 1492 908 doleat,
1521 840 1614 913 qui
1645 854 1741 911 per
1767 837 2026 894 invidiam
2057 837 2110 892 in

507 941 892 998 incredulitate
917 939 1190 995 laborant.
1221 935 1455 992 Possunt
1485 944 1665 990 tamen
1691 931 1940 999 credere,
1968 929 2114 1003 quod

509 1052 573 1093 ex
615 1034 880 1107 subjeCtis
918 1033 1117 1103 aperit.
1147 1029 1447 1088 lncredulis
1474 1037 1656 1086 tamen
1688 1027 1962 1099 praedictis
2006 1041 2115 1082 non

513 1131 671 1186 valde
699 1127 998 1184 dolendum
1032 1135 1147 1190 est;
1187 1126 1311 1198 quia
1345 1139 1452 1180 non
1481 1131 1611 1180 sunt
1645 1120 2015 1194 praedestinati
2049 1119 2114 1174 ad

513 1225 714 1288 vitam;
746 1220 1094 1293 prtescientia
1120 1218 1265 1274 enim
1300 1217 1392 1274 Dei
1418 1217 1546 1272 olim
1573 1216 1675 1272 hos
1697 1231 1809 1271 non
1831 1212 2118 1270 salvandos

510 1317 778 1373 decrevit.
805 1314 939 1384 Quis
962 1314 1110 1369 enim
1151 1312 1374 1385 plangat
1403 1325 1550 1380 eum,
1582 1309 1677 1382 qui
1708 1309 1840 1365 olim
1871 1316 2122 1363 mortuus

2209 383 2318 422 non
2350 365 2524 437 possit
2550 364 2852 432 immutari,
2884 363 2978 421 sed
3010 363 3262 419 voluntas
3294 380 3306 416 :
3337 377 3448 419 non
3479 362 3534 419 in
3557 362 3829 419 omnibus

2211 469 2392 518 tamen
2418 461 2630 528 causis;
2655 459 2782 532 quia
2804 467 3048 516 remanet
3070 457 3127 514 in
3154 466 3369 526 natura,
3393 459 3540 530 quod
3569 458 3829 516 testimo-

2211 554 2303 610 nio
2325 553 2397 610 sit
2420 553 2692 611 Creatori.

2282 647 2465 720 (Vers.
2502 646 2616 718 14.)
2651 647 2790 717 Quid
2826 661 2947 720 ergo
2977 645 3246 716 dicemus?
3273 644 3550 718 Numquid
3573 643 3830 714 iniquitas

2212 742 2357 814 apud
2385 740 2599 798 Deum?
2627 742 2791 799 Absit.
2817 743 2954 810 Quia
2982 745 3131 801 enim
3158 757 3326 799 unum
3357 742 3558 812 diligit,
3593 751 3657 800 et
3688 743 3828 798 alte-

2215 857 2332 897 rum
2375 841 2512 904 odit,
2556 840 2823 897 subinfert
2870 859 2882 894 :
2927 842 3036 914 82
3082 837 3354 912 Numquid
3389 839 3643 911 iniquitas
3684 839 3832 910 apud

2215 933 2384 991 Deum
2416 935 2618 1008 (Exod.
2648 953 2837 1002 sunt,
2873 937 3001 1006 l9)?
3030 937 3148 992 Non
3191 936 3370 1007 plane,
3410 933 3507 990 sed
3530 933 3724 1006 justus
3753 944 3833 990 est

2219 1031 2396 1098 Deus;
2427 1030 2533 1088 scit
2561 1031 2706 1088 enim
2748 1031 2877 1103 quid
2920 1030 3103 1098 faciat,
3149 1045 3251 1087 nec
3291 1028 3709 1086 retractandum
3752 1037 3834 1083 est

2218 1125 2338 1196 ejus
2371 1125 2660 1198 judicium.
2700 1125 2816 1183 Hoc
2853 1127 2908 1182 in
2956 1125 3220 1182 Malachia
3254 1124 3522 1197 propheta
3552 1122 3831 1178 habetur:

2217 1219 2380 1276 Jacob
2409 1219 2592 1288 dilexi,
2622 1217 2768 1274 Esau
2795 1236 2912 1276 vero
2940 1220 3062 1274 odio
3091 1217 3248 1274 habui
3274 1215 3500 1290 (Malae.
3533 1231 3573 1283 ι,
3603 1213 3691 1287 5).
3725 1213 3834 1272 Hoc

2215 1317 2328 1390 jam
2374 1317 2443 1374 de
2479 1316 2685 1388 judicio
2726 1317 2887 1383 dicit;
2919 1333 3042 1373 nam
3073 1317 3225 1388 prius
3254 1314 3324 1370 de
3352 1310 3710 1384 pratscientia
3740 1312 3835 1378 ait,

513 1411 780 1469 trahetur?
807 1409 913 1467 Sed
945 1407 1378 1465 subintrantibns
1404 1405 1678 1478 gentibus,
1709 1419 1832 1476 qua:
1862 1403 1983 1459 sine
2007 1402 2122 1457 Deo
2221 1413 2342 1482 quia
2365 1416 2535 1486 major
2555 1414 2737 1469 mm,
2758 1415 2968 1482 minori,
2993 1417 3133 1470 sicut
3158 1422 3213 1471 ει
3233 1412 3301 1470 de
3329 1412 3683 1487 pmsciemia
3706 1407 3837 1466 pm.

515 1505 664 1577 prius
703 1513 882 1572 erant,
926 1513 982 1560 et
1009 1502 1240 1558 salutem
1268 1515 1430 1572 quam
1464 1499 1541 1554 illi
1575 1497 1953 1569 perdiderunt,
1981 1493 2125 1550 acci-
2230 1520 2454 1561 manem
2477 1504 2755 1562 damnavi;
2782 1505 2936 1579 (σεη,
2969 1522 3100 1573 xxv,
3130 1505 3248 1578 23),
3279 1506 3462 1565 sciens
3491 1522 3552 1563 se
3579 1520 3696 1561 ηοη
3719 1517 3839 1560 σοιν-

516 1596 813 1670 pientibus,
853 1596 1218 1652 exsuscitatur
1257 1593 1418 1649 dolor
1459 1611 1471 1648 :
1512 1591 1612 1650 sed
1641 1591 1838 1648 iterum
1867 1588 1993 1661 quia
2020 1585 2124 1657 ipsi
2228 1609 2504 1656 recturum
2554 1617 2568 1653 ε
2620 1601 2926 1673 δροειοιυη,
2974 1617 3105 1658 vero
3132 1602 3373 1664 :paulum
3413 1607 3838 1675 persequentem

515 1694 619 1751 sibi
650 1691 981 1764 perditionis
1008 1705 1174 1747 causa
1205 1698 1351 1756 sunt.
1379 1688 1614 1758 sopilur-
1642 1686 1914 1743 Praescius
1940 1685 2126 1755 itaque
2156 1690 2200 1751 Β
2229 1692 2391 1764 elegit
2410 1693 2612 1766 (Actor.
2633 1710 2710 1762 ιχ,
2737 1696 2816 1765 5),
2849 1695 3103 1766 praescius
3129 1697 3313 1769 utique
3339 1695 3486 1769 quod
3518 1695 3739 1752 futurus
3768 1707 3841 1748 es,

521 1787 664 1842 Deus
705 1785 859 1841 malae
899 1785 1024 1840 illos
1049 1783 1349 1843 voluntatis
1377 1781 1608 1850 futuros,
1641 1796 1752 1837 non
1778 1779 1901 1835 illos
1934 1777 2124 1834 habuit

517 1881 573 1935 iu
623 1893 850 1935 numero
897 1878 1198 1943 bonorum;
1249 1875 1498 1946 quamvis
1538 1874 1685 1930 dicat
1722 1871 1977 1930 Salvator
2014 1870 2126 1926 illis

517 1975 855 2048 septuaginta
885 1972 1103 2030 duobus
1129 1970 1436 2051 discipulis,
1459 1983 1599 2040 quos
1619 1969 1862 2040 elegerat
1885 1965 2124 2023 secunda

517 2069 720 2136 classe,
749 2067 842 2140 qui
868 2066 938 2123 ab
959 2066 1054 2122 illo
1078 2073 1269 2136 postea
1295 2071 1680 2120 recesserunt:
1707 2059 1939 2116 Nomina
1961 2067 2127 2114 vestra

518 2167 715 2236 scripta
754 2172 872 2219 sunt
910 2163 968 2216 in
1007 2161 1134 2217 caelo
1169 2159 1326 2234 (Luc.
1368 2175 1427 2228 ι,
1471 2158 1586 2228 20).
1628 2156 1736 2214 Sed
1771 2156 1876 2213 hoc
1901 2161 2126 2227 propter

519 2258 809 2332 justitiam,
835 2257 962 2328 quia
989 2256 1091 2311 hoc
1111 2263 1196 2312 est
1213 2254 1460 2325 justum;
1489 2261 1550 2308 ut
1575 2251 1867 2322 unicuique
1891 2264 1992 2322 pro
2012 2263 2127 2305 me-

519 2356 628 2411 rito
657 2351 1076 2424 respondeatur.
1111 2351 1246 2419 Quia
1269 2347 1416 2406 enim
1443 2347 1573 2404 boni
1605 2355 1784 2414 erant,
1815 2344 1978 2402 electi
1999 2350 2128 2400 sunt

519 2449 588 2505 ad
627 2445 1031 2510 ministerium;
1072 2452 1130 2502 et
1157 2451 1314 2502 erant
1340 2442 1542 2514 scripta
1574 2441 1794 2498 nomina
1823 2440 2044 2496 illorum
2071 2437 2126 2494 in

518 2544 661 2602 caelo
710 2551 932 2614 propter
957 2539 1248 2612 justitiam,
1279 2539 1424 2594 sicut
1449 2535 1561 2592 dixi
1612 2552 1626 2590 :
1656 2532 1952 2590 secundum
1981 2547 2125 2603 prm-

519 2637 801 2695 scientiam
831 2649 963 2691 vero
998 2635 1054 2690 in
1090 2647 1320 2689 numero
1359 2639 1521 2688 erant
1546 2629 1839 2686 malorum.
1871 2629 1950 2684 De
1969 2627 2130 2698 justi-

521 2731 593 2786 tia
634 2729 779 2786 enim
811 2728 958 2785 Deus
984 2724 1220 2799 judicat,
1252 2740 1363 2781 non
1392 2723 1464 2780 de
1494 2721 1862 2794 praescientia.
1896 2720 2048 2778 Unde
2073 2729 2130 2776 et

523 2824 696 2897 Moysi
737 2822 878 2878 dixit
920 2839 934 2875 :
974 2821 1035 2877 Si
1061 2821 1176 2892 quis
1205 2819 1495 2892 peccaverit
1517 2825 1636 2872 ante
1663 2831 1762 2885 me,
1791 2814 1992 2871 deleam
2013 2830 2131 2870 eum

524 2915 589 2970 de
615 2915 748 2970 libro
769 2929 881 2969 meo
904 2911 1106 2985 (Exod.
1136 2927 1314 2977 χχιιι,
1338 2909 1434 2982 54)
1457 2918 1517 2966 ut
1541 2907 1844 2966 secundum
1862 2905 2129 2979 justitiam

521 3007 723 3081 judicis
756 3017 882 3080 tunc
907 3005 1154 3062 videatur
1183 3004 1377 3074 deleri,
1409 3019 1532 3061 cum
1561 3011 1752 3075 peccat
1774 3003 1960 3074 :juxta
1989 3016 2127 3073 prte-

2229 1796 2314 1843 set
2353 1788 2548 1844 bonus.
2594 1788 2750 1845 Hunc
2791 1805 2920 1862 ergo
2963 1792 3227 1861 prasvenit
3269 1800 3399 1848 ante
3439 1800 3682 1863 tempus,
3716 1788 3838 1860 quia

2230 1881 2569 1937 necessarius
2603 1890 2752 1948 erat;
2796 1891 2853 1938 et
2893 1882 3236 1941 Pharaonem
3265 1893 3395 1942 ante
3422 1883 3666 1941 futurum
3697 1879 3840 1954 judi-

2227 1974 2371 2031 cium
2399 1975 2696 2041 damnavit,
2732 1985 2789 2033 ut
2814 1977 3520 2051 credereturjudicaturus.

2303 2067 2485 2140 (Vers.
2517 2067 2632 2140 l5.)
2662 2068 2835 2141 Moysi
2860 2071 2996 2126 enim
3023 2072 3149 2126 dicit
3179 2087 3198 2126 :
3228 2072 3517 2129 Miserebor
3545 2073 3630 2128 cui
3660 2073 3839 2127 miser-

2230 2177 2312 2222 tus
2341 2184 2431 2222 ero
2461 2183 2482 2223 :
2507 2178 2552 2223 et
2578 2169 2989 2224 misericordiam
3017 2171 3298 2241 prestabo,
3320 2171 3407 2225 cui
3426 2169 3837 2226 misericordia»:

2229 2262 2536 2334 prwstitero.
2567 2261 2713 2334 Ergo
2739 2263 3144 2332 misericordia,
3172 2264 3477 2333 miserebor,
3506 2264 3709 2336 inquit,
3734 2265 3838 2336 ejus

2229 2357 2310 2410 cui
2333 2356 2569 2411 misertus
2589 2373 2700 2426 ero,
2725 2357 2827 2412 hoc
2848 2366 2953 2423 est,
2978 2357 3096 2429 ejus
3119 2357 3445 2425 miserebor,
3468 2357 3552 2414 cui
3578 2355 3836 2426 prmius

2230 2464 2380 2505 eram
2404 2449 2548 2521 quod
2574 2448 3003 2508 misericordiam
3032 2451 3257 2508 daturus
3281 2465 3484 2521 essem,
3508 2451 3694 2508 sciens
3719 2465 3835 2506 con-

2233 2560 2516 2602 versurum
2545 2545 2736 2616 illum,
2767 2556 2824 2604 ct
2859 2562 3275 2619 permansurum
3305 2547 3452 2618 apud
3484 2561 3571 2603 me
3601 2563 3618 2602 :
3649 2546 3722 2601 Et
3749 2544 3838 2598 mi-

2232 2640 2571 2695 sericordiam
2613 2641 2872 2713 praestabo
2913 2641 3012 2706 illi,
3055 2642 3142 2696 cui
3178 2639 3591 2696 misericordiam
3636 2636 3836 2710 praesti-

2233 2743 2375 2799 tero,
2422 2733 2472 2789 id
2516 2743 2622 2801 cst,
2665 2735 2717 2790 ei
2753 2733 3185 2792 misericordiam
3213 2733 3376 2802 dabo,
3407 2749 3566 2806 quem
3593 2730 3836 2804 praescivi

2235 2837 2355 2898 post
2396 2842 2639 2883 errorem
2683 2837 2837 2884 recto
2874 2827 3041 2884 corde
3085 2841 3436 2884 reversurum
3471 2826 3540 2882 ad
3577 2840 3687 2882 me.
3727 2823 3835 2879 Hoc

2235 2928 2320 2976 est
2358 2918 2490 2976 dare
2532 2919 2633 2987 illi,
2676 2921 2763 2976 cui
2804 2919 3039 2976 dandum
3079 2928 3162 2976 est
3192 2937 3208 2976 :
3237 2928 3295 2976 et
3323 2934 3432 2976 non
3463 2918 3594 2974 dare
3624 2916 3728 2980 illi,
3755 2914 3834 2971 cui

2236 3012 2474 3068 dandum
2515 3029 2622 3069 non
2664 3023 2780 3080 est;
2821 3021 2880 3069 ut
2917 3028 3043 3071 eum
3086 3022 3264 3082 vocet,
3306 3028 3472 3085 quem
3511 3011 3647 3068 sciat
3674 3008 3834 3066 obau-

525 3103 809 3160 scientiam
837 3116 969 3158 vero
999 3116 1290 3173 numquam
1315 3100 1368 3156 in
1391 3099 1534 3155 libro
1553 3099 1680 3156 vitae
1701 3097 1887 3154 fuisse.
1917 3096 2054 3152 Hinc
2078 3103 2136 3152 et
2161 3099 2209 3164 C
2239 3109 2359 3166 dire
2405 3127 2420 3164 ι
2464 3109 2617 3166 mum
2660 3119 2841 3166 autem
2879 3125 2988 3166 non
3023 3118 3204 3176 νοω,
3251 3122 3416 3180 quem
3454 3107 3593 3164 θεῖαι
3615 3104 3836 3162 minime

526 3199 805 3267 apostolus
836 3195 1072 3254 Joannes
1101 3195 1169 3252 de
1196 3195 1508 3267 hujusmodi
1537 3194 1612 3250 ait
1643 3211 1656 3249 :
1688 3192 1776 3249 Ex
1813 3191 1963 3251 nobis
1987 3191 2131 3245 exie-

524 3303 672 3362 runt,
714 3293 805 3349 sed
849 3309 952 3348 non
989 3295 1198 3365 [uerunt
1238 3307 1304 3347 ea:
1343 3290 1528 3358 nobis;
1566 3291 1611 3345 si
1647 3289 1786 3346 enim
1820 3287 2041 3357 fuissent
2070 3301 2133 3339 ea:

526 3387 693 3454 nobis,
727 3386 1124 3458 permansissent
1162 3386 1339 3457 utique
1363 3383 1634 3440 nobiscum
1662 3381 1708 3454 (Ι
1731 3379 1893 3436 Joan.
1924 3395 1986 3448 ll,
2009 3376 2128 3448 20).

527 3479 644 3536 Non
684 3487 767 3535 est
810 3494 1164 3551 personarum
1206 3478 1455 3550 acceptio
1504 3478 1561 3532 in
1607 3473 1954 3546 praescientia
1995 3469 2130 3535 Dei;

527 3573 866 3646 praescientia
910 3575 1054 3630 enim
1098 3582 1184 3630 est
1223 3587 1328 3644 qua
1371 3569 1663 3627 deﬁnitum
1708 3566 1908 3635 habet,
1954 3562 2134 3636 qualis

524 3668 949 3744 uniuscujusque
979 3671 1162 3727 futura
1187 3670 1442 3726 voluntas
1473 3667 1600 3734 erit,
1629 3666 1686 3722 in
1715 3678 1826 3737 qua
1847 3677 2136 3719 mansurus

524 3774 631 3830 est,
661 3782 759 3840 per
785 3782 948 3840 quam
971 3776 1064 3822 aut
1085 3765 1397 3833 damnetur,
1429 3772 1524 3819 aut
1546 3767 1862 3818 coronetur.
1890 3757 2135 3829 Denique

524 3874 662 3930 quos
701 3861 807 3916 scit
843 3861 899 3916 in
946 3860 1096 3916 bono
1142 3873 1458 3924 mansuros,
1501 3856 1824 3926 frequenter
1852 3861 1981 3910 ante
2011 3859 2139 3907 sunt

528 3951 654 4007 ntali
698 3970 712 4005 :
753 3961 810 4008 et
844 3967 985 4023 quos
1022 3952 1200 4009 malos
1242 3951 1348 4008 scit
1390 3961 1808 4021 permansuros,
1851 3944 2138 4014 aliquoties

531 4046 682 4117 prius
709 4053 840 4102 sunt
867 4044 1018 4102 boni.
1049 4044 1206 4102 Unde
1231 4052 1411 4101 cessat
1437 4041 1692 4115 querela;
1726 4038 1852 4110 quia
1878 4038 2024 4095 Deus
2049 4052 2137 4094 ac-

529 4145 718 4210 ceptor
762 4152 1122 4209 personarum
1166 4153 1275 4194 non
1321 4144 1407 4193 est
1449 4135 1588 4207 (Act.
1638 4149 1695 4200 x,
1737 4129 1855 4204 54).
1902 4129 2038 4186 Nam
2083 4138 2139 4187 et

531 4232 684 4303 Saul,
726 4241 781 4290 et
817 4231 987 4290 ludas
1015 4233 1303 4289 lscariotes
1339 4239 1467 4287 ante
1495 4229 1718 4285 fuerunt
1741 4225 1890 4293 boni,
1919 4225 2137 4282 dicente

532 4327 813 4399 Scriptura
852 4327 924 4384 de
962 4327 1095 4384 Saul
1133 4345 1149 4384 :
1193 4325 1330 4382 Erat
1369 4326 1448 4380 vir
1488 4325 1669 4391 bonus,
1705 4331 1755 4377 et
1780 4337 1882 4376 non
1911 4329 2020 4375 erat
2046 4321 2137 4376 illo

532 4422 712 4477 melior
738 4423 792 4476 in
823 4422 948 4492 ﬁliis
978 4421 1151 4478 Israel
1179 4421 1223 4495 (l
1251 4422 1383 4492 Reg.
1414 4435 1489 4488 Ix,
1518 4416 1615 4489 2);
1647 4423 1705 4472 et
1730 4415 1800 4472 de
1824 4414 1964 4471 Juda
1996 4415 2138 4472 lsca-

532 4516 675 4571 riote
709 4514 840 4572 dicit
872 4514 1066 4572 Petrus
1105 4515 1388 4586 apostolus
1420 4531 1434 4568 :
1471 4511 1576 4577 Qui
1613 4511 1823 4566 sortitus
1848 4518 1924 4565 est
1951 4517 2138 4566 sortem
2161 4497 2217 4558 Ι)

532 4609 806 4664 ministerii
847 4607 1008 4680 hujus
1036 4608 1175 4682 (Act.
1205 4625 1244 4678 ι,
1271 4606 1384 4680 l7),
1409 4606 1462 4663 id
1492 4613 1594 4673 est,
1634 4603 1994 4676 apostolatus,
2024 4602 2052 4642 ι)
2082 4605 2133 4660 in

532 4705 706 4776 signis
743 4713 801 4762 et
837 4703 1100 4777 prodigiis
1129 4701 1410 4760 faciendis.
1442 4699 1730 4771 Quomodo
1759 4699 1923 4770 igitur
1951 4699 2138 4755 minis-

536 4799 732 4854 terium
760 4798 996 4855 salutare
1020 4798 1333 4866 sortiretur,
1361 4795 1468 4853 nisi
1496 4806 1645 4852 esset
1672 4793 1883 4851 bonus?
1907 4791 1965 4848 lu
1989 4804 2139 4850 sorte

533 4893 684 4948 enim
715 4892 809 4948 Dei
835 4889 1095 4963 judicium
1123 4892 1222 4949 fuit
1246 4892 1470 4965 dignum
1499 4890 1650 4948 illum
1674 4888 1841 4945 fuisse
1871 4896 2137 4959 tempore,

535 5001 646 5058 quo
684 4985 892 5042 electus
931 4995 1038 5054 est,
1078 4986 1218 5044 sicut
1247 4987 1326 5044 illi
1355 4985 1693 5058 septuaginta
1724 4983 1856 5053 duo,
1881 4996 2019 5054 quos
2045 4997 2138 5038 su-

535 5093 633 5151 pra
662 5079 961 5139 memoravi
989 5079 1208 5154 (Matth.
1239 5097 1368 5149 xvn,
1399 5081 1482 5154 5).
1516 5079 1651 5135 Hinc
1679 5086 1764 5134 est
1792 5076 1938 5133 unde
1962 5085 2018 5132 et
2043 5077 2137 5134 Ju-

537 5173 633 5232 das
652 5186 775 5248 post
801 5176 926 5234 mali
959 5177 1121 5234 totius
1143 5177 1439 5234 admissum
1469 5175 1648 5233 scelus
1674 5171 1993 5245 paenitentia
2024 5186 2138 5226 mo-

539 5273 649 5337 tus,
693 5271 888 5343 laqueo
924 5269 1091 5326 vitam
1120 5271 1315 5329 ﬁnivit.
1340 5269 1460 5326 Non
1491 5278 1672 5342 potest
1701 5267 1849 5323 enim
1877 5264 1930 5320 in
1959 5263 2139 5334 aliquo

613 5439 640 5468 ι
671 5429 815 5486 Edit.
848 5432 1070 5489 Amerb.
1102 5441 1158 5489 et
1185 5433 1343 5490 Eras.
1372 5447 1498 5490 cum
1527 5445 1659 5487 mss.
1695 5443 1806 5486 non
1837 5425 2052 5497 paucis,
2081 5436 2139 5497 ut

539 5500 718 5629 figuli
741 5503 984 5560 doleant:
1001 5505 1205 5564 rectius
1231 5515 1412 5564 tamen
1439 5504 1564 5562 alia:
1591 5503 1725 5561 edit.
1754 5509 1812 5558 et
1837 5495 1972 5556 inss.
2002 5495 2137 5552 utin

614 5642 641 5727 ¹ἷ
681 5645 932 5729 “auem-l-
969 5648 1190 5729 Attjterb.
1229 5661 1284 5710 et
1327 5652 1486 5709 Eras.
1517 5665 1584 5706 ac
1613 5662 1751 5729 mss.
1780 5639 2140 5729 complures:

541 5722 599 5775 at
626 5718 679 5772 iu
717 5718 937 5790 reliquis
971 5723 1104 5781 edit.
1143 5735 1198 5783 et
1234 5741 1368 5784 mss.
1397 5738 1510 5782 non
1536 5718 1871 5791 reperimus,
1901 5718 1958 5766 in
1985 5718 2147 5782 signis

514 5929 574 5983 “3

2232 3202 2520 3261 obaudire.
2551 3215 2572 3244 ε
2603 3207 2814 3264 Vocare
2840 3215 3021 3260 autem
3043 3211 3130 3260 est
3156 3217 3263 3260 non
3286 3216 3552 3275 pugnare,
3576 3198 3675 3258 sed
3696 3210 3834 3255 com-

2237 3310 2479 3368 pungere
2511 3296 2578 3352 ad
2609 3296 2981 3369 recipiendam
3007 3296 3189 3352 ﬁdem.

2311 3388 2494 3462 (Vers.
2524 3390 2642 3462 16.)
2674 3391 2848 3464 Igitur
2873 3408 2978 3446 non
3013 3390 3231 3446 uolentis
3261 3405 3424 3460 neque
3449 3386 3729 3452 currentis,
3754 3381 3835 3440 sed

2236 3485 2527 3540 miserentis
2563 3494 2636 3540 est
2665 3485 2785 3541 Dei.
2827 3483 3018 3553 Recte,
3062 3484 3186 3556 quia
3214 3499 3325 3539 non
3361 3483 3418 3540 in
3444 3482 3725 3540 voluntate
3753 3492 3836 3549 pe-

2237 3579 2423 3645 tentis,
2454 3578 2550 3634 sed
2581 3578 2633 3634 in
2660 3578 2843 3634 dantis
2873 3577 3100 3634 arbitrio
3128 3576 3292 3633 debet
3320 3590 3466 3645 esse,
3497 3573 3642 3647 quod
3669 3569 3836 3644 posci-

2237 3683 2346 3730 tur.
2379 3674 2463 3729 An
2505 3674 2651 3730 enim
2680 3672 2922 3729 dandum
2948 3672 3041 3739 sit,
3073 3671 3253 3727 dantis
3285 3670 3454 3727 debet
3479 3668 3690 3741 judicio
3716 3680 3837 3738 pen-

2237 3767 2383 3832 sari;
2423 3783 2547 3822 nam
2592 3766 2722 3824 Saul
2763 3781 3000 3838 peccans
3045 3780 3168 3820 cum
3208 3762 3436 3835 petisset
3469 3762 3709 3825 veniam,
3738 3770 3834 3814 non

2237 3860 2452 3930 accepit
2480 3860 2525 3934 (Ι
2553 3859 2689 3933 Reg.
2724 3877 2816 3928 xv,
2847 3859 2944 3934 ει)
2975 3877 2990 3915 :
3017 3869 3074 3916 at
3101 3867 3294 3915 contra
3339 3857 3509 3915 David
3537 3869 3768 3929 peccans
3791 3857 3837 3906 et

2239 3955 2451 4028 ignosci
2469 3956 2573 4014 sibi
2597 3957 2904 4027 postulans,
2933 3956 3146 4012 veniam
3169 3961 3502 4012 consecutus
3523 3961 3607 4009 est
3623 3951 3696 4021 (ll
3717 3948 3835 4018 Reg.

2241 4064 2340 4115 xu,
2373 4048 2448 4120 8).
2480 4049 2560 4104 Ex
2591 4047 2696 4104 hoc
2722 4048 2908 4120 utique
2939 4047 3121 4105 dantis
3150 4045 3248 4103 Dei
3277 4055 3333 4104 et
3363 4060 3475 4102 non
3503 4043 3684 4100 dantis
3707 4037 3836 4112 judi-

2241 4143 2389 4199 cium
2433 4140 2772 4214 sequendum
2812 4150 2928 4208 est;
2971 4142 3096 4214 quia
3127 4156 3235 4196 non
3267 4140 3470 4212 injuste
3493 4138 3724 4210 iudicat,
3756 4129 3836 4204 qui

2241 4251 2436 4295 omnes
2465 4237 2647 4293 salvos
2677 4237 2816 4306 vult,
2843 4243 3099 4293 manente
3125 4235 3368 4307 justitia;
3399 4234 3682 4306 inspector
3705 4226 3837 4286 enim

2242 4331 2429 4388 cordis
2465 4330 2568 4387 scit
2603 4338 2902 4402 petentem,
2939 4345 3011 4386 an
3048 4329 3150 4385 hac
3187 4337 3372 4386 mente
3408 4334 3623 4398 poscat,
3653 4331 3713 4379 ut
3735 4333 3839 4378 me-

2244 4429 2432 4480 reatur
2472 4421 2744 4492 accipere.
2788 4422 2854 4477 Et
2899 4420 3148 4493 quamvis
3187 4418 3556 4492 periculosum
3601 4416 3675 4473 sit
3705 4409 3837 4486 judi-

2243 4517 2389 4575 cium
2435 4515 2532 4571 Dei
2571 4515 2921 4582 discernere;
2962 4523 3141 4570 tamen
3170 4521 3401 4585 propter
3425 4507 3759 4575 difﬁdentes,
3790 4509 3840 4557 ut

2242 4625 2402 4667 mens
2427 4623 2618 4666 eorum
2642 4607 2909 4665 medelam
2935 4607 3199 4680 consequi
3227 4605 3421 4680 possit,
3453 4619 3525 4662 ne
3549 4607 3741 4677 putent
3760 4597 3840 4670 ju-

2241 4702 2448 4761 dicium
2492 4702 2587 4758 Dei
2623 4700 2906 4771 injustum,
2949 4703 3199 4760 dicentes
3225 4720 3239 4758 :
3268 4702 3447 4759 Unum
3476 4707 3662 4766 vocat,
3695 4703 3750 4753 et
3769 4692 3837 4747 al-

2241 4807 2420 4854 terum
2453 4792 2711 4866 negligit;
2755 4796 2837 4852 sic
2875 4796 3208 4853 arbitrantes
3231 4794 3486 4853 excusari
3512 4806 3676 4865 posse
3700 4787 3837 4846 demo

2243 4888 2479 4954 nandos,
2511 4886 2676 4944 rebus
2713 4887 2858 4946 istud
2885 4890 3066 4962 potius
3092 4890 3410 4962 probemus,
3435 4902 3601 4960 quam
3630 4879 3833 4943 verbis;

2245 4985 2341 5042 ubi
2369 4983 2513 5039 enim
2542 4997 2724 5038 rerum
2751 4992 3026 5053 gestarum
3055 4984 3304 5056 exempla
3331 4993 3478 5051 sunt,
3507 4995 3670 5040 nemo
3693 4974 3837 5033 audet

2245 5075 2436 5149 queri,
2483 5087 2584 5130 nec
2626 5073 2859 5145 aliquam
2909 5078 3324 5133 excusationem
3369 5073 3690 5132 obtendere.
3735 5069 3837 5125 Duo

2248 5169 2470 5224 fuerunt
2509 5163 2676 5219 David
2720 5174 2776 5221 et
2811 5165 2963 5236 Saul,
2995 5168 3342 5242 requiramus
3370 5166 3650 5232 historias,
3677 5157 3837 5235 qualis

2250 5257 2631 5328 unusquisque
2671 5272 2863 5316 eorum
2903 5261 3209 5334 reperiatur
3249 5269 3372 5333 post
3404 5258 3672 5332 judicium
3715 5252 3834 5315 Dei;

2246 5431 2296 5478 et
2322 5416 2578 5491 prodigiis
2605 5415 2878 5491 faciendis.

2327 5487 2350 5530 δ
2389 5489 2593 5545 Omnes
2627 5487 2758 5559 edit.
2800 5504 2866 5546 ac
2901 5507 3039 5549 mss.
3085 5493 3314 5559 aliquot,
3350 5507 3537 5550 uocare
3575 5499 3741 5546 autem
3773 5492 3834 5559 est

2250 5573 2632 5692 gaigzungere;
2670 5557 2761 5615 alii
2799 5575 2934 5620 mss.
2976 5564 3133 5621 multi
3175 5555 3414 5638 bonique
3452 5563 3732 5621 nobiscum
3768 5555 3833 5612 fa-
