4082 6306
246 264 353 324 I37
1119 260 1619 324 COSIMENTARIA
1661 260 1726 318 IN
1767 259 2160 319 EPISTULAM
2199 261 2291 316 AD
2329 259 2673 320 ROMANOS.
3456 261 3564 322 I38

240 388 304 434 ut
347 380 394 435 si
444 379 579 436 Sanl
612 381 760 436 bene
787 393 846 437 se
875 381 1069 451 egisse,
1102 389 1387 451 postquam
1419 376 1852 434 misericordiam
1880 381 1933 439 Α
1961 384 2068 441 tur,
2095 390 2122 428 a
2146 390 2254 446 quo
2276 374 2360 430 ha:
2381 375 2638 432 vindictae
2670 375 2824 429 tiunt.
2861 373 2975 430 lloc
3005 373 3170 430 etiam
3197 388 3398 447 genere
3427 381 3569 436 anti-

241 483 356 525 non
389 471 634 541 accepit,
670 471 949 542 probetur,
980 471 1260 541 injustum,
1283 470 1426 542 quod
1455 469 1616 536 absit,
1647 468 1744 524 Dei
1767 467 1854 538 ju-
1955 468 2044 538 qui
2091 467 2285 523 medici
2329 468 2381 522 in
2425 467 2739 523 hominibus
2782 479 2957 525 morte
3001 468 3202 540 dignis,
3249 471 3334 528 vel
3365 474 3562 530 mortis

239 561 451 618 dicium
480 563 822 620 arbitremur
851 581 864 616 :
889 571 982 618 aut
1003 563 1048 617 si
1074 562 1267 629 David,
1298 573 1519 632 accepta
1547 559 1854 617 ntisericor-
1953 562 2279 617 sententiam
2327 563 2662 629 consecutis,
2709 563 3066 633 requirebant
3108 566 3386 635 quomodo
3425 583 3558 638 pro-

237 655 1375 729 dia,Deumcontempsisseinveniatur,an
1403 655 1457 710 in
1480 670 1545 711 eo
1567 655 1849 722 manserit,
1951 653 2173 711 dessent
2212 655 2370 722 vivis,
2415 671 2536 726 qua:
2577 656 2630 710 in
2676 654 2899 711 homine
2937 656 3202 726 latebant,
3232 662 3470 729 apertis;
3502 674 3554 717 ut

236 750 296 807 in
350 765 460 822 quo
500 751 942 809 misericordiam
981 760 1305 808 consecutus
1353 760 1471 817 est,
1511 759 1590 814 et,
1635 760 1692 804 ut
1732 758 1852 805 utar
1950 747 2035 804 his
2073 760 2470 820 cognoscerent
2510 765 2704 806 causas
2742 751 3102 822 aegritudinis,
3147 763 3204 810 et
3248 771 3403 827 poena
3433 772 3548 813 mo-

232 845 608 917 compendio,
658 856 886 918 uterque
920 844 1298 923 necessitatem
1343 857 1530 914 passus
1557 851 1643 898 est
1668 842 1843 914 regni.
1948 843 2144 900 ricntis
2177 845 2464 915 proliceret
2495 843 2563 899 ad
2593 843 2826 900 salutem
2852 845 3110 902 viventis.
3499 841 3502 844 ’

233 941 305 998 Et
331 951 533 1014 quanta
576 942 680 998 fuit
719 940 1020 998 necessitas
1055 939 1246 1006 David,
1276 947 1337 994 ut
1369 938 1508 994 lilius
1536 937 1654 1007 ejus
1682 936 1813 992 velle

2019 957 2201 1028 (Vers.
2249 957 2364 1030 l8.)
2397 956 2567 1030 Igitur
2603 959 2688 1012 cui
2722 959 2827 1014 uult
2869 959 3164 1026 miseretur,
3197 972 3244 1016 et
3268 979 3417 1034 quem
3439 965 3550 1020 uult

231 1047 362 1093 cum
403 1051 574 1108 regno
619 1037 868 1108 privare!
911 1035 968 1090 In
1003 1049 1108 1106 qua
1146 1034 1468 1090 necessitate
1505 1031 1666 1099 flens,
1701 1029 1813 1085 nudt

1943 1050 2182 1105 indurat.
2209 1049 2354 1105 Dicis
2382 1029 2555 1122 itaque
2583 1051 2731 1104 mihi.
2765 1051 2839 1106 Ex
2865 1066 3096 1122 persona
3123 1029 3552 1113 contradicentis

229 1129 375 1200 pede
399 1171 413 1195 ,
456 1130 563 1185 iter
601 1130 874 1198 faciebat;
927 1139 985 1185 ut
1023 1127 1237 1200 lugeret
1274 1143 1367 1183 rex
1413 1135 1470 1182 et
1504 1126 1614 1181 dux
1659 1123 1813 1196 popul

1945 1141 2208 1211 loquitur,
2248 1143 2336 1213 qui
2377 1143 2534 1213 quasi
2581 1151 2733 1212 putet
2778 1143 2983 1210 Deum,
3027 1144 3274 1215 neglecta
3312 1149 3542 1216 jttstitia,

227 1222 352 1290 Dei,
386 1225 440 1278 ill
470 1231 683 1279 tantum
714 1223 1052 1288 humiliatus,
1087 1232 1144 1276 ιιι
1171 1230 1226 1276 Cl
1250 1221 1302 1276 in
1331 1220 1521 1275 faciem
1682 1231 1842 1273 SCI‘VO
1942 1233 2103 1290 alicui
2145 1234 2478 1306 gratiosum;
2527 1243 2584 1290 ut
2625 1252 2791 1290 unum
2838 1251 2869 1291 θ
2900 1235 3112 1292 duobus
3147 1239 3368 1307 paribus
3399 1244 3544 1297 neci.

222 1330 329 1374 suo
369 1317 716 1374 maledicenti
749 1331 855 1372 non
887 1316 1273 1386 responderet;
1305 1324 1362 1369 ut
1391 1328 1488 1382 per
1520 1309 1835 1382 patientiam

224 1411 398 1468 Deum
445 1411 548 1466 sibi
593 1411 886 1482 propitium
913 1410 1138 1477 laceret,
1170 1423 1267 1479 per
1291 1423 1451 1479 quem
1481 1421 1705 1478 regnum
1734 1405 1837 1460 sibi

223 1503 469 1561 credidit
503 1503 777 1560 reservari
813 1503 879 1572 (ll
924 1501 1056 1574 Reg.
1099 1517 1190 1568 xv,
1231 1501 1341 1571 16).
1367 1500 1496 1557 Saul
1526 1507 1707 1554 autem
1736 1512 1836 1552 nec

216 1595 278 1652 in
322 1595 414 1652 tali
456 1596 781 1652 accessitate
821 1596 1102 1660 inventus;
1142 1594 1266 1665 quia
1307 1592 1480 1662 majus
1515 1591 1712 1646 malum
1750 1599 1836 1645 est

214 1688 540 1745 intestinum
581 1689 808 1757 bellum,
838 1704 998 1760 quam
1030 1697 1313 1744 externum
1347 1705 1358 1739 :
1392 1687 1617 1756 insuper
1646 1684 1831 1740 ferens

1942 1328 2082 1399 piat,
2115 1330 2345 1384 alterum
2376 1341 2622 1400 respuat,
2652 1329 2754 1384 hoc
2781 1338 2887 1394 est,
2915 1346 3080 1386 unum
3109 1341 3460 1404 compungat,
3486 1345 3546 1390 ut

1938 1421 2128 1477 credat
2172 1439 2184 1475 :
2232 1421 2461 1477 alterum
2493 1422 2728 1488 induret,
2762 1437 2832 1477 ne
2859 1423 3068 1479 credat.
3101 1424 3197 1481 Cui
3229 1425 3447 1496 quidem
3477 1443 3545 1484 cx

1939 1516 2270 1571 auctoritate
2303 1514 2606 1586 respondit,
2635 1524 2856 1572 servata
2889 1527 3066 1574 tamen
3093 1517 3327 1589 justitia,
3360 1536 3424 1578 ex
3454 1535 3546 1578 su-

1937 1623 2032 1678 pra
2062 1617 2360 1664 memorata
2393 1609 2737 1679 pra-scientia
2768 1608 2957 1666 dicens
2985 1631 2998 1666 :

2007 1722 2194 1795 (Vers.
2238 1723 2353 1794 l9.)
2389 1722 2528 1789 Quid
2569 1723 2743 1778 adhuc
2768 1725 3059 1796 quwritur?
3108 1725 3381 1784 Voluntati
3406 1733 3543 1786 enim

216 1780 346 1888 qua
386 1783 559 1837 semel
595 1791 657 1886 ει
1573 1785 1719 1888 asse:
1748 1776 1832 1832 ίη-
1860 1794 1906 1854 Β
1935 1776 2062 1886 ελ..
2085 1776 2198 1888 ;,.;.-.
2238 1776 2469 1872 ...κῆρ
2507 1776 2753 1872 pum...
2780 1776 3541 1888 '..{.‘..,‘".‘..‘...‘assis};

211 1873 436 1946 dignus,
469 1890 571 1931 nec
595 1876 648 1930 in
674 1890 838 1946 prece
877 1875 1144 1946 perstitit;
1181 1883 1240 1929 ut
1267 1874 1521 1930 meritum
1552 1872 1653 1928 sibi
1683 1870 1830 1927 lace-

211 1976 321 2035 ret,
362 1984 459 2037 pcr
497 1967 642 2038 quod
685 1978 834 2024 esset
874 1968 1072 2038 dignus
1119 1985 1132 2022 :
1173 1966 1269 2022 sed
1312 1967 1620 2037 impatiens,
1665 1976 1720 2022 et
1759 1964 1828 2020 de

211 2059 312 2116 Dei
355 2060 567 2130 judicio
606 2061 956 2133 indignatus,
1005 2061 1075 2117 ab
1120 2059 1284 2116 idolis
1321 2074 1444 2131 quae
1489 2059 1640 2130 prius
1679 2057 1828 2112 velut

214 2154 427 2211 nullius
463 2156 727 2212 momenti
772 2156 1151 2220 damnaverat,
1204 2154 1468 2209 auxilium
1513 2152 1821 2224 requisivit.

217 2245 366 2304 Ecce
402 2248 603 2319 justum
645 2265 772 2306 esse
809 2249 1076 2320 judicium
1121 2249 1484 2320 praascientia:
1526 2247 1626 2304 Dei
1656 2247 1822 2304 etiam

223 2341 537 2399 nolentibus
567 2343 912 2399 manifestum
945 2353 1050 2400 est.

297 2435 485 2507 (Vers.
530 2436 639 2508 l7.)
685 2436 826 2491 Dicit
865 2437 1004 2492 enim
1051 2435 1325 2506 Scriptura
1361 2433 1559 2507 (Exod.
1605 2450 1681 2503 tx,
1730 2433 1822 2506 16)

213 2526 493 2583 Pharaoni
520 2544 538 2582 :
569 2528 705 2597 Quia
730 2529 783 2583 in
813 2531 910 2584 hoc
938 2529 1108 2600 ipsum
1137 2536 1186 2583 te
1215 2529 1434 2597 seruaui,
1466 2538 1520 2582 ut
1549 2529 1820 2584 ostendam

209 2622 264 2677 in
294 2632 344 2676 te
383 2622 620 2677 uirtutem
653 2639 840 2688 meam,
878 2634 927 2678 et
963 2632 1017 2677 ut
1058 2623 1318 2677 nuntietur
1357 2639 1540 2678 nomen
1571 2637 1740 2676 meum
1765 2621 1818 2675 in

207 2715 452 2769 uniuersa
476 2724 633 2770 terra.
662 2715 769 2771 Alii
797 2715 1016 2772 codices
1037 2715 1116 2772 sic
1145 2715 1351 2772 habent
1376 2734 1387 2770 :
1416 2715 1498 2769 Ad
1522 2715 1620 2769 hoc
1641 2724 1687 2770 te
1708 2731 1819 2770 sus-

205 2809 388 2875 citavi,
418 2819 475 2864 ut
502 2810 768 2864 ostendam
797 2811 850 2864 in
883 2822 929 2865 te
957 2812 1193 2865 virtutem
1219 2826 1406 2866 meam.
1440 2811 1571 2867 Sive
1593 2811 1814 2879 servavi,

205 2900 324 2957 sive
356 2902 625 2969 suscitari,
655 2918 794 2959 unus
819 2912 904 2960 est
930 2917 1159 2970 sensus;
1195 2903 1297 2959 hoc
1326 2903 1472 2960 enim
1503 2903 1659 2969 dicit,
1687 2903 1813 2974 quia

202 3009 331 3053 cum
375 2996 608 3064 Pharao,
653 2998 798 3068 quod
841 3012 1044 3054 nomen
1075 3013 1264 3069 regum
1292 3009 1411 3055 erat
1439 2997 1582 3068 apud
1609 2996 1814 3070 {Egyp-

203 3090 339 3156 tios,
368 3090 512 3146 sicut
539 3099 592 3148 et
621 3091 764 3164 apud
790 3092 1069 3150 Romanos
1100 3107 1258 3163 reges
1280 3094 1510 3165 Augusti
1532 3093 1811 3165 appellan-

201 3195 293 3240 tur
321 3203 334 3238 :
367 3186 394 3215 ⁸
424 3185 513 3242 hic
539 3202 670 3259 ergo
700 3188 912 3244 Pharao
940 3204 1063 3244 cum
1097 3189 1264 3244 tantis
1295 3188 1450 3244 malis
1479 3199 1625 3244 esset
1658 3203 1807 3254 reus,
1839 3191 1884 3256 C

201 3288 264 3336 ut
307 3280 419 3335 vita
459 3280 712 3354 indignus
746 3289 922 3348 esset;
953 3283 1024 3338 ita
1053 3282 1107 3337 in
1137 3282 1301 3338 malis
1330 3283 1446 3338 suis
1469 3281 1808 3354 perduravit,

199 3387 306 3430 nec
329 3388 389 3430 se
411 3374 705 3431 emendare
732 3375 934 3440 voluit;
958 3375 1238 3430 aestimans
1260 3383 1354 3430 aut
1375 3374 1572 3430 merito
1601 3374 1807 3441 vivere,

197 3475 299 3523 aut
342 3467 536 3534 Deum,
580 3483 742 3540 quem
780 3484 925 3540 satpe
955 3468 1246 3525 fallendum
1278 3469 1558 3535 censebat,
1591 3468 1658 3524 ad
1689 3470 1810 3524 vin-

195 3558 407 3615 dictam
451 3559 687 3616 dandam
728 3559 1105 3632 impotentem,
1145 3561 1296 3616 audit
1335 3576 1364 3614 a
1407 3561 1518 3616 Deo
1554 3560 1676 3614 :Ad
1714 3561 1811 3615 hoc

197 3661 251 3708 te
266 3653 485 3720 seruaui,
504 3654 837 3708 utostendam
859 3656 910 3709 in
925 3664 971 3710 te
991 3656 1230 3711 virtutem
1252 3671 1439 3719 meam,
1463 3663 1584 3709 etut
1607 3655 1809 3709 nuntie-

193 3754 292 3800 tur
320 3761 506 3801 nomen
536 3762 706 3802 meum
747 3748 801 3802 in
827 3749 1063 3803 universa
1093 3759 1260 3816 terra;
1288 3757 1348 3804 ut
1378 3748 1431 3803 in
1463 3746 1568 3804 hoc
1594 3756 1808 3804 caetera:

198 3847 401 3910 gentes
451 3838 797 3896 addiscerent
847 3855 953 3896 non
1005 3855 1128 3897 esse
1171 3841 1340 3897 alium
1391 3841 1558 3897 Deum
1610 3849 1808 3911 praeter

196 3929 374 3998 hunc,
413 3933 504 4003 qui
547 3932 860 3989 Iudaeorum
896 3942 1036 4001 erat,
1069 3944 1124 3990 et
1152 3934 1327 3991 lactus
1354 3944 1439 3990 est
1464 3933 1805 3991 Christiano-

189 4039 352 4089 rum;
394 4026 645 4097 quamvis
674 4035 729 4082 et
761 4026 842 4082 illi
867 4027 1167 4084 Christiani
1195 4027 1416 4095 fuerint,
1448 4039 1503 4085 et
1531 4042 1635 4084 nos
1664 4043 1806 4084 nunc

188 4117 372 4174 simus
401 4117 577 4174 Judaai
607 4128 828 4190 propter
852 4119 1069 4190 Judam,
1096 4138 1162 4177 ex
1183 4138 1290 4193 quo
1313 4123 1423 4196 83
1444 4121 1698 4179 Christus
1723 4131 1807 4178 est

187 4212 502 4269 secundum
529 4229 786 4280 carnem;
819 4215 949 4287 quia
980 4215 1151 4272 Judaei
1181 4226 1394 4274 veteres
1425 4217 1696 4290 sperando
1723 4217 1806 4273 l'u-

189 4314 384 4363 turum
428 4306 708 4366 Christum
754 4310 1200 4383 redemptorem,
1245 4313 1535 4368 christiani
1580 4323 1740 4370 erant
1789 4332 1801 4366 :

194 4415 330 4456 nam
382 4401 572 4458 Raltab
613 4404 872 4460 meretrix
912 4405 1043 4461 dicit
1083 4405 1521 4477 exploratoribus
1564 4407 1745 4463 missis
1775 4422 1804 4462 a

199 4492 341 4550 Jesu
367 4495 537 4561 Nave,
575 4498 666 4567 qui
699 4499 852 4568 prius
883 4502 1065 4555 Auxcs
1094 4499 1377 4556 dicebatur
1411 4518 1423 4554 :
1454 4500 1661 4557 Audita:
1687 4510 1807 4556 sunt

1932 1915 2144 1977 potest;
2175 1917 2260 1964 est
2290 1909 2432 1964 enim
2465 1909 2881 1979 potentissimus
2911 1911 3051 1965 ultra
3082 1927 3294 1968 omnes.
3325 1914 3538 1974 Deinde

1927 2001 2051 2070 quia
2085 2001 2228 2056 Deus
2257 2001 2500 2056 omnium
2532 2011 2617 2057 est
2645 2011 2700 2058 et
2729 2017 2954 2072 parens,
2985 2014 3040 2059 et
3071 2003 3193 2060 ideo
3227 2006 3363 2060 nulli
3393 2010 3537 2066 male

1927 2096 2075 2163 vult;
2117 2113 2238 2166 quae
2285 2096 2414 2153 fecit
2455 2097 2627 2162 enim,
2669 2097 2967 2153 incolumia
2998 2099 3114 2153 vult
3149 2115 3392 2158 manere.
3425 2102 3537 2161 Nec

1925 2191 2068 2247 enim
2101 2191 2362 2260 competit
2392 2190 2465 2258 ei,
2494 2201 2552 2245 ut
2582 2190 2819 2261 injustus
2843 2193 2936 2259 sit,
2969 2193 3124 2264 cujus
3158 2194 3535 2254 benevolentia

1926 2295 2074 2342 tanta
2115 2295 2363 2357 apparet,
2407 2295 2467 2340 ut
2507 2301 2614 2341 non
2655 2287 2834 2341 solum
2862 2287 3066 2343 faceret
3095 2305 3242 2356 esse,
3271 2307 3391 2362 qua:
3422 2308 3532 2348 non

1924 2389 2112 2447 erant;
2156 2395 2345 2436 verum
2388 2394 2450 2434 ea
2478 2379 2593 2448 ipsa
2621 2381 2728 2433 vita
2758 2390 2961 2436 aeterna
2994 2380 3226 2437 donaret
3253 2394 3308 2439 et
3336 2385 3534 2454 gloria,

1923 2484 1982 2529 ut
2021 2486 2159 2542 opus
2201 2472 2321 2541 ejus
2359 2470 2562 2541 aliquid
2597 2471 2899 2541 majestatis
2924 2472 3043 2542 ejus
3071 2474 3252 2530 simile
3279 2475 3527 2532 haberet.

1920 2566 2025 2636 Qui
2049 2580 2180 2636 ergo
2211 2574 2322 2619 tam
2357 2561 2620 2633 providus
2646 2572 2702 2618 et
2729 2563 2902 2618 bonus
2927 2573 3034 2632 est,
3065 2565 3265 2637 ambigi
3297 2581 3402 2622 non
3431 2569 3529 2625 de-

1920 2659 2014 2716 bet
2045 2658 2170 2729 quia
2193 2656 2381 2728 justus
2413 2666 2517 2713 est.

1991 2773 2174 2846 (Vers.
2218 2770 2338 2842 20.)
2381 2771 2426 2825 0
2471 2771 2656 2838 homo,
2700 2782 2754 2826 tu
2791 2773 2905 2842 quis
2949 2790 3036 2840 es,
3081 2775 3167 2845 qui
3211 2781 3528 2849 respondeas

1920 2868 2066 2925 Deo!
2106 2868 2295 2936 Magna
2341 2876 2447 2931 est,
2491 2867 2688 2937 inquit,
2736 2867 3030 2937 indignitas
3060 2877 3116 2925 et
3147 2876 3524 2944 praesumptio,

1917 2960 2194 3017 hominem
2221 2958 2554 3027 respondere
2576 2959 2690 3014 Deo
2713 2960 2765 3014 in
2795 2959 3061 3026 adversis,
3089 2961 3330 3031 iniquum
3354 2966 3521 3036 justo,

1915 3056 2115 3111 malum
2147 3055 2316 3129 bono,
2363 3051 2675 3122 imperitum
2720 3051 2986 3121 perfecto,
3031 3053 3308 3111 inﬁrmum
3352 3057 3530 3115 fortis-

1915 3150 2076 3215 simo,
2119 3144 2533 3218 corruptibilem
2579 3143 2921 3213 incorrupto,
2965 3146 3253 3203 mortalem
3285 3148 3513 3207 immor-

1917 3241 2034 3308 tali,
2078 3255 2300 3296 servura
2340 3250 2571 3308 nequam
2611 3235 2855 3298 domino,
2887 3245 3196 3292 creaturam
3224 3241 3522 3298 conditori.

1918 3333 2190 3406 Numquid
2225 3333 2350 3388 dicit
2389 3332 2690 3405 ﬁgmentum
2728 3331 2798 3395 ei,
2839 3331 2926 3400 qui
2956 3347 3010 3385 se
3039 3331 3195 3400 ﬁnxit
3223 3349 3242 3388 :
3275 3335 3414 3402 Quid
3443 3354 3522 3391 me

1914 3429 2080 3500 fecisti
2110 3428 2183 3482 sic
2205 3426 2380 3498 (Esai.
2410 3441 2534 3492 xcv,
2557 3423 2650 3495 9)?
2679 3424 2793 3479 Hoc
2819 3424 2890 3480 de
2921 3425 3082 3480 Esaia
3115 3429 3382 3498 propheta
3412 3443 3515 3500 est,

1911 3520 2055 3592 quod
2101 3521 2189 3574 hic
2228 3519 2383 3589 quasi
2424 3517 2701 3588 proprium
2731 3518 2884 3588 ponit
2912 3533 3022 3588 quo
3051 3520 3294 3576 ostendit
3322 3533 3513 3578 contra

1912 3623 2190 3669 auctorem
2237 3627 2374 3682 opus
2415 3612 2534 3682 ejus
2575 3611 2730 3681 queri
2777 3626 2885 3666 non
2926 3625 3122 3680 posse;
3159 3615 3211 3668 in
3245 3624 3516 3684 potestate

1914 3706 2060 3763 enim
2088 3704 2327 3760 auctoris
2357 3711 2440 3758 est
2469 3702 2684 3773 qualem
2710 3701 2842 3758 velit
2871 3702 3468 3762 condere‘creaturam.

1983 3822 2166 3895 (Vers.
2197 3819 2316 3890 2L)
2347 3819 2425 3874 An
2456 3836 2558 3874 non
2583 3819 2734 3873 habet
2768 3827 3072 3886 potestatem
3105 3821 3297 3892 figulus
3325 3822 3423 3877 luti
3451 3841 3515 3879 ex

1908 3917 2090 3972 eadem
2115 3932 2282 3972 massa
2310 3919 2478 3985 facere
2500 3913 2643 3967 aliud
2663 3913 2864 3985 quidem
2887 3929 2976 3968 uas
2999 3914 3050 3968 in
3074 3915 3337 3983 honorem,
3368 3918 3517 3973 aliud

1907 4023 2027 4064 vero
2053 4009 2122 4062 ad
2141 4006 2549 4062 contumeliam?
2570 4005 2912 4061 Manifestum
2932 4015 3017 4061 est
3036 4022 3166 4062 vasa
3187 4008 3365 4080 aliqua
3392 4011 3514 4068 ﬁeri

1907 4105 1974 4160 ad
2007 4105 2296 4168 honorem,
2327 4117 2447 4172 qua:
2477 4101 2541 4156 ad
2577 4117 2707 4158 usus
2738 4099 2998 4157 honestos
3023 4103 3135 4158 sint
3156 4107 3468 4162 necessaria
3498 4127 3510 4161 :

1907 4199 2012 4254 alia
2040 4213 2169 4255 vero
2198 4196 2265 4252 ad
2293 4195 2704 4261 contumeliam,
2735 4211 2857 4266 qua:
2891 4197 3252 4252 instrumento
3277 4199 3386 4254 sint
3413 4215 3509 4256 cu-

1908 4289 2361 4362 linarum;funius
2392 4299 2574 4345 tamen
2615 4304 2739 4345 esse
2779 4288 3125 4358 substantiae,
3166 4291 3263 4346 scd
3291 4291 3512 4351 dill'crre

1908 4388 2188 4443 voluntate
2214 4385 2426 4456 opitlcis
2455 4385 2508 4439 in
2539 4383 2768 4440 honore.
2798 4383 2875 4439 Ita
2905 4392 2960 4440 et
2989 4385 3150 4451 Deus,
3174 4402 3297 4442 cum
3320 4402 3512 4446 omnes

1907 4493 1974 4534 ex
2015 4494 2121 4534 una
2159 4485 2324 4548 atque
2359 4475 2548 4533 eadem
2595 4491 2775 4531 massa
2805 4476 2978 4532 simus
3010 4477 3063 4532 in
3096 4477 3421 4546 substantia,
3457 4490 3513 4537 et

191 4589 284 4643 hic
308 4589 518 4644 uirtutes
543 4600 593 4645 et
617 4592 806 4662 plagae,
835 4607 950 4662 qua'
979 4597 1132 4664 facta!
1157 4603 1275 4648 sunt
1299 4594 1354 4647 in
1381 4592 1619 4666 ﬁgypto
1642 4612 1672 4649 a
1697 4592 1803 4649 Deo

1921 4573 2090 4630 :uncti
2130 4580 2466 4644 peccatores,
2508 4569 2600 4625 alii
2637 4570 2951 4636 miseretur,
2980 4580 3035 4628 et
3063 4571 3298 4628 alterum
3327 4573 3513 4646 despi-

188 4693 400 4748 vestro,
434 4691 482 4737 et
511 4685 776 4738 conterriti
821 4694 942 4740 sunt
969 4686 1160 4753 nimis;
1202 4687 1382 4742 timent
1417 4687 1556 4742 enim
1590 4704 1622 4742 a
1667 4687 1802 4758 facie

189 4785 371 4856 vestra
401 4773 586 4847 (Josue
616 4793 672 4844 ll,
703 4777 783 4848 9).
817 4776 844 4815 δ
872 4776 953 4834 Ad
979 4777 1083 4836 hoc
1113 4793 1242 4850 ergo
1271 4791 1522 4837 servatus
1549 4791 1629 4836 est
1662 4780 1804 4836 Pha-

185 4883 317 4935 rao,
359 4876 419 4924 ut
447 4871 614 4924 multa
648 4869 799 4940 signa
831 4881 886 4926 et
913 4871 1086 4943 plagae
1118 4872 1542 4928 ostenderentur
1570 4873 1621 4927 in
1650 4872 1799 4928 illum

184 4961 350 5032 quasi
386 4960 500 5031 jam
543 4971 841 5017 mortuum.
886 4962 1196 5020 Suscitatus
1234 4974 1418 5022 autem
1462 4964 1642 5022 dictus
1677 4973 1795 5032 est;

183 5055 320 5126 quia
346 5071 471 5111 cum
509 5057 651 5127 apud
677 5058 844 5114 Deum
878 5070 1124 5116 mortuus
1160 5071 1324 5128 esset,
1358 5062 1631 5117 modicum
1663 5071 1798 5118 tem-

183 5164 295 5222 pus
339 5151 578 5222 accepit,
616 5160 673 5208 ut
711 5153 893 5210 vivere
930 5153 1337 5223 videretur;'ut
1374 5164 1522 5212 esset
1562 5157 1614 5212 in
1643 5156 1801 5228 cujus

184 5257 356 5314 poma
401 5251 461 5298 et
499 5243 650 5300 vario
691 5255 1086 5304 tormentorum
1126 5264 1327 5320 genere
1359 5264 1530 5322 usque
1559 5249 1626 5306 ad
1656 5264 1802 5306 mor-

184 5346 326 5403 tem,
375 5352 573 5394 omnes
617 5343 705 5410 qui
736 5342 856 5398 sine
890 5343 1002 5399 Deo
1027 5352 1209 5409 erant,
1242 5353 1390 5400 metu
1425 5344 1622 5412 territi,
1656 5343 1803 5400 hunc

182 5429 372 5488 solum
406 5429 578 5486 Deum
615 5447 732 5490 esse
762 5450 884 5490 cum
916 5434 1276 5492 admiratione
1301 5434 1534 5491 maxima
1565 5435 1802 5493 fateren-

261 5602 291 5632 ι
321 5591 408 5648 lta
439 5605 765 5671 mss._prnpe
794 5599 1060 5671 ad_unnm
1092 5617 1104 5653 :
1138 5599 1270 5656 edit.
1305 5615 1433 5656 vero
1459 5610 1568 5656 vet.
1598 5608 1656 5657 et
1680 5600 1799 5671 qui-

182 5665 317 5722 dam
367 5677 540 5746 mss,
579 5665 657 5720 hic
698 5665 1076 5746 ergol’harao
1117 5689 1232 5726 cum
1281 5673 1438 5728 tantis
1482 5665 1802 5746 malisesset

182 5751 348 5800 reus,
395 5743 459 5788 ut
491 5742 650 5814 vivere
681 5757 780 5795 non
813 5742 1044 5808 deberet,
1085 5761 1367 5814 numquam
1404 5749 1613 5813 futurus
1637 5744 1802 5798 bonus

184 5823 257 5864 ne
294 5822 355 5862 se
387 5814 488 5860 aut
517 5809 687 5867 merito
715 5853 730 5867 .
755 5851 769 5865 .
803 5854 815 5867 .
844 5814 1175 5885 impotentem
1205 5809 1442 5887 putaret;
1471 5815 1613 5873 unde
1637 5815 1800 5872 Rom.

727 5905 1002 5967 PATROL.
1049 5905 1254 5968 XVII.

1908 4668 1982 4722 cit
2023 4681 2129 4720 non
2173 4665 2290 4720 sine
2329 4663 2561 4735 justitia.
2606 4663 2663 4718 ln
2709 4663 2878 4734 ﬁgulo
2921 4665 3064 4719 enim
3106 4667 3223 4722 sola
3252 4667 3508 4723 voluntas

1907 4769 1991 4817 est
2025 4777 2037 4813 :
2072 4759 2125 4814 in
2161 4759 2271 4814 Deo
2299 4766 2481 4813 autem
2513 4756 2766 4812 voluntas
2797 4772 2920 4811 cum
2949 4757 3196 4828 justitia;
3230 4761 3336 4816 scit
3362 4762 3507 4818 enim

1906 4852 2064 4922 cujus
2094 4851 2293 4908 debeat
2323 4849 2763 4920 misereri,jsicut
2791 4866 2955 4922 supra
2983 4854 3308 4908 memoravi.

1983 4967 2175 5040 (Vers.
2216 4963 2348 5036 22.)
2381 4964 2534 5032 Quod
2573 4967 2616 5020 si
2657 4965 2835 5021 uolens
2877 4965 3017 5022 Deus
3056 4967 3324 5022 ostendere
3351 4968 3507 5036 iram,

1906 5072 1952 5117 et
1990 5062 2323 5131 manifestare
2351 5061 2633 5132 potentiam
2665 5077 2832 5129 suam,
2867 5062 3111 5116 sustinuit
3139 5061 3191 5116 in
3220 5061 3382 5116 multa
3411 5077 3507 5130 pa-

1901 5155 2082 5210 tientia
2110 5155 2163 5209 in
2195 5155 2330 5209 uasis
2357 5154 2454 5208 irw
2481 5155 2792 5225 prteparatis
2823 5153 2876 5208 in
2907 5155 3192 5210 interitum.
3227 5153 3345 5223 lpse
3376 5167 3505 5210 sen-

1903 5261 1999 5304 sus
2038 5255 2146 5312 est,
2187 5247 2311 5317 quia
2353 5247 2636 5304 voluntate
2676 5255 2731 5303 et
2774 5245 3185 5317 longanimitate
3224 5245 3341 5308 Dei,
3384 5261 3507 5316 qua:

1902 5349 1986 5398 est
2027 5338 2309 5410 patientia,
2344 5351 2722 5412 praeparantur
2751 5338 3001 5395 inﬁdeles
3030 5336 3100 5392 ad
3129 5350 3379 5406 pinnam;
3411 5338 3507 5394 diu

1903 5435 2050 5492 enim
2093 5434 2391 5505 exspectati
2431 5434 2675 5491 converti
2716 5433 3032 5489 noluerunt.
3075 5427 3200 5486 ldeo
3237 5443 3373 5501 ergo
3406 5447 3507 5489 ex-

1908 5599 2023 5673 edit
2049 5598 2282 5673 abscidit
2305 5606 2423 5673 tres
2453 5598 2663 5673 primas
2680 5607 2863 5673 voces.
3099 5660 3110 5673 .

1979 5671 2007 5711 ι)
2049 5670 2210 5726 Rom.
2255 5669 2367 5725 edit
2403 5664 2541 5736 sola,
2585 5665 2663 5721 Ad
2691 5664 2788 5718 hoc
2814 5679 2934 5732 ergo
2955 5664 3110 5736 quasi
3129 5664 3245 5736 jam
3274 5675 3509 5723 mortuus

1911 5751 2140 5798 servatus
2162 5750 2236 5796 est
2261 5739 2493 5807 Pharao,
2523 5733 2579 5792 ut
2605 5775 2622 5792 .
2655 5776 2668 5789 .
2701 5775 2713 5787 .
2746 5775 2758 5787 .
2784 5733 3143 5790 ostenderetur
3157 5734 3211 5789 in
3231 5736 3345 5792 illo.
3375 5738 3509 5794 Sus-

1912 5817 2120 5883 citatus,
2148 5821 2255 5869 etc.
2867 5896 2905 5959 ὅ
