4082 6306
579 223 682 280 139

1667 221 1760 278 AD
1797 220 2030 280 OPERA
2073 221 2323 282 SANCTI
2361 226 2694 290 AMBROSII
2733 231 3098 293 APPBNDIX.

3762 248 3852 307 NO

574 339 804 412 spectati
855 345 979 394 sunt
1003 380 1019 406 ,
1069 346 1127 393 ut
1168 338 1570 397 inexcusabiles
1616 339 1953 411 deperirent.
2003 343 2175 399 Scivit
2201 346 2253 408 Α
2279 345 2458 416 itaque
2488 347 2832 405 multitudine
2859 351 3006 407 solos
3028 349 3316 408 credentes
3334 353 3470 410 dicit
3492 355 3706 424 salvari,
3732 374 3855 431 quos

579 434 724 490 enim
758 433 898 487 Deus
928 431 1026 487 hos
1056 447 1163 488 non
1191 432 1523 488 credituros.

644 525 830 597 (Vers.
867 523 986 596 25.)
1027 525 1092 580 Et
1135 535 1188 580 ut
1232 527 1520 583 ostenderet
1549 527 1756 582 divitias
1785 529 1966 599 gloriae
1990 543 2096 586 sua!
2121 531 2176 586 in

571 617 703 673 vasis
744 618 1134 686 misericordia),
1179 633 1295 691 qua
1335 622 1646 692 preparavit
1689 622 1758 675 ad
1798 623 2038 696 gloriam.
2069 624 2174 680 Pa-

572 713 760 770 tientia
788 723 844 769 et
870 713 1261 785 longanimitas
1288 716 1382 770 Dei
1407 717 1522 786 ipsa
1553 726 1659 784 est,
1692 732 1812 788 quae
1834 720 1975 774 sicut
2004 720 2176 776 malos

569 819 838 880 praeparat
861 809 930 865 ad
958 809 1265 876 interitum,
1297 812 1370 866 ita
1396 817 1454 867 et
1487 811 1662 867 honos
1693 822 1964 882 praeparat
1989 813 2054 868 ad
2083 829 2175 870 c0-

567 917 788 973 ronam;
821 908 947 963 boni
978 909 1124 964 enim
1152 918 1284 965 sunt
1308 910 1361 964 in
1389 910 1586 981 quibus
1611 925 1739 982 spes
1767 911 1892 968 lidei
1917 922 2018 968 est.
2046 913 2176 968 0m-

566 1015 664 1057 nes
687 1001 835 1058 enim
865 1003 1123 1069 sustinet,
1153 1005 1336 1060 sciens
1361 1004 1568 1060 exitum
1593 1005 1968 1076 singulorum;
1993 1022 2057 1063 ac
2078 1022 2176 1077 per

568 1093 673 1150 hoc
705 1097 964 1166 patientia
991 1106 1094 1166 est,
1127 1112 1246 1168 qua:
1273 1097 1398 1154 illos
1424 1099 1514 1170 qui
1541 1115 1608 1154 ex
1637 1101 1778 1156 malo
1803 1100 2169 1172 corriguntur,

563 1197 659 1244 aut
703 1187 758 1244 in
803 1188 947 1244 bono
993 1199 1408 1260 perseverantes
1445 1200 1594 1257 sunt,
1639 1201 1910 1262 praeparat
1951 1192 2017 1248 ad
2055 1194 2175 1263 glo-

570 1284 729 1339 riam.
779 1283 988 1340 Divitiae
1030 1293 1210 1340 autem
1249 1285 1437 1356 gloriae
1466 1293 1594 1341 sunt
1618 1285 1854 1357 dignitas
1879 1286 2171 1359 multiplex

565 1389 870 1451 prmparata
896 1379 1271 1436 credentibus.
1302 1381 1412 1436 Eos
1437 1389 1620 1436 autem
1648 1382 1740 1452 qui
1762 1397 1832 1438 ex
1857 1382 2014 1438 bonis
2037 1379 2175 1438 tiunt

564 1474 720 1542 mali,
762 1483 818 1532 et
859 1475 914 1532 in
957 1484 1138 1547 coepto
1169 1478 1312 1532 malo
1342 1476 1661 1546 perdurant,
1694 1486 1964 1548 praeparat
1992 1477 2058 1532 ad
2090 1477 2174 1532 in-

562 1571 805 1626 teritum.
838 1569 952 1625 Hoc
982 1580 1069 1625 est
1097 1583 1278 1625 autem
1306 1568 1662 1624 manilestare
1690 1573 1988 1640 potentiam
2016 1584 2170 1625 suam

562 1661 619 1719 in
661 1663 832 1719 multa
861 1663 1158 1733 patientia;
1191 1663 1317 1732 quia
1348 1671 1696 1731 computatur
1728 1677 1837 1717 non
1866 1662 2174 1717 vindicatu-

2278 438 2516 509 prsssciit
2547 441 2706 498 Deus.

2351 529 2533 602 (Vers.
2574 532 2694 606 28.)
2725 533 2951 591 Verbum
2987 537 3126 592 enim
3168 555 3533 596 consummatis
3574 550 3621 597 et
3645 542 3857 604 breviatis

2276 624 2330 678 in
2371 627 2644 693 (equitate;
2685 629 2805 698 quia
2850 631 3058 684 verbum
3101 632 3384 688 breviatum
3429 635 3586 706 faciet
3627 633 3856 696 Dor-sinas

2273 732 2428 785 super
2465 726 2674 775 terram.
2719 721 2935 776 Salvari
2984 722 3086 778 hos
3135 726 3422 793 promittit,
3465 741 3604 798 quos
3640 729 3858 799 reliquos

2276 807 2409 864 dicit
2456 825 2553 880 per
2593 813 2842 880 verbum,
2883 814 3028 886 quod
3071 816 3217 885 juste
3259 816 3564 886 deﬁniens,
3610 819 3859 878 breviavit

2277 899 2542 958 Dominus
2588 917 2756 974 super
2798 912 3038 972 terram;
3085 909 3343 964 convenit
3382 911 3528 965 enim
3569 919 3625 966 ut
3663 910 3714 966 in
3754 913 3857 969 solo

2277 993 2499 1051 nomine
2517 995 2728 1052 Domini
2757 998 3059 1056 conditoris
3080 1012 3448 1071 consequatur
3469 1003 3703 1058 salutem
3725 1020 3858 1061 crea-

2277 1092 2417 1153 tura,
2443 1086 2548 1143 hoc
2577 1098 2682 1156 est,
2712 1105 2808 1160 per
2836 1090 2994 1146 ﬁdem
3020 1108 3036 1158 ;
3065 1093 3189 1162 quia
3219 1093 3447 1150 sublatis
3474 1095 3724 1151 omnibus
3749 1111 3860 1153 neo-

2273 1180 2496 1246 meniis,
2528 1191 2586 1237 et
2615 1182 2868 1249 sabbato,
2894 1183 3338 1252 circumcisione,
3371 1198 3425 1242 et
3457 1188 3580 1258 lege
3607 1203 3856 1259 escarum,

2275 1281 2331 1330 et
2357 1273 2727 1332 oblationibus
2757 1293 3040 1348 pecorum,
3073 1280 3190 1336 sola
3222 1281 3356 1338 ﬁdes
3384 1285 3558 1353 posita
3585 1292 3669 1339 est
3693 1285 3759 1340 ad
3787 1301 3860 1342 sa-

2275 1367 2467 1425 lutem.
2517 1372 2648 1438 Qua:
2689 1371 3004 1428 abbreviata
3047 1390 3115 1431 ex
3159 1375 3307 1447 Lege
3346 1386 3460 1443 est;
3491 1378 3616 1448 quia
3648 1380 3786 1451 quod
3815 1383 3859 1437 in

2277 1461 2384 1518 [ide
2414 1471 2518 1530 est,
2555 1463 2608 1519 in
2632 1463 2778 1536 Lege
2807 1466 3039 1523 habetur
3068 1472 3222 1538 quasi
3253 1471 3555 1542 principale
3587 1471 3766 1543 Legis,
3793 1475 3862 1528 di-

2274 1565 2434 1610 cente
2473 1554 2759 1614 Salvatore
2793 1576 2806 1614 :
2837 1558 2916 1614 De
2959 1577 3038 1616 me
3066 1562 3203 1615 enim
3228 1563 3439 1633 scripsit
3465 1563 3674 1636 Moyses
3698 1563 3861 1637 (locis.

2284 1661 2339 1714 v,
2387 1646 2504 1718 46).
2553 1650 2882 1708 Abhreviata
2927 1668 3057 1720 ergo
3095 1653 3262 1726 Lege,
3294 1656 3540 1728 reliquiae
3567 1659 3861 1716 Judteorum

561 1773 678 1824 rus,
722 1757 848 1827 quia
889 1756 983 1812 diu
1012 1757 1322 1812 dissimulat
1367 1775 1380 1812 :
1424 1771 1548 1812 cum
1589 1759 1820 1828 cmperit
1859 1757 2162 1824 vindicare,

2275 1741 2556 1798 salvantur
2597 1760 2615 1799 ε
2658 1747 2846 1803 caeteri
2895 1763 3027 1804 vero
3070 1751 3268 1806 salvari
3310 1769 3417 1807 non
3461 1766 3714 1824 possunt,
3753 1757 3862 1828 quia

557 1851 840 1922 apparebit
883 1850 1002 1921 ejus
1029 1851 1305 1920 potentia;
1333 1850 1459 1920 quia
1488 1865 1610 1905 cum
1640 1851 1815 1921 possit
1841 1851 2026 1906 statim
2052 1851 2170 1907 vin-

555 1942 764 2009 dicare,
809 1941 904 1998 diu
944 1941 1223 2007 sustinuit,
1267 1950 1327 1996 ut
1367 1941 1555 2012 perﬁdi
1598 1943 1753 2013 queri
1795 1943 2165 2012 nonpossint,

552 2035 670 2109 85
697 2050 820 2090 cum
852 2035 1205 2090 damnantur.
1238 2033 1560 2104 Praeparat-0
1585 2042 1768 2090 autem
1799 2049 2167 2106 unumquem-

551 2144 659 2198 que
689 2138 773 2184 est
808 2128 1066 2198 praescire
1095 2125 1225 2198 quid
1256 2126 1500 2182 futurum
1532 2134 1638 2182 est.

627 2221 811 2294 (Vers.
855 2221 974 2294 24.)
1012 2221 1154 2291 Quos
1193 2231 1240 2276 et
1270 2222 1468 2276 uocauit
1497 2237 1612 2288 nos,
1644 2236 1747 2276 non
1775 2221 1948 2276 solum
1979 2237 2042 2276 ea;
2065 2221 2168 2276 Ju-

551 2316 706 2383 dceis,
752 2316 843 2372 sed
887 2317 1044 2371 etiam
1085 2332 1150 2370 ex
1174 2315 1432 2386 gentibus.
1461 2315 1572 2370 llos
1598 2329 1736 2385 quos
1764 2318 2001 2382 vocavit,
2028 2330 2166 2386 prte—

549 2409 758 2478 paravit
801 2407 868 2463 ad
907 2406 1158 2480 gloriam,
1203 2408 1321 2463 sive
1361 2423 1458 2463 eos
1503 2408 1594 2476 qui
1639 2422 1808 2478 prope
1838 2418 2015 2478 erant,
2043 2409 2164 2467 sive

546 2499 671 2556 illos
700 2501 791 2572 qui
821 2500 1003 2572 longe,
1033 2500 1212 2557 sciens
1239 2514 1633 2572 permansuros
1661 2501 1712 2554 in
1746 2501 1872 2556 fide.

618 2593 803 2663 (Vers.
845 2593 937 2658 25,
983 2592 1104 2662 26.)
1136 2593 1289 2648 Sicut
1328 2593 1384 2646 in
1431 2591 1560 2647 Osee
1599 2593 1724 2647 dicit
1762 2607 1782 2648 .'
1828 2591 2031 2649 Vocabo
2059 2611 2162 2650 non

545 2686 743 2755 plebem
781 2702 967 2753 meam,
1015 2685 1217 2756 plebem
1257 2701 1453 2751 meam;
1486 2697 1533 2741 et
1562 2702 1664 2740 non
1691 2686 1955 2754 dilectam,
1993 2687 2160 2744 dilec-

547 2788 674 2834 tam.
722 2776 784 2831 Et
821 2779 916 2831 erit
957 2778 1012 2831 in
1055 2779 1192 2844 loco,
1237 2777 1325 2831 ubi
1356 2778 1683 2832 vocabuntur
1710 2795 1813 2834 non
1841 2780 1982 2852 plebs
2014 2797 2160 2848 mea;

547 2870 618 2926 ibi
664 2869 985 2926 vocabuntur
1031 2871 1130 2938 ﬁlii
1177 2869 1275 2926 Dei
1316 2871 1433 2926 uiui.
1476 2868 1741 2940 Apertum
1783 2880 1869 2928 est
1907 2873 2052 2930 istud
2091 2874 2160 2931 de

544 2966 802 3038 gentibus
839 2980 961 3022 esse
1003 2964 1344 3036 praedictum,
1389 2981 1509 3035 quia
1541 2964 1696 3036 prius
1723 2981 1831 3021 non
1857 2977 1972 3022 erat
2005 2965 2160 3037 plebs

546 3059 643 3114 Dei
680 3076 693 3114 :
731 3067 922 3129 postea
953 3065 1136 3113 autem
1161 3057 1230 3112 ad
1263 3058 1618 3128 Opprobrium
1646 3057 1960 3115 Judtcornm
1994 3060 2158 3116 mise-

2276 1850 2373 1904 pcr
2411 1835 2785 1894 deﬁnitionem
2831 1839 2925 1896 Dei
2969 1853 3323 1911 spernuntur,
3368 1859 3468 1916 per
3507 1862 3670 1917 quam
3708 1863 3862 1920 genus

2274 1926 2574 1985 humanum
2601 1930 2817 1988 salvere
2847 1931 3110 1989 decrevit.

2343 2023 2526 2093 (Vera.
2552 2024 2646 2094 39,
2665 2027 2781 2098 30.)
2801 2026 2869 2082 Et
2885 2029 3022 2084 sicut
3044 2032 3288 2102 pradia‘it
3305 2029 3497 2088 Esaias
3518 2050 3537 2089 :
3555 2033 3679 2090 Nisi
3700 2033 3864 2090 Domi-

2272 2131 2370 2170 nus
2391 2116 2607 2173 sabaoth
2619 2118 2914 2190 reliquisset
2933 2122 3084 2184 nobis
3108 2139 3303 2189 semen,
3333 2127 3468 2180 sicut
3500 2127 3735 2182 Sodoma
3745 2128 3862 2199 fuis-

2271 2225 2462 2277 semus,
2479 2221 2526 2266 et
2553 2212 2684 2267 sicut
2715 2209 3007 2268 Gomorrlza
3035 2216 3231 2271 similes
3257 2218 3535 2288 fuissemus
3551 2217 3856 2292 (Esai.t,9).

2271 2301 2386 2358 Hoc
2415 2319 2625 2373 semen,
2657 2306 2801 2377 quod
2831 2307 2899 2363 de
2927 2308 3182 2365 omnibus
3212 2311 3388 2367 solum
3422 2313 3678 2369 relictum
3707 2324 3760 2370 et
3787 2327 3860 2371 re-

2267 2407 2545 2453 servatum
2589 2407 2676 2454 est
2718 2399 2786 2453 ad
2841 2399 3294 2458 reformationem
3344 2405 3564 2474 generis
3615 2405 3855 2473 humani,

2266 2488 2524 2545 Christus
2564 2501 2670 2556 est,
2713 2501 2770 2549 et
2810 2491 3062 2550 doctrina
3101 2494 3243 2566 ejus,
3288 2497 3429 2552 sicut
3463 2507 3519 2553 et
3550 2499 3670 2571 ipse
3699 2499 3856 2556 dicit:

2269 2579 2459 2637 Semen
2486 2593 2561 2638 est
2589 2585 2798 2640 uerbum
2827 2584 2925 2642 Dei
2946 2585 3103 2657 (Luc.
3131 2604 3248 2657 vtu,
3270 2591 3383 2661 ll).
3419 2591 3536 2650 Hoc
3562 2609 3698 2666 ergo
3723 2595 3858 2651 nobis

2267 2677 2395 2732 olim
2425 2679 2776 2748 promissum,
2805 2681 3036 2738 sublatis
3063 2700 3184 2754 quae
3209 2686 3363 2741 oneri
3395 2696 3555 2743 erant
3583 2688 3765 2760 Legis,
3785 2704 3858 2745 re-

2267 2771 2422 2842 liquit
2452 2771 2520 2828 ad
2547 2773 3007 2846 redemptionem;
3041 2784 3104 2833 ut
3119 2777 3245 2834 data
3271 2779 3596 2837 remissione
3623 2793 3857 2852 peccate-

2265 2880 2409 2930 rum,
2445 2875 2469 2901 ει
2501 2882 2610 2921 non
2644 2869 2964 2938 puniremur
2992 2885 3023 2926 a
3049 2870 3214 2944 Lege,
3245 2873 3386 2929 sicut
3414 2875 3580 2945 periit
3603 2873 3852 2932 Sodoma.

2264 2958 2609 3016 Salvatorem
2647 2976 2778 3033 ergo
2813 2963 3062 3019 relictum
3105 2966 3260 3021 nobis
3288 2965 3425 3022 dicit
3453 2968 3522 3022 ad
3553 2968 3853 3041 suffragium

2265 3053 2412 3117 vitae,
2457 3069 2619 3126 quam
2662 3054 2776 3111 Lex
2805 3057 3093 3126 providere
3119 3073 3228 3114 non
3257 3061 3455 3130 potuit,
3481 3076 3648 3132 quem
3677 3063 3744 3117 ab
3769 3061 3854 3117 ini-

547 3151 844 3208 ricordiam
875 3151 1210 3222 accipientes
1235 3159 1441 3207 vocatae
1469 3158 1599 3207 sunt
1631 3151 1786 3223 plebs
1817 3151 1912 3208 Dei
1944 3171 1956 3206 :
1985 3161 2040 3209 et
2065 3153 2158 3225 qui
2187 3151 2232 3214 C
2267 3149 2342 3203 tio
2382 3148 2529 3204 Deus
2569 3151 2718 3205 nasci
2760 3149 3003 3208 decrevit
3047 3170 3060 3207 :
3103 3154 3196 3225 qui
3233 3162 3523 3226 propterea
3553 3157 3699 3227 quod
3727 3157 3858 3213 solus

545 3244 728 3301 dilecti
769 3256 897 3301 ante
924 3259 1032 3300 non
1063 3253 1243 3313 erant,
1276 3243 1544 3300 abdicatis
1572 3243 1799 3308 ludat-is,
1828 3244 2072 3316 adoptati
2105 3248 2160 3302 in

547 3337 714 3405 ﬁlios,
759 3346 815 3395 et
841 3337 1027 3394 dilecti
1055 3345 1215 3405 sunt;
1250 3346 1309 3393 ut
1336 3339 1388 3393 in
1416 3337 1538 3394 loco
1565 3333 1660 3394 ubi
1687 3351 1793 3392 non
1824 3339 2161 3397 vocabantur

545 3429 701 3503 plebs
741 3431 863 3498 Dei,
907 3429 980 3488 ibi
1018 3439 1352 3487 vocarentur
1393 3430 1490 3485 lilii
1533 3428 1627 3486 Dei
1672 3428 1803 3485 vivi.
1832 3430 1991 3486 Prius
2013 3433 2158 3488 enim

547 3542 815 3599 nusquam
842 3526 1178 3582 vocabantur
1205 3523 1307 3580 ﬁlii
1333 3523 1454 3592 Dei,
1487 3523 1589 3579 nisi
1614 3525 1666 3578 in
1689 3521 1902 3591 Judzea,
1928 3525 2032 3581 hoc
2052 3537 2157 3595 est,

546 3620 981 3692 Hierosolymis,
1025 3619 1116 3674 ubi
1158 3618 1354 3674 domus
1396 3616 1494 3673 Dei
1543 3625 1691 3685 erat,
1741 3617 1882 3672 sieut
1926 3617 2059 3673 dicit
2103 3621 2157 3674 in

545 3714 766 3770 Psalmo
797 3711 1200 3783 septuagesimo
1233 3710 1425 3782 quinto
1456 3726 1469 3764 :
1511 3707 1683 3764 Notus
1712 3712 1769 3765 in
1797 3699 1988 3765 Judtea
2015 3707 2159 3767 Deus

544 3798 723 3880 (Psal.
766 3823 929 3875 Lxxv,
970 3805 1054 3876 2).
1100 3801 1298 3860 PoSt’ea
1339 3811 1521 3860 autem
1554 3803 1607 3858 in
1640 3805 1927 3876 prophetia
1955 3802 2160 3860 Zacha-

543 3900 640 3955 riae
675 3917 688 3952 :
720 3899 944 3962 Ponant,
976 3897 1172 3968 inquit,
1207 3893 1538 3952 Hierusalem
1568 3897 1622 3950 in
1649 3896 1892 3952 omnibus
1918 3896 2158 3970 gentibus

550 3989 739 4060 (Zach.
782 4005 880 4055 xu,
905 3987 996 4060 2);
1032 3990 1158 4060 quia
1183 3989 1385 4058 ubique
1413 3988 1582 4042 tutori
1623 3995 1780 4042 erant
1823 3988 1917 4043 lilii
1960 3989 2072 4056 Dei,
2101 3997 2160 4046 et

549 4087 746 4142 domus
775 4085 868 4139 Dei
898 4085 952 4138 in
983 4083 1236 4138 omnibus
1267 4083 1422 4149 locis,
1455 4089 1578 4152 quae
1610 4091 1696 4136 est
1721 4081 1986 4138 Ecclesia.
2023 4081 2158 4139 Hinc

551 4178 820 4235 Dominus
860 4177 937 4231 ait
977 4175 1182 4232 ,ιιιὰωἱε
1225 4191 1239 4228 :
1287 4175 1422 4242 Quia
1463 4174 1667 4228 tolletur
1710 4191 1740 4227 α
1775 4176 1913 4230 vobis
1941 4190 2156 4247 regnum

551 4272 666 4338 Dei,
685 4282 730 4326 et
744 4263 950 4325 dabitur
962 4270 1100 4341 genti
1119 4269 1324 4342 facienti
1337 4269 1662 4338 fructusejus
1679 4266 1893 4341 (Matth.
1909 4286 2020 4339 xxi,
2039 4270 2157 4343 45),

624 4365 804 4439 (Vers.
829 4365 948 4436 27.)
975 4363 1158 4419 Esaias
1186 4372 1358 4418 autem
1383 4361 1570 4416 clamat
1599 4378 1691 4432 pro
1713 4361 1905 4418 Israel.
1933 4364 2048 4420 Hoc
2075 4365 2158 4433 di-

551 4466 646 4532 cit,
678 4465 806 4536 quia
824 4459 1016 4518 Esaias
1037 4461 1237 4516 clamat
1264 4471 1365 4532 pro
1396 4458 1486 4525 iis,
1512 4459 1605 4529 qui
1631 4459 1866 4514 credunt
1889 4459 1946 4515 in
1971 4459 2156 4516 Chris-

2264 3242 2384 3298 sine
2429 3252 2655 3313 peccato
2701 3245 3074 3315 inveniretur,
3124 3248 3342 3305 devicto
3389 3249 3610 3306 humani
3655 3251 3857 3323 generis

2265 3334 2448 3400 hoste,
2499 3338 2738 3393 omnium
2791 3350 3013 3408 peccata
3056 3340 3286 3398 deleret.
3323 3343 3436 3399 Hoc
3475 3353 3532 3400 et
3569 3344 3624 3400 in
3658 3346 3850 3416 Apoca-

2266 3427 2404 3499 lypsi
2443 3428 2674 3487 Joannis
2715 3430 2948 3488 habetur
2993 3450 3006 3488 :
3046 3433 3180 3502 Quia
3213 3450 3395 3503 nemo,
3427 3437 3526 3502 ait,
3557 3436 3756 3507 dignus
3781 3438 3854 3492 iu-

2263 3533 2459 3580 ventus
2496 3535 2602 3592 est,
2643 3527 2759 3583 sive
2789 3529 2842 3582 in
2871 3528 3032 3595 oculo,
3065 3529 3182 3586 sive
3213 3529 3267 3586 in
3302 3541 3471 3598 terra,
3501 3532 3599 3603 qui
3629 3534 3856 3605 aperiret

2271 3618 2474 3675 librum
2516 3629 2574 3676 et
2627 3622 2906 3693 signacula
2945 3624 3098 3694 ejus;
3144 3625 3251 3682 nisi
3289 3625 3566 3694 Salvator,
3608 3630 3704 3699 qui
3746 3627 3858 3683 vicit

2265 3722 2498 3769 mortem
2531 3713 2728 3787 (Apoc.
2773 3732 2828 3783 v,
2871 3717 2962 3788 ὅ).
3006 3718 3120 3774 Hoc.
3161 3735 3298 3791 ergo
3339 3732 3422 3776 est
3463 3737 3682 3791 semen,
3725 3721 3855 3794 quod

2262 3806 2393 3863 olim
2432 3808 2762 3877 promissum
2802 3811 3103 3867 reservavit
3136 3812 3301 3880 Deus,
3332 3824 3391 3870 ut
3420 3824 3550 3872 tunc
3577 3815 3858 3872 fructiﬁca-

2264 3911 2369 3968 ret,
2398 3901 2619 3971 quando
2643 3903 2888 3959 omnium
2915 3913 3023 3959 tam
3051 3903 3362 3963 Judteorum
3393 3924 3554 3979 quam
3581 3911 3856 3982 gentilium

2264 4004 2487 4061 peccata
2516 3994 2727 4064 repleta
2751 4003 2930 4051 erant.
2957 3995 3194 4052 Fructus
3222 4009 3405 4055 autem
3435 4000 3557 4070 ejus
3587 4013 3674 4058 est
3699 4002 3860 4058 induL

2262 4083 2446 4152 gentia
2479 4096 2859 4154 peccatorum;
2889 4085 2994 4142 nisi
3019 4088 3163 4143 enim
3194 4087 3443 4146 Christus
3473 4091 3671 4150 luisset
3698 4110 3860 4152 reser-

2263 4187 2421 4234 vatus
2443 4178 2628 4251 (quem
2660 4180 2867 4238 idcirco
2893 4197 3081 4240 semen
3107 4183 3263 4251 dicit,
3291 4185 3413 4256 quia
3447 4202 3544 4258 per
3574 4189 3754 4259 ipsum
3783 4205 3860 4245 re-

2265 4284 2510 4342 paratum
2541 4286 2626 4332 est
2666 4290 2840 4346 genus
2872 4275 3217 4350 humanum),
3264 4281 3544 4339 interisset
3583 4285 3860 4356 progenies

2264 4365 2529 4433 Abrahae;
2573 4383 2643 4424 eo
2678 4369 2824 4440 quod
2867 4371 3105 4440 peccatis
3144 4371 3324 4429 obruti
3354 4385 3533 4443 erant,
3562 4386 3617 4432 ct
3649 4377 3762 4433 Lex
3789 4377 3859 4434 eis

2265 4459 2527 4529 prodesse
2550 4477 2659 4517 non
2690 4462 2882 4533 potuit.
2915 4463 3125 4519 Idcirco
3151 4464 3293 4522 hunc
3319 4468 3657 4539 sequendum
3681 4469 3858 4535 docet,

554 4569 666 4613 tum
697 4555 868 4631 (Esai.
898 4572 955 4622 x,
982 4553 1101 4626 2‘2).
1134 4555 1197 4608 lli
1223 4556 1368 4609 enim
1401 4559 1531 4608 vere
1552 4559 1683 4608 Sunt
1705 4549 1987 4623 lsraelitw,
2015 4556 2154 4610 sicut
2182 4548 2239 4610 Β
2263 4558 2354 4629 qui
2385 4557 2696 4626 praesidium
2725 4559 2960 4615 contulit
2986 4559 3133 4616 vitae.

554 4651 685 4707 dicit
720 4648 983 4704 Dominus
1024 4647 1090 4703 ad
1120 4641 1418 4703 Nathanael
1456 4664 1468 4700 :
1504 4645 1637 4701 Ecce
1663 4653 1778 4701 bere
1802 4644 2068 4715 Israelita,
2093 4649 2153 4702 in

552 4762 654 4814 quo
684 4745 836 4799 dolus
865 4753 1064 4798 nonest
1098 4741 1275 4814 (JOan.
1307 4757 1345 4808 ι,
1377 4741 1492 4810 47).

625 4838 686 4895 Si
729 4838 886 4908 fuerit
925 4851 1170 4890 numerus
1210 4833 1440 4905 ﬁliorum
1481 4831 1648 4889 Israel
1691 4845 1953 4901 tamquam
1990 4850 2151 4892 arena

552 4934 729 5000 maris,
772 4931 1007 5002 reliquie:
1047 4931 1202 4984 salute
1244 4930 1389 5000 ﬁent.
1435 4928 1836 4985 Rccedentibus
1875 4929 2078 4986 Iudaeis
2119 4947 2149 4986 a

547 5029 744 5086 merito
773 5035 828 5084 e‘t
860 5024 1222 5097 promissione
1250 5033 1491 5096 patrum,
1521 5025 1651 5078 dum
1681 5025 1830 5078 illam
1866 5039 1974 5081 non
2007 5028 2149 5082 reci-

549 5124 726 5195 piunt,
750 5121 806 5177 hi
839 5119 1084 5192 reliquiae
1106 5127 1253 5186 sunt,
1281 5119 1376 5189 qui
1397 5117 1674 5173 credendo
1698 5118 1750 5172 in
1777 5118 1886 5173 (ide
1915 5120 2147 5188 promisi-

544 5221 716 5274 sionis
756 5215 1005 5288 patribus
1048 5213 1205 5269 factm
1250 5213 1582 5284 persistunt,
1622 5212 1816 5269 ﬁdeles
1853 5213 2066 5280 eliecti;
2112 5229 2142 5269 a

547 5311 686 5386 Lege
724 5313 868 5369 enim
909 5309 1197 5373 recedunt,
1232 5308 1327 5377 qui
1371 5307 1425 5360 in
1467 5312 1590 5360 eum
1625 5319 1790 5376 quem
1821 5305 1932 5362 Lex
1963 5308 2139 5362 solum

2335 4648 2476 4716 Quid
2506 4663 2628 4721 ergo
2653 4651 2920 4706 dicemus?
2947 4651 3098 4718 Quod
3123 4664 3300 4726 gentes
3326 4671 3442 4727 qua
3466 4673 3569 4712 non
3599 4659 3859 4713 sectaban-

2260 4753 2347 4795 tur
2382 4743 2673 4811 justitiam,
2714 4746 3212 4815 catnprelteuderunt
3239 4749 3506 4822 justitiam
3548 4767 3568 4806 :
3602 4751 3859 4825 justitiam

2258 4842 2429 4888 autem
2456 4850 2573 4903 qua:
2599 4850 2662 4890 ea:
2690 4835 2795 4905 fide
2836 4846 2928 4890 est.
2970 4838 3081 4912 85
3124 4839 3391 4907 Quoniam
3427 4841 3642 4913 justilia
3681 4851 3769 4901 cst
3806 4843 3860 4900 il

2260 4927 2428 4998 Lege,
2469 4943 2590 4994 quae
2637 4928 2844 4984 credita
2898 4931 3100 4986 mundo
3137 4940 3246 5001 est,
3286 4949 3409 5005 qua:
3451 4935 3705 5004 prohibet
3733 4949 3855 5005 pec-

2258 5020 2408 5084 cari;
2455 5020 2664 5076 idcirco
2704 5029 2894 5091 gentes
2939 5037 3046 5077 non
3077 5021 3218 5078 hanc
3253 5025 3521 5094 justitiam
3548 5025 3685 5081 dicit
3711 5039 3858 5080 cotu-

2266 5112 2648 5181 prehendisse,
2687 5129 2806 5185 quaa
2845 5123 3038 5169 natura
3079 5117 3340 5188 magistra
3370 5117 3735 5189 dignoscitur,
3766 5114 3858 5172 sed

2257 5224 2382 5265 eam
2405 5210 2672 5281 justitiam
2698 5226 2821 5282 qua:
2847 5228 2912 5266 ex
2941 5212 3044 5267 lida
3071 5222 3154 5269 εει
3176 5212 3411 5280 Christi;
3439 5213 3552 5269 Deo
3575 5213 3722 5269 enim
3746 5212 3854 5266 haec

2259 5319 2388 5360 vera
2414 5305 2622 5376 justitia
2651 5313 2757 5372 est,
2791 5316 2843 5361 et
2879 5321 3233 5376 permanens,
3267 5308 3311 5363 si
3341 5315 3687 5378 agnoscatur.
3718 5295 3853 5374 Quid

545 5403 610 5461 ad
654 5407 887 5462 salutem
927 5404 1186 5461 sufficere
1227 5399 1500 5472 promiSit,
1542 5413 1649 5455 non
1686 5400 1942 5455 credunt.
1976 5401 2143 5470 Igitur
2251 5399 2404 5455 enim
2449 5409 2535 5454 est
2578 5409 2684 5456 tam
2724 5398 2956 5470 justum,
2995 5416 3155 5472 quam
3190 5415 3523 5472 cognoscere
3551 5401 3724 5457 Deum
3752 5399 3850 5454 Pa-

545 5507 802 5570 apostatae
845 5499 1151 5554 habeantur
1181 5508 1406 5551 necesse
1437 5502 1542 5558 est,
1574 5492 1670 5564 qui
1699 5492 1829 5548 dum
1861 5491 2139 5549 Christum
2245 5503 2413 5559 trem,
2457 5510 2524 5550 ex
2553 5511 2658 5565 quo
2688 5503 2816 5550 sunt
2839 5495 3020 5551 omnia
3055 5512 3069 5550 :
3103 5504 3158 5550 et
3187 5494 3458 5552 Christum
3487 5494 3684 5552 Filium
3712 5492 3847 5564 ejus,

545 5605 652 5647 non
693 5591 982 5661 recipiunt,
1029 5590 1108 5646 rei
1150 5598 1278 5645 sunt
1315 5585 1531 5641 violata:
1567 5576 1746 5656 Logis.
1789 5586 1866 5642 De
1905 5589 2138 5643 maxima
2252 5594 2350 5658 per
2388 5601 2551 5658 quem
2591 5595 2718 5643 sunt
2756 5589 2935 5646 omnia
2964 5587 3007 5661 (l
3051 5587 3173 5644 Cor.
3218 5604 3332 5658 vin,
3374 5585 3470 5660 6)?
3508 5588 3693 5646 Prima
3721 5597 3848 5657 ergo

609 5781 634 5812 ⁸
662 5773 867 5831 Omnes
887 5769 1044 5840 edit.,
1072 5786 1174 5827 non
1195 5769 1476 5844 periremus
1501 5786 1534 5826 a
1559 5765 1734 5841 Lege;
1761 5783 1956 5827 omnes
1977 5782 2138 5838 mss,
2173 5786 2277 5827 non
2303 5769 2626 5842 puniamur,
2653 5779 2758 5828 etc.
