4082 6306
226 282 325 337 Hl

1121 282 1619 344 COHIENTARIA
1660 282 1727 347 ιδ
1771 280 2162 343 EPISTOLAM
2206 283 2296 341 ΑΒ
2333 284 2677 348 ROMANOS.

3446 294 3552 353 Ni

220 399 342 452 luce
376 397 592 467 iustitia
630 409 720 455 est
748 414 1038 473 agnoscere
1065 400 1403 468 Creatorem,
1432 401 1629 458 deinde
1657 414 1843 459 custo-
1868 416 1924 479 Α
1948 401 2053 467 nis,
2085 410 2132 455 et
2163 410 2362 472 petram
2386 405 2620 459 scandali
2644 422 2661 471 ;
2685 412 2733 459 et
2757 405 2845 477 qui
2873 404 3149 461 crediderit
3174 406 3423 476 initium,
3454 425 3557 464 non

221 491 346 547 dire
388 507 512 562 quae
561 494 845 565 praecepit.
878 496 1077 551 Gentes
1114 510 1245 566 ergo
1280 511 1402 566 quas
1438 498 1588 567 prius
1619 513 1726 553 non
1761 514 1843 555 re-

222 584 523 654 quirebant
567 586 865 655 justitiam,
913 588 966 645 id
1008 597 1115 655 est,
1162 588 1384 661 Legem.
1430 606 1552 661 quas
1596 589 1845 648 Creatori

227 680 618 737 testimonium
666 682 1006 753 perhibebat,
1056 684 1304 740 veniente
1345 684 1587 753 Christo,
1616 687 1841 744 invene-

224 784 360 829 runt
396 776 667 845 justitiam
711 778 1241 849 superabundantem
1270 781 1411 851 {plus
1437 796 1601 853 quam
1632 783 1842 839 scriba-

224 885 352 925 rum
396 879 450 925 et
499 871 914 941 pltarisaeorum.
960 874 1058 942 Qui
1109 875 1253 930 enim
1301 884 1429 932 tunc
1472 878 1615 947 quod
1663 878 1843 935 minus

224 976 333 1031 est,
370 982 480 1022 non
512 968 885 1040 sectabantur,
915 971 1451 1041 comprehenderunt
1484 984 1669 1046 postea
1697 976 1841 1048 quod

224 1060 409 1131 majus
435 1070 521 1116 est
552 1076 566 1115 :
594 1061 769 1117 Judaei
798 1073 979 1119 autent
1004 1065 1057 1121 in
1080 1064 1224 1137 Lege
1249 1068 1431 1138 positi,
1459 1070 1547 1141 qui
1578 1071 1842 1141 profluere

224 1157 407 1226 magis
437 1156 765 1224 debuerant,
800 1158 1297 1217 deterioraverunt.

300 1249 486 1322 (Vers.
508 1252 623 1321 δι.)
651 1251 791 1307 Nam
818 1250 990 1310 Israel
1028 1258 1275 1311 sectanda
1300 1256 1488 1329 Legem
1522 1261 1757 1327 iustitia’,
1788 1263 1838 1316 in

223 1340 421 1412 Legem
434 1343 656 1415 justitia:
682 1352 782 1398 non
806 1348 1053 1417 pervenit.
1085 1346 1359 1404 Periculi"
1388 1348 1545 1421 Degis
1577 1352 1710 1408 ﬁdes
1732 1365 1836 1422 est,

222 1442 395 1503 quam
413 1441 611 1504 gentes
636 1438 1113 1507 apprehendentes
1136 1483 1149 1507 ,
1182 1449 1347 1496 totam
1382 1442 1581 1513 Legem
1612 1446 1839 1517 implere

223 1528 508 1583 Videntur.
551 1528 723 1585 Judaei
772 1541 953 1587 autem
979 1534 1104 1587 dum
1151 1546 1244 1604 per
1279 1536 1537 1593 invidiam
1566 1538 1837 1596 Salvatori

222 1630 338 1677 non
380 1622 651 1689 credunt,
685 1624 953 1694 justitiam
998 1640 1117 1697 qum
1149 1626 1206 1681 in
1236 1627 1379 1699 Lege
1425 1630 1681 1686 mandata
1712 1640 1834 1699 est,

221 1713 596 1782 vindicantes,
626 1714 679 1770 id
708 1725 811 1784 est,
842 1716 1149 1785 sabbatum,
1172 1722 1669 1791 elrcumcisionern,
1699 1734 1832 1792 ete.,

220 1808 278 1862 in
308 1807 510 1880 Legem
541 1820 646 1864 non
671 1823 1057 1879 pervenerunt,
1092 1812 1193 1868 hoc
1221 1822 1326 1880 est,
1354 1813 1554 1887 Legem
1589 1831 1698 1872 non
1720 1831 1829 1888 per
1863 1821 1909 1883 lt

222 1899 483 1957 fecerunt
509 1917 522 1953 :
551 1911 604 1958 et
621 1902 710 1973 qui
738 1918 844 1959 non
867 1906 1153 1975 perficiunt
1180 1905 1401 1977 Legem,
1433 1910 1507 1963 rei
1536 1918 1661 1965 sunt
1682 1909 1837 1980 juxta

226 1994 449 2065 Legem.
484 1995 585 2051 Hic
626 1997 771 2051 enim
811 1998 1001 2066 implet
1030 1999 1263 2070 Legem,
1296 2003 1388 2073 qui
1427 2017 1455 2057 a
1502 2004 1626 2075 lege
1668 2004 1836 2077 Moysi

226 2089 476 2158 pervenit
503 2088 570 2143 ad
601 2089 759 2145 fidem
791 2089 1012 2146 Christi.

297 2184 481 2254 (Vers.
529 2183 643 2255 52.)
681 2184 901 2253 Quare?
930 2186 1065 2253 Quia
1095 2203 1199 2242 non
1221 2202 1287 2243 ex
1314 2190 1434 2258 fide,
1469 2190 1559 2245 sed
1584 2194 1736 2260 quasi
1775 2208 1837 2247 ea:

236 2276 468 2345 operibus
502 2292 521 2330 :
562 2276 900 2346 Spernentes
928 2280 1074 2334 enim
1106 2278 1270 2336 ﬁdem
1302 2296 1456 2352 quae,
1504 2284 1643 2339 sicut
1674 2283 1783 2339 disi
1817 2326 1831 2353 ,

238 2369 493 2440 perlectio
518 2368 676 2442 Legis
700 2382 806 2439 est,
849 2382 916 2428 ex
945 2374 1207 2444 operibus
1243 2375 1405 2447 Legis
1447 2377 1739 2448 iustiﬁcari
1776 2394 1834 2434 se

235 2464 501 2531 dicebant,
532 2465 585 2520 id
624 2477 729 2533 eSt,
765 2481 861 2536 per
887 2467 1199 2536 sabbatum,
1228 2471 1568 2539 neomenias,
1601 2472 1835 2527 circum-

228 2557 513 2624 cisionem,
544 2567 677 2625 etc.,
714 2560 1062 2616 immemores
1091 2560 1385 2631 Scripturse
1423 2564 1674 2633 dicentis,
1709 2566 1832 2636 quia

222 2646 407 2707 Justus
429 2666 493 2707 ex
512 2653 616 2723 ﬁde
632 2655 750 2708 sivit
773 2653 1002 2725 (Habac.
1034 2669 1095 2720 tt,
1120 2654 1202 2725 4).
1232 2655 1448 2711 iustitia
1467 2669 1647 2714 autem
1671 2658 1833 2731 chis

224 2745 435 2803 idcirco
456 2746 679 2816 dicitur,
704 2750 827 2819 quia
842 2750 992 2819 justo
1010 2749 1214 2820 judicio
1238 2750 1332 2807 Dei
1352 2752 1467 2807 hmc
1487 2752 1687 2808 Judzeis
1709 2753 1831 2809 data

221 2848 349 2895 sunt
374 2849 599 2910 propter
624 2842 879 2897 duritiam
909 2843 1091 2899 cordis
1117 2844 1360 2910 illorum;
1390 2856 1445 2899 ut
1477 2846 1521 2899 si
1548 2846 1830 2901 mustelam

220 2933 365 2990 forte
402 2935 528 3007 quis
556 2946 829 2992 mortuam
866 2938 1161 3003 calcasset,
1192 2947 1288 2993 aut
1335 2938 1605 3009 tetigisset
1652 2940 1833 3011 aliqua

218 3029 567 3098 morticinia,
600 3039 694 3087 aut
721 3031 768 3087 si
804 3044 968 3089 sorex
1016 3032 1069 3087 in
1098 3045 1195 3087 vas
1231 3032 1455 3100 ruisset,
1492 3033 1829 3088 immundum

216 3124 501 3181 diceretur
526 3116 713 3198 (Leuit.
744 3140 820 3193 ιι,
850 3125 945 3197 29)
982 3145 994 3179 :
1024 3126 1169 3198 quod
1194 3140 1389 3198 magna
1413 3141 1536 3183 cum
1568 3126 1833 3182 sollicitu-

215 3218 350 3274 dine
373 3219 755 3287 observantes,
779 3228 845 3275 ωε
893 3232 1239 3291 quacumque
1264 3228 1430 3275 eausa
1454 3218 1827 3287 incurrebant,
1855 3210 1901 3275 C

214 3318 277 3367 ut
316 3312 582 3367 immundi
608 3318 811 3369 essent.
846 3312 903 3369 Si
931 3319 1113 3368 autem
1143 3314 1364 3383 sanguis
1397 3313 1644 3369 mustela:
1672 3316 1826 3384 pavi-

214 3414 468 3463 mentum
503 3408 852 3474 maculasset,
880 3420 987 3464 non
1017 3406 1119 3463 levi
1154 3422 1283 3464 cura
1313 3408 1639 3479 capiundum
1672 3419 1789 3465 erat
1809 3450 1823 3474 ,

213 3507 270 3557 et
302 3508 409 3555 uta
434 3500 571 3556 cibis
600 3501 919 3558 melioribus
946 3502 1337 3558 abstineretur.
1372 3501 1673 3559 Sabbatum
1695 3514 1825 3558 vero

212 3603 266 3649 et
286 3594 646 3651 circumcisio
670 3595 945 3667 prepriam
970 3595 1275 3651 habuerunt
1292 3597 1558 3667 justitiam
1577 3605 1825 3667 tempore

211 3704 314 3748 suo
339 3708 355 3757 ;
386 3693 511 3762 quia
540 3690 593 3746 in
624 3689 792 3763 ﬁgura
814 3690 939 3746 data
969 3699 1116 3746 sunt.
1138 3690 1251 3747 Hoc
1274 3692 1536 3747 Dominus
1568 3706 1663 3761 per
1691 3690 1824 3747 Eze-

209 3787 455 3842 chielem
496 3787 817 3858 prophetam
863 3787 1146 3855 ostendit,
1191 3786 1333 3842 inter
1372 3795 1565 3843 czetera
1593 3786 1818 3843 dicens:

209 3878 504 3951 Propterea
526 3882 642 3937 dedi
664 3883 769 3938 illis
790 3890 1047 3953 prtecepta
1067 3899 1169 3937 non
1189 3884 1321 3938 bona
1335 3882 1352 3951 (
1363 3880 1553 3937 Επειδὴ.
1580 3896 1671 3951 xx,
1691 3882 1817 3951 25);

208 3977 334 4044 quia
361 3984 523 4031 erant
552 3973 918 4032 irreverentes
946 3984 1003 4032 et
1034 3976 1204 4032 infidi.
1253 3975 1311 4031 In
1360 3976 1595 4031 adventu
1638 3983 1817 4031 autem

208 4068 455 4137 Christi,
486 4070 609 4140 quia
638 4070 873 4127 salutate
902 4068 1105 4126 donum
1134 4078 1251 4129 erat
1278 4071 1507 4127 daturus
1528 4112 1542 4138 ,
1574 4086 1671 4143 per
1693 4070 1822 4129 Hie-

208 4163 448 4217 remiam
473 4163 753 4230 prtedicat,
776 4164 963 4219 dicens
988 4182 1001 4217 :
1033 4162 1176 4218 Dabo
1204 4164 1309 4219 illis
1335 4160 1709 4219 Testamentum
1734 4180 1821 4219 no-

207 4260 349 4321 cum,
375 4266 481 4307 non
498 4254 651 4326 quale
670 4256 789 4310 dedi
811 4258 1043 4328 patribus
1058 4256 1269 4311 illorum
1293 4257 1510 4328 (lerem.
1532 4272 1678 4325 χιιι,
1700 4257 1814 4329 32).

206 4342 323 4402 Hoc
351 4350 741 4404 testamentum
775 4348 970 4421 Legem
1004 4360 1180 4416 vocat,
1212 4350 1263 4405 in
1294 4362 1453 4421 quam
1486 4364 1593 4405 non
1621 4364 1817 4422 perve-

206 4446 453 4506 nerunt,
490 4443 632 4497 sicut
675 4457 839 4513 supra
886 4443 1202 4499 memeravi.
1247 4442 1378 4499 Nam
1410 4454 1532 4499 cum
1562 4446 1818 4516 gentibus

206 4550 329 4606 qua:
355 4536 726 4604 crediderant,
762 4536 899 4593 hanc
926 4540 1192 4593 sarcinam
1217 4539 1620 4595 observationis
1640 4537 1813 4595 Judtei

1950 496 2320 568 confundetur.
2365 498 2479 555 Hoc
2524 500 2577 555 in
2612 498 2770 555 Esaia
2801 500 3035 558 habetur
3069 500 3241 572 (Esai.
3284 518 3375 559 vui
3402 544 3418 570 ,
3457 503 3551 570 li;

1948 603 2141 657 xxvnt,
2170 591 2249 663 6).
2283 592 2572 650 Multorum
2602 594 2871 653 relatione
2899 607 3242 669 Compertum
3273 607 3358 655 est
3384 600 3438 654 in
3460 613 3552 670 pe-

1948 690 2027 736 tra
2073 684 2160 739 vel
2206 686 2385 757 lapide
2424 686 2705 744 Christum
2752 704 2877 747 esse
2928 692 3289 764 significatum
3316 710 3331 761 ;
3362 694 3555 749 Daniel

1945 775 2089 830 enim
2124 778 2392 849 propheta
2434 780 2668 852 lapidem
2708 780 2857 839 hunc
2886 783 3053 853 dicit,
3098 786 3186 858 qui
3216 786 3497 845 abscisws
3523 802 3552 843 a

1944 878 2130 927 monte
2158 871 2279 926 sine
2321 874 2572 930 manibus
2605 878 2872 947 percussit
2915 888 2971 934 et
3010 882 3328 937 comminuit
3366 882 3552 937 omnia

1943 976 2134 1033 regna,
2164 973 2221 1019 et
2250 964 2476 1035 replevit
2508 982 2727 1025 omnem
2751 978 2978 1038 terram,
3007 972 3155 1042 quod
3176 972 3459 1030 evidenter
3484 974 3553 1029 de

1942 1050 2162 1111 Christo
2192 1056 2399 1113 dictum
2429 1067 2517 1115 est
2541 1059 2705 1131 (Dan.
2734 1078 2793 1128 ιι,
2825 1060 2940 1136 54).
2966 1062 3036 1119 Ει
3062 1064 3115 1119 in
3140 1063 3283 1137 Lege
3312 1075 3465 1138 petra
3484 1066 3553 1123 de

1943 1161 2051 1217 qua
2078 1145 2352 1206 nituerunt
2380 1166 2556 1223 aqum,
2582 1152 2877 1210 Christusﬁ
2907 1166 2986 1212 est
3016 1157 3319 1229 appellatus
3348 1175 3360 1213 :
3390 1158 3551 1215 Petra

1940 1247 2137 1306 autem,
2171 1241 2366 1311 inquit,
2397 1253 2507 1298 erat
2548 1244 2802 1302 Christus.
2843 1248 2907 1302 Et
2939 1248 3131 1303 Petrus
3155 1252 3442 1320 apostolus
3473 1254 3555 1308 in-

1943 1343 2025 1389 ter
2051 1344 2248 1391 cetera
2278 1338 2346 1392 ad
2377 1337 2596 1396 Judzeos
2626 1341 2699 1395 ait
2734 1359 2746 1395 :
2781 1341 2879 1396 Hie
2902 1353 2973 1397 est
3002 1340 3158 1413 lapis,
3188 1347 3275 1415 qui
3306 1348 3553 1419 reproba-

1939 1434 2019 1479 tus
2057 1434 2132 1480 est
2168 1444 2198 1480 a
2244 1428 2386 1484 vobis
2431 1431 2806 1500 wdiﬁcantibus
2840 1432 2860 1506 (
2890 1433 2909 1489 ι
2939 1432 3061 1489 Cor.
3087 1451 3143 1501 ι,
3172 1432 3206 1492 4
3234 1436 3272 1509 ).
3308 1437 3554 1495 Offensio

1937 1530 2069 1587 ergo
2100 1520 2274 1589 posita
2307 1520 2360 1577 in
2391 1521 2521 1578 Sion
2548 1521 2797 1581 Christus
2829 1535 2911 1581 est
2940 1525 3143 1596 (Actor.
3172 1545 3245 1593 tv.
3280 1530 3395 1602 ll).
3418 1532 3552 1588 Sion

1940 1624 2072 1665 vero
2101 1610 2330 1668 altitudo
2361 1622 2468 1682 est,
2504 1617 2621 1673 sive
2650 1606 2841 1695 civitas
2869 1618 2983 1689 ipsa
3015 1620 3386 1690 Hierusalem,
3435 1638 3560 1695 quae

1938 1712 2165 1774 promer
2192 1705 2443 1763 notitiam
2474 1707 2573 1765 Dei
2599 1725 2707 1766 non
2735 1694 3011 1769 immerito
3035 1714 3251 1771 excelsa
3279 1715 3420 1773 dicta
3446 1694 3556 1787 est,

1936 1795 1990 1851 in
2022 1813 2129 1869 qua
2158 1798 2411 1857 Salvator
2438 1818 2469 1857 tt
2499 1802 2611 1860 Deo
2638 1788 2801 1862 Patre
2824 1820 2924 1861 suo
2952 1808 3161 1876 positus
3199 1809 3551 1879 prtedicator,

1942 1893 2178 1951 offensio
2200 1895 2373 1951 factus
2397 1908 2479 1953 est
2506 1897 2734 1966 ιιιάωὶε,
2763 1899 2893 1956 dum
2921 1916 2983 1957 se
3013 1888 3210 1958 Filium
3243 1903 3336 1960 Dei
3362 1904 3552 1974 praedi-

1936 1995 2047 2054 cat,
2080 1997 2240 2044 natus
2277 1988 2348 2046 de
2378 1988 2587 2061 Spiritu
2628 2001 2822 2050 sancto
2849 2009 2915 2049 es
2945 1995 3194 2053 muliere.
3226 1996 3331 2053 Per
3356 2012 3555 2069 corpus

1936 2090 2120 2136 autem
2143 2082 2267 2152 ejus
2287 2082 2605 2139 scandalum
2634 2086 2781 2155 passi
2799 2088 2947 2155 sunt,
2970 2100 3018 2147 et
3042 2074 3296 2145 dicebant
3320 2108 3332 2145 :
3365 2074 3557 2148 Nonne

1936 2181 2098 2229 mater
2128 2184 2176 2231 et
2200 2176 2387 2247 fratres
2408 2178 2524 2250 ejus
2550 2178 2696 2249 apud
2718 2194 2812 2235 nos
2833 2188 2954 2235 sunt
2971 2182 2996 2233 ."
3020 2180 3299 2247 Quomodo
3324 2199 3447 2255 ergo
3470 2185 3554 2239 hic

1937 2266 2061 2319 dicit
2088 2284 2105 2321 :
2135 2267 2276 2334 Quia
2302 2269 2366 2323 de
2392 2268 2521 2325 ccelo
2547 2270 2788 2327 descendi
2818 2272 2996 2343 (Joan.
3023 2289 3097 2344 vr,
3124 2258 3256 2349 43)?
3285 2276 3557 2334 Nolebant

1935 2353 2078 2409 enim
2110 2358 2271 2413 verba
2313 2361 2483 2430 gestis
2524 2374 2878 2430 comparare,
2916 2373 2972 2419 ut
3018 2352 3245 2436 perinde
3288 2372 3555 2438 agnosce-

1934 2455 2055 2502 rent
2070 2448 2184 2520 86
2204 2463 2314 2505 non
2339 2451 2635 2508 absurdum
2655 2467 2799 2519 esse,
2828 2456 2969 2524 quod
3000 2440 3220 2513 dicebat
3248 2458 3315 2515 de
3333 2462 3475 2516 casto
3493 2479 3553 2517 se

1934 2538 2318 2609 descendisse;
2349 2545 2504 2614 quasi
2535 2559 2737 2616 corpus
2768 2559 3111 2618 operaretur,
3145 2560 3201 2606 et
3243 2568 3353 2609 non
3403 2554 3546 2611 Deus

1934 2631 2136 2700 latens,
2166 2634 2427 2704 operibus
2458 2645 2639 2693 tamen
2673 2653 2733 2695 se
2758 2640 2993 2709 prodens
3026 2643 3080 2698 in
3106 2658 3358 2717 corpore.
3389 2645 3550 2702 Petra

1934 2739 2063 2796 ergo
2086 2724 2203 2782 hate
2226 2728 2549 2784 scandalum
2582 2740 2666 2785 est
2687 2720 2891 2788 ludatis
2922 2744 2977 2789 et
3003 2734 3239 2791 offensio
3266 2755 3279 2793 :
3309 2754 3431 2808 qua:
3453 2755 3549 2811 pe-

1935 2830 2015 2877 tra
2035 2822 2155 2879 sine
2176 2822 2343 2879 dubio
2370 2839 2574 2897 corpus
2598 2826 2922 2899 intelligitur
2954 2828 3273 2887 Salvatoris.
3304 2830 3429 2888 Hatc
3448 2848 3544 2890 ex-

1932 2914 2043 2970 cisa
2067 2915 2184 2972 sine
2206 2917 2480 2984 manibus,
2511 2927 2799 2991 propterea
2824 2922 2949 2994 quia
2970 2923 3089 2983 sine
3111 2926 3229 2983 viro
3251 2925 3319 2985 de
3338 2928 3543 3001 Spiritu

1932 3017 2123 3068 sancto
2150 3010 2289 3067 facta
2320 3012 2388 3069 de
2416 3013 2629 3085 virgine
2649 3024 2752 3071 est.

2572 3162 2805 3231 CAPUT
2844 3166 2912 3230 Χ.

2004 3306 2185 3378 (Vera.
2223 3308 2275 3374 l,
2304 3307 2387 3381 2.)
2434 3307 2677 3379 Fratres,
2703 3311 2944 3367 uoluntas
2968 3312 3178 3384 quidem
3196 3319 3370 3374 cordis
3399 3318 3501 3377 mei
3520 3362 3536 3390 ,

1929 3409 1981 3455 et
2004 3399 2288 3457 obsecratio
2318 3403 2378 3472 ﬁt
2408 3402 2477 3456 ad
2504 3402 2672 3459 Deum
2695 3421 2789 3479 pro
2813 3406 2920 3462 illis
2947 3408 3005 3461 its
3029 3409 3289 3478 salutem;
3321 3416 3540 3471 testimo-

1926 3498 2070 3553 nium
2117 3500 2255 3554 enim
2278 3499 2520 3572 perhibeo
2552 3502 2691 3570 illis,
2723 3503 2863 3574 quod
2899 3504 3286 3562 wmuiationem
3317 3508 3416 3565 Dei
3445 3513 3541 3567 tta-

1927 3588 2067 3659 ltent,
2097 3591 2187 3647 sed
2215 3606 2319 3647 non
2350 3593 2635 3649 secundum
2671 3596 3007 3664 agnitionem.
3039 3597 3309 3667 Quoniam
3332 3618 3360 3655 ιι
3391 3603 3535 3675 Lege

1926 3683 1954 3722 ι’
1976 3686 2091 3741 vult
2129 3700 2228 3742 eos
2265 3686 2518 3755 auferre,
2560 3688 2850 3746 credentes
2880 3691 3005 3762 quia
3050 3694 3301 3751 velamen
3328 3708 3413 3751 est
3439 3698 3538 3754 .lu-

1924 3776 2093 3845 dmis;
2127 3793 2197 3834 ne
2224 3780 2325 3835 hoc
2354 3778 2482 3836 odio
2514 3780 2779 3836 Judaismi
2810 3780 2992 3839 facere
3018 3784 3316 3853 videretur,
3348 3798 3536 3845 osten-

1924 3871 2003 3928 dit
2027 3871 2279 3929 affectum
2326 3888 2482 3930 suum
2515 3876 2661 3931 circa
2692 3875 2836 3943 illos,
2867 3887 2923 3933 et
2962 3877 3091 3951 Legi
3122 3881 3214 3936 dat
3261 3883 3489 3941 multum
3516 3904 3531 3941 :

1922 3965 2023 4021 sed
2050 3965 2212 4022 docet
2242 3974 2458 4041 tempus
2491 3967 2604 4041 jam
2633 3970 2917 4026 servanda:
2947 3971 3114 4044 Legis
3143 3986 3250 4031 non
3279 3990 3441 4045 esse;
3469 3994 3534 4037 ac

1922 4068 2021 4130 per
2048 4057 2153 4115 hoc
2182 4059 2472 4131 providere
2495 4075 2554 4117 se
2577 4060 2687 4117 iliis
2719 4063 2858 4120 velle
2892 4071 3149 4134 testatur,
3175 4068 3413 4127 simodo
3433 4086 3532 4129 au-

1921 4153 2075 4209 diant
2118 4154 2297 4222 illum,
2340 4170 2404 4213 ac
2432 4156 2668 4229 probent
2702 4172 2859 4213 suum
2896 4172 3005 4216 non
3043 4172 3167 4219 esse
3212 4165 3524 4237 inimicum;

1920 4246 2139 4317 quando
2177 4257 2230 4303 et
2261 4248 2635 4305 testimonium
2682 4250 2937 4323 perhibet
2967 4254 3081 4312 illis
3129 4257 3436 4318 nobilitatis
3475 4272 3533 4319 et

1922 4342 2233 4399 traditionis
2254 4354 2514 4414 paterna).

1992 4432 2175 4508 (Vers.
2203 4434 2287 4505 ὅ.)
2316 4434 2629 4508 Ignorantes
2669 4437 2804 4492 enim
2847 4435 2946 4494 Dei
2981 4441 3273 4515 iustitiam,
3300 4457 3350 4502 et
3377 4464 3524 4507 suam

1920 4538 2203 4601 quttrentes
2243 4530 2586 4601 constituere,
2618 4532 2844 4605 justitite
2867 4532 2968 4589 Dei
3004 4552 3109 4592 non
3134 4549 3255 4594 sunt
3282 4541 3523 4617 subjecti.

205 4625 503 4683 credentes
531 4628 731 4683 vellent
777 4629 1083 4701 imponere,
1119 4639 1248 4685 tunc
1293 4631 1576 4701 apostolus
1621 4614 1845 4688 Petrus:

1934 4623 2019 4680 Per
2063 4625 2427 4695 ignorantiam
2456 4625 2591 4682 dicit
2631 4626 2756 4683 illos
2795 4640 2902 4685 non
2938 4632 3238 4690 credidisse
3278 4635 3329 4691 in
3352 4608 3519 4695 Chri-

205 4722 283 4776 ait
316 4739 329 4776 :
368 4722 511 4789 Quid
556 4722 823 4795 impertitis
857 4728 1044 4798 jugum
1074 4734 1226 4796 super
1264 4727 1509 4782 cervicem
1542 4729 1765 4799 fratrum
1798 4769 1812 4794 ,

203 4816 347 4881 quod
374 4822 541 4885 neque
571 4832 682 4885 nos,
719 4830 881 4887 neque
903 4828 1073 4891 patres
1116 4820 1276 4874 nostri
1304 4831 1512 4892 portare
1541 4830 1817 4892 potuerunt

206 4904 418 4980 (Actor.
453 4923 539 4974 sv,
568 4907 698 4981 10)?
724 4909 771 4965 Α
800 4920 1045 4982 tempore
1070 4912 1213 4968 enim
1244 4912 1449 4970 Christi
1482 4914 1813 4985 indulgentia

203 5002 328 5058 data
353 5011 445 5061 est
466 5005 737 5075 promissa
763 5006 814 5060 in
839 5004 1011 5078 Lege;
1034 5009 1109 5062 ait
1128 5010 1271 5063 enim
1300 5008 1485 5063 Esaias
1510 5008 1770 5079 propheta
1795 5025 1810 5063 :

212 5092 397 5152 Veniet
426 5113 489 5152 ea:
519 5095 649 5153 Sion
670 5098 759 5169 qui
776 5099 983 5170 eripiat,
1011 5110 1057 5154 et
1080 5110 1272 5155 avertat
1299 5102 1604 5173 impietatem
1630 5101 1694 5156 ab
1713 5100 1809 5157 Ja-

200 5186 317 5245 colt.
353 5186 428 5243 Et
453 5190 553 5245 hoc
577 5188 683 5245 illis
708 5198 740 5245 a
760 5198 839 5245 me
863 5200 1237 5261 testamentum,
1267 5210 1385 5249 cum
1403 5195 1665 5249 abstulere
1689 5204 1811 5265 pec-

202 5294 318 5338 cata
348 5300 529 5339 eorum
561 5282 732 5355 (Esai.
757 5300 865 5351 ιιι,
889 5284 1006 5357 20),
1039 5288 1141 5343 hoc
1168 5297 1272 5357 est,
1298 5304 1495 5344 novum
1517 5296 1813 5343 testamen-

201 5374 317 5431 tum
359 5392 390 5431 a
425 5372 538 5433 Deo
562 5376 886 5447 promissum
918 5378 971 5433 in
994 5379 1232 5436 Christo.

276 5470 472 5543 (Vers.
503 5470 623 5540 35.)
656 5468 1002 5541 Offenderunt
1026 5474 1078 5527 in
1109 5474 1333 5545 lapidem
1356 5472 1681 5546 offensionis,
1712 5473 1813 5529 sic-

201 5578 257 5621 ut
288 5569 549 5638 scriptum
579 5576 694 5621 est:
724 5564 860 5621 Ecce
889 5584 1025 5638 pono
1066 5570 1117 5623 in
1149 5568 1278 5625 Sion
1307 5570 1533 5640 lapidem
1558 5569 1811 5641 offensio-

277 5721 299 5744 δ
334 5708 471 5764 Mss.
512 5721 631 5761 non
650 5708 830 5777 pauci,
853 5721 956 5761 nec
982 5707 1261 5764 interioris
1284 5718 1453 5775 natm,
1483 5717 1557 5763 est
1580 5706 1819 5777 appella—

204 5792 308 5843 tus,
322 5782 445 5850 ipso
462 5779 714 5847 Apostolo
729 5778 1033 5849 testificante
1058 5796 1073 5834 :
1095 5779 1344 5835 Bibebant
1364 5781 1427 5834 de
1449 5779 1818 5850 spiritalicon-

200 5861 455 5924 sequente
485 5858 659 5921 petra,
694 5854 836 5920 petra
864 5858 1032 5906 autem
1059 5859 1168 5907 erat
1203 5851 1459 5909 Christus.

1916 4726 2058 4773 stum
2084 4760 2097 4784 ,
2125 4718 2525 4777 :emulationem
2560 4720 2780 4792 quidem
2826 4723 2925 4780 Dei
2971 4725 3260 4797 habentes,
3294 4732 3390 4788 sed
3420 4748 3519 4790 vo-

1916 4812 2176 4869 luntatem
2207 4822 2262 4869 et
2286 4813 2579 4870 consilium
2600 4815 2719 4887 eius
2754 4819 3085 4889 nescientes,
3127 4834 3316 4881 contra
3347 4825 3518 4884 Deum

1915 4906 2168 4979 agebant,
2200 4921 2360 4978 quem
2406 4920 2466 4964 se
2494 4906 2786 4966 defendere
2816 4912 3179 4969 testabantur.
3216 4915 3292 4973 De
3318 4915 3401 4973 bis
3430 4919 3520 4975 di-

1915 5001 2032 5065 cit,
2090 5000 2183 5071 qui
2239 5013 2347 5055 non
2397 5000 2785 5057 malevolentia
2830 5008 2887 5059 et
2924 5003 3173 5073 invidia,
3204 5008 3299 5064 sed
3328 5023 3521 5066 errore

1917 5093 2195 5149 Christum
2234 5110 2338 5150 non
2367 5106 2716 5165 receperunt.
2743 5096 2952 5165 Quibus
2980 5109 3039 5155 et
3068 5099 3264 5156 Petrus
3294 5110 3520 5171 aposto-

1916 5188 1999 5243 lus
2024 5187 2159 5244 dicit
2190 5205 2204 5241 :
2239 5186 2384 5252 Scio,
2414 5189 2625 5258 fratres,
2652 5191 2775 5261 quia
2802 5207 2892 5261 per
2916 5193 3269 5263 ignorantia»:
3288 5196 3522 5267 gessistis

1915 5285 2010 5339 hoc
2036 5284 2262 5353 malum,
2296 5285 2431 5339 sicut
2467 5294 2513 5339 et
2554 5285 2813 5356 principes
2841 5288 2994 5340 vestri
3026 5288 3229 5357 (Actor.
3264 5304 3343 5353 ιιι,
3388 5290 3515 5362 i7);

1913 5380 2228 5452 ignorantes
2250 5380 2395 5435 enim
2414 5378 2557 5435 hunc
2582 5390 2704 5435 esse
2730 5378 3036 5445 Christum,
3066 5392 3224 5451 quem
3251 5385 3522 5451 promise-

1914 5484 1997 5530 rat
2028 5472 2191 5539 Deus,
2225 5473 2453 5528 alterum
2497 5466 2919 5543 exspectandum
2952 5469 3227 5526 dicebant.
3258 5466 3397 5531 Huic
3435 5476 3526 5547 ju-

1915 5566 2091 5623 stitias
2121 5578 2249 5621 suas
2268 5605 2284 5633 ,
2329 5579 2465 5635 quas
2487 5579 2553 5619 ex
2584 5563 2727 5632 Lege
2750 5560 3041 5627 habebant,
3082 5569 3483 5636 anteponentes
3502 5614 3519 5641 ,

1994 5703 2023 5743 ι)
2046 5702 2303 5759 Nonnulli
2330 5716 2487 5762 mss..
2510 5695 3119 5773 vult‘auferreludwos;
3142 5700 3264 5773 quia
3292 5706 3527 5762 velamen

1926 5786 2000 5831 est
2028 5774 2121 5843 eis,
2148 5791 2210 5828 ne
2238 5773 2375 5843 quod
2400 5773 2570 5825 odium
2597 5762 2633 5823 ,1
2638 5762 2878 5834 udaismi,
2907 5780 3014 5826 etc.
