4082 6306
595 255 699 316 145

1568 255 1658 314 AD
1696 255 1927 314 OPERA
1966 253 2213 315 SANCTI
2253 257 2582 316 AMBROSII
2625 255 2999 318 APPENDIX.

3793 265 3876 323 154

587 379 678 449 qui
724 387 808 432 est
849 377 941 432 Dei
987 376 1192 447 justitia
1240 376 1294 431 in
1347 373 1468 432 ﬁde.
1501 376 1718 432 Justilia
1747 375 1892 432 enim
1921 375 2037 447 ipse
2067 383 2152 431 est
2172 415 2187 441 ,
2217 375 2271 436 A
2296 374 2366 427 ad
2383 375 2666 444 justitiam,
2697 392 2785 430 ore
2807 385 2985 430 autem
3010 377 3265 444 confessio
3295 377 3352 448 ﬁt
3377 378 3448 431 ad
3475 377 3716 431 salutem.
3741 377 3878 446 Quu-

583 472 707 540 quia
734 468 877 539 quod
907 468 1234 539 promiserat
1267 467 1438 534 Deus,
1471 468 1523 523 in
1558 467 1677 539 ipso
1704 468 1964 538 implevit.

654 559 839 630 (Vers.
884 559 964 630 4.)
999 559 1150 614 Finis
1190 561 1324 614 enim
1355 559 1510 632 Legis
1551 560 1786 617 Christus
1830 561 1899 615 ad
1925 562 2189 635 justitiam

581 653 722 707 omni
752 652 1001 708 credenti.
1029 653 1141 708 Hoc
1164 652 1317 722 dicit,
1351 655 1475 725 quia
1499 657 1893 725 perfectionem
1913 656 2072 728 Legis
2097 657 2189 712 ha-

579 746 692 810 bet,
724 747 814 818 qui
841 745 1020 802 credit
1044 746 1095 801 iu
1126 747 1427 803 Christum.
1454 747 1588 804 Cum
1615 751 1759 806 enim
1787 751 1967 806 nullus
1989 751 2190 822 justiﬁ-

577 848 884 896 careturex
913 838 1079 910 Lege,
1101 839 1226 910 quia
1250 855 1414 896 nemo
1433 841 1693 912 implebat
1710 842 1932 914 Legem,
1962 843 2069 898 nisi
2091 843 2187 915 qui

575 946 826 1008 speraret
858 946 883 973 α
906 937 959 992 in
989 938 1263 1008 promisso
1287 937 1533 1004 Christo;
1569 937 1702 993 ﬁdes
1732 938 1905 1008 posita
1933 945 2036 1003 est,
2065 952 2187 1008 quas

572 1031 798 1087 cederet
823 1031 1150 1102 perfectioui
1179 1032 1339 1104 Legis
1363 1049 1378 1097 ;
1410 1043 1468 1088 ut
1498 1032 1750 1088 omnibus
1775 1033 2182 1103 prmtermissis,

574 1121 714 1179 ﬁdes
753 1124 1096 1181 satisfaceret
1126 1141 1222 1195 pro
1245 1135 1356 1180 tota
1387 1126 1532 1198 Lege
1560 1134 1614 1182 et
1640 1125 1941 1197 prophetis.

650 1219 834 1292 (Vcrs.
867 1220 948 1292 5.)
996 1220 1198 1292 Moyses
1254 1223 1390 1276 enim
1447 1222 1619 1276 scribit
1656 1223 1919 1295 justitiam
1965 1238 2078 1293 qum
2121 1238 2185 1277 ea:

579 1313 718 1387 Lege
758 1325 853 1382 est,
901 1316 1027 1385 quia
1063 1316 1151 1384 qui
1182 1316 1359 1387 fecerit
1378 1317 1640 1387 ea‘homo,
1669 1317 1794 1371 vivet
1824 1317 1877 1370 in
1899 1317 1970 1370 eis
1992 1315 2179 1387 (Leuit.

571 1423 728 1473 xvut,
763 1405 841 1478 5).
867 1407 980 1463 Hoc
1006 1407 1157 1474 dicit,
1185 1409 1308 1479 quia
1333 1407 1540 1478 justitia
1571 1408 1706 1480 legis
1737 1408 1935 1480 Moysis
1959 1421 2083 1463 reos
2114 1408 2180 1463 il-

569 1500 659 1556 los
693 1515 800 1556 non
831 1501 1064 1557 faciebat
1091 1501 1156 1556 ad
1185 1510 1423 1572 tempus,
1452 1503 1496 1557 si
1525 1510 1855 1568 servaretur,
1888 1500 1938 1556 id
1964 1508 2068 1566 est,
2102 1500 2184 1554 vi-

575 1594 781 1650 vebant
806 1594 1055 1651 iaciendo
1083 1594 1312 1665 Legem;
1343 1594 1620 1650 debitores
1641 1593 1785 1650 enim
1813 1604 1986 1649 erant.
2010 1591 2037 1630 δ
2068 1592 2181 1648 ΙΙοο

571 1686 784 1742 dictum
811 1695 894 1743 est
921 1688 974 1742 in
997 1685 1246 1742 Numeris
1273 1695 1326 1741 et
1348 1686 1400 1740 in
1431 1686 1695 1742 Levitico.

2293 482 2527 538 cumque
2554 469 2806 539 superius
2852 469 3064 524 locutus
3098 481 3209 534 est,
3255 469 3342 525 hic
3375 469 3468 525 illa
3499 471 3872 536 manilestavit,

2293 558 2432 617 hanc
2467 575 2592 618 esse
2615 561 2856 632 regulam
2887 561 3046 629 ﬁdei,
3077 561 3302 618 credere
3327 562 3620 616 Dominum
3653 576 3767 618 esse
3801 562 3878 619 Je-

2290 668 2436 720 sum,
2470 663 2523 709 et
2552 668 2658 708 non
2693 652 3025 708 erubescere
3049 653 3290 724 proﬁteri
3319 653 3446 724 quia
3477 652 3629 708 Deus
3659 653 3797 708 illum
3820 669 3875 710 ex

2295 745 2528 801 mortuis
2553 745 2844 810 reducens,
2875 745 3100 802 deduxit
3133 747 3280 801 illum
3319 746 3374 800 in
3399 745 3607 802 ccelum
3637 760 3754 800 cum
3775 761 3876 802 cor-

2291 851 2446 907 pore,
2470 836 2612 892 unde
2633 845 2858 892 venerat
2880 837 3273 903 incarnandus;
3298 853 3366 894 ne
3395 837 3648 893 incurrat
3675 848 3876 894 senten-

2291 929 2422 984 tiam
2451 928 2828 1001 Evangelicam
2873 929 3141 988 dicentem
3166 948 3178 984 :
3207 929 3390 1000 Multi,
3423 930 3633 1000 inquit,
3665 948 3727 986 ea:
3752 933 3877 1001 prin-

2289 1021 2489 1090 cipibus
2534 1021 2862 1077 crediderunt
2909 1023 2964 1079 in
3013 1023 3223 1087 Jesum,
3257 1025 3352 1079 sed
3404 1024 3591 1096 palam
3641 1041 3742 1079 non
3771 1043 3876 1094 pro-

2290 1113 2572 1182 ﬁtebantur
2622 1126 2832 1186 prapter
2881 1114 3117 1170 Judteos.
3165 1115 3472 1171 Maluerunt
3508 1117 3651 1171 enim
3679 1117 3876 1187 gloriam

2289 1204 2556 1261 hominum
2580 1208 2742 1278 magis
2759 1247 2775 1274 ,
2800 1224 2950 1278 quant
2980 1210 3201 1281 gloriam
3229 1207 3329 1264 Dei
3352 1208 3536 1283 (Joan.
3578 1225 3682 1277 xu,
3708 1209 3817 1280 42).

2366 1299 2543 1370 (Vers.
2578 1299 2694 1370 11.)
2725 1299 2865 1354 Dicit
2893 1303 3025 1355 enim
3049 1302 3327 1373 Scriptura
3353 1319 3446 1373 per
3481 1294 3740 1356 Eiaiam:
3773 1301 3877 1357 0m-

2289 1394 2371 1448 nis
2389 1394 2484 1464 qui
2510 1395 2672 1449 credit
2695 1395 2748 1448 in
2772 1395 2942 1461 illum,
2975 1412 3077 1450 non
3107 1395 3462 1468 confundetur
3503 1393 3682 1466 (Esai.
3706 1411 3876 1463 xxvm,

2289 1487 2404 1558 16).
2427 1489 2562 1544 Dum
2592 1489 2736 1546 enim
2765 1506 2997 1548 examen
3028 1493 3258 1561 creperit
3287 1492 3406 1547 ﬁeri
3431 1495 3686 1549 omnium
3717 1508 3876 1549 rerum

2287 1580 2342 1635 in
2370 1581 2460 1636 die
2483 1581 2696 1651 judicii,
2727 1583 2976 1638 etomnia
3010 1583 3144 1639 falsa
3182 1595 3501 1639 commenta
3528 1585 3616 1642 vel
3646 1585 3876 1657 dogmata

2287 1675 2343 1729 in
2375 1674 2754 1732 confusionem
2785 1676 2977 1732 deduci
3003 1694 3017 1743 ;
3053 1687 3178 1733 tunc
3209 1679 3262 1732 in
3293 1679 3580 1736 Christum
3608 1680 3877 1737 credentes

644 1778 831 1853 (Vers.
863 1780 926 1844 6,
972 1779 1052 1849 7.)
1103 1779 1230 1845 Quae
1258 1788 1431 1834 autem
1471 1795 1534 1834 ex
1585 1779 1689 1848 ﬁde
1717 1790 1794 1833 est
1825 1778 2070 1848 jttuitia,
2100 1777 2175 1830 sic
2203 1762 2253 1822 B
2285 1767 2694 1838 tripudiabunt,
2742 1768 2992 1825 videntes
3053 1770 3306 1826 omnibus
3359 1773 3716 1828 manifestari
3771 1774 3878 1844 quia

572 1873 745 1927 dicit:
780 1871 860 1926 Ne
886 1873 1083 1927 dixeris
1118 1873 1173 1926 in
1219 1873 1375 1927 corde
1400 1881 1488 1926 tuo
1520 1888 1538 1926 :
1581 1871 1707 1939 Quis
1737 1871 1968 1925 ascendit
1996 1871 2050 1923 in
2079 1886 2177 1924 cae-

574 1968 684 2022 lum
714 1967 899 2038 (Deut.
933 1983 1064 2033 xxx,
1111 1965 1245 2037 12)?
1276 1965 1392 2021 Hoc
1423 1965 1475 2020 in
1509 1963 1927 2019 Deuteronomio
1973 1962 2172 2018 dictum

571 2069 681 2127 est,
714 2062 858 2131 quod
883 2060 970 2115 hic
1000 2059 1394 2130 interpretatur
1420 2057 1714 2129 Apostolus
1741 2056 1808 2112 de
1838 2054 2074 2122 Christo,
2097 2054 2179 2110 di-

571 2169 704 2209 cens
731 2171 745 2208 :
785 2153 902 2207 Hoc
927 2161 1005 2208 est
1034 2150 1296 2207 Christum
1325 2151 1600 2206 deducere.
1635 2150 1736 2203 Aut
1771 2151 1885 2218 quis
1917 2147 2178 2202 descendit

568 2246 624 2298 in
652 2245 934 2317 abyssum?
965 2243 1080 2298 Hoc
1110 2252 1218 2310 est,
1250 2241 1514 2299 Christum
1563 2258 1628 2296 ea:
1664 2241 1884 2296 mortuis
1910 2239 2170 2294 reducere.

565 2339 685 2395 Hoc
721 2339 1000 2411 pr0prium
1037 2337 1284 2409 Apostoli
1330 2345 1434 2393 est.
1492 2336 1676 2406 Itaque
1719 2334 1983 2406 justitiam
2033 2333 2174 2388 hanc

563 2430 701 2488 dicit
725 2446 847 2486 esse
879 2430 1026 2496 ﬁdei,
1079 2429 1125 2484 si
1156 2444 1264 2484 non
1296 2428 1578 2484 dubitctur
1600 2427 1668 2482 de
1696 2442 1792 2497 spe
1824 2426 1942 2492 Dei,
1971 2440 2092 2496 qua:
2119 2426 2174 2481 in

558 2522 785 2581 Christo
815 2534 930 2590 est;
965 2539 1033 2580 ne
1062 2523 1317 2579 difﬁdens
1346 2522 1491 2577 dicat
1535 2539 1546 2574 :
1595 2520 1726 2588 Quis
1766 2521 1939 2591 potuit
1977 2534 2173 2575 ascen-

563 2621 696 2676 dere
724 2621 780 2675 in
807 2619 1043 2676 caelum?
1073 2618 1202 2689 quia
1243 2617 1367 2673 ideo
1410 2630 1601 2686 passus
1632 2624 1739 2681 est,
1773 2625 1829 2668 ut
1855 2613 2174 2696 exspoliatis

564 2711 758 2766 inferis
781 2711 982 2766 virtute
1020 2709 1220 2773 Patris,
1265 2709 1476 2764 devicta
1510 2717 1684 2762 morte
1708 2721 2027 2778 resurgens,
2049 2722 2170 2762 cum

562 2805 852 2862 animabus
879 2806 1084 2876 ereptis
1120 2806 1174 2859 in
1203 2805 1399 2861 coelum
1430 2803 1772 2859 ascenderet.
1815 2802 2004 2858 Omnis
2026 2801 2170 2858 enim

561 2899 893 2969 quicumque
921 2898 1040 2952 viso
1071 2895 1357 2952 Salvatore
1385 2896 1528 2966 apud
1559 2894 1767 2950 inferos
1791 2936 1804 2958 ,
1835 2895 2074 2965 speravit
2103 2893 2173 2950 de

559 2989 658 3044 illo
688 2989 958 3056 salutem,
990 2988 1255 3044 liberatus
1283 2996 1367 3044 est
1387 3029 1402 3056 ,
1444 2987 1607 3043 Petro
1634 2987 1884 3058 apostolo
1915 2987 2017 3042 hoc
2063 2994 2171 3042 tes-

559 3089 751 3148 tante;
783 3081 916 3136 dicit
940 3081 1082 3136 enim
1113 3080 1242 3151 quia
1273 3089 1328 3136 et
1365 3080 1590 3136 mortuis
1646 3079 1972 3150 praedicatus
2002 3087 2083 3133 est
2109 3078 2168 3151 (Ι

2279 1859 2426 1928 quod
2449 1859 2827 1928 crediderunt,
2842 1876 3034 1916 verum
3058 1871 3141 1918 est
3168 1880 3182 1918 :
3215 1873 3271 1918 et
3297 1864 3569 1934 prudens,
3595 1866 3738 1936 quod
3762 1866 3879 1921 stul-

2282 1959 2394 2006 tum
2425 1953 2735 2022 putabatur.
2771 1954 3050 2024 Aspicient
3078 1955 3220 2010 enim
3269 1956 3416 2011 inter
3445 1968 3687 2014 caeteros
3721 1973 3778 2014 se
3804 1973 3880 2014 so-

2279 2047 2362 2102 los
2388 2047 2660 2118 gloriosos
2681 2058 2735 2104 ct
2765 2048 3082 2119 prudentes,
3112 2049 3202 2119 qui
3226 2050 3491 2105 tesﬁmati
3524 2050 3745 2107 fuerant
3767 2067 3878 2107 con-

2283 2141 2615 2212 temptibiles
2645 2152 2699 2197 et
2727 2142 2897 2198 stulti.
2929 2143 3044 2198 Illic
3064 2153 3146 2198 est
3187 2144 3331 2200 enim
3381 2159 3514 2200 vera
3551 2147 3876 2217 approbatio,

2280 2235 2370 2291 ubi
2401 2239 2769 2292 remuneratio
2797 2246 2853 2292 et
2880 2237 3288 2293 condemnatio.

2353 2327 2540 2400 (Vers.
2567 2329 2682 2401 12.)
2708 2329 2831 2384 Non
2860 2330 2994 2384 enim
3016 2340 3090 2385 est
3110 2331 3375 2387 distinctio
3398 2333 3603 2402 Judaei,
3630 2344 3677 2390 et
3704 2333 3876 2388 Cra'ci.

2277 2422 2621 2478 Generaliter
2663 2438 2857 2480 omnes
2908 2435 3002 2478 aut
3057 2424 3316 2480 confundi
3363 2437 3596 2497 propter
3640 2427 3878 2483 difﬁden-

2279 2516 2410 2570 tiam
2436 2515 2586 2583 dicit,
2611 2525 2706 2572 aut
2727 2516 3006 2572 sublimari
3027 2532 3188 2573 causa
3220 2519 3601 2586 credulitatis;
3632 2522 3758 2592 quia
3780 2519 3878 2576 sine

2275 2609 2500 2665 Christo
2524 2610 2668 2680 apud
2698 2611 2862 2666 Deum
2896 2611 3044 2666 nulla
3071 2612 3221 2667 salus
3251 2619 3362 2680 est,
3385 2611 3562 2669 immo
3593 2630 3758 2686 poena
3780 2621 3871 2678 est,

2277 2713 2372 2760 aut
2417 2720 2584 2760 mors.
2628 2705 2739 2761 Nec
2776 2706 2922 2762 enim
2959 2705 3180 2762 Judazos
3235 2709 3636 2770 commendare
3696 2709 3876 2780 poterit

2277 2801 2636 2872 prterogativa
2676 2799 2934 2864 Patrum;
2967 2808 3063 2854 aut
3090 2800 3237 2856 enim
3269 2800 3579 2871 legislatio,
3611 2803 3705 2873 qui
3733 2801 3878 2858 meri—

2275 2902 2391 2950 tum
2422 2906 2473 2950 et
2504 2895 2924 2966 promissionem
2951 2895 3172 2950 Patrum
3205 2911 3314 2951 non
3358 2906 3722 2967 receperunt.
3753 2897 3876 2954 Gen-

2277 2996 2363 3043 tes
2389 2997 2574 3042 autem
2594 2987 2804 3042 nullum
2830 2986 3030 3042 habent
3047 2986 3679 3059 testimonium,quovel
3706 3004 3878 3046 secun-

2275 3078 2404 3133 dum
2421 3093 2640 3133 carnem
2657 3079 3136 3146 commendentur,
3153 3080 3255 3134 nisi
3275 3079 3512 3136 credant
3527 3081 3580 3136 in
3595 3081 3874 3139 Christum.

560 3171 714 3228 Petr.
739 3146 816 3238 tv,
849 3170 929 3242 6).
961 3171 1066 3239 Qui
1095 3146 1165 3226 de
1195 3171 1278 3226 his
1305 3185 1435 3241 ergo
1461 3170 1512 3224 in
1542 3146 1710 3226 corde
1750 3183 1852 3224 suo
1875 3183 1982 3224 non
2013 3146 2172 3224 dub‘i-
2196 3146 2242 3210 C
2351 3169 2494 3224 Nam
2521 3170 2659 3224 idem
2690 3169 2945 3225 Dominus
2970 3171 3220 3237 omnium,
3247 3172 3390 3227 dives
3421 3173 3478 3228 in
3505 3175 3770 3250 omnibus,
3800 3173 3876 3243 qui

561 3274 674 3334 tat,
696 3265 1027 3336 iustiﬁcatus
1049 3273 1223 3321 estex
1253 3263 1375 3320 ﬁde.
1401 3264 1480 3319 Ex
1521 3264 1642 3335 lege
1685 3272 1866 3319 autem
1885 3262 2170 3332 iustiﬁcari

561 3359 732 3414 timor
768 3358 929 3423 facit;
958 3359 1114 3414 timet
1137 3357 1282 3413 enim
1304 3357 1502 3428 legem,
1531 3356 1657 3428 quia
1687 3355 1836 3410 videt
1866 3354 2016 3409 illam
2047 3369 2167 3425 pte-

555 3467 686 3508 nam
719 3451 924 3508 inferre
971 3449 1344 3524 peccantibus.
1390 3451 1519 3506 Ideo
1567 3466 1678 3505 non
1721 3463 1919 3520 magna
1959 3447 2167 3514 iustitia

555 3545 700 3616 legis
727 3554 844 3611 est,
871 3559 972 3601 nec
1015 3544 1270 3601 meritum
1310 3543 1542 3598 collocat
1568 3540 1711 3612 apud
1741 3541 1910 3596 Deum
1929 3581 1943 3606 ,
1971 3538 2067 3595 sed
2099 3539 2168 3593 ad

556 3652 804 3709 praesens
832 3656 844 3693 :
881 3637 1016 3694 ﬁdes
1046 3647 1229 3693 autem
1262 3635 1387 3708 quia
1419 3634 1717 3692 incredulis
1745 3632 1994 3696 stultitia,
2025 3647 2168 3688 mer-

553 3731 749 3787 cedem
781 3730 942 3787 habet
972 3730 1115 3802 apud
1146 3730 1339 3798 Deum,
1364 3728 1433 3785 de
1464 3743 1573 3799 quo
1601 3727 1744 3798 quod
1774 3741 1884 3781 non
1923 3724 2163 3794 videtur,

554 3832 832 3893 speratur.

635 3914 820 3986 (Vers.
847 3913 929 3984 8.)
959 3913 1068 3969 Sed
1090 3913 1217 3984 quid
1247 3913 1375 3966 dicit
1404 3911 1714 3983 Scriptura?
1738 3908 1911 3981 PrOpe
1949 3919 2025 3964 est
2046 3925 2162 3964 ver-

557 4007 676 4061 bum
705 4006 762 4059 in
799 4020 890 4059 ore
925 4013 1034 4068 tuo,
1065 4013 1112 4058 et
1138 4004 1192 4058 in
1224 4003 1378 4058 corde
1419 4011 1506 4056 tuo
1539 4002 1721 4073 (Deut.
1752 4015 1884 4066 xxx,
1911 3998 2024 4068 M).
2050 3998 2163 4055 Hoc

553 4098 824 4170 scriptum
853 4107 938 4155 est
983 4097 1037 4153 in
1072 4095 1498 4154 Deuteronomio
1520 4139 1534 4163 ,
1567 4095 1692 4166 quia
1734 4110 1841 4150 non
1877 4103 1960 4150 est
2005 4095 2164 4166 longe

552 4191 622 4246 ab
650 4193 836 4246 animo
860 4197 1050 4244 nostro
1078 4190 1165 4244 vel
1195 4203 1312 4256 ore,
1340 4187 1487 4259 quod
1515 4187 1675 4243 nobis
1702 4187 1924 4251 dicitur,
1950 4196 2008 4242 ut
2037 4201 2160 4245 cre-

555 4283 787 4347 damus;
818 4280 1071 4351 quamvis
1097 4278 1439 4349 cnimloculis
1467 4294 1574 4332 non
1609 4278 1879 4345 videatur,
1909 4293 1938 4332 a
1969 4289 2158 4335 natura

555 4384 741 4430 tamen
763 4373 1069 4428 animarum
1096 4381 1152 4427 et
1181 4371 1439 4442 loquendi
1463 4371 1676 4427 ratione
1699 4385 1807 4426 non
1859 4370 2156 4440 discordat,

549 4466 698 4538 quod
721 4465 1017 4522 credimus.
1040 4463 1099 4519 ln
1126 4466 1240 4534 ipsa
1263 4465 1409 4519 enim
1439 4473 1630 4519 natura
1663 4464 1868 4519 inserta
1898 4472 2024 4517 sunt
2048 4466 2157 4521 vel-

2275 3267 2513 3320 invocant
2551 3265 2717 3319 illum.
2761 3265 3106 3321 Manifestum
3139 3275 3224 3321 est
3253 3266 3321 3320 ad
3359 3281 3563 3323 omnes
3593 3268 3703 3324 hoc
3727 3267 3876 3338 perti-

2273 3375 2444 3423 nere,
2474 3359 2590 3413 sive
2631 3358 2848 3414 Judrcos
2885 3359 3001 3414 sive
3047 3358 3302 3425 Graecos;
3334 3361 3466 3431 quia
3516 3362 3638 3417 sine
3670 3362 3874 3416 invoca-

2275 3452 2426 3507 tione
2468 3451 2679 3505 Domini
2708 3451 2915 3506 Christi
2956 3467 3119 3508 nemo
3160 3454 3296 3507 vivit
3338 3455 3489 3524 apud
3525 3455 3723 3511 Deum.
3755 3454 3873 3511 Cum

2274 3555 2407 3612 ergo
2432 3541 2674 3595 omnium
2704 3541 2964 3596 Dominus
2989 3542 3100 3606 sit,
3129 3543 3530 3601 consentiente
3562 3546 3734 3602 Petro
3762 3560 3874 3616 apo-

2271 3633 2441 3699 stolo,
2475 3641 2528 3687 ct
2555 3631 2771 3688 dicente
2800 3650 2812 3686 :
2842 3632 2944 3686 Hic
2971 3642 3066 3701 est,
3103 3635 3300 3704 inquit,
3330 3637 3572 3691 omnium
3604 3637 3873 3700 Dominus;

2268 3725 2426 3782 dives
2453 3733 2636 3780 tamen
2663 3739 2773 3780 non
2812 3732 2931 3791 est,
2959 3725 3065 3781 nisi
3093 3726 3148 3780 in
3179 3726 3248 3781 iis
3279 3727 3374 3798 qui
3409 3727 3675 3785 invocant
3704 3730 3873 3795 illum,

2269 3817 2396 3889 quia
2449 3818 2550 3888 ipsi
2579 3817 2850 3888 accipient
2897 3820 3432 3877 remunerationem.
3466 3822 3704 3880 Perﬁdis
3754 3835 3873 3879 vero

2268 3928 2381 3968 non
2410 3921 2494 3968 est
2539 3910 2720 3977 dives;
2765 3911 2892 3982 quia
2943 3914 3239 3984 participes
3279 3931 3390 3970 non
3441 3926 3573 3972 sunt
3617 3917 3871 3972 bonorum

2268 4005 2424 4076 ejus;
2453 4018 2629 4075 neque
2655 4003 2798 4059 enim
2824 4004 3116 4074 accipient,
3140 4006 3287 4074 quod
3314 4007 3581 4064 daturum
3611 4009 3761 4065 illum
3779 4022 3873 4063 non

2265 4099 2640 4157 crediderunt.
2674 4098 2743 4153 Et
2772 4107 2950 4154 tamen
2984 4116 3094 4154 non
3125 4100 3266 4156 dixit
3294 4102 3470 4160 Deum
3500 4105 3733 4161 divitem
3763 4118 3872 4159 cre-

2264 4192 2546 4256 dentibus,
2573 4190 2666 4246 sed
2699 4190 3077 4246 invocantibus
3107 4193 3294 4256 illum;
3347 4206 3406 4249 ut
3440 4205 3736 4268 postquam
3767 4209 3874 4250 cre-

2263 4285 2424 4353 didit,
2459 4300 2567 4340 non
2599 4284 2812 4340 desinat
2839 4285 3056 4341 animus
3084 4285 3140 4341 id
3169 4288 3486 4358 postulare,
3519 4291 3673 4361 quod
3711 4306 3740 4345 a
3771 4289 3873 4344 Deo

2263 4390 2484 4447 semper
2505 4374 2697 4431 doctus
2729 4385 2811 4430 est
2832 4377 3243 4445 postulandum,
3269 4376 3297 4416 ά
3323 4380 3474 4437 sicut
3498 4382 3554 4436 in
3578 4379 3872 4454 Evangelio

2261 4467 2565 4524 secundum
2612 4467 2771 4523 Luca:
2801 4476 3016 4524 tenetur
3054 4471 3320 4541 scriptum
3354 4485 3585 4545 propter
3625 4475 3874 4531 adversa-

552 4570 610 4617 ut
660 4559 906 4625 semina,
934 4574 1056 4630 quae
1085 4558 1275 4613 auditu
1304 4566 1357 4612 et
1384 4558 1663 4614 voluntate
1697 4567 1718 4596 ο
1750 4559 1967 4614 exculta
2011 4560 2153 4617 iruc-
2179 4543 2236 4604 D
2261 4561 2424 4628 rium,
2452 4559 2576 4629 quia
2595 4559 2812 4615 subtilis
2840 4571 2891 4617 et
2923 4571 3182 4619 versutus
3212 4575 3320 4629 est,
3353 4543 3584 4639 semper
3616 4569 3871 4625 orandum

550 4652 762 4708 tiﬁcant
789 4651 1164 4707 testimonium
1187 4648 1487 4705 Creatoris.

621 4742 810 4813 (Vers.
838 4739 894 4806 9,
925 4739 1040 4812 10.)
1075 4739 1194 4795 Hoc
1215 4751 1288 4795 est
1317 4741 1520 4796 verbum
1549 4743 1695 4813 fidei,
1733 4745 1873 4814 quod
1901 4746 2150 4814 prtedica-

544 4855 682 4894 mus.
712 4836 935 4892 Nullum
961 4849 1096 4906 Opus
1123 4836 1256 4892 dicit
1284 4837 1470 4909 Legis,
1505 4840 1600 4894 sed
1629 4840 1802 4895 solam
1835 4841 1992 4897 ﬁdem
2020 4844 2154 4900 dan-

545 4932 672 4989 dam
707 4932 760 4985 in
790 4943 954 4985 causa
997 4928 1221 4984 Christi.
1269 4929 1406 4994 Quia
1446 4932 1490 4985 si
1529 4933 1825 5001 conﬁtearis
1854 4935 1907 4988 in
1937 4951 2025 4989 ore
2065 4947 2154 4992 tuo

544 5025 836 5082 Dominum
854 5021 1060 5088 Iesum,
1091 5030 1138 5076 et
1160 5023 1441 5078 credideris
1469 5025 1523 5078 in
1549 5026 1706 5081 corde
1733 5036 1820 5082 tuo
1847 5029 1986 5095 quod
2015 5029 2154 5087 Deus

541 5118 700 5174 illum
725 5115 1002 5180 excitavit,
1050 5113 1222 5168 salvus
1261 5115 1386 5170 eris.
1425 5113 1592 5171 Corde
1629 5119 1762 5172 enim
1787 5120 1896 5190 87
1926 5122 2154 5179 creditur

616 5308 642 5335 ιι
666 5298 829 5352 Rom.
847 5293 997 5370 _edi_t.
1016 5337 1030 5360 ,
1061 5294 1119 5347 in
1147 5294 1454 5370 promissum
1481 5295 1859 5353 Christum.....
1892 5316 2007 5370 qua:
2033 5311 2139 5358 tra-

543 5369 688 5436 deret
738 5365 1108 5436 perfectionem
1148 5365 1342 5436 Legis:
1375 5376 1484 5420 vet.
1516 5379 1697 5423 autem
1736 5370 1869 5425 edit.
1903 5365 1977 5426 'ac
2009 5388 2142 5430 mss.

543 5435 688 5493 inter
716 5435 776 5490 se
814 5437 1182 5500 conveniunt,
1224 5435 1323 5490 nisi
1349 5438 1490 5506 quod
1530 5439 1581 5493 in
1621 5440 1726 5493 illis
1764 5455 1827 5495 ac
1868 5445 2142 5501 nonnullis

545 5524 677 5583 mss.
714 5506 936 5583 legitur,
964 5507 1195 5560 crederet
1226 5509 1622 5583 perfectionem,
1655 5511 1936 5579 legendum
1965 5515 2103 5572 forte
2125 5557 2139 5583 ,

539 5580 595 5632 in
634 5576 1019 5652 perfectionem,
1075 5587 1179 5652 aut
1218 5576 1412 5652 saltem
1430 5579 1630 5652 eodem
1669 5576 1829 5638 sensu
1878 5600 1999 5639 cum
2041 5576 2141 5652 iis,

541 5646 683 5727 quos
715 5646 1383 5727 Sequimur-Lperfectiqni.
1429 5650 1649 5727 Duabus
1681 5669 1811 5710 vero
1841 5646 2142 5727 interjectis

543 5717 770 5799 vocibus
815 5730 946 5799 mss.
981 5717 1192 5799 aliquot
1221 5718 1442 5791 habent,
1489 5722 1592 5792 fide
1616 5727 1917 5796 satisfacere
1946 5717 2034 5799 pbr
2060 5737 2138 5784 to-

541 5801 646 5848 tam
687 5789 852 5863 legem
878 5796 928 5844 et
953 5789 1257 5860 prophetas.

2270 4668 2399 4710 esse
2426 4669 2440 4707 ε
2469 4652 2822 4709 credentibus
2859 4662 3042 4710 autem
3080 4655 3200 4710 sola
3240 4657 3408 4713 datur
3446 4661 3712 4718 remissio
3759 4675 3871 4733 pec-

2257 4757 2528 4805 catorum.
2561 4746 2818 4817 Sequitur
2860 4757 3041 4804 autem
3071 4758 3131 4803 ut
3159 4751 3425 4820 precibus
3471 4753 3700 4811 deditus
3746 4753 3871 4809 libe-

2257 4851 2415 4900 retur
2441 4857 2468 4895 a
2493 4841 2656 4909 malo,
2690 4849 2745 4896 et
2769 4842 2942 4911 possit
2966 4844 3234 4915 consequi
3265 4846 3415 4916 quod
3447 4851 3711 4919 promisit
3738 4849 3868 4906 Deus

2260 4945 2376 4996 toto
2402 4935 2570 4992 corde
2600 4935 2949 5004 vigilantibus
2974 4936 3128 5008 (Luc.
3156 4955 3319 5006 xvm,
3354 4942 3380 4994 1
3415 4951 3464 4996 et
3489 4943 3654 5016 seq.).

2335 5028 2522 5101 (Vers.
2553 5025 2668 5097 i3.)
2707 5026 2886 5082 Omnis
2913 5029 3050 5082 enim
3088 5032 3406 5104 quicumque
3431 5036 3748 5094 invocarerit
3784 5052 3868 5091 na-

2257 5138 2373 5178 men
2395 5119 2628 5186 Domini,
2657 5118 2834 5174 salvus
2861 5122 3012 5178 erit.e
3035 5122 3094 5178 1n
3123 5123 3358 5182 Michma
3386 5127 3601 5196 dictum
3628 5139 3731 5187 est.
3755 5130 3866 5200 Ipse

2325 5297 2710 5372 1'_Rom._edit.
2743 5301 2857 5372 sola
2877 5341 2892 5368 ,
2941 5301 3056 5358 Hoc
3085 5306 3287 5364 dictant
3336 5321 3415 5366 est
3445 5314 3503 5369 in
3537 5313 3791 5372 Numeris
3823 5323 3868 5369 et

2248 5373 2306 5427 in
2328 5368 2601 5446 Esechiele
2619 5371 2895 5446 prapheta.
2931 5373 3062 5438 Qute
3091 5389 3291 5446 autem,
3322 5392 3434 5439 etc.

2318 5439 2694 5566 ΙῗεΜεέρῗὲτῠη
2725 5439 2934 5497 exculta
2963 5439 3327 5517 signiﬁcarent
3355 5457 3732 5527 testimonium,
3763 5472 3861 5514 non

2341 5530 2356 5566 ι
2421 5528 2445 5564 1·
2576 5550 2590 5563 .

2248 5528 2387 5569 satis
2421 5528 2590 5566 νεαρ.

2321 5582 2347 5621 d
2390 5582 2845 5665 Itaqmss..plures
2872 5601 2934 5642 ac
2965 5591 3316 5665 probatiores
3345 5615 3359 5652 :
3393 5598 3488 5654 alii
3519 5616 3656 5657 vero
3676 5611 3729 5658 et
3755 5615 3862 5655 om-

2245 5653 2684 5782 :{rrque'gitglguia
2705 5656 2756 5707 in
2786 5653 3048 5728 evangelio
3077 5661 3239 5720 Luca:
3269 5668 3402 5724 dicit
3430 5653 3653 5744 propter
3683 5653 3862 5727 viz—dcer—

2454 5765 2468 5788 ’
2500 5763 2608 5779 DIVI

2324 5807 2349 5835 ο
2373 5795 2533 5852 Rom.
2563 5795 2724 5867 edit.,
2754 5796 2865 5855 Hoc
2889 5800 2942 5856 in
2968 5801 3089 5861 Joel
3116 5809 3318 5866 dictum
3347 5824 3449 5869 est.
3479 5814 3591 5874 Sed
3619 5814 3858 5888 quamvis
