  <div class='ocr_page' id='page_1' title='image "/cluster/home/n/w/nwhite01/storage/ocr_20150623/17/hvd.32044015471329/078.png"; bbox 0 0 4082 6306; ppageno 0'>
   <div class='ocr_carea' id='block_1_1' title="bbox 219 317 330 374">
    <p class='ocr_par' dir='ltr' id='par_1_1' title="bbox 219 317 330 374">
     <span class='ocr_line' id='line_1_1' title="bbox 219 317 330 374; baseline -0.018 0"><span class='ocrx_word' id='word_1_1' title='bbox 219 317 330 374; x_wconf 72' lang='grc'><strong>145</strong></span> 
     </span>
    </p>
   </div>
   <div class='ocr_carea' id='block_1_2' title="bbox 1083 304 2657 367">
    <p class='ocr_par' dir='ltr' id='par_1_2' title="bbox 1083 304 2657 367">
     <span class='ocr_line' id='line_1_2' title="bbox 1083 304 2657 367; baseline -0.006 0"><span class='ocrx_word' id='word_1_2' title='bbox 1083 307 1589 367; x_wconf 81' lang='lat' dir='ltr'><strong>COMMENTARIA</strong></span> <span class='ocrx_word' id='word_1_3' title='bbox 1630 307 1695 364; x_wconf 85' lang='lat' dir='ltr'><strong>IN</strong></span> <span class='ocrx_word' id='word_1_4' title='bbox 1739 304 2132 364; x_wconf 82' lang='lat' dir='ltr'><strong>EPISTOLAM</strong></span> <span class='ocrx_word' id='word_1_5' title='bbox 2174 306 2266 362; x_wconf 99' lang='lat' dir='ltr'><strong>AD</strong></span> <span class='ocrx_word' id='word_1_6' title='bbox 2305 305 2657 363; x_wconf 82' lang='lat' dir='ltr'><strong>ROMANOS.</strong></span> 
     </span>
    </p>
   </div>
   <div class='ocr_carea' id='block_1_3' title="bbox 3436 303 3538 360">
    <p class='ocr_par' dir='ltr' id='par_1_3' title="bbox 3436 303 3538 360">
     <span class='ocr_line' id='line_1_3' title="bbox 3436 303 3538 360; baseline 0.02 -2"><span class='ocrx_word' id='word_1_7' title='bbox 3436 303 3538 360; x_wconf 65' lang='lat'><strong>116</strong></span> 
     </span>
    </p>
   </div>
   <div class='ocr_carea' id='block_1_4' title="bbox 215 421 3544 501">
    <p class='ocr_par' dir='ltr' id='par_1_4' title="bbox 215 421 3544 501">
     <span class='ocr_line' id='line_1_4' title="bbox 215 421 3544 501; baseline -0.003 -15"><span class='ocrx_word' id='word_1_8' title='bbox 215 431 371 486; x_wconf 89' lang='lat' dir='ltr'><strong>enim</strong></span> <span class='ocrx_word' id='word_1_9' title='bbox 405 432 572 498; x_wconf 87' lang='lat' dir='ltr'><strong>Deus,</strong></span> <span class='ocrx_word' id='word_1_10' title='bbox 606 431 697 501; x_wconf 85' lang='lat' dir='ltr'><strong>qui</strong></span> <span class='ocrx_word' id='word_1_11' title='bbox 733 431 881 485; x_wconf 89' lang='lat' dir='ltr'><strong>visus</strong></span> <span class='ocrx_word' id='word_1_12' title='bbox 919 438 998 484; x_wconf 88' lang='lat' dir='ltr'><strong>est</strong></span> <span class='ocrx_word' id='word_1_13' title='bbox 1029 426 1219 499; x_wconf 83' lang='lat' dir='ltr'><strong>Moysi,</strong></span> <span class='ocrx_word' id='word_1_14' title='bbox 1246 426 1378 482; x_wconf 93' lang='lat' dir='ltr'><strong>dicit</strong></span> <span class='ocrx_word' id='word_1_15' title='bbox 1408 443 1421 482; x_wconf 90' lang='lat'><strong>:</strong></span> <span class='ocrx_word' id='word_1_16' title='bbox 1457 426 1664 481; x_wconf 84' lang='lat' dir='ltr'><strong>Nomen</strong></span> <span class='ocrx_word' id='word_1_17' title='bbox 1702 423 1827 478; x_wconf 79' lang='lat' dir='ltr'><strong>mihi</strong></span> <span class='ocrx_word' id='word_1_18' title='bbox 1856 426 1909 486; x_wconf 83' lang='lat' dir='ltr'><strong>A</strong></span> <span class='ocrx_word' id='word_1_19' title='bbox 1933 423 2130 478; x_wconf 88' lang='lat' dir='ltr'><strong>rltatis.</strong></span> <span class='ocrx_word' id='word_1_20' title='bbox 2174 421 2288 478; x_wconf 83' lang='lat' dir='ltr'><strong>Lex</strong></span> <span class='ocrx_word' id='word_1_21' title='bbox 2328 424 2471 478; x_wconf 91' lang='lat' dir='ltr'><strong>enim</strong></span> <span class='ocrx_word' id='word_1_22' title='bbox 2502 423 2723 479; x_wconf 85' lang='lat' dir='ltr'><strong>Judaeos</strong></span> <span class='ocrx_word' id='word_1_23' title='bbox 2774 425 3053 495; x_wconf 92' lang='lat' dir='ltr'><strong>increpat;</strong></span> <span class='ocrx_word' id='word_1_24' title='bbox 3089 423 3211 494; x_wconf 90' lang='lat' dir='ltr'><strong>quia</strong></span> <span class='ocrx_word' id='word_1_25' title='bbox 3259 422 3399 478; x_wconf 87' lang='lat' dir='ltr'><strong>sicut</strong></span> <span class='ocrx_word' id='word_1_26' title='bbox 3440 421 3544 478; x_wconf 87' lang='lat' dir='ltr'><strong>fuit</strong></span> 
     </span>
    </p>
   </div>
   <div class='ocr_carea' id='block_1_5' title="bbox 217 516 1832 594">
    <p class='ocr_par' dir='ltr' id='par_1_5' title="bbox 217 516 1832 594">
     <span class='ocr_line' id='line_1_5' title="bbox 217 516 1832 594; baseline -0.004 -16"><span class='ocrx_word' id='word_1_27' title='bbox 217 521 486 578; x_wconf 86' lang='lat' dir='ltr'><strong>Dominus</strong></span> <span class='ocrx_word' id='word_1_28' title='bbox 513 532 588 578; x_wconf 86' lang='lat' dir='ltr'><strong>est</strong></span> <span class='ocrx_word' id='word_1_29' title='bbox 622 522 838 594; x_wconf 74' lang='lat' dir='ltr'><strong>(Exod.</strong></span> <span class='ocrx_word' id='word_1_30' title='bbox 876 537 949 586; x_wconf 72' lang='grc' dir='ltr'>γι,</span> <span class='ocrx_word' id='word_1_31' title='bbox 974 518 1063 591; x_wconf 78' lang='grc'><strong>5).</strong></span> <span class='ocrx_word' id='word_1_32' title='bbox 1097 519 1194 574; x_wconf 83' lang='lat' dir='ltr'><strong>llic</strong></span> <span class='ocrx_word' id='word_1_33' title='bbox 1244 526 1329 575; x_wconf 75' lang='lat' dir='ltr'><strong>est</strong></span> <span class='ocrx_word' id='word_1_34' title='bbox 1369 518 1541 574; x_wconf 86' lang='lat' dir='ltr'><strong>Filius</strong></span> <span class='ocrx_word' id='word_1_35' title='bbox 1585 517 1714 583; x_wconf 87' lang='lat' dir='ltr'><strong>Dei,</strong></span> <span class='ocrx_word' id='word_1_36' title='bbox 1742 516 1832 587; x_wconf 90' lang='lat' dir='ltr'><strong>qui</strong></span> 
     </span>
    </p>
   </div>
   <div class='ocr_carea' id='block_1_6' title="bbox 218 611 1834 685">
    <p class='ocr_par' dir='ltr' id='par_1_6' title="bbox 218 611 1834 685">
     <span class='ocr_line' id='line_1_6' title="bbox 218 611 1834 685; baseline -0.003 -16"><span class='ocrx_word' id='word_1_37' title='bbox 218 613 350 670; x_wconf 89' lang='lat' dir='ltr'><strong>ideo</strong></span> <span class='ocrx_word' id='word_1_38' title='bbox 376 624 432 671; x_wconf 89' lang='lat' dir='ltr'><strong>et</strong></span> <span class='ocrx_word' id='word_1_39' title='bbox 461 614 705 685; x_wconf 77' lang='lat' dir='ltr'><strong>Angelus</strong></span> <span class='ocrx_word' id='word_1_40' title='bbox 729 622 785 670; x_wconf 89' lang='lat' dir='ltr'><strong>et</strong></span> <span class='ocrx_word' id='word_1_41' title='bbox 814 614 955 669; x_wconf 87' lang='lat' dir='ltr'><strong>Deus</strong></span> <span class='ocrx_word' id='word_1_42' title='bbox 984 626 1106 668; x_wconf 91' lang='lat' dir='ltr'><strong>esse</strong></span> <span class='ocrx_word' id='word_1_43' title='bbox 1138 611 1318 666; x_wconf 88' lang='lat' dir='ltr'><strong>dictus</strong></span> <span class='ocrx_word' id='word_1_44' title='bbox 1341 621 1456 677; x_wconf 90' lang='lat' dir='ltr'><strong>est;</strong></span> <span class='ocrx_word' id='word_1_45' title='bbox 1493 621 1550 667; x_wconf 85' lang='grc' dir='ltr'><strong>ιιι</strong></span> <span class='ocrx_word' id='word_1_46' title='bbox 1575 626 1683 666; x_wconf 91' lang='lat' dir='ltr'><strong>non</strong></span> <span class='ocrx_word' id='word_1_47' title='bbox 1715 611 1834 681; x_wconf 81' lang='lat' dir='ltr'><strong>ipse</strong></span> 
     </span>
    </p>
   </div>
   <div class='ocr_carea' id='block_1_7' title="bbox 217 703 1833 778">
    <p class='ocr_par' dir='ltr' id='par_1_7' title="bbox 217 703 1833 778">
     <span class='ocr_line' id='line_1_7' title="bbox 217 703 1833 778; baseline -0.004 -15"><span class='ocrx_word' id='word_1_48' title='bbox 217 720 370 770; x_wconf 88' lang='lat' dir='ltr'><strong>esse,</strong></span> <span class='ocrx_word' id='word_1_49' title='bbox 399 723 429 760; x_wconf 90' lang='lat' dir='ltr'><strong>a</strong></span> <span class='ocrx_word' id='word_1_50' title='bbox 461 721 571 778; x_wconf 92' lang='lat' dir='ltr'><strong>quo</strong></span> <span class='ocrx_word' id='word_1_51' title='bbox 603 718 732 761; x_wconf 90' lang='lat' dir='ltr'><strong>sunt</strong></span> <span class='ocrx_word' id='word_1_52' title='bbox 759 706 964 769; x_wconf 84' lang='lat' dir='ltr'><strong>omnia,</strong></span> <span class='ocrx_word' id='word_1_53' title='bbox 1002 712 1318 775; x_wconf 90' lang='lat' dir='ltr'><strong>putaretur:</strong></span> <span class='ocrx_word' id='word_1_54' title='bbox 1343 704 1438 760; x_wconf 92' lang='lat' dir='ltr'><strong>sed</strong></span> <span class='ocrx_word' id='word_1_55' title='bbox 1468 703 1556 760; x_wconf 92' lang='lat' dir='ltr'><strong>hic</strong></span> <span class='ocrx_word' id='word_1_56' title='bbox 1584 718 1707 760; x_wconf 90' lang='lat' dir='ltr'><strong>esse</strong></span> <span class='ocrx_word' id='word_1_57' title='bbox 1737 717 1833 772; x_wconf 89' lang='lat' dir='ltr'><strong>per</strong></span> 
     </span>
    </p>
   </div>
   <div class='ocr_carea' id='block_1_8' title="bbox 215 794 1831 870">
    <p class='ocr_par' dir='ltr' id='par_1_8' title="bbox 215 794 1831 870">
     <span class='ocr_line' id='line_1_8' title="bbox 215 794 1831 870; baseline -0.002 -16"><span class='ocrx_word' id='word_1_58' title='bbox 215 814 386 870; x_wconf 86' lang='lat' dir='ltr'><strong>quem</strong></span> <span class='ocrx_word' id='word_1_59' title='bbox 420 808 548 854; x_wconf 90' lang='lat' dir='ltr'><strong>sunt</strong></span> <span class='ocrx_word' id='word_1_60' title='bbox 570 798 775 864; x_wconf 89' lang='lat' dir='ltr'><strong>omnia,</strong></span> <span class='ocrx_word' id='word_1_61' title='bbox 807 807 863 852; x_wconf 89' lang='grc' dir='ltr'><strong>ιιι</strong></span> <span class='ocrx_word' id='word_1_62' title='bbox 891 796 955 850; x_wconf 90' lang='lat' dir='ltr'><strong>ad</strong></span> <span class='ocrx_word' id='word_1_63' title='bbox 985 795 1036 850; x_wconf 88' lang='lat' dir='ltr'><strong>id</strong></span> <span class='ocrx_word' id='word_1_64' title='bbox 1069 796 1358 864; x_wconf 88' lang='lat' dir='ltr'><strong>pertineat,</strong></span> <span class='ocrx_word' id='word_1_65' title='bbox 1391 797 1517 866; x_wconf 83' lang='lat' dir='ltr'><strong>quia</strong></span> <span class='ocrx_word' id='word_1_66' title='bbox 1548 795 1696 850; x_wconf 87' lang='lat' dir='ltr'><strong>Deus</strong></span> <span class='ocrx_word' id='word_1_67' title='bbox 1717 794 1831 850; x_wconf 85' lang='lat' dir='ltr'><strong>dic-</strong></span> 
     </span>
    </p>
   </div>
   <div class='ocr_carea' id='block_1_9' title="bbox 216 886 1830 960">
    <p class='ocr_par' dir='ltr' id='par_1_9' title="bbox 216 886 1830 960">
     <span class='ocr_line' id='line_1_9' title="bbox 216 886 1830 960; baseline -0.002 -14"><span class='ocrx_word' id='word_1_68' title='bbox 216 900 309 946; x_wconf 87' lang='lat' dir='ltr'><strong>tus</strong></span> <span class='ocrx_word' id='word_1_69' title='bbox 350 899 468 954; x_wconf 89' lang='grc' dir='ltr'>εει,</span> <span class='ocrx_word' id='word_1_70' title='bbox 504 889 650 960; x_wconf 89' lang='lat' dir='ltr'><strong>quod</strong></span> <span class='ocrx_word' id='word_1_71' title='bbox 688 905 855 944; x_wconf 91' lang='lat' dir='ltr'><strong>unum</strong></span> <span class='ocrx_word' id='word_1_72' title='bbox 903 896 1028 942; x_wconf 89' lang='lat' dir='ltr'><strong>sunt</strong></span> <span class='ocrx_word' id='word_1_73' title='bbox 1058 887 1221 944; x_wconf 88' lang='lat' dir='ltr'><strong>Pater</strong></span> <span class='ocrx_word' id='word_1_74' title='bbox 1266 899 1319 943; x_wconf 88' lang='lat' dir='ltr'><strong>et</strong></span> <span class='ocrx_word' id='word_1_75' title='bbox 1346 887 1516 942; x_wconf 85' lang='lat' dir='ltr'><strong>Filius</strong></span> <span class='ocrx_word' id='word_1_76' title='bbox 1545 906 1557 942; x_wconf 90' lang='lat'><strong>:</strong></span> <span class='ocrx_word' id='word_1_77' title='bbox 1588 886 1830 958; x_wconf 83' lang='lat' dir='ltr'><strong>Angelus</strong></span> 
     </span>
    </p>
   </div>
   <div class='ocr_carea' id='block_1_10' title="bbox 211 980 1830 1051">
    <p class='ocr_par' dir='ltr' id='par_1_10' title="bbox 211 980 1830 1051">
     <span class='ocr_line' id='line_1_10' title="bbox 211 980 1830 1051; baseline -0.002 -14"><span class='ocrx_word' id='word_1_78' title='bbox 211 992 403 1038; x_wconf 87' lang='lat' dir='ltr'><strong>autem</strong></span> <span class='ocrx_word' id='word_1_79' title='bbox 451 980 520 1036; x_wconf 89' lang='lat' dir='ltr'><strong>ad</strong></span> <span class='ocrx_word' id='word_1_80' title='bbox 568 982 703 1049; x_wconf 91' lang='lat' dir='ltr'><strong>hoc,</strong></span> <span class='ocrx_word' id='word_1_81' title='bbox 755 982 876 1051; x_wconf 90' lang='lat' dir='ltr'><strong>quia</strong></span> <span class='ocrx_word' id='word_1_82' title='bbox 933 980 1150 1035; x_wconf 90' lang='lat' dir='ltr'><strong>nuntius</strong></span> <span class='ocrx_word' id='word_1_83' title='bbox 1181 981 1463 1050; x_wconf 72' lang='lat' dir='ltr'><strong>promissa:</strong></span> <span class='ocrx_word' id='word_1_84' title='bbox 1506 981 1700 1036; x_wconf 91' lang='lat' dir='ltr'><strong>salutis</strong></span> <span class='ocrx_word' id='word_1_85' title='bbox 1745 988 1830 1036; x_wconf 78' lang='lat' dir='ltr'><strong>cst</strong></span> 
     </span>
    </p>
   </div>
   <div class='ocr_carea' id='block_1_11' title="bbox 215 1073 1833 1144">
    <p class='ocr_par' dir='ltr' id='par_1_11' title="bbox 215 1073 1833 1144">
     <span class='ocr_line' id='line_1_11' title="bbox 215 1073 1833 1144; baseline -0.002 -12"><span class='ocrx_word' id='word_1_86' title='bbox 215 1075 426 1132; x_wconf 85' lang='lat' dir='ltr'><strong>missus</strong></span> <span class='ocrx_word' id='word_1_87' title='bbox 448 1090 475 1128; x_wconf 92' lang='lat' dir='ltr'><strong>a</strong></span> <span class='ocrx_word' id='word_1_88' title='bbox 500 1074 681 1130; x_wconf 85' lang='lat' dir='ltr'><strong>Patre.</strong></span> <span class='ocrx_word' id='word_1_89' title='bbox 701 1075 767 1130; x_wconf 86' lang='lat' dir='ltr'><strong>Et</strong></span> <span class='ocrx_word' id='word_1_90' title='bbox 785 1075 984 1130; x_wconf 88' lang='lat' dir='ltr'><strong>missus</strong></span> <span class='ocrx_word' id='word_1_91' title='bbox 1008 1074 1131 1130; x_wconf 86' lang='lat' dir='ltr'><strong>ideo</strong></span> <span class='ocrx_word' id='word_1_92' title='bbox 1145 1073 1364 1142; x_wconf 89' lang='lat' dir='ltr'><strong>dicitur,</strong></span> <span class='ocrx_word' id='word_1_93' title='bbox 1380 1084 1439 1129; x_wconf 89' lang='lat' dir='ltr'><strong>ut</strong></span> <span class='ocrx_word' id='word_1_94' title='bbox 1462 1090 1572 1130; x_wconf 92' lang='lat' dir='ltr'><strong>non</strong></span> <span class='ocrx_word' id='word_1_95' title='bbox 1597 1075 1712 1144; x_wconf 90' lang='lat' dir='ltr'><strong>ipse</strong></span> <span class='ocrx_word' id='word_1_96' title='bbox 1732 1074 1833 1129; x_wconf 88' lang='lat' dir='ltr'><strong>Pa-</strong></span> 
     </span>
    </p>
   </div>
   <div class='ocr_carea' id='block_1_12' title="bbox 216 1171 1827 1242">
    <p class='ocr_par' dir='ltr' id='par_1_12' title="bbox 216 1171 1827 1242">
     <span class='ocr_line' id='line_1_12' title="bbox 216 1171 1827 1242; baseline -0.001 -16"><span class='ocrx_word' id='word_1_97' title='bbox 216 1181 305 1227; x_wconf 90' lang='lat' dir='ltr'><strong>ter</strong></span> <span class='ocrx_word' id='word_1_98' title='bbox 327 1185 450 1227; x_wconf 83' lang='lat' dir='ltr'><strong>esse</strong></span> <span class='ocrx_word' id='word_1_99' title='bbox 471 1171 749 1238; x_wconf 85' lang='lat' dir='ltr'><strong>credatur,</strong></span> <span class='ocrx_word' id='word_1_100' title='bbox 777 1171 871 1227; x_wconf 90' lang='lat' dir='ltr'><strong>sed</strong></span> <span class='ocrx_word' id='word_1_101' title='bbox 894 1171 964 1227; x_wconf 86' lang='lat' dir='ltr'><strong>ab</strong></span> <span class='ocrx_word' id='word_1_102' title='bbox 990 1186 1055 1227; x_wconf 86' lang='lat' dir='ltr'><strong>eo</strong></span> <span class='ocrx_word' id='word_1_103' title='bbox 1084 1173 1320 1242; x_wconf 88' lang='lat' dir='ltr'><strong>genitus.</strong></span> <span class='ocrx_word' id='word_1_104' title='bbox 1339 1172 1573 1242; x_wconf 89' lang='lat' dir='ltr'><strong>Ideoque</strong></span> <span class='ocrx_word' id='word_1_105' title='bbox 1589 1173 1827 1242; x_wconf 87' lang='lat' dir='ltr'><strong>quicum-</strong></span> 
     </span>
    </p>
   </div>
   <div class='ocr_carea' id='block_1_13' title="bbox 212 1263 1827 1335">
    <p class='ocr_par' dir='ltr' id='par_1_13' title="bbox 212 1263 1827 1335">
     <span class='ocr_line' id='line_1_13' title="bbox 212 1263 1827 1335; baseline 0.001 -18"><span class='ocrx_word' id='word_1_106' title='bbox 212 1280 318 1335; x_wconf 86' lang='lat' dir='ltr'><strong>que</strong></span> <span class='ocrx_word' id='word_1_107' title='bbox 347 1263 657 1318; x_wconf 82' lang='lat' dir='ltr'><strong>invocaverit</strong></span> <span class='ocrx_word' id='word_1_108' title='bbox 696 1279 882 1318; x_wconf 82' lang='lat' dir='ltr'><strong>nomen</strong></span> <span class='ocrx_word' id='word_1_109' title='bbox 915 1263 1126 1317; x_wconf 79' lang='lat' dir='ltr'><strong>Domini</strong></span> <span class='ocrx_word' id='word_1_110' title='bbox 1166 1265 1340 1319; x_wconf 87' lang='lat' dir='ltr'><strong>salvus</strong></span> <span class='ocrx_word' id='word_1_111' title='bbox 1367 1265 1482 1318; x_wconf 86' lang='lat' dir='ltr'><strong>erit.</strong></span> <span class='ocrx_word' id='word_1_112' title='bbox 1511 1263 1625 1319; x_wconf 82' lang='lat' dir='ltr'><strong>Hoc</strong></span> <span class='ocrx_word' id='word_1_113' title='bbox 1662 1279 1827 1319; x_wconf 88' lang='lat' dir='ltr'><strong>sensu</strong></span> 
     </span>
    </p>
   </div>
   <div class='ocr_carea' id='block_1_14' title="bbox 213 1357 1826 1430">
    <p class='ocr_par' dir='ltr' id='par_1_14' title="bbox 213 1357 1826 1430">
     <span class='ocr_line' id='line_1_14' title="bbox 213 1357 1826 1430; baseline -0.002 -16"><span class='ocrx_word' id='word_1_114' title='bbox 213 1367 275 1414; x_wconf 85' lang='lat' dir='ltr'><strong>et</strong></span> <span class='ocrx_word' id='word_1_115' title='bbox 302 1357 522 1429; x_wconf 83' lang='lat' dir='ltr'><strong>Moyses</strong></span> <span class='ocrx_word' id='word_1_116' title='bbox 552 1357 768 1413; x_wconf 90' lang='lat' dir='ltr'><strong>locutus</strong></span> <span class='ocrx_word' id='word_1_117' title='bbox 799 1365 884 1412; x_wconf 91' lang='lat' dir='ltr'><strong>cst</strong></span> <span class='ocrx_word' id='word_1_118' title='bbox 909 1375 921 1410; x_wconf 89' lang='lat'><strong>:</strong></span> <span class='ocrx_word' id='word_1_119' title='bbox 956 1357 1308 1430; x_wconf 84' lang='lat' dir='ltr'><strong>Quicumque,</strong></span> <span class='ocrx_word' id='word_1_120' title='bbox 1333 1359 1441 1426; x_wconf 86' lang='lat' dir='ltr'><strong>ait,</strong></span> <span class='ocrx_word' id='word_1_121' title='bbox 1472 1374 1576 1412; x_wconf 87' lang='lat' dir='ltr'><strong>non</strong></span> <span class='ocrx_word' id='word_1_122' title='bbox 1603 1358 1826 1413; x_wconf 89' lang='lat' dir='ltr'><strong>audierit</strong></span> 
     </span>
    </p>
   </div>
   <div class='ocr_carea' id='block_1_15' title="bbox 212 1450 1823 1524">
    <p class='ocr_par' dir='ltr' id='par_1_15' title="bbox 212 1450 1823 1524">
     <span class='ocr_line' id='line_1_15' title="bbox 212 1450 1823 1524; baseline 0.001 -20"><span class='ocrx_word' id='word_1_123' title='bbox 212 1451 526 1524; x_wconf 75' lang='lat' dir='ltr'><strong>prapltetam</strong></span> <span class='ocrx_word' id='word_1_124' title='bbox 551 1451 720 1518; x_wconf 87' lang='lat' dir='ltr'><strong>illum,</strong></span> <span class='ocrx_word' id='word_1_125' title='bbox 749 1451 1172 1506; x_wconf 72' lang='lat' dir='ltr'><strong>exterminabitur</strong></span> <span class='ocrx_word' id='word_1_126' title='bbox 1203 1453 1268 1505; x_wconf 90' lang='lat' dir='ltr'><strong>de</strong></span> <span class='ocrx_word' id='word_1_127' title='bbox 1291 1451 1435 1522; x_wconf 81' lang='lat' dir='ltr'><strong>plebe</strong></span> <span class='ocrx_word' id='word_1_128' title='bbox 1463 1450 1641 1523; x_wconf 88' lang='lat' dir='ltr'><strong>(Deut.</strong></span> <span class='ocrx_word' id='word_1_129' title='bbox 1667 1467 1823 1518; x_wconf 84' lang='lat' dir='ltr'><strong>xvm,</strong></span> 
     </span>
    </p>
   </div>
   <div class='ocr_carea' id='block_1_16' title="bbox 211 1543 1826 1616">
    <p class='ocr_par' dir='ltr' id='par_1_16' title="bbox 211 1543 1826 1616">
     <span class='ocr_line' id='line_1_16' title="bbox 211 1543 1826 1616; baseline -0.001 -14"><span class='ocrx_word' id='word_1_130' title='bbox 211 1545 308 1610; x_wconf 81' lang='lat'><strong>18,</strong></span> <span class='ocrx_word' id='word_1_131' title='bbox 342 1543 456 1616; x_wconf 90' lang='lat'><strong>19).</strong></span> <span class='ocrx_word' id='word_1_132' title='bbox 490 1545 546 1600; x_wconf 90' lang='lat' dir='ltr'><strong>Si</strong></span> <span class='ocrx_word' id='word_1_133' title='bbox 579 1546 697 1615; x_wconf 91' lang='lat' dir='ltr'><strong>ipse</strong></span> <span class='ocrx_word' id='word_1_134' title='bbox 727 1553 814 1600; x_wconf 89' lang='lat' dir='ltr'><strong>est</strong></span> <span class='ocrx_word' id='word_1_135' title='bbox 853 1545 1100 1600; x_wconf 90' lang='lat' dir='ltr'><strong>omnium</strong></span> <span class='ocrx_word' id='word_1_136' title='bbox 1134 1544 1430 1610; x_wconf 88' lang='lat' dir='ltr'><strong>Dominus,</strong></span> <span class='ocrx_word' id='word_1_137' title='bbox 1465 1546 1578 1615; x_wconf 89' lang='lat' dir='ltr'><strong>ipse</strong></span> <span class='ocrx_word' id='word_1_138' title='bbox 1606 1545 1826 1600; x_wconf 89' lang='lat' dir='ltr'><strong>invoca-</strong></span> 
     </span>
    </p>
   </div>
   <div class='ocr_carea' id='block_1_17' title="bbox 211 1638 1462 1710">
    <p class='ocr_par' dir='ltr' id='par_1_17' title="bbox 211 1638 1462 1710">
     <span class='ocr_line' id='line_1_17' title="bbox 211 1638 1462 1710; baseline -0.001 -15"><span class='ocrx_word' id='word_1_139' title='bbox 211 1647 306 1695; x_wconf 88' lang='lat' dir='ltr'><strong>tur</strong></span> <span class='ocrx_word' id='word_1_140' title='bbox 335 1655 364 1694; x_wconf 89' lang='lat' dir='ltr'><strong>a</strong></span> <span class='ocrx_word' id='word_1_141' title='bbox 395 1639 592 1696; x_wconf 85' lang='lat' dir='ltr'><strong>servis.</strong></span> <span class='ocrx_word' id='word_1_142' title='bbox 625 1639 693 1694; x_wconf 87' lang='lat' dir='ltr'><strong>Et</strong></span> <span class='ocrx_word' id='word_1_143' title='bbox 717 1640 844 1710; x_wconf 88' lang='lat' dir='ltr'><strong>quia</strong></span> <span class='ocrx_word' id='word_1_144' title='bbox 873 1654 1058 1694; x_wconf 88' lang='lat' dir='ltr'><strong>verum</strong></span> <span class='ocrx_word' id='word_1_145' title='bbox 1087 1649 1193 1706; x_wconf 91' lang='lat' dir='ltr'><strong>est,</strong></span> <span class='ocrx_word' id='word_1_146' title='bbox 1221 1638 1462 1709; x_wconf 88' lang='lat' dir='ltr'><strong>adjecit:</strong></span> 
     </span>
    </p>
   </div>
   <div class='ocr_carea' id='block_1_18' title="bbox 285 1733 1821 1807">
    <p class='ocr_par' dir='ltr' id='par_1_18' title="bbox 285 1733 1821 1807">
     <span class='ocr_line' id='line_1_18' title="bbox 285 1733 1821 1807; baseline 0 -19"><span class='ocrx_word' id='word_1_147' title='bbox 285 1733 477 1807; x_wconf 83' lang='lat' dir='ltr'><strong>(Vers.</strong></span> <span class='ocrx_word' id='word_1_148' title='bbox 504 1734 617 1806; x_wconf 46' lang='lat'><strong>1.1.)</strong></span> <span class='ocrx_word' id='word_1_149' title='bbox 644 1734 916 1799; x_wconf 83' lang='lat' dir='ltr'><strong>Quomodo</strong></span> <span class='ocrx_word' id='word_1_150' title='bbox 940 1750 1061 1806; x_wconf 87' lang='lat' dir='ltr'><strong>ergo</strong></span> <span class='ocrx_word' id='word_1_151' title='bbox 1092 1734 1423 1800; x_wconf 78' lang='lat' dir='ltr'><strong>invocabant,</strong></span> <span class='ocrx_word' id='word_1_152' title='bbox 1453 1734 1509 1787; x_wconf 86' lang='lat' dir='ltr'><strong>in</strong></span> <span class='ocrx_word' id='word_1_153' title='bbox 1535 1750 1685 1805; x_wconf 87' lang='lat' dir='ltr'><strong>quem</strong></span> <span class='ocrx_word' id='word_1_154' title='bbox 1719 1750 1821 1788; x_wconf 88' lang='lat' dir='ltr'><strong>non</strong></span> 
     </span>
    </p>
   </div>
   <div class='ocr_carea' id='block_1_19' title="bbox 1935 516 3537 586">
    <p class='ocr_par' dir='ltr' id='par_1_19' title="bbox 1935 516 3537 586">
     <span class='ocr_line' id='line_1_19' title="bbox 1935 516 3537 586; baseline -0.001 -14"><span class='ocrx_word' id='word_1_155' title='bbox 1935 516 2078 586; x_wconf 90' lang='lat' dir='ltr'><strong>apud</strong></span> <span class='ocrx_word' id='word_1_156' title='bbox 2111 524 2356 582; x_wconf 85' lang='lat' dir='ltr'><strong>veteres,</strong></span> <span class='ocrx_word' id='word_1_157' title='bbox 2389 516 2462 570; x_wconf 92' lang='lat' dir='ltr'><strong>ita</strong></span> <span class='ocrx_word' id='word_1_158' title='bbox 2502 524 2557 571; x_wconf 88' lang='lat' dir='ltr'><strong>et</strong></span> <span class='ocrx_word' id='word_1_159' title='bbox 2585 531 2729 572; x_wconf 92' lang='lat' dir='ltr'><strong>nunc</strong></span> <span class='ocrx_word' id='word_1_160' title='bbox 2755 526 2861 574; x_wconf 88' lang='lat' dir='ltr'><strong>est.</strong></span> <span class='ocrx_word' id='word_1_161' title='bbox 2885 518 3042 574; x_wconf 82' lang='lat' dir='ltr'><strong>Hunc</strong></span> <span class='ocrx_word' id='word_1_162' title='bbox 3069 517 3214 572; x_wconf 83' lang='lat' dir='ltr'><strong>enim</strong></span> <span class='ocrx_word' id='word_1_163' title='bbox 3247 529 3537 571; x_wconf 88' lang='lat' dir='ltr'><strong>numerum</strong></span> 
     </span>
    </p>
   </div>
   <div class='ocr_carea' id='block_1_20' title="bbox 1934 608 2967 681">
    <p class='ocr_par' dir='ltr' id='par_1_20' title="bbox 1934 608 2967 681">
     <span class='ocr_line' id='line_1_20' title="bbox 1934 608 2967 681; baseline 0 -15"><span class='ocrx_word' id='word_1_164' title='bbox 1934 625 2042 666; x_wconf 91' lang='lat' dir='ltr'><strong>non</strong></span> <span class='ocrx_word' id='word_1_165' title='bbox 2076 609 2265 680; x_wconf 90' lang='lat' dir='ltr'><strong>tangit,</strong></span> <span class='ocrx_word' id='word_1_166' title='bbox 2296 610 2387 680; x_wconf 90' lang='lat' dir='ltr'><strong>qui</strong></span> <span class='ocrx_word' id='word_1_167' title='bbox 2417 608 2579 666; x_wconf 89' lang='lat' dir='ltr'><strong>ﬁdem</strong></span> <span class='ocrx_word' id='word_1_168' title='bbox 2612 625 2720 665; x_wconf 89' lang='lat' dir='ltr'><strong>non</strong></span> <span class='ocrx_word' id='word_1_169' title='bbox 2750 612 2967 681; x_wconf 86' lang='lat' dir='ltr'><strong>recipit.</strong></span> 
     </span>
    </p>
   </div>
   <div class='ocr_carea' id='block_1_21' title="bbox 2005 703 3539 776">
    <p class='ocr_par' dir='ltr' id='par_1_21' title="bbox 2005 703 3539 776">
     <span class='ocr_line' id='line_1_21' title="bbox 2005 703 3539 776; baseline -0.001 -17"><span class='ocrx_word' id='word_1_170' title='bbox 2005 703 2188 775; x_wconf 86' lang='lat' dir='ltr'><strong>(Vers.</strong></span> <span class='ocrx_word' id='word_1_171' title='bbox 2221 705 2310 769; x_wconf 87' lang='lat'><strong>17,</strong></span> <span class='ocrx_word' id='word_1_172' title='bbox 2335 705 2450 776; x_wconf 90' lang='lat'><strong>18.)</strong></span> <span class='ocrx_word' id='word_1_173' title='bbox 2482 704 2624 776; x_wconf 80' lang='lat' dir='ltr'><strong>Ergo</strong></span> <span class='ocrx_word' id='word_1_174' title='bbox 2649 705 2779 774; x_wconf 81' lang='lat' dir='ltr'><strong>ﬁdes</strong></span> <span class='ocrx_word' id='word_1_175' title='bbox 2807 723 2871 761; x_wconf 81' lang='lat' dir='ltr'><strong>ea:</strong></span> <span class='ocrx_word' id='word_1_176' title='bbox 2895 707 3101 773; x_wconf 88' lang='lat' dir='ltr'><strong>auditu,</strong></span> <span class='ocrx_word' id='word_1_177' title='bbox 3126 705 3340 760; x_wconf 85' lang='lat' dir='ltr'><strong>auditus</strong></span> <span class='ocrx_word' id='word_1_178' title='bbox 3365 714 3539 759; x_wconf 86' lang='lat' dir='ltr'><strong>autem</strong></span> 
     </span>
    </p>
   </div>
   <div class='ocr_carea' id='block_1_22' title="bbox 1933 796 3538 869">
    <p class='ocr_par' dir='ltr' id='par_1_22' title="bbox 1933 796 3538 869">
     <span class='ocr_line' id='line_1_22' title="bbox 1933 796 3538 869; baseline -0.001 -18"><span class='ocrx_word' id='word_1_179' title='bbox 1933 814 2024 867; x_wconf 79' lang='lat' dir='ltr'><strong>per</strong></span> <span class='ocrx_word' id='word_1_180' title='bbox 2048 797 2251 852; x_wconf 86' lang='lat' dir='ltr'><strong>verbum</strong></span> <span class='ocrx_word' id='word_1_181' title='bbox 2283 796 2494 852; x_wconf 78' lang='lat' dir='ltr'><strong>Christi.</strong></span> <span class='ocrx_word' id='word_1_182' title='bbox 2523 797 2867 853; x_wconf 78' lang='lat' dir='ltr'><strong>Manifestum</strong></span> <span class='ocrx_word' id='word_1_183' title='bbox 2894 808 2997 863; x_wconf 89' lang='lat' dir='ltr'><strong>est,</strong></span> <span class='ocrx_word' id='word_1_184' title='bbox 3031 799 3154 869; x_wconf 86' lang='lat' dir='ltr'><strong>quia</strong></span> <span class='ocrx_word' id='word_1_185' title='bbox 3185 799 3288 853; x_wconf 85' lang='lat' dir='ltr'><strong>nisi</strong></span> <span class='ocrx_word' id='word_1_186' title='bbox 3321 797 3538 852; x_wconf 89' lang='lat' dir='ltr'><strong>dicatur</strong></span> 
     </span>
    </p>
   </div>
   <div class='ocr_carea' id='block_1_23' title="bbox 1931 889 3538 964">
    <p class='ocr_par' dir='ltr' id='par_1_23' title="bbox 1931 889 3538 964">
     <span class='ocr_line' id='line_1_23' title="bbox 1931 889 3538 964; baseline -0.001 -18"><span class='ocrx_word' id='word_1_187' title='bbox 1931 891 2162 962; x_wconf 89' lang='lat' dir='ltr'><strong>aliquid,</strong></span> <span class='ocrx_word' id='word_1_188' title='bbox 2188 906 2288 946; x_wconf 87' lang='lat' dir='ltr'><strong>nec</strong></span> <span class='ocrx_word' id='word_1_189' title='bbox 2311 891 2482 946; x_wconf 89' lang='lat' dir='ltr'><strong>audiri</strong></span> <span class='ocrx_word' id='word_1_190' title='bbox 2507 901 2707 964; x_wconf 84' lang='lat' dir='ltr'><strong>potest,</strong></span> <span class='ocrx_word' id='word_1_191' title='bbox 2730 906 2832 946; x_wconf 86' lang='lat' dir='ltr'><strong>nec</strong></span> <span class='ocrx_word' id='word_1_192' title='bbox 2856 891 3031 947; x_wconf 90' lang='lat' dir='ltr'><strong>credi.</strong></span> <span class='ocrx_word' id='word_1_193' title='bbox 3057 891 3162 946; x_wconf 81' lang='lat' dir='ltr'><strong>Sed</strong></span> <span class='ocrx_word' id='word_1_194' title='bbox 3184 891 3337 945; x_wconf 89' lang='lat' dir='ltr'><strong>dico:</strong></span> <span class='ocrx_word' id='word_1_195' title='bbox 3362 889 3538 945; x_wconf 87' lang='lat' dir='ltr'><strong>Num-</strong></span> 
     </span>
    </p>
   </div>
   <div class='ocr_carea' id='block_1_24' title="bbox 1931 983 3533 1055">
    <p class='ocr_par' dir='ltr' id='par_1_24' title="bbox 1931 983 3533 1055">
     <span class='ocr_line' id='line_1_24' title="bbox 1931 983 3533 1055; baseline 0 -16"><span class='ocrx_word' id='word_1_196' title='bbox 1931 984 2057 1055; x_wconf 86' lang='lat' dir='ltr'><strong>quid</strong></span> <span class='ocrx_word' id='word_1_197' title='bbox 2097 1001 2198 1039; x_wconf 90' lang='lat' dir='ltr'><strong>non</strong></span> <span class='ocrx_word' id='word_1_198' title='bbox 2233 984 2548 1040; x_wconf 86' lang='lat' dir='ltr'><strong>audierunt?</strong></span> <span class='ocrx_word' id='word_1_199' title='bbox 2579 984 2692 1040; x_wconf 85' lang='lat' dir='ltr'><strong>Hoc</strong></span> <span class='ocrx_word' id='word_1_200' title='bbox 2721 994 2842 1048; x_wconf 83' lang='lat' dir='ltr'><strong>est,</strong></span> <span class='ocrx_word' id='word_1_201' title='bbox 2873 983 3192 1048; x_wconf 90' lang='lat' dir='ltr'><strong>audierunt,</strong></span> <span class='ocrx_word' id='word_1_202' title='bbox 3222 993 3276 1039; x_wconf 89' lang='lat' dir='ltr'><strong>et</strong></span> <span class='ocrx_word' id='word_1_203' title='bbox 3302 985 3533 1040; x_wconf 90' lang='lat' dir='ltr'><strong>credere</strong></span> 
     </span>
    </p>
   </div>
   <div class='ocr_carea' id='block_1_25' title="bbox 1932 1077 3543 1146">
    <p class='ocr_par' dir='ltr' id='par_1_25' title="bbox 1932 1077 3543 1146">
     <span class='ocr_line' id='line_1_25' title="bbox 1932 1077 3543 1146; baseline -0.001 -13"><span class='ocrx_word' id='word_1_204' title='bbox 1932 1079 2244 1134; x_wconf 90' lang='lat' dir='ltr'><strong>noluerunt.</strong></span> <span class='ocrx_word' id='word_1_205' title='bbox 2278 1078 2537 1146; x_wconf 79' lang='lat' dir='ltr'><strong>Quamvis</strong></span> <span class='ocrx_word' id='word_1_206' title='bbox 2565 1079 2713 1134; x_wconf 89' lang='lat' dir='ltr'><strong>enim</strong></span> <span class='ocrx_word' id='word_1_207' title='bbox 2755 1078 2891 1134; x_wconf 89' lang='lat' dir='ltr'><strong>ﬁdes</strong></span> <span class='ocrx_word' id='word_1_208' title='bbox 2932 1094 2999 1133; x_wconf 84' lang='lat' dir='ltr'><strong>ex</strong></span> <span class='ocrx_word' id='word_1_209' title='bbox 3050 1077 3240 1133; x_wconf 89' lang='lat' dir='ltr'><strong>auditu</strong></span> <span class='ocrx_word' id='word_1_210' title='bbox 3276 1080 3380 1144; x_wconf 90' lang='lat' dir='ltr'><strong>sit;</strong></span> <span class='ocrx_word' id='word_1_211' title='bbox 3411 1086 3543 1134; x_wconf 87' lang='lat' dir='ltr'><strong>sunt</strong></span> 
     </span>
    </p>
   </div>
   <div class='ocr_carea' id='block_1_26' title="bbox 1930 1173 3540 1243">
    <p class='ocr_par' dir='ltr' id='par_1_26' title="bbox 1930 1173 3540 1243">
     <span class='ocr_line' id='line_1_26' title="bbox 1930 1173 3540 1243; baseline 0 -14"><span class='ocrx_word' id='word_1_212' title='bbox 1930 1182 2110 1230; x_wconf 88' lang='lat' dir='ltr'><strong>tamen</strong></span> <span class='ocrx_word' id='word_1_213' title='bbox 2143 1175 2233 1243; x_wconf 90' lang='lat' dir='ltr'><strong>qui</strong></span> <span class='ocrx_word' id='word_1_214' title='bbox 2263 1174 2546 1230; x_wconf 88' lang='lat' dir='ltr'><strong>audientes</strong></span> <span class='ocrx_word' id='word_1_215' title='bbox 2583 1189 2691 1230; x_wconf 93' lang='lat' dir='ltr'><strong>non</strong></span> <span class='ocrx_word' id='word_1_216' title='bbox 2723 1174 2974 1230; x_wconf 87' lang='lat' dir='ltr'><strong>credunt.</strong></span> <span class='ocrx_word' id='word_1_217' title='bbox 3008 1173 3253 1228; x_wconf 85' lang='lat' dir='ltr'><strong>Audiunt</strong></span> <span class='ocrx_word' id='word_1_218' title='bbox 3283 1174 3454 1236; x_wconf 92' lang='lat' dir='ltr'><strong>enim,</strong></span> <span class='ocrx_word' id='word_1_219' title='bbox 3483 1183 3540 1229; x_wconf 85' lang='lat' dir='ltr'><strong>et</strong></span> 
     </span>
    </p>
   </div>
   <div class='ocr_carea' id='block_1_27' title="bbox 1929 1266 3539 1338">
    <p class='ocr_par' dir='ltr' id='par_1_27' title="bbox 1929 1266 3539 1338">
     <span class='ocr_line' id='line_1_27' title="bbox 1929 1266 3539 1338; baseline -0.001 -16"><span class='ocrx_word' id='word_1_220' title='bbox 1929 1282 2038 1322; x_wconf 89' lang='lat' dir='ltr'><strong>non</strong></span> <span class='ocrx_word' id='word_1_221' title='bbox 2064 1267 2403 1337; x_wconf 85' lang='lat' dir='ltr'><strong>intelligunt;</strong></span> <span class='ocrx_word' id='word_1_222' title='bbox 2428 1267 2552 1338; x_wconf 89' lang='lat' dir='ltr'><strong>quia</strong></span> <span class='ocrx_word' id='word_1_223' title='bbox 2577 1267 2961 1324; x_wconf 85' lang='lat' dir='ltr'><strong>malevolentia</strong></span> <span class='ocrx_word' id='word_1_224' title='bbox 2984 1266 3315 1322; x_wconf 73' lang='lat' dir='ltr'><strong>obcacatum</strong></span> <span class='ocrx_word' id='word_1_225' title='bbox 3338 1277 3421 1322; x_wconf 85' lang='lat' dir='ltr'><strong>est</strong></span> <span class='ocrx_word' id='word_1_226' title='bbox 3441 1281 3539 1322; x_wconf 92' lang='lat' dir='ltr'><strong>cor</strong></span> 
     </span>
    </p>
   </div>
   <div class='ocr_carea' id='block_1_28' title="bbox 1928 1360 2168 1417">
    <p class='ocr_par' dir='ltr' id='par_1_28' title="bbox 1928 1360 2168 1417">
     <span class='ocr_line' id='line_1_28' title="bbox 1928 1360 2168 1417; baseline -0.008 -1"><span class='ocrx_word' id='word_1_227' title='bbox 1928 1360 2168 1417; x_wconf 86' lang='lat' dir='ltr'><strong>illorum.</strong></span> 
     </span>
    </p>
   </div>
   <div class='ocr_carea' id='block_1_29' title="bbox 2001 1453 3539 1524">
    <p class='ocr_par' dir='ltr' id='par_1_29' title="bbox 2001 1453 3539 1524">
     <span class='ocr_line' id='line_1_29' title="bbox 2001 1453 3539 1524; baseline -0.001 -16"><span class='ocrx_word' id='word_1_228' title='bbox 2001 1453 2068 1508; x_wconf 84' lang='lat' dir='ltr'><strong>Et</strong></span> <span class='ocrx_word' id='word_1_229' title='bbox 2089 1455 2293 1524; x_wconf 87' lang='lat' dir='ltr'><strong>quidem</strong></span> <span class='ocrx_word' id='word_1_230' title='bbox 2330 1455 2385 1508; x_wconf 90' lang='lat' dir='ltr'><strong>in</strong></span> <span class='ocrx_word' id='word_1_231' title='bbox 2425 1469 2625 1509; x_wconf 89' lang='lat' dir='ltr'><strong>omnem</strong></span> <span class='ocrx_word' id='word_1_232' title='bbox 2652 1462 2841 1508; x_wconf 87' lang='lat' dir='ltr'><strong>terram</strong></span> <span class='ocrx_word' id='word_1_233' title='bbox 2892 1454 3016 1508; x_wconf 73' lang='lat' dir='ltr'><strong>exiit</strong></span> <span class='ocrx_word' id='word_1_234' title='bbox 3065 1469 3222 1508; x_wconf 88' lang='lat' dir='ltr'><strong>sonus</strong></span> <span class='ocrx_word' id='word_1_235' title='bbox 3249 1469 3460 1520; x_wconf 88' lang='lat' dir='ltr'><strong>eorum,</strong></span> <span class='ocrx_word' id='word_1_236' title='bbox 3490 1462 3539 1506; x_wconf 85' lang='lat' dir='ltr'><strong>et</strong></span> 
     </span>
    </p>
   </div>
   <div class='ocr_carea' id='block_1_30' title="bbox 1927 1546 3536 1620">
    <p class='ocr_par' dir='ltr' id='par_1_30' title="bbox 1927 1546 3536 1620">
     <span class='ocr_line' id='line_1_30' title="bbox 1927 1546 3536 1620; baseline -0.002 -16"><span class='ocrx_word' id='word_1_237' title='bbox 1927 1566 2090 1620; x_wconf 89' lang='lat' dir='ltr'><strong>usque</strong></span> <span class='ocrx_word' id='word_1_238' title='bbox 2113 1552 2180 1603; x_wconf 88' lang='lat' dir='ltr'><strong>ad</strong></span> <span class='ocrx_word' id='word_1_239' title='bbox 2224 1550 2355 1619; x_wconf 79' lang='lat' dir='ltr'><strong>ﬁnes</strong></span> <span class='ocrx_word' id='word_1_240' title='bbox 2377 1549 2517 1604; x_wconf 91' lang='lat' dir='ltr'><strong>orbis</strong></span> <span class='ocrx_word' id='word_1_241' title='bbox 2544 1559 2695 1604; x_wconf 75' lang='lat' dir='ltr'><strong>terra:</strong></span> <span class='ocrx_word' id='word_1_242' title='bbox 2732 1549 2882 1603; x_wconf 87' lang='lat' dir='ltr'><strong>verba</strong></span> <span class='ocrx_word' id='word_1_243' title='bbox 2913 1548 3146 1602; x_wconf 86' lang='lat' dir='ltr'><strong>illorum.</strong></span> <span class='ocrx_word' id='word_1_244' title='bbox 3181 1546 3365 1616; x_wconf 91' lang='lat' dir='ltr'><strong>Usque</strong></span> <span class='ocrx_word' id='word_1_245' title='bbox 3396 1546 3536 1601; x_wconf 88' lang='lat' dir='ltr'><strong>adeo</strong></span> 
     </span>
    </p>
   </div>
   <div class='ocr_carea' id='block_1_31' title="bbox 1926 1643 3533 1716">
    <p class='ocr_par' dir='ltr' id='par_1_31' title="bbox 1926 1643 3533 1716">
     <span class='ocr_line' id='line_1_31' title="bbox 1926 1643 3533 1716; baseline -0.005 -16"><span class='ocrx_word' id='word_1_246' title='bbox 1926 1645 2372 1716; x_wconf 66' lang='lat' dir='ltr'><strong>praedicationem</strong></span> <span class='ocrx_word' id='word_1_247' title='bbox 2405 1645 2500 1700; x_wconf 89' lang='lat' dir='ltr'><strong>Dei</strong></span> <span class='ocrx_word' id='word_1_248' title='bbox 2529 1661 2558 1699; x_wconf 91' lang='lat' dir='ltr'><strong>a</strong></span> <span class='ocrx_word' id='word_1_249' title='bbox 2586 1643 2791 1700; x_wconf 67' lang='lat' dir='ltr'><strong>Judzeis</strong></span> <span class='ocrx_word' id='word_1_250' title='bbox 2833 1643 3075 1698; x_wconf 86' lang='lat' dir='ltr'><strong>auditam</strong></span> <span class='ocrx_word' id='word_1_251' title='bbox 3121 1655 3244 1696; x_wconf 90' lang='lat' dir='ltr'><strong>esse</strong></span> <span class='ocrx_word' id='word_1_252' title='bbox 3275 1647 3533 1703; x_wconf 86' lang='lat' dir='ltr'><strong>testatur,</strong></span> 
     </span>
    </p>
   </div>
   <div class='ocr_carea' id='block_1_32' title="bbox 1927 1736 3538 1812">
    <p class='ocr_par' dir='ltr' id='par_1_32' title="bbox 1927 1736 3538 1812">
     <span class='ocr_line' id='line_1_32' title="bbox 1927 1736 3538 1812; baseline -0.006 -15"><span class='ocrx_word' id='word_1_253' title='bbox 1927 1751 1986 1798; x_wconf 93' lang='lat' dir='ltr'><strong>ut</strong></span> <span class='ocrx_word' id='word_1_254' title='bbox 2013 1743 2176 1798; x_wconf 91' lang='lat' dir='ltr'><strong>etiam</strong></span> <span class='ocrx_word' id='word_1_255' title='bbox 2209 1741 2494 1812; x_wconf 88' lang='lat' dir='ltr'><strong>impletum</strong></span> <span class='ocrx_word' id='word_1_256' title='bbox 2523 1741 2710 1796; x_wconf 89' lang='lat' dir='ltr'><strong>orbem</strong></span> <span class='ocrx_word' id='word_1_257' title='bbox 2740 1738 2925 1794; x_wconf 72' lang='lat' dir='ltr'><strong>divina</strong></span> <span class='ocrx_word' id='word_1_258' title='bbox 2966 1736 3381 1793; x_wconf 88' lang='lat' dir='ltr'><strong>aununtiatione</strong></span> <span class='ocrx_word' id='word_1_259' title='bbox 3410 1749 3538 1805; x_wconf 90' lang='lat' dir='ltr'><strong>pro-</strong></span> 
     </span>
    </p>
   </div>
   <div class='ocr_carea' id='block_1_33' title="bbox 212 1827 3537 1908">
    <p class='ocr_par' dir='ltr' id='par_1_33' title="bbox 212 1827 3537 1908">
     <span class='ocr_line' id='line_1_33' title="bbox 212 1827 3537 1908; baseline -0.005 -24"><span class='ocrx_word' id='word_1_260' title='bbox 212 1829 593 1884; x_wconf 80' lang='lat' dir='ltr'><strong>crediderunt?</strong></span> <span class='ocrx_word' id='word_1_261' title='bbox 617 1837 642 1864; x_wconf 76' lang='grc' dir='ltr'><strong>ει</strong></span> <span class='ocrx_word' id='word_1_262' title='bbox 666 1827 822 1884; x_wconf 88' lang='lat' dir='ltr'><strong>Certe</strong></span> <span class='ocrx_word' id='word_1_263' title='bbox 850 1827 1066 1883; x_wconf 82' lang='lat' dir='ltr'><strong>Christo</strong></span> <span class='ocrx_word' id='word_1_264' title='bbox 1093 1844 1198 1884; x_wconf 89' lang='lat' dir='ltr'><strong>non</strong></span> <span class='ocrx_word' id='word_1_265' title='bbox 1223 1828 1453 1884; x_wconf 89' lang='lat' dir='ltr'><strong>credunt</strong></span> <span class='ocrx_word' id='word_1_266' title='bbox 1477 1827 1648 1884; x_wconf 70' lang='lat' dir='ltr'><strong>Judaei</strong></span> <span class='ocrx_word' id='word_1_267' title='bbox 1679 1829 1818 1898; x_wconf 88' lang='lat' dir='ltr'><strong>ipsi,</strong></span> <span class='ocrx_word' id='word_1_268' title='bbox 1854 1834 1901 1893; x_wconf 81' lang='grc' dir='ltr'><strong>Β</strong></span> <span class='ocrx_word' id='word_1_269' title='bbox 1928 1837 2169 1901; x_wconf 66' lang='lat' dir='ltr'><strong>numici;</strong></span> <span class='ocrx_word' id='word_1_270' title='bbox 2203 1836 2322 1908; x_wconf 70' lang='lat' dir='ltr'><strong>ipsa</strong></span> <span class='ocrx_word' id='word_1_271' title='bbox 2349 1836 2492 1890; x_wconf 71' lang='lat' dir='ltr'><strong>enim</strong></span> <span class='ocrx_word' id='word_1_272' title='bbox 2527 1834 2732 1889; x_wconf 73' lang='lat' dir='ltr'><strong>fabrica</strong></span> <span class='ocrx_word' id='word_1_273' title='bbox 2782 1831 2967 1888; x_wconf 75' lang='lat' dir='ltr'><strong>mundi</strong></span> <span class='ocrx_word' id='word_1_274' title='bbox 3000 1830 3266 1902; x_wconf 63' lang='grc' dir='ltr'>ριοωσίεει</span> <span class='ocrx_word' id='word_1_275' title='bbox 3307 1829 3537 1884; x_wconf 59' lang='lat' dir='ltr'><strong>creato.</strong></span> 
     </span>
    </p>
   </div>
   <div class='ocr_carea' id='block_1_34' title="bbox 209 1922 1819 1996">
    <p class='ocr_par' dir='ltr' id='par_1_34' title="bbox 209 1922 1819 1996">
     <span class='ocr_line' id='line_1_34' title="bbox 209 1922 1819 1996; baseline -0.001 -16"><span class='ocrx_word' id='word_1_276' title='bbox 209 1939 377 1996; x_wconf 88' lang='lat' dir='ltr'><strong>quem</strong></span> <span class='ocrx_word' id='word_1_277' title='bbox 403 1923 544 1979; x_wconf 90' lang='lat' dir='ltr'><strong>dixit</strong></span> <span class='ocrx_word' id='word_1_278' title='bbox 571 1923 880 1978; x_wconf 87' lang='lat' dir='ltr'><strong>Dominum.</strong></span> <span class='ocrx_word' id='word_1_279' title='bbox 903 1922 1014 1979; x_wconf 90' lang='lat' dir='ltr'><strong>I-Ioc</strong></span> <span class='ocrx_word' id='word_1_280' title='bbox 1035 1923 1300 1995; x_wconf 90' lang='lat' dir='ltr'><strong>sequitur,</strong></span> <span class='ocrx_word' id='word_1_281' title='bbox 1319 1923 1464 1995; x_wconf 90' lang='lat' dir='ltr'><strong>quod</strong></span> <span class='ocrx_word' id='word_1_282' title='bbox 1487 1939 1651 1992; x_wconf 76' lang='lat' dir='ltr'><strong>supra</strong></span> <span class='ocrx_word' id='word_1_283' title='bbox 1682 1923 1819 1991; x_wconf 85' lang='lat' dir='ltr'><strong>dixi,</strong></span> 
     </span>
    </p>
   </div>
   <div class='ocr_carea' id='block_1_35' title="bbox 209 2016 1817 2088">
    <p class='ocr_par' dir='ltr' id='par_1_35' title="bbox 209 2016 1817 2088">
     <span class='ocr_line' id='line_1_35' title="bbox 209 2016 1817 2088; baseline 0.002 -16"><span class='ocrx_word' id='word_1_284' title='bbox 209 2018 339 2088; x_wconf 89' lang='lat' dir='ltr'><strong>quia</strong></span> <span class='ocrx_word' id='word_1_285' title='bbox 369 2018 521 2088; x_wconf 89' lang='lat' dir='ltr'><strong>prius</strong></span> <span class='ocrx_word' id='word_1_286' title='bbox 562 2016 892 2072; x_wconf 87' lang='lat' dir='ltr'><strong>credendum</strong></span> <span class='ocrx_word' id='word_1_287' title='bbox 927 2025 1044 2083; x_wconf 92' lang='lat' dir='ltr'><strong>est,</strong></span> <span class='ocrx_word' id='word_1_288' title='bbox 1073 2028 1132 2072; x_wconf 89' lang='lat' dir='ltr'><strong>ut</strong></span> <span class='ocrx_word' id='word_1_289' title='bbox 1160 2021 1230 2072; x_wconf 91' lang='lat' dir='ltr'><strong>sit</strong></span> <span class='ocrx_word' id='word_1_290' title='bbox 1258 2017 1455 2072; x_wconf 84' lang='lat' dir='ltr'><strong>ﬁducia</strong></span> <span class='ocrx_word' id='word_1_291' title='bbox 1487 2017 1817 2088; x_wconf 87' lang='lat' dir='ltr'><strong>postulandi.</strong></span> 
     </span>
    </p>
   </div>
   <div class='ocr_carea' id='block_1_36' title="bbox 211 2111 1820 2183">
    <p class='ocr_par' dir='ltr' id='par_1_36' title="bbox 211 2111 1820 2183">
     <span class='ocr_line' id='line_1_36' title="bbox 211 2111 1820 2183; baseline -0.001 -15"><span class='ocrx_word' id='word_1_292' title='bbox 211 2113 314 2168; x_wconf 78' lang='lat' dir='ltr'><strong>Aut</strong></span> <span class='ocrx_word' id='word_1_293' title='bbox 347 2112 606 2183; x_wconf 87' lang='lat' dir='ltr'><strong>quomodo</strong></span> <span class='ocrx_word' id='word_1_294' title='bbox 634 2111 839 2166; x_wconf 85' lang='lat' dir='ltr'><strong>credent</strong></span> <span class='ocrx_word' id='word_1_295' title='bbox 867 2112 942 2175; x_wconf 89' lang='lat' dir='ltr'><strong>ei,</strong></span> <span class='ocrx_word' id='word_1_296' title='bbox 973 2129 1122 2183; x_wconf 90' lang='lat' dir='ltr'><strong>quem</strong></span> <span class='ocrx_word' id='word_1_297' title='bbox 1149 2129 1251 2166; x_wconf 90' lang='lat' dir='ltr'><strong>non</strong></span> <span class='ocrx_word' id='word_1_298' title='bbox 1293 2112 1616 2167; x_wconf 85' lang='lat' dir='ltr'><strong>audierunt?</strong></span> <span class='ocrx_word' id='word_1_299' title='bbox 1646 2113 1820 2182; x_wconf 80' lang='lat' dir='ltr'><strong>Aper-</strong></span> 
     </span>
    </p>
   </div>
   <div class='ocr_carea' id='block_1_37' title="bbox 213 2204 1816 2276">
    <p class='ocr_par' dir='ltr' id='par_1_37' title="bbox 213 2204 1816 2276">
     <span class='ocr_line' id='line_1_37' title="bbox 213 2204 1816 2276; baseline 0 -16"><span class='ocrx_word' id='word_1_300' title='bbox 213 2215 330 2262; x_wconf 88' lang='lat' dir='ltr'><strong>tum</strong></span> <span class='ocrx_word' id='word_1_301' title='bbox 363 2216 450 2262; x_wconf 87' lang='lat' dir='ltr'><strong>est</strong></span> <span class='ocrx_word' id='word_1_302' title='bbox 492 2221 597 2260; x_wconf 92' lang='lat' dir='ltr'><strong>non</strong></span> <span class='ocrx_word' id='word_1_303' title='bbox 631 2219 795 2276; x_wconf 86' lang='lat' dir='ltr'><strong>posse</strong></span> <span class='ocrx_word' id='word_1_304' title='bbox 845 2204 993 2260; x_wconf 91' lang='lat' dir='ltr'><strong>credi</strong></span> <span class='ocrx_word' id='word_1_305' title='bbox 1030 2205 1139 2270; x_wconf 92' lang='lat' dir='ltr'><strong>illi,</strong></span> <span class='ocrx_word' id='word_1_306' title='bbox 1169 2205 1258 2260; x_wconf 91' lang='lat' dir='ltr'><strong>cui</strong></span> <span class='ocrx_word' id='word_1_307' title='bbox 1287 2205 1603 2261; x_wconf 87' lang='lat' dir='ltr'><strong>obedientia</strong></span> <span class='ocrx_word' id='word_1_308' title='bbox 1646 2204 1816 2260; x_wconf 87' lang='lat' dir='ltr'><strong>deue-</strong></span> 
     </span>
    </p>
   </div>
   <div class='ocr_carea' id='block_1_38' title="bbox 218 2297 1818 2370">
    <p class='ocr_par' dir='ltr' id='par_1_38' title="bbox 218 2297 1818 2370">
     <span class='ocr_line' id='line_1_38' title="bbox 218 2297 1818 2370; baseline -0.001 -17"><span class='ocrx_word' id='word_1_309' title='bbox 218 2309 399 2370; x_wconf 86' lang='lat' dir='ltr'><strong>gatur.</strong></span> <span class='ocrx_word' id='word_1_310' title='bbox 436 2299 703 2367; x_wconf 84' lang='lat' dir='ltr'><strong>Quomodo</strong></span> <span class='ocrx_word' id='word_1_311' title='bbox 735 2308 904 2353; x_wconf 88' lang='lat' dir='ltr'><strong>autem</strong></span> <span class='ocrx_word' id='word_1_312' title='bbox 933 2298 1142 2353; x_wconf 84' lang='lat' dir='ltr'><strong>audient</strong></span> <span class='ocrx_word' id='word_1_313' title='bbox 1180 2300 1287 2352; x_wconf 87' lang='lat' dir='ltr'><strong>sine</strong></span> <span class='ocrx_word' id='word_1_314' title='bbox 1325 2299 1678 2369; x_wconf 66' lang='lat' dir='ltr'><strong>pradicante?</strong></span> <span class='ocrx_word' id='word_1_315' title='bbox 1709 2297 1818 2352; x_wconf 87' lang='lat' dir='ltr'><strong>Nec</strong></span> 
     </span>
    </p>
   </div>
   <div class='ocr_carea' id='block_1_39' title="bbox 221 2391 1818 2462">
    <p class='ocr_par' dir='ltr' id='par_1_39' title="bbox 221 2391 1818 2462">
     <span class='ocr_line' id='line_1_39' title="bbox 221 2391 1818 2462; baseline 0 -16"><span class='ocrx_word' id='word_1_316' title='bbox 221 2391 328 2448; x_wconf 87' lang='lat' dir='ltr'><strong>hoc</strong></span> <span class='ocrx_word' id='word_1_317' title='bbox 355 2392 638 2449; x_wconf 90' lang='lat' dir='ltr'><strong>obscurum</strong></span> <span class='ocrx_word' id='word_1_318' title='bbox 665 2401 784 2457; x_wconf 92' lang='lat' dir='ltr'><strong>est;</strong></span> <span class='ocrx_word' id='word_1_319' title='bbox 811 2391 940 2462; x_wconf 86' lang='lat' dir='ltr'><strong>quia</strong></span> <span class='ocrx_word' id='word_1_320' title='bbox 965 2393 1054 2462; x_wconf 91' lang='lat' dir='ltr'><strong>qui</strong></span> <span class='ocrx_word' id='word_1_321' title='bbox 1089 2391 1402 2461; x_wconf 69' lang='lat' dir='ltr'><strong>praedicanti</strong></span> <span class='ocrx_word' id='word_1_322' title='bbox 1435 2391 1661 2456; x_wconf 86' lang='lat' dir='ltr'><strong>resistit,</strong></span> <span class='ocrx_word' id='word_1_323' title='bbox 1692 2404 1818 2446; x_wconf 89' lang='lat' dir='ltr'><strong>auc-</strong></span> 
     </span>
    </p>
   </div>
   <div class='ocr_carea' id='block_1_40' title="bbox 220 2484 920 2555">
    <p class='ocr_par' dir='ltr' id='par_1_40' title="bbox 220 2484 920 2555">
     <span class='ocr_line' id='line_1_40' title="bbox 220 2484 920 2555; baseline -0.001 -17"><span class='ocrx_word' id='word_1_324' title='bbox 220 2490 396 2540; x_wconf 88' lang='lat' dir='ltr'><strong>torem</strong></span> <span class='ocrx_word' id='word_1_325' title='bbox 424 2484 539 2555; x_wconf 80' lang='lat' dir='ltr'><strong>ejus</strong></span> <span class='ocrx_word' id='word_1_326' title='bbox 563 2500 668 2540; x_wconf 91' lang='lat' dir='ltr'><strong>non</strong></span> <span class='ocrx_word' id='word_1_327' title='bbox 701 2484 920 2554; x_wconf 90' lang='lat' dir='ltr'><strong>recipit.</strong></span> 
     </span>
    </p>
   </div>
   <div class='ocr_carea' id='block_1_41' title="bbox 290 2575 1815 2652">
    <p class='ocr_par' dir='ltr' id='par_1_41' title="bbox 290 2575 1815 2652">
     <span class='ocr_line' id='line_1_41' title="bbox 290 2575 1815 2652; baseline -0.002 -20"><span class='ocrx_word' id='word_1_328' title='bbox 290 2576 472 2652; x_wconf 71' lang='lat' dir='ltr'><strong>(Vera.</strong></span> <span class='ocrx_word' id='word_1_329' title='bbox 503 2576 620 2648; x_wconf 86' lang='lat'><strong>15.)</strong></span> <span class='ocrx_word' id='word_1_330' title='bbox 653 2577 752 2632; x_wconf 86' lang='lat' dir='ltr'><strong>Aut</strong></span> <span class='ocrx_word' id='word_1_331' title='bbox 779 2576 1038 2649; x_wconf 83' lang='lat' dir='ltr'><strong>quantodo</strong></span> <span class='ocrx_word' id='word_1_332' title='bbox 1069 2575 1449 2646; x_wconf 75' lang='lat' dir='ltr'><strong>prwdicabunt,</strong></span> <span class='ocrx_word' id='word_1_333' title='bbox 1478 2576 1580 2630; x_wconf 88' lang='lat' dir='ltr'><strong>nisi</strong></span> <span class='ocrx_word' id='word_1_334' title='bbox 1600 2576 1815 2630; x_wconf 86' lang='lat' dir='ltr'><strong>mittan-</strong></span> 
     </span>
    </p>
   </div>
   <div class='ocr_carea' id='block_1_42' title="bbox 214 2672 1817 2745">
    <p class='ocr_par' dir='ltr' id='par_1_42' title="bbox 214 2672 1817 2745">
     <span class='ocr_line' id='line_1_42' title="bbox 214 2672 1817 2745; baseline -0.002 -16"><span class='ocrx_word' id='word_1_335' title='bbox 214 2676 340 2730; x_wconf 85' lang='lat' dir='ltr'><strong>tur?</strong></span> <span class='ocrx_word' id='word_1_336' title='bbox 359 2673 545 2745; x_wconf 83' lang='lat' dir='ltr'><strong>Neque</strong></span> <span class='ocrx_word' id='word_1_337' title='bbox 571 2673 711 2730; x_wconf 89' lang='lat' dir='ltr'><strong>istud</strong></span> <span class='ocrx_word' id='word_1_338' title='bbox 734 2672 932 2743; x_wconf 88' lang='lat' dir='ltr'><strong>recipit</strong></span> <span class='ocrx_word' id='word_1_339' title='bbox 953 2673 1343 2743; x_wconf 78' lang='lat' dir='ltr'><strong>quaestionem;</strong></span> <span class='ocrx_word' id='word_1_340' title='bbox 1367 2672 1494 2743; x_wconf 91' lang='lat' dir='ltr'><strong>quia</strong></span> <span class='ocrx_word' id='word_1_341' title='bbox 1526 2687 1630 2726; x_wconf 91' lang='lat' dir='ltr'><strong>non</strong></span> <span class='ocrx_word' id='word_1_342' title='bbox 1655 2681 1817 2727; x_wconf 90' lang='lat' dir='ltr'><strong>erunt</strong></span> 
     </span>
    </p>
   </div>
   <div class='ocr_carea' id='block_1_43' title="bbox 210 2765 1816 2839">
    <p class='ocr_par' dir='ltr' id='par_1_43' title="bbox 210 2765 1816 2839">
     <span class='ocr_line' id='line_1_43' title="bbox 210 2765 1816 2839; baseline -0.002 -16"><span class='ocrx_word' id='word_1_343' title='bbox 210 2768 328 2823; x_wconf 86' lang='lat' dir='ltr'><strong>veri</strong></span> <span class='ocrx_word' id='word_1_344' title='bbox 356 2767 618 2839; x_wconf 87' lang='lat' dir='ltr'><strong>apostoli,</strong></span> <span class='ocrx_word' id='word_1_345' title='bbox 651 2767 755 2821; x_wconf 89' lang='lat' dir='ltr'><strong>nisi</strong></span> <span class='ocrx_word' id='word_1_346' title='bbox 784 2782 814 2820; x_wconf 90' lang='lat' dir='ltr'><strong>a</strong></span> <span class='ocrx_word' id='word_1_347' title='bbox 836 2765 1056 2822; x_wconf 84' lang='lat' dir='ltr'><strong>Christo</strong></span> <span class='ocrx_word' id='word_1_348' title='bbox 1090 2766 1396 2831; x_wconf 87' lang='lat' dir='ltr'><strong>mittantur,</strong></span> <span class='ocrx_word' id='word_1_349' title='bbox 1429 2779 1528 2820; x_wconf 93' lang='lat' dir='ltr'><strong>nec</strong></span> <span class='ocrx_word' id='word_1_350' title='bbox 1558 2773 1816 2835; x_wconf 89' lang='lat' dir='ltr'><strong>poterunt</strong></span> 
     </span>
    </p>
   </div>
   <div class='ocr_carea' id='block_1_44' title="bbox 212 2859 1814 2932">
    <p class='ocr_par' dir='ltr' id='par_1_44' title="bbox 212 2859 1814 2932">
     <span class='ocr_line' id='line_1_44' title="bbox 212 2859 1814 2932; baseline -0.001 -16"><span class='ocrx_word' id='word_1_351' title='bbox 212 2859 520 2932; x_wconf 66' lang='lat' dir='ltr'><strong>praedicare</strong></span> <span class='ocrx_word' id='word_1_352' title='bbox 543 2860 662 2915; x_wconf 86' lang='lat' dir='ltr'><strong>sine</strong></span> <span class='ocrx_word' id='word_1_353' title='bbox 690 2868 946 2925; x_wconf 90' lang='lat' dir='ltr'><strong>auctore;</strong></span> <span class='ocrx_word' id='word_1_354' title='bbox 981 2859 1128 2915; x_wconf 89' lang='lat' dir='ltr'><strong>nulla</strong></span> <span class='ocrx_word' id='word_1_355' title='bbox 1159 2860 1304 2915; x_wconf 89' lang='lat' dir='ltr'><strong>enim</strong></span> <span class='ocrx_word' id='word_1_356' title='bbox 1337 2859 1424 2915; x_wconf 89' lang='lat' dir='ltr'><strong>his</strong></span> <span class='ocrx_word' id='word_1_357' title='bbox 1452 2859 1605 2928; x_wconf 83' lang='lat' dir='ltr'><strong>signa</strong></span> <span class='ocrx_word' id='word_1_358' title='bbox 1636 2860 1814 2914; x_wconf 85' lang='lat' dir='ltr'><strong>virtu-</strong></span> 
     </span>
    </p>
   </div>
   <div class='ocr_carea' id='block_1_45' title="bbox 212 2953 1077 3026">
    <p class='ocr_par' dir='ltr' id='par_1_45' title="bbox 212 2953 1077 3026">
     <span class='ocr_line' id='line_1_45' title="bbox 212 2953 1077 3026; baseline -0.002 -16"><span class='ocrx_word' id='word_1_359' title='bbox 212 2964 326 3010; x_wconf 90' lang='lat' dir='ltr'><strong>tum</strong></span> <span class='ocrx_word' id='word_1_360' title='bbox 357 2953 648 3026; x_wconf 88' lang='lat' dir='ltr'><strong>perhibent</strong></span> <span class='ocrx_word' id='word_1_361' title='bbox 676 2955 1077 3010; x_wconf 88' lang='lat' dir='ltr'><strong>testimonium.</strong></span> 
     </span>
    </p>
   </div>
   <div class='ocr_carea' id='block_1_46' title="bbox 286 3043 1812 3117">
    <p class='ocr_par' dir='ltr' id='par_1_46' title="bbox 286 3043 1812 3117">
     <span class='ocr_line' id='line_1_46' title="bbox 286 3043 1812 3117; baseline -0.003 -16"><span class='ocrx_word' id='word_1_362' title='bbox 286 3045 439 3101; x_wconf 84' lang='lat' dir='ltr'><strong>Sicut</strong></span> <span class='ocrx_word' id='word_1_363' title='bbox 467 3048 718 3116; x_wconf 86' lang='lat' dir='ltr'><strong>scriptum</strong></span> <span class='ocrx_word' id='word_1_364' title='bbox 743 3055 819 3100; x_wconf 88' lang='lat' dir='ltr'><strong>est</strong></span> <span class='ocrx_word' id='word_1_365' title='bbox 845 3063 863 3101; x_wconf 91' lang='lat'><strong><em>:</em></strong></span> <span class='ocrx_word' id='word_1_366' title='bbox 897 3045 1066 3114; x_wconf 84' lang='lat' dir='ltr'><strong>Quam</strong></span> <span class='ocrx_word' id='word_1_367' title='bbox 1109 3046 1330 3117; x_wconf 85' lang='lat' dir='ltr'><strong>speciosi</strong></span> <span class='ocrx_word' id='word_1_368' title='bbox 1371 3045 1522 3115; x_wconf 82' lang='lat' dir='ltr'><strong>pedes</strong></span> <span class='ocrx_word' id='word_1_369' title='bbox 1554 3043 1812 3116; x_wconf 83' lang='lat' dir='ltr'><strong>evangeli-</strong></span> 
     </span>
    </p>
   </div>
   <div class='ocr_carea' id='block_1_47' title="bbox 207 3137 1814 3210">
    <p class='ocr_par' dir='ltr' id='par_1_47' title="bbox 207 3137 1814 3210">
     <span class='ocr_line' id='line_1_47' title="bbox 207 3137 1814 3210; baseline -0.001 -16"><span class='ocrx_word' id='word_1_370' title='bbox 207 3138 448 3194; x_wconf 72' lang='lat' dir='ltr'><strong>zantium</strong></span> <span class='ocrx_word' id='word_1_371' title='bbox 490 3154 688 3208; x_wconf 87' lang='lat' dir='ltr'><strong>pacem,</strong></span> <span class='ocrx_word' id='word_1_372' title='bbox 729 3139 1187 3210; x_wconf 81' lang='lat' dir='ltr'><strong>evnngelizantium</strong></span> <span class='ocrx_word' id='word_1_373' title='bbox 1219 3138 1385 3192; x_wconf 87' lang='lat' dir='ltr'><strong>bona!</strong></span> <span class='ocrx_word' id='word_1_374' title='bbox 1406 3137 1518 3192; x_wconf 83' lang='lat' dir='ltr'><strong>Hoc</strong></span> <span class='ocrx_word' id='word_1_375' title='bbox 1552 3137 1814 3207; x_wconf 83' lang='lat' dir='ltr'><strong>propheta</strong></span> 
     </span>
    </p>
   </div>
   <div class='ocr_carea' id='block_1_48' title="bbox 1924 1921 3538 1998">
    <p class='ocr_par' dir='ltr' id='par_1_48' title="bbox 1924 1921 3538 1998">
     <span class='ocr_line' id='line_1_48' title="bbox 1924 1921 3538 1998; baseline -0.006 -14"><span class='ocrx_word' id='word_1_376' title='bbox 1924 1943 2062 1985; x_wconf 89' lang='lat' dir='ltr'><strong>rem.</strong></span> <span class='ocrx_word' id='word_1_377' title='bbox 2111 1928 2265 1995; x_wconf 87' lang='lat' dir='ltr'><strong>Quod</strong></span> <span class='ocrx_word' id='word_1_378' title='bbox 2309 1928 2455 1983; x_wconf 92' lang='lat' dir='ltr'><strong>enim</strong></span> <span class='ocrx_word' id='word_1_379' title='bbox 2486 1925 2946 1998; x_wconf 84' lang='lat' dir='ltr'><strong>Psalmographus</strong></span> <span class='ocrx_word' id='word_1_380' title='bbox 2983 1924 3052 1981; x_wconf 89' lang='lat' dir='ltr'><strong>de</strong></span> <span class='ocrx_word' id='word_1_381' title='bbox 3102 1933 3354 1979; x_wconf 89' lang='lat' dir='ltr'><strong>creatura</strong></span> <span class='ocrx_word' id='word_1_382' title='bbox 3398 1921 3538 1977; x_wconf 84' lang='lat' dir='ltr'><strong>dixit</strong></span> 
     </span>
    </p>
   </div>
   <div class='ocr_carea' id='block_1_49' title="bbox 1924 2019 3535 2094">
    <p class='ocr_par' dir='ltr' id='par_1_49' title="bbox 1924 2019 3535 2094">
     <span class='ocr_line' id='line_1_49' title="bbox 1924 2019 3535 2094; baseline -0.001 -18"><span class='ocrx_word' id='word_1_383' title='bbox 1924 2021 2099 2094; x_wconf 81' lang='lat' dir='ltr'><strong>(Psal.</strong></span> <span class='ocrx_word' id='word_1_384' title='bbox 2131 2039 2257 2078; x_wconf 82' lang='lat' dir='ltr'><strong>xvnt</strong></span> <span class='ocrx_word' id='word_1_385' title='bbox 2279 2065 2293 2090; x_wconf 93' lang='lat'><strong>,</strong></span> <span class='ocrx_word' id='word_1_386' title='bbox 2318 2023 2410 2094; x_wconf 85' lang='lat'><strong>5),</strong></span> <span class='ocrx_word' id='word_1_387' title='bbox 2437 2023 2540 2079; x_wconf 90' lang='lat' dir='ltr'><strong>hoc</strong></span> <span class='ocrx_word' id='word_1_388' title='bbox 2569 2022 2870 2092; x_wconf 87' lang='lat' dir='ltr'><strong>Apostolus</strong></span> <span class='ocrx_word' id='word_1_389' title='bbox 2901 2020 2969 2076; x_wconf 90' lang='lat' dir='ltr'><strong>de</strong></span> <span class='ocrx_word' id='word_1_390' title='bbox 2999 2019 3372 2090; x_wconf 86' lang='lat' dir='ltr'><strong>evangelistis,</strong></span> <span class='ocrx_word' id='word_1_391' title='bbox 3405 2019 3535 2089; x_wconf 88' lang='lat' dir='ltr'><strong>quia</strong></span> 
     </span>
    </p>
   </div>
   <div class='ocr_carea' id='block_1_50' title="bbox 1924 2113 3535 2188">
    <p class='ocr_par' dir='ltr' id='par_1_50' title="bbox 1924 2113 3535 2188">
     <span class='ocr_line' id='line_1_50' title="bbox 1924 2113 3535 2188; baseline -0.001 -18"><span class='ocrx_word' id='word_1_392' title='bbox 1924 2116 2124 2188; x_wconf 92' lang='lat' dir='ltr'><strong>ubique</strong></span> <span class='ocrx_word' id='word_1_393' title='bbox 2150 2117 2330 2172; x_wconf 88' lang='lat' dir='ltr'><strong>audita</strong></span> <span class='ocrx_word' id='word_1_394' title='bbox 2358 2126 2462 2183; x_wconf 89' lang='lat' dir='ltr'><strong>est,</strong></span> <span class='ocrx_word' id='word_1_395' title='bbox 2488 2125 2544 2172; x_wconf 91' lang='lat' dir='ltr'><strong>et</strong></span> <span class='ocrx_word' id='word_1_396' title='bbox 2569 2117 2819 2187; x_wconf 89' lang='lat' dir='ltr'><strong>pervenit</strong></span> <span class='ocrx_word' id='word_1_397' title='bbox 2842 2116 2896 2170; x_wconf 94' lang='lat' dir='ltr'><strong>in</strong></span> <span class='ocrx_word' id='word_1_398' title='bbox 2929 2129 3150 2170; x_wconf 88' lang='lat' dir='ltr'><strong>omnem</strong></span> <span class='ocrx_word' id='word_1_399' title='bbox 3185 2113 3362 2169; x_wconf 91' lang='lat' dir='ltr'><strong>locum</strong></span> <span class='ocrx_word' id='word_1_400' title='bbox 3395 2130 3535 2183; x_wconf 67' lang='lat' dir='ltr'><strong>prte-</strong></span> 
     </span>
    </p>
   </div>
   <div class='ocr_carea' id='block_1_51' title="bbox 1921 2209 3531 2281">
    <p class='ocr_par' dir='ltr' id='par_1_51' title="bbox 1921 2209 3531 2281">
     <span class='ocr_line' id='line_1_51' title="bbox 1921 2209 3531 2281; baseline 0 -17"><span class='ocrx_word' id='word_1_401' title='bbox 1921 2211 2123 2264; x_wconf 88' lang='lat' dir='ltr'><strong>dicatio</strong></span> <span class='ocrx_word' id='word_1_402' title='bbox 2147 2211 2383 2266; x_wconf 91' lang='lat' dir='ltr'><strong>nominis</strong></span> <span class='ocrx_word' id='word_1_403' title='bbox 2406 2210 2633 2267; x_wconf 86' lang='lat' dir='ltr'><strong>Christi.</strong></span> <span class='ocrx_word' id='word_1_404' title='bbox 2654 2210 2752 2267; x_wconf 90' lang='lat' dir='ltr'><strong>Ubi</strong></span> <span class='ocrx_word' id='word_1_405' title='bbox 2787 2212 2931 2266; x_wconf 91' lang='lat' dir='ltr'><strong>enim</strong></span> <span class='ocrx_word' id='word_1_406' title='bbox 2962 2209 3258 2281; x_wconf 63' lang='lat' dir='ltr'><strong>praesentia</strong></span> <span class='ocrx_word' id='word_1_407' title='bbox 3293 2209 3531 2264; x_wconf 87' lang='lat' dir='ltr'><strong>hominis</strong></span> 
     </span>
    </p>
   </div>
   <div class='ocr_carea' id='block_1_52' title="bbox 1922 2304 3529 2374">
    <p class='ocr_par' dir='ltr' id='par_1_52' title="bbox 1922 2304 3529 2374">
     <span class='ocr_line' id='line_1_52' title="bbox 1922 2304 3529 2374; baseline 0.001 -17"><span class='ocrx_word' id='word_1_408' title='bbox 1922 2304 2273 2374; x_wconf 63' lang='lat' dir='ltr'><strong>praedicantis</strong></span> <span class='ocrx_word' id='word_1_409' title='bbox 2292 2304 2493 2370; x_wconf 89' lang='lat' dir='ltr'><strong>defuit;</strong></span> <span class='ocrx_word' id='word_1_410' title='bbox 2515 2320 2682 2361; x_wconf 89' lang='lat' dir='ltr'><strong>sonus</strong></span> <span class='ocrx_word' id='word_1_411' title='bbox 2705 2314 2886 2361; x_wconf 89' lang='lat' dir='ltr'><strong>tamen</strong></span> <span class='ocrx_word' id='word_1_412' title='bbox 2905 2305 3106 2361; x_wconf 84' lang='lat' dir='ltr'><strong>etfama</strong></span> <span class='ocrx_word' id='word_1_413' title='bbox 3131 2305 3403 2374; x_wconf 77' lang='lat' dir='ltr'><strong>pervenit,</strong></span> <span class='ocrx_word' id='word_1_414' title='bbox 3423 2306 3529 2359; x_wconf 86' lang='lat' dir='ltr'><strong>sic-</strong></span> 
     </span>
    </p>
   </div>
   <div class='ocr_carea' id='block_1_53' title="bbox 1921 2397 3530 2469">
    <p class='ocr_par' dir='ltr' id='par_1_53' title="bbox 1921 2397 3530 2469">
     <span class='ocr_line' id='line_1_53' title="bbox 1921 2397 3530 2469; baseline 0.001 -19"><span class='ocrx_word' id='word_1_415' title='bbox 1921 2406 1981 2451; x_wconf 91' lang='lat' dir='ltr'><strong>ut</strong></span> <span class='ocrx_word' id='word_1_416' title='bbox 2022 2406 2344 2466; x_wconf 85' lang='lat' dir='ltr'><strong>pervenerat</strong></span> <span class='ocrx_word' id='word_1_417' title='bbox 2377 2399 2561 2468; x_wconf 90' lang='lat' dir='ltr'><strong>opinio</strong></span> <span class='ocrx_word' id='word_1_418' title='bbox 2596 2397 2860 2452; x_wconf 87' lang='lat' dir='ltr'><strong>factarum</strong></span> <span class='ocrx_word' id='word_1_419' title='bbox 2903 2399 3167 2453; x_wconf 88' lang='lat' dir='ltr'><strong>virtutum</strong></span> <span class='ocrx_word' id='word_1_420' title='bbox 3204 2399 3258 2452; x_wconf 93' lang='lat' dir='ltr'><strong>in</strong></span> <span class='ocrx_word' id='word_1_421' title='bbox 3286 2398 3530 2469; x_wconf 60' lang='grc' dir='ltr'>,Ἑωριο</span> 
     </span>
    </p>
   </div>
   <div class='ocr_carea' id='block_1_54' title="bbox 1821 2485 3528 2556">
    <p class='ocr_par' dir='ltr' id='par_1_54' title="bbox 1821 2485 3528 2556">
     <span class='ocr_line' id='line_1_54' title="bbox 1821 2485 3528 2556; baseline 0.002 -16"><span class='ocrx_word' id='word_1_422' title='bbox 1821 2503 1826 2506; x_wconf 93' lang='grc'><strong>·</strong></span> <span class='ocrx_word' id='word_1_423' title='bbox 1921 2485 1986 2542; x_wconf 91' lang='lat' dir='ltr'><strong>ad</strong></span> <span class='ocrx_word' id='word_1_424' title='bbox 2017 2502 2207 2542; x_wconf 90' lang='lat' dir='ltr'><strong>omnes</strong></span> <span class='ocrx_word' id='word_1_425' title='bbox 2235 2496 2448 2556; x_wconf 80' lang='lat' dir='ltr'><strong>gentes,</strong></span> <span class='ocrx_word' id='word_1_426' title='bbox 2481 2496 2618 2543; x_wconf 90' lang='lat' dir='ltr'><strong>teste</strong></span> <span class='ocrx_word' id='word_1_427' title='bbox 2648 2487 2838 2544; x_wconf 82' lang='lat' dir='ltr'><strong>Rabab</strong></span> <span class='ocrx_word' id='word_1_428' title='bbox 2866 2489 3177 2544; x_wconf 90' lang='lat' dir='ltr'><strong>meretrice.</strong></span> <span class='ocrx_word' id='word_1_429' title='bbox 3208 2489 3266 2545; x_wconf 91' lang='lat' dir='ltr'><strong>Si</strong></span> <span class='ocrx_word' id='word_1_430' title='bbox 3297 2489 3444 2546; x_wconf 90' lang='lat' dir='ltr'><strong>enim</strong></span> <span class='ocrx_word' id='word_1_431' title='bbox 3475 2492 3528 2545; x_wconf 91' lang='lat' dir='ltr'><strong>in</strong></span> 
     </span>
    </p>
   </div>
   <div class='ocr_carea' id='block_1_55' title="bbox 1919 2581 3531 2654">
    <p class='ocr_par' dir='ltr' id='par_1_55' title="bbox 1919 2581 3531 2654">
     <span class='ocr_line' id='line_1_55' title="bbox 1919 2581 3531 2654; baseline 0.001 -18"><span class='ocrx_word' id='word_1_432' title='bbox 1919 2594 2137 2636; x_wconf 90' lang='lat' dir='ltr'><strong>omnem</strong></span> <span class='ocrx_word' id='word_1_433' title='bbox 2182 2581 2361 2637; x_wconf 90' lang='lat' dir='ltr'><strong>locum</strong></span> <span class='ocrx_word' id='word_1_434' title='bbox 2391 2581 2674 2652; x_wconf 90' lang='lat' dir='ltr'><strong>pervenit,</strong></span> <span class='ocrx_word' id='word_1_435' title='bbox 2724 2598 2830 2638; x_wconf 88' lang='lat' dir='ltr'><strong>non</strong></span> <span class='ocrx_word' id='word_1_436' title='bbox 2870 2592 3164 2654; x_wconf 87' lang='lat' dir='ltr'><strong>potuerunt</strong></span> <span class='ocrx_word' id='word_1_437' title='bbox 3194 2598 3304 2638; x_wconf 91' lang='lat' dir='ltr'><strong>non</strong></span> <span class='ocrx_word' id='word_1_438' title='bbox 3337 2582 3531 2638; x_wconf 88' lang='lat' dir='ltr'><strong>audire</strong></span> 
     </span>
    </p>
   </div>
   <div class='ocr_carea' id='block_1_56' title="bbox 1919 2672 3526 2743">
    <p class='ocr_par' dir='ltr' id='par_1_56' title="bbox 1919 2672 3526 2743">
     <span class='ocr_line' id='line_1_56' title="bbox 1919 2672 3526 2743; baseline 0.001 -14"><span class='ocrx_word' id='word_1_439' title='bbox 1919 2672 2094 2730; x_wconf 74' lang='grc' dir='ltr'>,ιιιόωί</span> <span class='ocrx_word' id='word_1_440' title='bbox 2142 2673 2498 2743; x_wconf 88' lang='lat' dir='ltr'><strong>apostolicam</strong></span> <span class='ocrx_word' id='word_1_441' title='bbox 2534 2674 3011 2743; x_wconf 69' lang='lat' dir='ltr'><strong>praedicationem;</strong></span> <span class='ocrx_word' id='word_1_442' title='bbox 3051 2683 3110 2730; x_wconf 92' lang='lat' dir='ltr'><strong>ut</strong></span> <span class='ocrx_word' id='word_1_443' title='bbox 3139 2690 3301 2731; x_wconf 91' lang='lat' dir='ltr'><strong>nemo</strong></span> <span class='ocrx_word' id='word_1_444' title='bbox 3343 2691 3410 2730; x_wconf 90' lang='lat' dir='ltr'><strong>ex</strong></span> <span class='ocrx_word' id='word_1_445' title='bbox 3441 2674 3526 2731; x_wconf 88' lang='lat' dir='ltr'><strong>his</strong></span> 
     </span>
    </p>
   </div>
   <div class='ocr_carea' id='block_1_57' title="bbox 1919 2765 2988 2823">
    <p class='ocr_par' dir='ltr' id='par_1_57' title="bbox 1919 2765 2988 2823">
     <span class='ocr_line' id='line_1_57' title="bbox 1919 2765 2988 2823; baseline 0 -1"><span class='ocrx_word' id='word_1_446' title='bbox 1919 2774 2213 2823; x_wconf 81' lang='lat' dir='ltr'><strong>excusatus</strong></span> <span class='ocrx_word' id='word_1_447' title='bbox 2239 2767 2360 2821; x_wconf 84' lang='lat' dir='ltr'><strong>sita</strong></span> <span class='ocrx_word' id='word_1_448' title='bbox 2390 2767 2623 2822; x_wconf 87' lang='lat' dir='ltr'><strong>crimine</strong></span> <span class='ocrx_word' id='word_1_449' title='bbox 2651 2765 2988 2822; x_wconf 66' lang='lat' dir='ltr'><strong>difﬁdentiae.</strong></span> 
     </span>
    </p>
   </div>
   <div class='ocr_carea' id='block_1_58' title="bbox 1993 2857 3525 2931">
    <p class='ocr_par' dir='ltr' id='par_1_58' title="bbox 1993 2857 3525 2931">
     <span class='ocr_line' id='line_1_58' title="bbox 1993 2857 3525 2931; baseline 0 -17"><span class='ocrx_word' id='word_1_450' title='bbox 1993 2860 2176 2931; x_wconf 87' lang='lat' dir='ltr'><strong>(Vers.</strong></span> <span class='ocrx_word' id='word_1_451' title='bbox 2211 2857 2324 2931; x_wconf 87' lang='lat'><strong>19.)</strong></span> <span class='ocrx_word' id='word_1_452' title='bbox 2357 2859 2466 2915; x_wconf 85' lang='lat' dir='ltr'><strong>Sed</strong></span> <span class='ocrx_word' id='word_1_453' title='bbox 2494 2859 2610 2912; x_wconf 86' lang='lat' dir='ltr'><strong>dico</strong></span> <span class='ocrx_word' id='word_1_454' title='bbox 2635 2876 2654 2913; x_wconf 88' lang='lat'><strong><em>:</em></strong></span> <span class='ocrx_word' id='word_1_455' title='bbox 2685 2859 2958 2930; x_wconf 88' lang='lat' dir='ltr'><strong>Numquid</strong></span> <span class='ocrx_word' id='word_1_456' title='bbox 2986 2858 3157 2914; x_wconf 80' lang='lat' dir='ltr'><strong>Israel</strong></span> <span class='ocrx_word' id='word_1_457' title='bbox 3201 2877 3304 2914; x_wconf 84' lang='lat' dir='ltr'><strong>non</strong></span> <span class='ocrx_word' id='word_1_458' title='bbox 3333 2875 3525 2930; x_wconf 83' lang='lat' dir='ltr'><strong>cogno-</strong></span> 
     </span>
    </p>
   </div>
   <div class='ocr_carea' id='block_1_59' title="bbox 1917 2951 3527 3021">
    <p class='ocr_par' dir='ltr' id='par_1_59' title="bbox 1917 2951 3527 3021">
     <span class='ocr_line' id='line_1_59' title="bbox 1917 2951 3527 3021; baseline 0.002 -17"><span class='ocrx_word' id='word_1_459' title='bbox 1917 2951 2026 3006; x_wconf 83' lang='lat' dir='ltr'><strong>vit?</strong></span> <span class='ocrx_word' id='word_1_460' title='bbox 2054 2951 2167 3006; x_wconf 89' lang='lat' dir='ltr'><strong>Hoc</strong></span> <span class='ocrx_word' id='word_1_461' title='bbox 2197 2959 2310 3015; x_wconf 86' lang='lat' dir='ltr'><strong>est,</strong></span> <span class='ocrx_word' id='word_1_462' title='bbox 2339 2951 2669 3021; x_wconf 83' lang='lat' dir='ltr'><strong>cognovitne</strong></span> <span class='ocrx_word' id='word_1_463' title='bbox 2692 2953 2715 3003; x_wconf 90' lang='lat'><strong>?</strong></span> <span class='ocrx_word' id='word_1_464' title='bbox 2738 2953 2862 3021; x_wconf 91' lang='lat' dir='ltr'><strong>quia</strong></span> <span class='ocrx_word' id='word_1_465' title='bbox 2897 2966 2992 3020; x_wconf 90' lang='lat' dir='ltr'><strong>per</strong></span> <span class='ocrx_word' id='word_1_466' title='bbox 3035 2951 3343 3021; x_wconf 89' lang='lat' dir='ltr'><strong>supradicta</strong></span> <span class='ocrx_word' id='word_1_467' title='bbox 3369 2952 3527 3008; x_wconf 87' lang='lat' dir='ltr'><strong>testi-</strong></span> 
     </span>
    </p>
   </div>
   <div class='ocr_carea' id='block_1_60' title="bbox 1920 3040 3521 3113">
    <p class='ocr_par' dir='ltr' id='par_1_60' title="bbox 1920 3040 3521 3113">
     <span class='ocr_line' id='line_1_60' title="bbox 1920 3040 3521 3113; baseline 0 -17"><span class='ocrx_word' id='word_1_468' title='bbox 1920 3041 2099 3096; x_wconf 89' lang='lat' dir='ltr'><strong>monia</strong></span> <span class='ocrx_word' id='word_1_469' title='bbox 2129 3056 2303 3112; x_wconf 87' lang='lat' dir='ltr'><strong>genus</strong></span> <span class='ocrx_word' id='word_1_470' title='bbox 2336 3041 2499 3096; x_wconf 90' lang='lat' dir='ltr'><strong>Israel</strong></span> <span class='ocrx_word' id='word_1_471' title='bbox 2535 3040 2934 3097; x_wconf 89' lang='lat' dir='ltr'><strong>incredulitatis</strong></span> <span class='ocrx_word' id='word_1_472' title='bbox 2963 3056 3128 3097; x_wconf 88' lang='lat' dir='ltr'><strong>causa</strong></span> <span class='ocrx_word' id='word_1_473' title='bbox 3166 3043 3365 3113; x_wconf 80' lang='lat' dir='ltr'><strong>arguit,</strong></span> <span class='ocrx_word' id='word_1_474' title='bbox 3397 3058 3521 3097; x_wconf 89' lang='lat' dir='ltr'><strong>cum</strong></span> 
     </span>
    </p>
   </div>
   <div class='ocr_carea' id='block_1_61' title="bbox 1919 3135 3528 3208">
    <p class='ocr_par' dir='ltr' id='par_1_61' title="bbox 1919 3135 3528 3208">
     <span class='ocr_line' id='line_1_61' title="bbox 1919 3135 3528 3208; baseline 0.001 -17"><span class='ocrx_word' id='word_1_475' title='bbox 1919 3135 2111 3192; x_wconf 88' lang='lat' dir='ltr'><strong>dolore</strong></span> <span class='ocrx_word' id='word_1_476' title='bbox 2133 3137 2200 3192; x_wconf 89' lang='lat' dir='ltr'><strong>de</strong></span> <span class='ocrx_word' id='word_1_477' title='bbox 2222 3136 2476 3192; x_wconf 89' lang='lat' dir='ltr'><strong>omnibus</strong></span> <span class='ocrx_word' id='word_1_478' title='bbox 2498 3136 2760 3192; x_wconf 87' lang='lat' dir='ltr'><strong>lsraelitis</strong></span> <span class='ocrx_word' id='word_1_479' title='bbox 2791 3138 2946 3208; x_wconf 90' lang='lat' dir='ltr'><strong>queri</strong></span> <span class='ocrx_word' id='word_1_480' title='bbox 2966 3137 3279 3193; x_wconf 85' lang='lat' dir='ltr'><strong>videretur:</strong></span> <span class='ocrx_word' id='word_1_481' title='bbox 3302 3152 3412 3193; x_wconf 92' lang='lat' dir='ltr'><strong>non</strong></span> <span class='ocrx_word' id='word_1_482' title='bbox 3432 3153 3528 3193; x_wconf 82' lang='lat' dir='ltr'><strong>ne-</strong></span> 
     </span>
    </p>
   </div>
   <div class='ocr_carea' id='block_1_62' title="bbox 209 3228 3524 3303">
    <p class='ocr_par' dir='ltr' id='par_1_62' title="bbox 209 3228 3524 3303">
     <span class='ocr_line' id='line_1_62' title="bbox 209 3228 3524 3303; baseline -0.001 -14"><span class='ocrx_word' id='word_1_483' title='bbox 209 3233 348 3289; x_wconf 91' lang='lat' dir='ltr'><strong>dicit</strong></span> <span class='ocrx_word' id='word_1_484' title='bbox 367 3230 578 3287; x_wconf 81' lang='lat' dir='ltr'><strong>Nahum</strong></span> <span class='ocrx_word' id='word_1_485' title='bbox 607 3229 866 3303; x_wconf 80' lang='lat' dir='ltr'><strong>(Nonum.</strong></span> <span class='ocrx_word' id='word_1_486' title='bbox 889 3248 928 3298; x_wconf 86' lang='grc' dir='ltr'><strong>ι,</strong></span> <span class='ocrx_word' id='word_1_487' title='bbox 948 3230 1059 3301; x_wconf 82' lang='lat'><strong>15).</strong></span> <span class='ocrx_word' id='word_1_488' title='bbox 1078 3229 1244 3285; x_wconf 85' lang='lat' dir='ltr'><strong>Pedes</strong></span> <span class='ocrx_word' id='word_1_489' title='bbox 1266 3229 1497 3284; x_wconf 88' lang='lat' dir='ltr'><strong>dicendo</strong></span> <span class='ocrx_word' id='word_1_490' title='bbox 1521 3228 1814 3284; x_wconf 88' lang='lat' dir='ltr'><strong>adventum</strong></span> <span class='ocrx_word' id='word_1_491' title='bbox 1843 3231 1887 3293; x_wconf 89' lang='lat' dir='ltr'><strong>C</strong></span> <span class='ocrx_word' id='word_1_492' title='bbox 1919 3241 2013 3302; x_wconf 89' lang='lat' dir='ltr'><strong>gat</strong></span> <span class='ocrx_word' id='word_1_493' title='bbox 2035 3229 2199 3286; x_wconf 90' lang='lat' dir='ltr'><strong>Israel</strong></span> <span class='ocrx_word' id='word_1_494' title='bbox 2225 3231 2548 3300; x_wconf 82' lang='lat' dir='ltr'><strong>cognovisse</strong></span> <span class='ocrx_word' id='word_1_495' title='bbox 2570 3241 2946 3287; x_wconf 88' lang='lat' dir='ltr'><strong>etassecutum</strong></span> <span class='ocrx_word' id='word_1_496' title='bbox 2981 3247 3106 3288; x_wconf 88' lang='lat' dir='ltr'><strong>esse</strong></span> <span class='ocrx_word' id='word_1_497' title='bbox 3125 3231 3269 3303; x_wconf 91' lang='lat' dir='ltr'><strong>quod</strong></span> <span class='ocrx_word' id='word_1_498' title='bbox 3298 3232 3374 3287; x_wconf 93' lang='lat' dir='ltr'><strong>illi</strong></span> <span class='ocrx_word' id='word_1_499' title='bbox 3401 3247 3524 3303; x_wconf 89' lang='lat' dir='ltr'><strong>pro-</strong></span> 
     </span>
    </p>
   </div>
   <div class='ocr_carea' id='block_1_63' title="bbox 207 3321 1814 3395">
    <p class='ocr_par' dir='ltr' id='par_1_63' title="bbox 207 3321 1814 3395">
     <span class='ocr_line' id='line_1_63' title="bbox 207 3321 1814 3395; baseline -0.004 -14"><span class='ocrx_word' id='word_1_500' title='bbox 207 3325 493 3394; x_wconf 74' lang='lat' dir='ltr'><strong>signiﬁcat</strong></span> <span class='ocrx_word' id='word_1_501' title='bbox 555 3323 928 3395; x_wconf 75' lang='lat' dir='ltr'><strong>apestolorum</strong></span> <span class='ocrx_word' id='word_1_502' title='bbox 990 3323 1446 3378; x_wconf 87' lang='lat' dir='ltr'><strong>circumeuntium</strong></span> <span class='ocrx_word' id='word_1_503' title='bbox 1512 3321 1814 3388; x_wconf 89' lang='lat' dir='ltr'><strong>mundum,</strong></span> 
     </span>
    </p>
   </div>
   <div class='ocr_carea' id='block_1_64' title="bbox 209 3415 1815 3490">
    <p class='ocr_par' dir='ltr' id='par_1_64' title="bbox 209 3415 1815 3490">
     <span class='ocr_line' id='line_1_64' title="bbox 209 3415 1815 3490; baseline -0.003 -14"><span class='ocrx_word' id='word_1_504' title='bbox 209 3419 238 3459; x_wconf 68' lang='grc' dir='ltr'>δ</span> <span class='ocrx_word' id='word_1_505' title='bbox 267 3431 326 3476; x_wconf 90' lang='grc' dir='ltr'><strong>ει</strong></span> <span class='ocrx_word' id='word_1_506' title='bbox 359 3435 586 3490; x_wconf 78' lang='lat' dir='ltr'><strong>regnum</strong></span> <span class='ocrx_word' id='word_1_507' title='bbox 619 3417 716 3474; x_wconf 88' lang='lat' dir='ltr'><strong>Dei</strong></span> <span class='ocrx_word' id='word_1_508' title='bbox 745 3418 1042 3473; x_wconf 85' lang='lat' dir='ltr'><strong>adventare</strong></span> <span class='ocrx_word' id='word_1_509' title='bbox 1075 3417 1516 3487; x_wconf 72' lang='lat' dir='ltr'><strong>prmdicautium;</strong></span> <span class='ocrx_word' id='word_1_510' title='bbox 1549 3415 1815 3472; x_wconf 87' lang='lat' dir='ltr'><strong>adventus</strong></span> 
     </span>
    </p>
   </div>
   <div class='ocr_carea' id='block_1_65' title="bbox 203 3513 1813 3585">
    <p class='ocr_par' dir='ltr' id='par_1_65' title="bbox 203 3513 1813 3585">
     <span class='ocr_line' id='line_1_65' title="bbox 203 3513 1813 3585; baseline -0.002 -14"><span class='ocrx_word' id='word_1_511' title='bbox 203 3515 361 3571; x_wconf 85' lang='lat' dir='ltr'><strong>enim</strong></span> <span class='ocrx_word' id='word_1_512' title='bbox 391 3513 635 3585; x_wconf 91' lang='lat' dir='ltr'><strong>ipsorum</strong></span> <span class='ocrx_word' id='word_1_513' title='bbox 665 3513 1004 3569; x_wconf 89' lang='lat' dir='ltr'><strong>illuminabat</strong></span> <span class='ocrx_word' id='word_1_514' title='bbox 1035 3513 1310 3578; x_wconf 88' lang='lat' dir='ltr'><strong>homines,</strong></span> <span class='ocrx_word' id='word_1_515' title='bbox 1338 3513 1482 3567; x_wconf 88' lang='lat' dir='ltr'><strong>viam</strong></span> <span class='ocrx_word' id='word_1_516' title='bbox 1515 3513 1813 3568; x_wconf 88' lang='lat' dir='ltr'><strong>ostendens</strong></span> 
     </span>
    </p>
   </div>
   <div class='ocr_carea' id='block_1_66' title="bbox 202 3606 1811 3682">
    <p class='ocr_par' dir='ltr' id='par_1_66' title="bbox 202 3606 1811 3682">
     <span class='ocr_line' id='line_1_66' title="bbox 202 3606 1811 3682; baseline -0.002 -19"><span class='ocrx_word' id='word_1_517' title='bbox 202 3610 324 3682; x_wconf 73' lang='lat'><strong>88</strong></span> <span class='ocrx_word' id='word_1_518' title='bbox 353 3623 460 3677; x_wconf 91' lang='lat' dir='ltr'><strong>qua</strong></span> <span class='ocrx_word' id='word_1_519' title='bbox 490 3607 602 3662; x_wconf 89' lang='lat' dir='ltr'><strong>itur</strong></span> <span class='ocrx_word' id='word_1_520' title='bbox 631 3609 683 3663; x_wconf 91' lang='lat' dir='ltr'><strong>in</strong></span> <span class='ocrx_word' id='word_1_521' title='bbox 716 3622 848 3678; x_wconf 89' lang='lat' dir='ltr'><strong>pace</strong></span> <span class='ocrx_word' id='word_1_522' title='bbox 876 3607 942 3662; x_wconf 88' lang='lat' dir='ltr'><strong>ad</strong></span> <span class='ocrx_word' id='word_1_523' title='bbox 965 3606 1157 3674; x_wconf 91' lang='lat' dir='ltr'><strong>Deum,</strong></span> <span class='ocrx_word' id='word_1_524' title='bbox 1191 3622 1354 3676; x_wconf 85' lang='lat' dir='ltr'><strong>quam</strong></span> <span class='ocrx_word' id='word_1_525' title='bbox 1389 3606 1621 3677; x_wconf 88' lang='lat' dir='ltr'><strong>primum</strong></span> <span class='ocrx_word' id='word_1_526' title='bbox 1651 3606 1811 3662; x_wconf 85' lang='lat' dir='ltr'><strong>Joan-</strong></span> 
     </span>
    </p>
   </div>
   <div class='ocr_carea' id='block_1_67' title="bbox 203 3701 1813 3774">
    <p class='ocr_par' dir='ltr' id='par_1_67' title="bbox 203 3701 1813 3774">
     <span class='ocr_line' id='line_1_67' title="bbox 203 3701 1813 3774; baseline -0.002 -14"><span class='ocrx_word' id='word_1_527' title='bbox 203 3720 310 3760; x_wconf 85' lang='lat' dir='ltr'><strong>nes</strong></span> <span class='ocrx_word' id='word_1_528' title='bbox 357 3704 599 3774; x_wconf 80' lang='lat' dir='ltr'><strong>Baptista</strong></span> <span class='ocrx_word' id='word_1_529' title='bbox 628 3713 854 3760; x_wconf 89' lang='lat' dir='ltr'><strong>venerat</strong></span> <span class='ocrx_word' id='word_1_530' title='bbox 906 3717 1233 3774; x_wconf 70' lang='lat' dir='ltr'><strong>prmpararc.</strong></span> <span class='ocrx_word' id='word_1_531' title='bbox 1269 3701 1394 3756; x_wconf 64' lang='lat' dir='ltr'><strong>Haec</strong></span> <span class='ocrx_word' id='word_1_532' title='bbox 1442 3717 1544 3771; x_wconf 90' lang='lat' dir='ltr'><strong>pax</strong></span> <span class='ocrx_word' id='word_1_533' title='bbox 1591 3712 1713 3767; x_wconf 91' lang='lat' dir='ltr'><strong>est,</strong></span> <span class='ocrx_word' id='word_1_534' title='bbox 1746 3701 1813 3756; x_wconf 91' lang='lat' dir='ltr'><strong>ad</strong></span> 
     </span>
    </p>
   </div>
   <div class='ocr_carea' id='block_1_68' title="bbox 201 3795 1815 3869">
    <p class='ocr_par' dir='ltr' id='par_1_68' title="bbox 201 3795 1815 3869">
     <span class='ocr_line' id='line_1_68' title="bbox 201 3795 1815 3869; baseline -0.002 -16"><span class='ocrx_word' id='word_1_535' title='bbox 201 3813 378 3869; x_wconf 87' lang='lat' dir='ltr'><strong>quam</strong></span> <span class='ocrx_word' id='word_1_536' title='bbox 399 3797 658 3854; x_wconf 86' lang='lat' dir='ltr'><strong>festinant</strong></span> <span class='ocrx_word' id='word_1_537' title='bbox 676 3797 968 3853; x_wconf 89' lang='lat' dir='ltr'><strong>credentes</strong></span> <span class='ocrx_word' id='word_1_538' title='bbox 997 3797 1048 3850; x_wconf 90' lang='lat' dir='ltr'><strong>in</strong></span> <span class='ocrx_word' id='word_1_539' title='bbox 1076 3796 1374 3851; x_wconf 89' lang='lat' dir='ltr'><strong>Christum.</strong></span> <span class='ocrx_word' id='word_1_540' title='bbox 1401 3795 1642 3865; x_wconf 89' lang='lat' dir='ltr'><strong>Denique</strong></span> <span class='ocrx_word' id='word_1_541' title='bbox 1665 3809 1815 3849; x_wconf 89' lang='lat' dir='ltr'><strong>sanc-</strong></span> 
     </span>
    </p>
   </div>
   <div class='ocr_carea' id='block_1_69' title="bbox 205 3887 1814 3961">
    <p class='ocr_par' dir='ltr' id='par_1_69' title="bbox 205 3887 1814 3961">
     <span class='ocr_line' id='line_1_69' title="bbox 205 3887 1814 3961; baseline -0.004 -15"><span class='ocrx_word' id='word_1_542' title='bbox 205 3899 300 3946; x_wconf 88' lang='lat' dir='ltr'><strong>tus</strong></span> <span class='ocrx_word' id='word_1_543' title='bbox 341 3890 566 3946; x_wconf 89' lang='lat' dir='ltr'><strong>Simeon</strong></span> <span class='ocrx_word' id='word_1_544' title='bbox 593 3931 608 3956; x_wconf 92' lang='lat'><strong>,</strong></span> <span class='ocrx_word' id='word_1_545' title='bbox 639 3891 766 3961; x_wconf 87' lang='lat' dir='ltr'><strong>quia</strong></span> <span class='ocrx_word' id='word_1_546' title='bbox 800 3889 850 3944; x_wconf 93' lang='lat' dir='ltr'><strong>in</strong></span> <span class='ocrx_word' id='word_1_547' title='bbox 879 3888 1081 3944; x_wconf 89' lang='lat' dir='ltr'><strong>mundo</strong></span> <span class='ocrx_word' id='word_1_548' title='bbox 1109 3888 1387 3943; x_wconf 90' lang='lat' dir='ltr'><strong>discordia</strong></span> <span class='ocrx_word' id='word_1_549' title='bbox 1419 3897 1523 3953; x_wconf 90' lang='lat' dir='ltr'><strong>est,</strong></span> <span class='ocrx_word' id='word_1_550' title='bbox 1573 3888 1727 3941; x_wconf 72' lang='lat' dir='ltr'><strong>Izetus</strong></span> <span class='ocrx_word' id='word_1_551' title='bbox 1761 3887 1814 3940; x_wconf 92' lang='lat' dir='ltr'><strong>in</strong></span> 
     </span>
    </p>
   </div>
   <div class='ocr_carea' id='block_1_70' title="bbox 201 3980 1814 4049">
    <p class='ocr_par' dir='ltr' id='par_1_70' title="bbox 201 3980 1814 4049">
     <span class='ocr_line' id='line_1_70' title="bbox 201 3980 1814 4049; baseline -0.004 -11"><span class='ocrx_word' id='word_1_552' title='bbox 201 3993 336 4038; x_wconf 88' lang='lat' dir='ltr'><strong>ortu</strong></span> <span class='ocrx_word' id='word_1_553' title='bbox 369 3983 670 4039; x_wconf 88' lang='lat' dir='ltr'><strong>Salvatoris</strong></span> <span class='ocrx_word' id='word_1_554' title='bbox 697 4000 711 4037; x_wconf 91' lang='lat'>:</span> <span class='ocrx_word' id='word_1_555' title='bbox 744 3981 933 4049; x_wconf 86' lang='lat' dir='ltr'><strong>Nunc,</strong></span> <span class='ocrx_word' id='word_1_556' title='bbox 966 3980 1072 4048; x_wconf 88' lang='lat' dir='ltr'><strong>ait,</strong></span> <span class='ocrx_word' id='word_1_557' title='bbox 1107 3981 1353 4047; x_wconf 84' lang='lat' dir='ltr'><strong>Domine,</strong></span> <span class='ocrx_word' id='word_1_558' title='bbox 1390 3980 1590 4034; x_wconf 85' lang='lat' dir='ltr'><strong>dimitte</strong></span> <span class='ocrx_word' id='word_1_559' title='bbox 1613 3995 1814 4035; x_wconf 80' lang='lat' dir='ltr'><strong>servum</strong></span> 
     </span>
    </p>
   </div>
   <div class='ocr_carea' id='block_1_71' title="bbox 199 4074 1810 4147">
    <p class='ocr_par' dir='ltr' id='par_1_71' title="bbox 199 4074 1810 4147">
     <span class='ocr_line' id='line_1_71' title="bbox 199 4074 1810 4147; baseline -0.002 -16"><span class='ocrx_word' id='word_1_560' title='bbox 199 4087 365 4131; x_wconf 85' lang='lat' dir='ltr'><strong>tuum</strong></span> <span class='ocrx_word' id='word_1_561' title='bbox 409 4077 464 4129; x_wconf 89' lang='lat' dir='ltr'><strong>in</strong></span> <span class='ocrx_word' id='word_1_562' title='bbox 487 4093 613 4146; x_wconf 88' lang='lat' dir='ltr'><strong>pace</strong></span> <span class='ocrx_word' id='word_1_563' title='bbox 634 4077 786 4147; x_wconf 84' lang='lat' dir='ltr'><strong>(Luc.</strong></span> <span class='ocrx_word' id='word_1_564' title='bbox 824 4091 885 4142; x_wconf 85' lang='lat' dir='ltr'><strong>tt,</strong></span> <span class='ocrx_word' id='word_1_565' title='bbox 908 4076 1026 4145; x_wconf 70' lang='lat'><strong>29);</strong></span> <span class='ocrx_word' id='word_1_566' title='bbox 1055 4074 1177 4145; x_wconf 86' lang='lat' dir='ltr'><strong>quia</strong></span> <span class='ocrx_word' id='word_1_567' title='bbox 1207 4090 1433 4144; x_wconf 79' lang='lat' dir='ltr'><strong>regnum</strong></span> <span class='ocrx_word' id='word_1_568' title='bbox 1463 4074 1553 4128; x_wconf 90' lang='lat' dir='ltr'><strong>Dei</strong></span> <span class='ocrx_word' id='word_1_569' title='bbox 1578 4088 1679 4144; x_wconf 78' lang='lat' dir='ltr'><strong>pax</strong></span> <span class='ocrx_word' id='word_1_570' title='bbox 1707 4082 1810 4128; x_wconf 82' lang='lat' dir='ltr'><strong>est.</strong></span> 
     </span>
    </p>
   </div>
   <div class='ocr_carea' id='block_1_72' title="bbox 198 4159 1814 4241">
    <p class='ocr_par' dir='ltr' id='par_1_72' title="bbox 198 4159 1814 4241">
     <span class='ocr_line' id='line_1_72' title="bbox 198 4159 1814 4241; baseline -0.007 -12"><span class='ocrx_word' id='word_1_571' title='bbox 198 4171 375 4229; x_wconf 88' lang='lat' dir='ltr'><strong>Omni</strong></span> <span class='ocrx_word' id='word_1_572' title='bbox 406 4170 550 4225; x_wconf 88' lang='lat' dir='ltr'><strong>enim</strong></span> <span class='ocrx_word' id='word_1_573' title='bbox 579 4180 853 4241; x_wconf 86' lang='lat' dir='ltr'><strong>amputata</strong></span> <span class='ocrx_word' id='word_1_574' title='bbox 885 4159 1177 4235; x_wconf 84' lang='lat' dir='ltr'><strong>discordia,</strong></span> <span class='ocrx_word' id='word_1_575' title='bbox 1211 4183 1402 4221; x_wconf 88' lang='lat' dir='ltr'><strong>omnes</strong></span> <span class='ocrx_word' id='word_1_576' title='bbox 1425 4165 1518 4220; x_wconf 94' lang='lat' dir='ltr'><strong>uni</strong></span> <span class='ocrx_word' id='word_1_577' title='bbox 1539 4166 1651 4220; x_wconf 90' lang='lat' dir='ltr'><strong>Deo</strong></span> <span class='ocrx_word' id='word_1_578' title='bbox 1673 4181 1814 4235; x_wconf 78' lang='lat' dir='ltr'><strong>genu</strong></span> 
     </span>
    </p>
   </div>
   <div class='ocr_carea' id='block_1_73' title="bbox 198 4258 1816 4334">
    <p class='ocr_par' dir='ltr' id='par_1_73' title="bbox 198 4258 1816 4334">
     <span class='ocr_line' id='line_1_73' title="bbox 198 4258 1816 4334; baseline -0.007 -11"><span class='ocrx_word' id='word_1_579' title='bbox 198 4266 464 4323; x_wconf 86' lang='lat' dir='ltr'><strong>flcctcut.</strong></span> <span class='ocrx_word' id='word_1_580' title='bbox 503 4263 742 4334; x_wconf 76' lang='lat' dir='ltr'><strong>Denique</strong></span> <span class='ocrx_word' id='word_1_581' title='bbox 788 4262 1126 4318; x_wconf 87' lang='lat' dir='ltr'><strong>Hierusalem</strong></span> <span class='ocrx_word' id='word_1_582' title='bbox 1167 4261 1418 4330; x_wconf 82' lang='lat' dir='ltr'><strong>superior</strong></span> <span class='ocrx_word' id='word_1_583' title='bbox 1447 4259 1639 4312; x_wconf 87' lang='lat' dir='ltr'><strong>civitas</strong></span> <span class='ocrx_word' id='word_1_584' title='bbox 1681 4258 1816 4312; x_wconf 85' lang='lat' dir='ltr'><strong>visio</strong></span> 
     </span>
    </p>
   </div>
   <div class='ocr_carea' id='block_1_74' title="bbox 199 4359 1522 4430">
    <p class='ocr_par' dir='ltr' id='par_1_74' title="bbox 199 4359 1522 4430">
     <span class='ocr_line' id='line_1_74' title="bbox 199 4359 1522 4430; baseline -0.01 -15"><span class='ocrx_word' id='word_1_585' title='bbox 199 4361 370 4430; x_wconf 86' lang='lat' dir='ltr'><strong>pacis</strong></span> <span class='ocrx_word' id='word_1_586' title='bbox 405 4359 816 4427; x_wconf 84' lang='lat' dir='ltr'><strong>interpretatur,</strong></span> <span class='ocrx_word' id='word_1_587' title='bbox 850 4371 968 4425; x_wconf 71' lang='lat' dir='ltr'><strong>qum</strong></span> <span class='ocrx_word' id='word_1_588' title='bbox 996 4362 1078 4408; x_wconf 90' lang='lat' dir='ltr'><strong>est</strong></span> <span class='ocrx_word' id='word_1_589' title='bbox 1109 4363 1281 4407; x_wconf 89' lang='lat' dir='ltr'><strong>mater</strong></span> <span class='ocrx_word' id='word_1_590' title='bbox 1316 4360 1522 4406; x_wconf 87' lang='lat' dir='ltr'><strong>nostra.</strong></span> 
     </span>
    </p>
   </div>
   <div class='ocr_carea' id='block_1_75' title="bbox 277 4441 1814 4524">
    <p class='ocr_par' dir='ltr' id='par_1_75' title="bbox 277 4441 1814 4524">
     <span class='ocr_line' id='line_1_75' title="bbox 277 4441 1814 4524; baseline -0.005 -19"><span class='ocrx_word' id='word_1_591' title='bbox 277 4450 475 4524; x_wconf 64' lang='grc' dir='ltr'>(νει-ε.</span> <span class='ocrx_word' id='word_1_592' title='bbox 503 4448 613 4520; x_wconf 84' lang='lat'><strong>16.)</strong></span> <span class='ocrx_word' id='word_1_593' title='bbox 645 4448 752 4504; x_wconf 86' lang='lat' dir='ltr'><strong>Sed</strong></span> <span class='ocrx_word' id='word_1_594' title='bbox 774 4465 874 4501; x_wconf 89' lang='lat' dir='ltr'><strong>non</strong></span> <span class='ocrx_word' id='word_1_595' title='bbox 904 4463 1078 4500; x_wconf 80' lang='lat' dir='ltr'><strong>omnes</strong></span> <span class='ocrx_word' id='word_1_596' title='bbox 1107 4445 1345 4498; x_wconf 87' lang='lat' dir='ltr'><strong>obediunt</strong></span> <span class='ocrx_word' id='word_1_597' title='bbox 1372 4442 1679 4516; x_wconf 85' lang='lat' dir='ltr'><strong>Evangelia.</strong></span> <span class='ocrx_word' id='word_1_598' title='bbox 1708 4441 1814 4497; x_wconf 84' lang='lat' dir='ltr'><strong>Ve-</strong></span> 
     </span>
    </p>
   </div>
   <div class='ocr_carea' id='block_1_76' title="bbox 199 4533 1817 4612">
    <p class='ocr_par' dir='ltr' id='par_1_76' title="bbox 199 4533 1817 4612">
     <span class='ocr_line' id='line_1_76' title="bbox 199 4533 1817 4612; baseline -0.006 -13"><span class='ocrx_word' id='word_1_599' title='bbox 199 4559 332 4599; x_wconf 83' lang='lat' dir='ltr'><strong>rum</strong></span> <span class='ocrx_word' id='word_1_600' title='bbox 359 4550 468 4606; x_wconf 56' lang='lat' dir='ltr'><strong>est,</strong></span> <span class='ocrx_word' id='word_1_601' title='bbox 493 4542 614 4612; x_wconf 85' lang='lat' dir='ltr'><strong>quia</strong></span> <span class='ocrx_word' id='word_1_602' title='bbox 640 4540 890 4611; x_wconf 83' lang='lat' dir='ltr'><strong>quamvis</strong></span> <span class='ocrx_word' id='word_1_603' title='bbox 918 4539 1220 4593; x_wconf 89' lang='lat' dir='ltr'><strong>illustretur</strong></span> <span class='ocrx_word' id='word_1_604' title='bbox 1254 4536 1488 4591; x_wconf 91' lang='lat' dir='ltr'><strong>mundus</strong></span> <span class='ocrx_word' id='word_1_605' title='bbox 1518 4533 1817 4606; x_wconf 78' lang='lat' dir='ltr'><strong>Splendore</strong></span> 
     </span>
    </p>
   </div>
   <div class='ocr_carea' id='block_1_77' title="bbox 1919 3323 3514 3395">
    <p class='ocr_par' dir='ltr' id='par_1_77' title="bbox 1919 3323 3514 3395">
     <span class='ocr_line' id='line_1_77' title="bbox 1919 3323 3514 3395; baseline 0 -16"><span class='ocrx_word' id='word_1_606' title='bbox 1919 3324 2143 3380; x_wconf 89' lang='lat' dir='ltr'><strong>missum</strong></span> <span class='ocrx_word' id='word_1_607' title='bbox 2173 3323 2346 3379; x_wconf 87' lang='lat' dir='ltr'><strong>fuerat</strong></span> <span class='ocrx_word' id='word_1_608' title='bbox 2381 3326 2433 3377; x_wconf 91' lang='lat' dir='ltr'><strong>in</strong></span> <span class='ocrx_word' id='word_1_609' title='bbox 2461 3323 2605 3394; x_wconf 88' lang='lat' dir='ltr'><strong>Lege</strong></span> <span class='ocrx_word' id='word_1_610' title='bbox 2629 3340 2648 3378; x_wconf 90' lang='lat'><strong><em>:</em></strong></span> <span class='ocrx_word' id='word_1_611' title='bbox 2676 3323 2771 3379; x_wconf 88' lang='lat' dir='ltr'><strong>sed</strong></span> <span class='ocrx_word' id='word_1_612' title='bbox 2810 3339 2933 3378; x_wconf 90' lang='lat' dir='ltr'><strong>eum</strong></span> <span class='ocrx_word' id='word_1_613' title='bbox 2975 3325 3066 3395; x_wconf 91' lang='lat' dir='ltr'><strong>qui</strong></span> <span class='ocrx_word' id='word_1_614' title='bbox 3103 3325 3297 3395; x_wconf 87' lang='lat' dir='ltr'><strong>spiritu</strong></span> <span class='ocrx_word' id='word_1_615' title='bbox 3341 3325 3514 3395; x_wconf 86' lang='lat' dir='ltr'><strong>magis</strong></span> 
     </span>
    </p>
   </div>
   <div class='ocr_carea' id='block_1_78' title="bbox 1919 3417 3520 3487">
    <p class='ocr_par' dir='ltr' id='par_1_78' title="bbox 1919 3417 3520 3487">
     <span class='ocr_line' id='line_1_78' title="bbox 1919 3417 3520 3487; baseline 0.001 -14"><span class='ocrx_word' id='word_1_616' title='bbox 1919 3417 2082 3474; x_wconf 90' lang='lat' dir='ltr'><strong>Israel</strong></span> <span class='ocrx_word' id='word_1_617' title='bbox 2109 3427 2193 3473; x_wconf 87' lang='lat' dir='ltr'><strong>est</strong></span> <span class='ocrx_word' id='word_1_618' title='bbox 2219 3433 2381 3487; x_wconf 91' lang='lat' dir='ltr'><strong>quam</strong></span> <span class='ocrx_word' id='word_1_619' title='bbox 2407 3431 2592 3482; x_wconf 89' lang='lat' dir='ltr'><strong>carne,</strong></span> <span class='ocrx_word' id='word_1_620' title='bbox 2621 3431 2780 3487; x_wconf 91' lang='lat' dir='ltr'><strong>quem</strong></span> <span class='ocrx_word' id='word_1_621' title='bbox 2808 3426 2864 3472; x_wconf 91' lang='lat' dir='ltr'><strong>et</strong></span> <span class='ocrx_word' id='word_1_622' title='bbox 2885 3418 3026 3473; x_wconf 91' lang='lat' dir='ltr'><strong>Deus</strong></span> <span class='ocrx_word' id='word_1_623' title='bbox 3051 3420 3368 3485; x_wconf 85' lang='lat' dir='ltr'><strong>praescierat</strong></span> <span class='ocrx_word' id='word_1_624' title='bbox 3397 3434 3520 3474; x_wconf 84' lang='lat' dir='ltr'><strong>cre-</strong></span> 
     </span>
    </p>
   </div>
   <div class='ocr_carea' id='block_1_79' title="bbox 1920 3508 3520 3576">
    <p class='ocr_par' dir='ltr' id='par_1_79' title="bbox 1920 3508 3520 3576">
     <span class='ocr_line' id='line_1_79' title="bbox 1920 3508 3520 3576; baseline 0.001 -12"><span class='ocrx_word' id='word_1_625' title='bbox 1920 3509 2180 3565; x_wconf 90' lang='lat' dir='ltr'><strong>diturum.</strong></span> <span class='ocrx_word' id='word_1_626' title='bbox 2203 3510 2409 3566; x_wconf 88' lang='lat' dir='ltr'><strong>Omnes</strong></span> <span class='ocrx_word' id='word_1_627' title='bbox 2438 3509 2584 3565; x_wconf 90' lang='lat' dir='ltr'><strong>enim</strong></span> <span class='ocrx_word' id='word_1_628' title='bbox 2610 3508 2921 3576; x_wconf 82' lang='lat' dir='ltr'><strong>audierunt,</strong></span> <span class='ocrx_word' id='word_1_629' title='bbox 2947 3521 2998 3566; x_wconf 91' lang='lat' dir='ltr'><strong>et</strong></span> <span class='ocrx_word' id='word_1_630' title='bbox 3039 3525 3147 3566; x_wconf 91' lang='lat' dir='ltr'><strong>non</strong></span> <span class='ocrx_word' id='word_1_631' title='bbox 3177 3525 3368 3567; x_wconf 88' lang='lat' dir='ltr'><strong>omnes</strong></span> <span class='ocrx_word' id='word_1_632' title='bbox 3397 3527 3520 3567; x_wconf 87' lang='lat' dir='ltr'><strong>cre-</strong></span> 
     </span>
    </p>
   </div>
   <div class='ocr_carea' id='block_1_80' title="bbox 1918 3603 2392 3669">
    <p class='ocr_par' dir='ltr' id='par_1_80' title="bbox 1918 3603 2392 3669">
     <span class='ocr_line' id='line_1_80' title="bbox 1918 3603 2392 3669; baseline -0.002 -11"><span class='ocrx_word' id='word_1_633' title='bbox 1918 3603 2205 3669; x_wconf 81' lang='lat' dir='ltr'><strong>diderunt;</strong></span> <span class='ocrx_word' id='word_1_634' title='bbox 2238 3605 2358 3660; x_wconf 91' lang='lat' dir='ltr'><strong>ideo</strong></span> <span class='ocrx_word' id='word_1_635' title='bbox 2381 3625 2392 3657; x_wconf 90' lang='lat'>:</span> 
     </span>
    </p>
   </div>
   <div class='ocr_carea' id='block_1_81' title="bbox 1993 3697 3519 3770">
    <p class='ocr_par' dir='ltr' id='par_1_81' title="bbox 1993 3697 3519 3770">
     <span class='ocr_line' id='line_1_81' title="bbox 1993 3697 3519 3770; baseline 0.004 -20"><span class='ocrx_word' id='word_1_636' title='bbox 1993 3697 2206 3752; x_wconf 80' lang='lat' dir='ltr'><strong>Primus</strong></span> <span class='ocrx_word' id='word_1_637' title='bbox 2252 3698 2459 3770; x_wconf 84' lang='lat' dir='ltr'><strong>Moyses</strong></span> <span class='ocrx_word' id='word_1_638' title='bbox 2501 3700 2666 3764; x_wconf 84' lang='lat' dir='ltr'><strong>dicit;</strong></span> <span class='ocrx_word' id='word_1_639' title='bbox 2698 3700 2750 3754; x_wconf 92' lang='lat' dir='ltr'><strong>in</strong></span> <span class='ocrx_word' id='word_1_640' title='bbox 2799 3701 3016 3755; x_wconf 91' lang='lat' dir='ltr'><strong>cantico</strong></span> <span class='ocrx_word' id='word_1_641' title='bbox 3064 3701 3519 3758; x_wconf 88' lang='lat' dir='ltr'><strong>Deuteronomii:</strong></span> 
     </span>
    </p>
   </div>
   <div class='ocr_carea' id='block_1_82' title="bbox 1919 3791 3518 3866">
    <p class='ocr_par' dir='ltr' id='par_1_82' title="bbox 1919 3791 3518 3866">
     <span class='ocr_line' id='line_1_82' title="bbox 1919 3791 3518 3866; baseline 0.001 -17"><span class='ocrx_word' id='word_1_642' title='bbox 1919 3791 2032 3865; x_wconf 84' lang='lat' dir='ltr'><strong>Ego</strong></span> <span class='ocrx_word' id='word_1_643' title='bbox 2057 3793 2124 3846; x_wconf 88' lang='lat' dir='ltr'><strong>ad</strong></span> <span class='ocrx_word' id='word_1_644' title='bbox 2145 3793 2530 3847; x_wconf 73' lang='lat' dir='ltr'><strong>wiiiulationem</strong></span> <span class='ocrx_word' id='word_1_645' title='bbox 2566 3809 2653 3848; x_wconf 89' lang='lat' dir='ltr'><strong>vos</strong></span> <span class='ocrx_word' id='word_1_646' title='bbox 2683 3794 2942 3848; x_wconf 89' lang='lat' dir='ltr'><strong>adducam</strong></span> <span class='ocrx_word' id='word_1_647' title='bbox 2979 3795 3033 3848; x_wconf 88' lang='lat' dir='ltr'><strong>in</strong></span> <span class='ocrx_word' id='word_1_648' title='bbox 3061 3811 3163 3849; x_wconf 90' lang='lat' dir='ltr'><strong>non</strong></span> <span class='ocrx_word' id='word_1_649' title='bbox 3200 3805 3398 3866; x_wconf 85' lang='lat' dir='ltr'><strong>gentem</strong></span> <span class='ocrx_word' id='word_1_650' title='bbox 3422 3837 3435 3860; x_wconf 92' lang='lat'><strong>,</strong></span> <span class='ocrx_word' id='word_1_651' title='bbox 3464 3797 3518 3850; x_wconf 87' lang='lat' dir='ltr'><strong>in</strong></span> 
     </span>
    </p>
   </div>
   <div class='ocr_carea' id='block_1_83' title="bbox 1916 3885 3514 3959">
    <p class='ocr_par' dir='ltr' id='par_1_83' title="bbox 1916 3885 3514 3959">
     <span class='ocr_line' id='line_1_83' title="bbox 1916 3885 3514 3959; baseline 0 -17"><span class='ocrx_word' id='word_1_652' title='bbox 1916 3896 2117 3959; x_wconf 83' lang='lat' dir='ltr'><strong>gentem</strong></span> <span class='ocrx_word' id='word_1_653' title='bbox 2153 3886 2496 3955; x_wconf 86' lang='lat' dir='ltr'><strong>insipientem,</strong></span> <span class='ocrx_word' id='word_1_654' title='bbox 2529 3888 2581 3941; x_wconf 91' lang='lat' dir='ltr'><strong>in</strong></span> <span class='ocrx_word' id='word_1_655' title='bbox 2610 3889 2740 3940; x_wconf 86' lang='lat' dir='ltr'><strong>iram</strong></span> <span class='ocrx_word' id='word_1_656' title='bbox 2779 3904 2867 3941; x_wconf 86' lang='lat' dir='ltr'><strong>vos</strong></span> <span class='ocrx_word' id='word_1_657' title='bbox 2907 3888 3107 3941; x_wconf 88' lang='lat' dir='ltr'><strong>mittam</strong></span> <span class='ocrx_word' id='word_1_658' title='bbox 3134 3885 3316 3957; x_wconf 88' lang='lat' dir='ltr'><strong>(Deut.</strong></span> <span class='ocrx_word' id='word_1_659' title='bbox 3343 3902 3514 3952; x_wconf 67' lang='grc' dir='ltr'>χχιιι,</span> 
     </span>
    </p>
   </div>
   <div class='ocr_carea' id='block_1_84' title="bbox 1917 3979 3521 4050">
    <p class='ocr_par' dir='ltr' id='par_1_84' title="bbox 1917 3979 3521 4050">
     <span class='ocr_line' id='line_1_84' title="bbox 1917 3979 3521 4050; baseline 0 -16"><span class='ocrx_word' id='word_1_660' title='bbox 1917 3979 2046 4050; x_wconf 74' lang='lat'><strong>21).</strong></span> <span class='ocrx_word' id='word_1_661' title='bbox 2084 3979 2418 4050; x_wconf 90' lang='lat' dir='ltr'><strong>lndignantis</strong></span> <span class='ocrx_word' id='word_1_662' title='bbox 2444 3980 2615 4035; x_wconf 80' lang='lat' dir='ltr'><strong>verba</strong></span> <span class='ocrx_word' id='word_1_663' title='bbox 2661 3988 2816 4045; x_wconf 92' lang='lat' dir='ltr'><strong>sunt,</strong></span> <span class='ocrx_word' id='word_1_664' title='bbox 2845 3988 3072 4049; x_wconf 85' lang='lat' dir='ltr'><strong>prepter</strong></span> <span class='ocrx_word' id='word_1_665' title='bbox 3113 3980 3256 4048; x_wconf 86' lang='lat' dir='ltr'><strong>quod</strong></span> <span class='ocrx_word' id='word_1_666' title='bbox 3299 3995 3521 4050; x_wconf 86' lang='lat' dir='ltr'><strong>semper</strong></span> 
     </span>
    </p>
   </div>
   <div class='ocr_carea' id='block_1_85' title="bbox 1917 4070 3521 4128">
    <p class='ocr_par' dir='ltr' id='par_1_85' title="bbox 1917 4070 3521 4128">
     <span class='ocr_line' id='line_1_85' title="bbox 1917 4070 3521 4128; baseline -0.001 0"><span class='ocrx_word' id='word_1_667' title='bbox 1917 4071 2228 4128; x_wconf 88' lang='lat' dir='ltr'><strong>difﬁdentes</strong></span> <span class='ocrx_word' id='word_1_668' title='bbox 2261 4081 2283 4110; x_wconf 76' lang='grc' dir='ltr'><strong>ο</strong></span> <span class='ocrx_word' id='word_1_669' title='bbox 2330 4072 2534 4126; x_wconf 88' lang='lat' dir='ltr'><strong>inventi</strong></span> <span class='ocrx_word' id='word_1_670' title='bbox 2578 4079 2705 4126; x_wconf 89' lang='lat' dir='ltr'><strong>sunt</strong></span> <span class='ocrx_word' id='word_1_671' title='bbox 2735 4070 2910 4127; x_wconf 81' lang='lat' dir='ltr'><strong>Jada-i</strong></span> <span class='ocrx_word' id='word_1_672' title='bbox 2938 4089 2950 4124; x_wconf 89' lang='lat'><strong>:</strong></span> <span class='ocrx_word' id='word_1_673' title='bbox 2981 4081 3036 4126; x_wconf 92' lang='lat' dir='ltr'><strong>et</strong></span> <span class='ocrx_word' id='word_1_674' title='bbox 3080 4072 3331 4128; x_wconf 87' lang='lat' dir='ltr'><strong>omnibus</strong></span> <span class='ocrx_word' id='word_1_675' title='bbox 3363 4071 3521 4127; x_wconf 88' lang='lat' dir='ltr'><strong>malis</strong></span> 
     </span>
    </p>
   </div>
   <div class='ocr_carea' id='block_1_86' title="bbox 1918 4163 3522 4234">
    <p class='ocr_par' dir='ltr' id='par_1_86' title="bbox 1918 4163 3522 4234">
     <span class='ocr_line' id='line_1_86' title="bbox 1918 4163 3522 4234; baseline -0.001 -15"><span class='ocrx_word' id='word_1_676' title='bbox 1918 4179 2082 4219; x_wconf 91' lang='lat' dir='ltr'><strong>unam</strong></span> <span class='ocrx_word' id='word_1_677' title='bbox 2120 4163 2364 4233; x_wconf 89' lang='lat' dir='ltr'><strong>assignat</strong></span> <span class='ocrx_word' id='word_1_678' title='bbox 2393 4163 2803 4233; x_wconf 83' lang='lat' dir='ltr'><strong>generationem</strong></span> <span class='ocrx_word' id='word_1_679' title='bbox 2844 4172 2899 4219; x_wconf 89' lang='lat' dir='ltr'><strong>et</strong></span> <span class='ocrx_word' id='word_1_680' title='bbox 2941 4177 3181 4231; x_wconf 89' lang='lat' dir='ltr'><strong>causam;</strong></span> <span class='ocrx_word' id='word_1_681' title='bbox 3219 4163 3348 4219; x_wconf 90' lang='lat' dir='ltr'><strong>dum</strong></span> <span class='ocrx_word' id='word_1_682' title='bbox 3380 4179 3522 4234; x_wconf 73' lang='lat' dir='ltr'><strong>prte-</strong></span> 
     </span>
    </p>
   </div>
   <div class='ocr_carea' id='block_1_87' title="bbox 1919 4257 3524 4330">
    <p class='ocr_par' dir='ltr' id='par_1_87' title="bbox 1919 4257 3524 4330">
     <span class='ocr_line' id='line_1_87' title="bbox 1919 4257 3524 4330; baseline -0.001 -17"><span class='ocrx_word' id='word_1_683' title='bbox 1919 4264 2103 4314; x_wconf 89' lang='lat' dir='ltr'><strong>sentes</strong></span> <span class='ocrx_word' id='word_1_684' title='bbox 2126 4257 2400 4328; x_wconf 88' lang='lat' dir='ltr'><strong>increpat,</strong></span> <span class='ocrx_word' id='word_1_685' title='bbox 2420 4257 2621 4313; x_wconf 85' lang='lat' dir='ltr'><strong>ibidem</strong></span> <span class='ocrx_word' id='word_1_686' title='bbox 2652 4259 2822 4330; x_wconf 81' lang='lat' dir='ltr'><strong>tangit</strong></span> <span class='ocrx_word' id='word_1_687' title='bbox 2844 4259 3018 4328; x_wconf 84' lang='lat' dir='ltr'><strong>magis</strong></span> <span class='ocrx_word' id='word_1_688' title='bbox 3039 4257 3277 4324; x_wconf 86' lang='lat' dir='ltr'><strong>futuros,</strong></span> <span class='ocrx_word' id='word_1_689' title='bbox 3301 4258 3366 4313; x_wconf 90' lang='lat' dir='ltr'><strong>ad</strong></span> <span class='ocrx_word' id='word_1_690' title='bbox 3386 4273 3524 4327; x_wconf 92' lang='lat' dir='ltr'><strong>quos</strong></span> 
     </span>
    </p>
   </div>
   <div class='ocr_carea' id='block_1_88' title="bbox 1921 4348 3526 4420">
    <p class='ocr_par' dir='ltr' id='par_1_88' title="bbox 1921 4348 3526 4420">
     <span class='ocr_line' id='line_1_88' title="bbox 1921 4348 3526 4420; baseline 0.001 -18"><span class='ocrx_word' id='word_1_691' title='bbox 1921 4348 2023 4405; x_wconf 87' lang='lat' dir='ltr'><strong>hoc</strong></span> <span class='ocrx_word' id='word_1_692' title='bbox 2047 4350 2304 4420; x_wconf 89' lang='lat' dir='ltr'><strong>pertinet.</strong></span> <span class='ocrx_word' id='word_1_693' title='bbox 2329 4349 2582 4404; x_wconf 89' lang='lat' dir='ltr'><strong>Omnium</strong></span> <span class='ocrx_word' id='word_1_694' title='bbox 2613 4349 2758 4406; x_wconf 86' lang='lat' dir='ltr'><strong>enim</strong></span> <span class='ocrx_word' id='word_1_695' title='bbox 2784 4350 2976 4406; x_wconf 90' lang='lat' dir='ltr'><strong>horum</strong></span> <span class='ocrx_word' id='word_1_696' title='bbox 3009 4366 3111 4406; x_wconf 91' lang='lat' dir='ltr'><strong>uua</strong></span> <span class='ocrx_word' id='word_1_697' title='bbox 3138 4350 3421 4406; x_wconf 88' lang='lat' dir='ltr'><strong>damnatio</strong></span> <span class='ocrx_word' id='word_1_698' title='bbox 3441 4359 3526 4406; x_wconf 91' lang='lat' dir='ltr'><strong>est</strong></span> 
     </span>
    </p>
   </div>
   <div class='ocr_carea' id='block_1_89' title="bbox 1918 4441 3523 4514">
    <p class='ocr_par' dir='ltr' id='par_1_89' title="bbox 1918 4441 3523 4514">
     <span class='ocr_line' id='line_1_89' title="bbox 1918 4441 3523 4514; baseline 0.002 -18"><span class='ocrx_word' id='word_1_699' title='bbox 1918 4443 1964 4496; x_wconf 91' lang='lat' dir='ltr'><strong>si</strong></span> <span class='ocrx_word' id='word_1_700' title='bbox 1999 4452 2320 4512; x_wconf 90' lang='lat' dir='ltr'><strong>permanent</strong></span> <span class='ocrx_word' id='word_1_701' title='bbox 2347 4443 2398 4497; x_wconf 90' lang='lat' dir='ltr'><strong>in</strong></span> <span class='ocrx_word' id='word_1_702' title='bbox 2423 4443 2748 4498; x_wconf 86' lang='lat' dir='ltr'><strong>difﬁdentia.</strong></span> <span class='ocrx_word' id='word_1_703' title='bbox 2777 4442 3079 4499; x_wconf 64' lang='lat' dir='ltr'><strong>Emulatio</strong></span> <span class='ocrx_word' id='word_1_704' title='bbox 3104 4459 3235 4514; x_wconf 88' lang='lat' dir='ltr'><strong>ergo</strong></span> <span class='ocrx_word' id='word_1_705' title='bbox 3266 4441 3378 4499; x_wconf 91' lang='lat' dir='ltr'><strong>illis</strong></span> <span class='ocrx_word' id='word_1_706' title='bbox 3399 4452 3523 4499; x_wconf 87' lang='lat' dir='ltr'><strong>nata</strong></span> 
     </span>
    </p>
   </div>
   <div class='ocr_carea' id='block_1_90' title="bbox 1920 4536 3525 4609">
    <p class='ocr_par' dir='ltr' id='par_1_90' title="bbox 1920 4536 3525 4609">
     <span class='ocr_line' id='line_1_90' title="bbox 1920 4536 3525 4609; baseline 0.002 -19"><span class='ocrx_word' id='word_1_707' title='bbox 1920 4545 2006 4590; x_wconf 88' lang='lat' dir='ltr'><strong>est</strong></span> <span class='ocrx_word' id='word_1_708' title='bbox 2035 4536 2381 4604; x_wconf 77' lang='lat' dir='ltr'><strong>iuvidentire,</strong></span> <span class='ocrx_word' id='word_1_709' title='bbox 2411 4537 2539 4593; x_wconf 91' lang='lat' dir='ltr'><strong>dum</strong></span> <span class='ocrx_word' id='word_1_710' title='bbox 2573 4538 2756 4593; x_wconf 86' lang='lat' dir='ltr'><strong>vident</strong></span> <span class='ocrx_word' id='word_1_711' title='bbox 2781 4545 3028 4608; x_wconf 87' lang='lat' dir='ltr'><strong>gentem,</strong></span> <span class='ocrx_word' id='word_1_712' title='bbox 3063 4552 3183 4606; x_wconf 84' lang='lat' dir='ltr'><strong>quae</strong></span> <span class='ocrx_word' id='word_1_713' title='bbox 3216 4537 3366 4606; x_wconf 91' lang='lat' dir='ltr'><strong>prius</strong></span> <span class='ocrx_word' id='word_1_714' title='bbox 3395 4537 3525 4609; x_wconf 86' lang='lat' dir='ltr'><strong>quia</strong></span> 
     </span>
    </p>
   </div>
   <div class='ocr_carea' id='block_1_91' title="bbox 201 4626 3528 4705">
    <p class='ocr_par' dir='ltr' id='par_1_91' title="bbox 201 4626 3528 4705">
     <span class='ocr_line' id='line_1_91' title="bbox 201 4626 3528 4705; baseline -0.002 -15"><span class='ocrx_word' id='word_1_715' title='bbox 201 4634 524 4705; x_wconf 83' lang='lat' dir='ltr'><strong>disciplinae</strong></span> <span class='ocrx_word' id='word_1_716' title='bbox 546 4633 876 4697; x_wconf 67' lang='lat' dir='ltr'><strong>Dominicte;</strong></span> <span class='ocrx_word' id='word_1_717' title='bbox 905 4640 1031 4686; x_wconf 91' lang='lat' dir='ltr'><strong>sunt</strong></span> <span class='ocrx_word' id='word_1_718' title='bbox 1055 4639 1234 4684; x_wconf 89' lang='lat' dir='ltr'><strong>tamen</strong></span> <span class='ocrx_word' id='word_1_719' title='bbox 1254 4630 1343 4700; x_wconf 90' lang='lat' dir='ltr'><strong>qui</strong></span> <span class='ocrx_word' id='word_1_720' title='bbox 1375 4639 1702 4700; x_wconf 87' lang='lat' dir='ltr'><strong>repugnent,</strong></span> <span class='ocrx_word' id='word_1_721' title='bbox 1726 4628 1818 4699; x_wconf 87' lang='lat' dir='ltr'><strong>qui</strong></span> <span class='ocrx_word' id='word_1_722' title='bbox 1849 4626 1895 4686; x_wconf 94' lang='lat' dir='ltr'><strong>D</strong></span> <span class='ocrx_word' id='word_1_723' title='bbox 1922 4627 2041 4682; x_wconf 90' lang='lat' dir='ltr'><strong>sine</strong></span> <span class='ocrx_word' id='word_1_724' title='bbox 2068 4626 2182 4682; x_wconf 87' lang='lat' dir='ltr'><strong>Deo</strong></span> <span class='ocrx_word' id='word_1_725' title='bbox 2213 4627 2310 4681; x_wconf 90' lang='lat' dir='ltr'><strong>fuit</strong></span> <span class='ocrx_word' id='word_1_726' title='bbox 2330 4669 2345 4694; x_wconf 93' lang='lat'><strong>,</strong></span> <span class='ocrx_word' id='word_1_727' title='bbox 2378 4644 2540 4684; x_wconf 89' lang='lat' dir='ltr'><strong>sensu</strong></span> <span class='ocrx_word' id='word_1_728' title='bbox 2589 4629 2744 4684; x_wconf 89' lang='lat' dir='ltr'><strong>bruta</strong></span> <span class='ocrx_word' id='word_1_729' title='bbox 2777 4637 2926 4694; x_wconf 89' lang='lat' dir='ltr'><strong>erat,</strong></span> <span class='ocrx_word' id='word_1_730' title='bbox 2953 4627 3125 4682; x_wconf 92' lang='lat' dir='ltr'><strong>Deum</strong></span> <span class='ocrx_word' id='word_1_731' title='bbox 3155 4642 3310 4682; x_wconf 86' lang='lat' dir='ltr'><strong>suum</strong></span> <span class='ocrx_word' id='word_1_732' title='bbox 3338 4629 3528 4700; x_wconf 88' lang='lat' dir='ltr'><strong>appel-</strong></span> 
     </span>
    </p>
   </div>
   <div class='ocr_carea' id='block_1_92' title="bbox 202 4721 1820 4783">
    <p class='ocr_par' dir='ltr' id='par_1_92' title="bbox 202 4721 1820 4783">
     <span class='ocr_line' id='line_1_92' title="bbox 202 4721 1820 4783; baseline -0.005 -1"><span class='ocrx_word' id='word_1_733' title='bbox 202 4727 403 4783; x_wconf 79' lang='lat' dir='ltr'><strong>lunten</strong></span> <span class='ocrx_word' id='word_1_734' title='bbox 437 4725 689 4780; x_wconf 86' lang='lat' dir='ltr'><strong>tenebras</strong></span> <span class='ocrx_word' id='word_1_735' title='bbox 715 4731 927 4780; x_wconf 87' lang='lat' dir='ltr'><strong>vocent.</strong></span> <span class='ocrx_word' id='word_1_736' title='bbox 959 4722 1162 4778; x_wconf 80' lang='lat' dir='ltr'><strong>Horum</strong></span> <span class='ocrx_word' id='word_1_737' title='bbox 1189 4723 1330 4778; x_wconf 88' lang='lat' dir='ltr'><strong>enim</strong></span> <span class='ocrx_word' id='word_1_738' title='bbox 1359 4721 1439 4776; x_wconf 92' lang='lat' dir='ltr'><strong>sic</strong></span> <span class='ocrx_word' id='word_1_739' title='bbox 1461 4736 1649 4776; x_wconf 90' lang='lat' dir='ltr'><strong>errore</strong></span> <span class='ocrx_word' id='word_1_740' title='bbox 1671 4721 1820 4776; x_wconf 90' lang='lat' dir='ltr'><strong>acies</strong></span> 
     </span>
    </p>
   </div>
   <div class='ocr_carea' id='block_1_93' title="bbox 204 4815 1822 4886">
    <p class='ocr_par' dir='ltr' id='par_1_93' title="bbox 204 4815 1822 4886">
     <span class='ocr_line' id='line_1_93' title="bbox 204 4815 1822 4886; baseline -0.006 -9"><span class='ocrx_word' id='word_1_741' title='bbox 204 4821 415 4877; x_wconf 87' lang='lat' dir='ltr'><strong>obtusa</strong></span> <span class='ocrx_word' id='word_1_742' title='bbox 469 4828 551 4874; x_wconf 76' lang='lat' dir='ltr'><strong>est</strong></span> <span class='ocrx_word' id='word_1_743' title='bbox 600 4819 830 4886; x_wconf 89' lang='lat' dir='ltr'><strong>mentis,</strong></span> <span class='ocrx_word' id='word_1_744' title='bbox 890 4828 1084 4873; x_wconf 82' lang='lat' dir='ltr'><strong>utnec</strong></span> <span class='ocrx_word' id='word_1_745' title='bbox 1127 4817 1241 4872; x_wconf 89' lang='lat' dir='ltr'><strong>veri</strong></span> <span class='ocrx_word' id='word_1_746' title='bbox 1291 4816 1514 4871; x_wconf 87' lang='lat' dir='ltr'><strong>luminis</strong></span> <span class='ocrx_word' id='word_1_747' title='bbox 1554 4815 1822 4885; x_wconf 89' lang='lat' dir='ltr'><strong>recipiant</strong></span> 
     </span>
    </p>
   </div>
   <div class='ocr_carea' id='block_1_94' title="bbox 204 4906 1821 4984">
    <p class='ocr_par' dir='ltr' id='par_1_94' title="bbox 204 4906 1821 4984">
     <span class='ocr_line' id='line_1_94' title="bbox 204 4906 1821 4984; baseline -0.004 -15"><span class='ocrx_word' id='word_1_748' title='bbox 204 4912 594 4984; x_wconf 73' lang='lat' dir='ltr'><strong>Splendorem.</strong></span> <span class='ocrx_word' id='word_1_749' title='bbox 620 4912 768 4980; x_wconf 84' lang='lat' dir='ltr'><strong>Quos</strong></span> <span class='ocrx_word' id='word_1_750' title='bbox 794 4921 1013 4966; x_wconf 90' lang='lat' dir='ltr'><strong>accusat</strong></span> <span class='ocrx_word' id='word_1_751' title='bbox 1046 4910 1425 4982; x_wconf 86' lang='lat' dir='ltr'><strong>Evangelium,</strong></span> <span class='ocrx_word' id='word_1_752' title='bbox 1454 4909 1674 4964; x_wconf 88' lang='lat' dir='ltr'><strong>dicens:</strong></span> <span class='ocrx_word' id='word_1_753' title='bbox 1706 4906 1821 4963; x_wconf 77' lang='lat' dir='ltr'><strong>Lua:</strong></span> 
     </span>
    </p>
   </div>
   <div class='ocr_carea' id='block_1_95' title="bbox 201 5001 1823 5074">
    <p class='ocr_par' dir='ltr' id='par_1_95' title="bbox 201 5001 1823 5074">
     <span class='ocr_line' id='line_1_95' title="bbox 201 5001 1823 5074; baseline -0.004 -12"><span class='ocrx_word' id='word_1_754' title='bbox 201 5010 262 5063; x_wconf 87' lang='lat' dir='ltr'><strong>in</strong></span> <span class='ocrx_word' id='word_1_755' title='bbox 287 5007 523 5064; x_wconf 86' lang='lat' dir='ltr'><strong>tenebris</strong></span> <span class='ocrx_word' id='word_1_756' title='bbox 547 5008 702 5074; x_wconf 83' lang='lat' dir='ltr'><strong>lucet,</strong></span> <span class='ocrx_word' id='word_1_757' title='bbox 732 5016 782 5062; x_wconf 90' lang='lat' dir='ltr'><strong>et</strong></span> <span class='ocrx_word' id='word_1_758' title='bbox 808 5007 1028 5062; x_wconf 81' lang='lat' dir='ltr'><strong>tenebra:</strong></span> <span class='ocrx_word' id='word_1_759' title='bbox 1063 5022 1175 5060; x_wconf 88' lang='lat' dir='ltr'><strong>eam</strong></span> <span class='ocrx_word' id='word_1_760' title='bbox 1195 5021 1298 5059; x_wconf 90' lang='lat' dir='ltr'><strong>non</strong></span> <span class='ocrx_word' id='word_1_761' title='bbox 1326 5001 1823 5072; x_wconf 84' lang='lat' dir='ltr'><strong>comprehenderunt</strong></span> 
     </span>
    </p>
   </div>
   <div class='ocr_carea' id='block_1_96' title="bbox 207 5101 610 5175">
    <p class='ocr_par' dir='ltr' id='par_1_96' title="bbox 207 5101 610 5175">
     <span class='ocr_line' id='line_1_96' title="bbox 207 5101 610 5175; baseline -0.005 -19"><span class='ocrx_word' id='word_1_762' title='bbox 207 5101 408 5175; x_wconf 84' lang='lat' dir='ltr'><strong>(Joan.</strong></span> <span class='ocrx_word' id='word_1_763' title='bbox 444 5117 484 5167; x_wconf 80' lang='grc' dir='ltr'><strong>ι,</strong></span> <span class='ocrx_word' id='word_1_764' title='bbox 515 5101 610 5170; x_wconf 65' lang='lat'><strong>5)-</strong></span> 
     </span>
    </p>
   </div>
   <div class='ocr_carea' id='block_1_97' title="bbox 282 5187 1824 5260">
    <p class='ocr_par' dir='ltr' id='par_1_97' title="bbox 282 5187 1824 5260">
     <span class='ocr_line' id='line_1_97' title="bbox 282 5187 1824 5260; baseline -0.004 -12"><span class='ocrx_word' id='word_1_765' title='bbox 282 5195 488 5249; x_wconf 85' lang='lat' dir='ltr'><strong>Esaias</strong></span> <span class='ocrx_word' id='word_1_766' title='bbox 527 5193 662 5246; x_wconf 88' lang='lat' dir='ltr'><strong>enim</strong></span> <span class='ocrx_word' id='word_1_767' title='bbox 707 5192 876 5246; x_wconf 89' lang='lat' dir='ltr'><strong>dicit:</strong></span> <span class='ocrx_word' id='word_1_768' title='bbox 904 5190 1160 5252; x_wconf 91' lang='lat' dir='ltr'><strong>Domine,</strong></span> <span class='ocrx_word' id='word_1_769' title='bbox 1204 5190 1318 5260; x_wconf 85' lang='lat' dir='ltr'><strong>quis</strong></span> <span class='ocrx_word' id='word_1_770' title='bbox 1366 5187 1585 5241; x_wconf 86' lang='lat' dir='ltr'><strong>credidit</strong></span> <span class='ocrx_word' id='word_1_771' title='bbox 1616 5187 1824 5242; x_wconf 89' lang='lat' dir='ltr'><strong>auditui</strong></span> 
     </span>
    </p>
   </div>
   <div class='ocr_carea' id='block_1_98' title="bbox 199 5279 1826 5358">
    <p class='ocr_par' dir='ltr' id='par_1_98' title="bbox 199 5279 1826 5358">
     <span class='ocr_line' id='line_1_98' title="bbox 199 5279 1826 5358; baseline -0.006 -15"><span class='ocrx_word' id='word_1_772' title='bbox 199 5297 396 5344; x_wconf 80' lang='lat' dir='ltr'><strong>nostra</strong></span> <span class='ocrx_word' id='word_1_773' title='bbox 421 5284 600 5358; x_wconf 80' lang='lat' dir='ltr'><strong>(Esai.</strong></span> <span class='ocrx_word' id='word_1_774' title='bbox 629 5300 742 5350; x_wconf 82' lang='lat' dir='ltr'><strong>LIII,</strong></span> <span class='ocrx_word' id='word_1_775' title='bbox 769 5282 861 5356; x_wconf 81' lang='lat'><strong>1)?</strong></span> <span class='ocrx_word' id='word_1_776' title='bbox 892 5282 1008 5338; x_wconf 85' lang='lat' dir='ltr'><strong>Hoc</strong></span> <span class='ocrx_word' id='word_1_777' title='bbox 1037 5290 1142 5348; x_wconf 86' lang='lat' dir='ltr'><strong>est,</strong></span> <span class='ocrx_word' id='word_1_778' title='bbox 1172 5281 1293 5352; x_wconf 90' lang='lat' dir='ltr'><strong>quis</strong></span> <span class='ocrx_word' id='word_1_779' title='bbox 1324 5279 1558 5336; x_wconf 89' lang='lat' dir='ltr'><strong>credidit</strong></span> <span class='ocrx_word' id='word_1_780' title='bbox 1583 5295 1705 5351; x_wconf 73' lang='lat' dir='ltr'><strong>qua:</strong></span> <span class='ocrx_word' id='word_1_781' title='bbox 1733 5295 1826 5334; x_wconf 85' lang='lat' dir='ltr'><strong>au-</strong></span> 
     </span>
    </p>
   </div>
   <div class='ocr_carea' id='block_1_99' title="bbox 202 5372 1822 5446">
    <p class='ocr_par' dir='ltr' id='par_1_99' title="bbox 202 5372 1822 5446">
     <span class='ocr_line' id='line_1_99' title="bbox 202 5372 1822 5446; baseline -0.006 -10"><span class='ocrx_word' id='word_1_782' title='bbox 202 5382 462 5435; x_wconf 85' lang='lat' dir='ltr'><strong>divimus</strong></span> <span class='ocrx_word' id='word_1_783' title='bbox 485 5377 584 5432; x_wconf 85' lang='lat' dir='ltr'><strong>abs</strong></span> <span class='ocrx_word' id='word_1_784' title='bbox 613 5386 685 5442; x_wconf 89' lang='lat' dir='ltr'><strong>te,</strong></span> <span class='ocrx_word' id='word_1_785' title='bbox 710 5385 764 5432; x_wconf 90' lang='lat' dir='ltr'><strong>et</strong></span> <span class='ocrx_word' id='word_1_786' title='bbox 794 5373 1104 5446; x_wconf 79' lang='lat' dir='ltr'><strong>loquimur?</strong></span> <span class='ocrx_word' id='word_1_787' title='bbox 1126 5372 1387 5427; x_wconf 87' lang='lat' dir='ltr'><strong>Firmavit</strong></span> <span class='ocrx_word' id='word_1_788' title='bbox 1414 5373 1666 5442; x_wconf 84' lang='lat' dir='ltr'><strong>exemplo</strong></span> <span class='ocrx_word' id='word_1_789' title='bbox 1694 5387 1822 5442; x_wconf 90' lang='lat' dir='ltr'><strong>pro-</strong></span> 
     </span>
    </p>
   </div>
   <div class='ocr_carea' id='block_1_100' title="bbox 201 5463 1826 5547">
    <p class='ocr_par' dir='ltr' id='par_1_100' title="bbox 201 5463 1826 5547">
     <span class='ocr_line' id='line_1_100' title="bbox 201 5463 1826 5547; baseline -0.006 -19"><span class='ocrx_word' id='word_1_790' title='bbox 201 5474 444 5547; x_wconf 88' lang='lat' dir='ltr'><strong>phetico</strong></span> <span class='ocrx_word' id='word_1_791' title='bbox 469 5468 694 5526; x_wconf 69' lang='lat' dir='ltr'><strong>Judaeos</strong></span> <span class='ocrx_word' id='word_1_792' title='bbox 731 5483 850 5526; x_wconf 89' lang='lat' dir='ltr'><strong>esse</strong></span> <span class='ocrx_word' id='word_1_793' title='bbox 879 5465 1318 5524; x_wconf 89' lang='lat' dir='ltr'><strong>contradictores</strong></span> <span class='ocrx_word' id='word_1_794' title='bbox 1347 5463 1698 5536; x_wconf 74' lang='lat' dir='ltr'><strong>Evangelicre</strong></span> <span class='ocrx_word' id='word_1_795' title='bbox 1730 5478 1826 5518; x_wconf 87' lang='lat' dir='ltr'><strong>ve-</strong></span> 
     </span>
    </p>
   </div>
   <div class='ocr_carea' id='block_1_101' title="bbox 203 5623 1827 5697">
    <p class='ocr_par' dir='ltr' id='par_1_101' title="bbox 203 5623 1827 5697">
     <span class='ocr_line' id='line_1_101' title="bbox 203 5623 1827 5697; baseline -0.009 -8"><span class='ocrx_word' id='word_1_796' title='bbox 203 5633 265 5689; x_wconf 89' lang='lat' dir='ltr'><strong>in</strong></span> <span class='ocrx_word' id='word_1_797' title='bbox 297 5644 370 5685; x_wconf 90' lang='lat' dir='ltr'><strong>eo</strong></span> <span class='ocrx_word' id='word_1_798' title='bbox 397 5625 679 5697; x_wconf 84' lang='lat' dir='ltr'><strong>propheta</strong></span> <span class='ocrx_word' id='word_1_799' title='bbox 705 5641 762 5689; x_wconf 89' lang='lat' dir='ltr'><strong>u,</strong></span> <span class='ocrx_word' id='word_1_800' title='bbox 787 5626 877 5692; x_wconf 73' lang='lat'><strong>22,</strong></span> <span class='ocrx_word' id='word_1_801' title='bbox 900 5627 1098 5697; x_wconf 85' lang='lat' dir='ltr'><strong>citatus</strong></span> <span class='ocrx_word' id='word_1_802' title='bbox 1126 5623 1626 5697; x_wconf 78' lang='lat' dir='ltr'><strong>locusinveniatur,</strong></span> <span class='ocrx_word' id='word_1_803' title='bbox 1649 5633 1827 5676; x_wconf 86' lang='lat' dir='ltr'><strong>tamen</strong></span> 
     </span>
    </p>
   </div>
   <div class='ocr_carea' id='block_1_102' title="bbox 199 5694 1825 5769">
    <p class='ocr_par' dir='ltr' id='par_1_102' title="bbox 199 5694 1825 5769">
     <span class='ocr_line' id='line_1_102' title="bbox 199 5694 1825 5769; baseline -0.007 -12"><span class='ocrx_word' id='word_1_804' title='bbox 199 5694 795 5769; x_wconf 29' lang='lat' dir='ltr'><strong>auctorisv’erbacum</strong></span> <span class='ocrx_word' id='word_1_805' title='bbox 822 5699 934 5753; x_wconf 90' lang='lat' dir='ltr'><strong>suis</strong></span> <span class='ocrx_word' id='word_1_806' title='bbox 953 5696 1123 5769; x_wconf 81' lang='lat' dir='ltr'><strong>uaevis</strong></span> <span class='ocrx_word' id='word_1_807' title='bbox 1141 5705 1362 5766; x_wconf 63' lang='lat' dir='ltr'><strong>praestat</strong></span> <span class='ocrx_word' id='word_1_808' title='bbox 1385 5694 1645 5750; x_wconf 87' lang='lat' dir='ltr'><strong>exhibere</strong></span> <span class='ocrx_word' id='word_1_809' title='bbox 1665 5707 1825 5763; x_wconf 88' lang='lat' dir='ltr'><strong>quam</strong></span> 
     </span>
    </p>
   </div>
   <div class='ocr_carea' id='block_1_103' title="bbox 199 5766 1485 5837">
    <p class='ocr_par' dir='ltr' id='par_1_103' title="bbox 199 5766 1485 5837">
     <span class='ocr_line' id='line_1_103' title="bbox 199 5766 1485 5837; baseline -0.009 -7"><span class='ocrx_word' id='word_1_810' title='bbox 199 5766 329 5831; x_wconf 68' lang='lat' dir='ltr'><strong>Sine</strong></span> <span class='ocrx_word' id='word_1_811' title='bbox 359 5766 836 5837; x_wconf 84' lang='lat' dir='ltr'><strong>exemplariorum</strong></span> <span class='ocrx_word' id='word_1_812' title='bbox 865 5767 1186 5824; x_wconf 86' lang='lat' dir='ltr'><strong>auctoritate</strong></span> <span class='ocrx_word' id='word_1_813' title='bbox 1216 5776 1485 5837; x_wconf 65' lang='lat' dir='ltr'><strong>correcta,</strong></span> 
     </span>
    </p>
   </div>
   <div class='ocr_carea' id='block_1_104' title="bbox 285 5836 1595 5903">
    <p class='ocr_par' dir='ltr' id='par_1_104' title="bbox 285 5836 1595 5903">
     <span class='ocr_line' id='line_1_104' title="bbox 285 5836 1595 5903; baseline -0.008 -4"><span class='ocrx_word' id='word_1_814' title='bbox 285 5856 311 5882; x_wconf 77' lang='grc'><strong>⁸</strong></span> <span class='ocrx_word' id='word_1_815' title='bbox 342 5842 518 5898; x_wconf 81' lang='lat' dir='ltr'><strong>Corb.</strong></span> <span class='ocrx_word' id='word_1_816' title='bbox 543 5836 754 5903; x_wconf 80' lang='lat' dir='ltr'><strong>codex,</strong></span> <span class='ocrx_word' id='word_1_817' title='bbox 778 5850 908 5895; x_wconf 79' lang='lat' dir='ltr'><strong>certe</strong></span> <span class='ocrx_word' id='word_1_818' title='bbox 937 5841 1200 5897; x_wconf 84' lang='lat' dir='ltr'><strong>Christum</strong></span> <span class='ocrx_word' id='word_1_819' title='bbox 1227 5854 1328 5894; x_wconf 89' lang='lat' dir='ltr'><strong>non</strong></span> <span class='ocrx_word' id='word_1_820' title='bbox 1359 5836 1595 5892; x_wconf 82' lang='lat' dir='ltr'><strong>credunt.</strong></span> 
     </span>
    </p>
   </div>
   <div class='ocr_carea' id='block_1_105' title="bbox 1921 4719 3527 4790">
    <p class='ocr_par' dir='ltr' id='par_1_105' title="bbox 1921 4719 3527 4790">
     <span class='ocr_line' id='line_1_105' title="bbox 1921 4719 3527 4790; baseline 0.002 -18"><span class='ocrx_word' id='word_1_821' title='bbox 1921 4719 2058 4786; x_wconf 88' lang='lat' dir='ltr'><strong>lare,</strong></span> <span class='ocrx_word' id='word_1_822' title='bbox 2089 4720 2182 4790; x_wconf 90' lang='lat' dir='ltr'><strong>qui</strong></span> <span class='ocrx_word' id='word_1_823' title='bbox 2241 4719 2412 4774; x_wconf 90' lang='lat' dir='ltr'><strong>fuerat</strong></span> <span class='ocrx_word' id='word_1_824' title='bbox 2439 4721 2784 4785; x_wconf 68' lang='lat' dir='ltr'><strong>Iudaeorum;</strong></span> <span class='ocrx_word' id='word_1_825' title='bbox 2814 4728 2868 4775; x_wconf 90' lang='lat' dir='ltr'><strong>et</strong></span> <span class='ocrx_word' id='word_1_826' title='bbox 2895 4719 3100 4774; x_wconf 91' lang='lat' dir='ltr'><strong>donum</strong></span> <span class='ocrx_word' id='word_1_827' title='bbox 3133 4719 3240 4774; x_wconf 92' lang='lat' dir='ltr'><strong>illis</strong></span> <span class='ocrx_word' id='word_1_828' title='bbox 3287 4723 3527 4789; x_wconf 91' lang='lat' dir='ltr'><strong>promis-</strong></span> 
     </span>
    </p>
   </div>
   <div class='ocr_carea' id='block_1_106' title="bbox 1923 4809 3528 4881">
    <p class='ocr_par' dir='ltr' id='par_1_106' title="bbox 1923 4809 3528 4881">
     <span class='ocr_line' id='line_1_106' title="bbox 1923 4809 3528 4881; baseline 0.001 -16"><span class='ocrx_word' id='word_1_829' title='bbox 1923 4824 2045 4866; x_wconf 88' lang='lat' dir='ltr'><strong>sum</strong></span> <span class='ocrx_word' id='word_1_830' title='bbox 2073 4827 2195 4866; x_wconf 89' lang='lat' dir='ltr'><strong>esse</strong></span> <span class='ocrx_word' id='word_1_831' title='bbox 2225 4821 2564 4876; x_wconf 89' lang='lat' dir='ltr'><strong>assecutam,</strong></span> <span class='ocrx_word' id='word_1_832' title='bbox 2593 4826 2692 4881; x_wconf 90' lang='lat' dir='ltr'><strong>per</strong></span> <span class='ocrx_word' id='word_1_833' title='bbox 2734 4825 2892 4881; x_wconf 89' lang='lat' dir='ltr'><strong>quam</strong></span> <span class='ocrx_word' id='word_1_834' title='bbox 2921 4809 3097 4865; x_wconf 89' lang='lat' dir='ltr'><strong>zelum</strong></span> <span class='ocrx_word' id='word_1_835' title='bbox 3131 4810 3278 4879; x_wconf 80' lang='lat' dir='ltr'><strong>passi</strong></span> <span class='ocrx_word' id='word_1_836' title='bbox 3308 4811 3528 4866; x_wconf 87' lang='lat' dir='ltr'><strong>iracun-</strong></span> 
     </span>
    </p>
   </div>
   <div class='ocr_carea' id='block_1_107' title="bbox 1921 4903 3528 4970">
    <p class='ocr_par' dir='ltr' id='par_1_107' title="bbox 1921 4903 3528 4970">
     <span class='ocr_line' id='line_1_107' title="bbox 1921 4903 3528 4970; baseline -0.002 -8"><span class='ocrx_word' id='word_1_837' title='bbox 1921 4906 2010 4962; x_wconf 90' lang='lat' dir='ltr'><strong>dia</strong></span> <span class='ocrx_word' id='word_1_838' title='bbox 2042 4905 2505 4970; x_wconf 88' lang='lat' dir='ltr'><strong>distenderentur,</strong></span> <span class='ocrx_word' id='word_1_839' title='bbox 2536 4915 2596 4960; x_wconf 92' lang='lat' dir='ltr'><strong>ut</strong></span> <span class='ocrx_word' id='word_1_840' title='bbox 2645 4904 2867 4963; x_wconf 71' lang='lat' dir='ltr'><strong>malitiae</strong></span> <span class='ocrx_word' id='word_1_841' title='bbox 2899 4913 2952 4959; x_wconf 92' lang='lat' dir='ltr'><strong>et</strong></span> <span class='ocrx_word' id='word_1_842' title='bbox 2985 4903 3386 4959; x_wconf 89' lang='lat' dir='ltr'><strong>incredulitatis</strong></span> <span class='ocrx_word' id='word_1_843' title='bbox 3415 4919 3528 4959; x_wconf 73' lang='lat' dir='ltr'><strong>sua:</strong></span> 
     </span>
    </p>
   </div>
   <div class='ocr_carea' id='block_1_108' title="bbox 1925 4997 3530 5058">
    <p class='ocr_par' dir='ltr' id='par_1_108' title="bbox 1925 4997 3530 5058">
     <span class='ocr_line' id='line_1_108' title="bbox 1925 4997 3530 5058; baseline -0.006 -1"><span class='ocrx_word' id='word_1_844' title='bbox 1925 5001 2209 5058; x_wconf 86' lang='lat' dir='ltr'><strong>mercedes</strong></span> <span class='ocrx_word' id='word_1_845' title='bbox 2235 5001 2606 5057; x_wconf 83' lang='lat' dir='ltr'><strong>exsolverent.</strong></span> <span class='ocrx_word' id='word_1_846' title='bbox 2638 4999 2802 5054; x_wconf 89' lang='lat' dir='ltr'><strong>Nulla</strong></span> <span class='ocrx_word' id='word_1_847' title='bbox 2841 4999 2985 5054; x_wconf 90' lang='lat' dir='ltr'><strong>enim</strong></span> <span class='ocrx_word' id='word_1_848' title='bbox 3017 5012 3106 5053; x_wconf 89' lang='lat' dir='ltr'><strong>res</strong></span> <span class='ocrx_word' id='word_1_849' title='bbox 3135 4998 3215 5052; x_wconf 88' lang='lat' dir='ltr'><strong>sic</strong></span> <span class='ocrx_word' id='word_1_850' title='bbox 3257 4997 3530 5051; x_wconf 90' lang='lat' dir='ltr'><strong>consumit</strong></span> 
     </span>
    </p>
   </div>
   <div class='ocr_carea' id='block_1_109' title="bbox 1928 5087 3532 5164">
    <p class='ocr_par' dir='ltr' id='par_1_109' title="bbox 1928 5087 3532 5164">
     <span class='ocr_line' id='line_1_109' title="bbox 1928 5087 3532 5164; baseline -0.006 -17"><span class='ocrx_word' id='word_1_851' title='bbox 1928 5092 2226 5159; x_wconf 85' lang='lat' dir='ltr'><strong>hominem,</strong></span> <span class='ocrx_word' id='word_1_852' title='bbox 2257 5101 2316 5147; x_wconf 92' lang='lat' dir='ltr'><strong>ut</strong></span> <span class='ocrx_word' id='word_1_853' title='bbox 2344 5095 2516 5158; x_wconf 88' lang='lat' dir='ltr'><strong>zelus,</strong></span> <span class='ocrx_word' id='word_1_854' title='bbox 2551 5106 2711 5164; x_wconf 91' lang='lat' dir='ltr'><strong>quem</strong></span> <span class='ocrx_word' id='word_1_855' title='bbox 2757 5091 2881 5146; x_wconf 88' lang='lat' dir='ltr'><strong>ideo</strong></span> <span class='ocrx_word' id='word_1_856' title='bbox 2910 5090 3054 5145; x_wconf 91' lang='lat' dir='ltr'><strong>Deus</strong></span> <span class='ocrx_word' id='word_1_857' title='bbox 3082 5089 3316 5144; x_wconf 89' lang='lat' dir='ltr'><strong>ultorem</strong></span> <span class='ocrx_word' id='word_1_858' title='bbox 3352 5087 3532 5156; x_wconf 90' lang='lat' dir='ltr'><strong>posuit</strong></span> 
     </span>
    </p>
   </div>
   <div class='ocr_carea' id='block_1_110' title="bbox 1875 5178 3528 5256">
    <p class='ocr_par' dir='ltr' id='par_1_110' title="bbox 1875 5178 3528 5256">
     <span class='ocr_line' id='line_1_110' title="bbox 1875 5178 3528 5256; baseline -0.007 -15"><span class='ocrx_word' id='word_1_859' title='bbox 1875 5203 1884 5210; x_wconf 66' lang='grc'><strong><em>’</em></strong></span> <span class='ocrx_word' id='word_1_860' title='bbox 1926 5183 2328 5241; x_wconf 86' lang='lat' dir='ltr'><strong>incredulitatis</strong></span> <span class='ocrx_word' id='word_1_861' title='bbox 2348 5225 2364 5251; x_wconf 96' lang='lat'><strong>,</strong></span> <span class='ocrx_word' id='word_1_862' title='bbox 2393 5184 2518 5256; x_wconf 91' lang='lat' dir='ltr'><strong>quia</strong></span> <span class='ocrx_word' id='word_1_863' title='bbox 2566 5198 2730 5255; x_wconf 80' lang='lat' dir='ltr'><strong>grave</strong></span> <span class='ocrx_word' id='word_1_864' title='bbox 2760 5192 3041 5254; x_wconf 85' lang='lat' dir='ltr'><strong>peccatum</strong></span> <span class='ocrx_word' id='word_1_865' title='bbox 3075 5189 3179 5236; x_wconf 90' lang='lat' dir='ltr'><strong>est.</strong></span> <span class='ocrx_word' id='word_1_866' title='bbox 3210 5178 3344 5233; x_wconf 83' lang='lat' dir='ltr'><strong>Nam</strong></span> <span class='ocrx_word' id='word_1_867' title='bbox 3384 5191 3528 5231; x_wconf 90' lang='lat' dir='ltr'><strong>sem-</strong></span> 
     </span>
    </p>
   </div>
   <div class='ocr_carea' id='block_1_111' title="bbox 1930 5268 3531 5352">
    <p class='ocr_par' dir='ltr' id='par_1_111' title="bbox 1930 5268 3531 5352">
     <span class='ocr_line' id='line_1_111' title="bbox 1930 5268 3531 5352; baseline -0.009 -15"><span class='ocrx_word' id='word_1_868' title='bbox 1930 5295 2029 5352; x_wconf 87' lang='lat' dir='ltr'><strong>per</strong></span> <span class='ocrx_word' id='word_1_869' title='bbox 2059 5281 2112 5335; x_wconf 92' lang='lat' dir='ltr'><strong>in</strong></span> <span class='ocrx_word' id='word_1_870' title='bbox 2145 5281 2278 5334; x_wconf 89' lang='lat' dir='ltr'><strong>iram</strong></span> <span class='ocrx_word' id='word_1_871' title='bbox 2305 5281 2457 5336; x_wconf 90' lang='lat' dir='ltr'><strong>missi</strong></span> <span class='ocrx_word' id='word_1_872' title='bbox 2486 5278 2894 5344; x_wconf 83' lang='lat' dir='ltr'><strong>excruciantur,</strong></span> <span class='ocrx_word' id='word_1_873' title='bbox 2925 5274 3142 5345; x_wconf 88' lang='lat' dir='ltr'><strong>quando</strong></span> <span class='ocrx_word' id='word_1_874' title='bbox 3171 5270 3404 5325; x_wconf 89' lang='lat' dir='ltr'><strong>audiunt</strong></span> <span class='ocrx_word' id='word_1_875' title='bbox 3429 5268 3531 5324; x_wconf 88' lang='lat' dir='ltr'><strong>Le-</strong></span> 
     </span>
    </p>
   </div>
   <div class='ocr_carea' id='block_1_112' title="bbox 1929 5361 3530 5445">
    <p class='ocr_par' dir='ltr' id='par_1_112' title="bbox 1929 5361 3530 5445">
     <span class='ocr_line' id='line_1_112' title="bbox 1929 5361 3530 5445; baseline -0.009 -17"><span class='ocrx_word' id='word_1_876' title='bbox 1929 5389 2051 5445; x_wconf 84' lang='lat' dir='ltr'><strong>gem</strong></span> <span class='ocrx_word' id='word_1_877' title='bbox 2093 5381 2150 5428; x_wconf 88' lang='lat' dir='ltr'><strong>et</strong></span> <span class='ocrx_word' id='word_1_878' title='bbox 2200 5373 2496 5444; x_wconf 87' lang='lat' dir='ltr'><strong>prophetas</strong></span> <span class='ocrx_word' id='word_1_879' title='bbox 2538 5371 2606 5428; x_wconf 89' lang='lat' dir='ltr'><strong>ad</strong></span> <span class='ocrx_word' id='word_1_880' title='bbox 2648 5385 2748 5428; x_wconf 88' lang='lat' dir='ltr'><strong>nos</strong></span> <span class='ocrx_word' id='word_1_881' title='bbox 2788 5370 3101 5441; x_wconf 89' lang='lat' dir='ltr'><strong>pertinere,</strong></span> <span class='ocrx_word' id='word_1_882' title='bbox 3131 5363 3224 5436; x_wconf 92' lang='lat' dir='ltr'><strong>qui</strong></span> <span class='ocrx_word' id='word_1_883' title='bbox 3255 5361 3530 5420; x_wconf 88' lang='lat' dir='ltr'><strong>Christum</strong></span> 
     </span>
    </p>
   </div>
   <div class='ocr_carea' id='block_1_113' title="bbox 1924 5466 2224 5523">
    <p class='ocr_par' dir='ltr' id='par_1_113' title="bbox 1924 5466 2224 5523">
     <span class='ocr_line' id='line_1_113' title="bbox 1924 5466 2224 5523; baseline -0.01 -2"><span class='ocrx_word' id='word_1_884' title='bbox 1924 5466 2224 5523; x_wconf 86' lang='lat' dir='ltr'><strong>credimus.</strong></span> 
     </span>
    </p>
   </div>
   <div class='ocr_carea' id='block_1_114' title="bbox 2010 5618 3537 5696">
    <p class='ocr_par' dir='ltr' id='par_1_114' title="bbox 2010 5618 3537 5696">
     <span class='ocr_line' id='line_1_114' title="bbox 2010 5618 3537 5696; baseline -0.003 -16"><span class='ocrx_word' id='word_1_885' title='bbox 2010 5623 2038 5662; x_wconf 68' lang='grc' dir='ltr'>δ</span> <span class='ocrx_word' id='word_1_886' title='bbox 2064 5624 2190 5681; x_wconf 83' lang='grc' dir='ltr'>Μεε.</span> <span class='ocrx_word' id='word_1_887' title='bbox 2224 5625 2386 5682; x_wconf 87' lang='lat' dir='ltr'><strong>Corb.</strong></span> <span class='ocrx_word' id='word_1_888' title='bbox 2407 5669 2422 5694; x_wconf 90' lang='lat'><strong>,</strong></span> <span class='ocrx_word' id='word_1_889' title='bbox 2453 5625 2521 5680; x_wconf 86' lang='lat' dir='ltr'><strong>Et</strong></span> <span class='ocrx_word' id='word_1_890' title='bbox 2546 5639 2762 5696; x_wconf 81' lang='lat' dir='ltr'><strong>regnum</strong></span> <span class='ocrx_word' id='word_1_891' title='bbox 2805 5620 2906 5676; x_wconf 83' lang='lat' dir='ltr'><strong>Dei</strong></span> <span class='ocrx_word' id='word_1_892' title='bbox 2948 5618 3195 5676; x_wconf 79' lang='lat' dir='ltr'><strong>adventus</strong></span> <span class='ocrx_word' id='word_1_893' title='bbox 3224 5630 3298 5677; x_wconf 81' lang='lat' dir='ltr'><strong>est</strong></span> <span class='ocrx_word' id='word_1_894' title='bbox 3345 5619 3537 5692; x_wconf 67' lang='lat' dir='ltr'><strong>pradi-</strong></span> 
     </span>
    </p>
   </div>
   <div class='ocr_carea' id='block_1_115' title="bbox 1933 5707 2186 5754">
    <p class='ocr_par' dir='ltr' id='par_1_115' title="bbox 1933 5707 2186 5754">
     <span class='ocr_line' id='line_1_115' title="bbox 1933 5707 2186 5754; baseline 0.016 -4"><span class='ocrx_word' id='word_1_895' title='bbox 1933 5707 2186 5754; x_wconf 71' lang='lat' dir='ltr'><strong>cantuum.</strong></span> 
     </span>
    </p>
   </div>
   <div class='ocr_carea' id='block_1_116' title="bbox 2015 5714 3540 5834">
    <p class='ocr_par' dir='ltr' id='par_1_116' title="bbox 2015 5714 3540 5834">
     <span class='ocr_line' id='line_1_116' title="bbox 2015 5714 2186 5754; baseline -0.012 -5"><span class='ocrx_word' id='word_1_896' title='bbox 2015 5714 2031 5749; x_wconf 78' lang='grc' dir='ltr'><strong>ι</strong></span> <span class='ocrx_word' id='word_1_897' title='bbox 2059 5714 2072 5748; x_wconf 82' lang='grc' dir='ltr'><strong>ι</strong></span> <span class='ocrx_word' id='word_1_898' title='bbox 2171 5738 2186 5754; x_wconf 89' lang='grc'><strong>,</strong></span> 
     </span>
     <span class='ocr_line' id='line_1_117' title="bbox 2015 5714 3540 5834; baseline -0.007 -12"><span class='ocrx_word' id='word_1_899' title='bbox 2015 5714 2236 5823; x_wconf 51' lang='grc' dir='ltr'>ειὲιῖίπὶι.</span> <span class='ocrx_word' id='word_1_900' title='bbox 2265 5770 2460 5834; x_wconf 79' lang='lat' dir='ltr'><strong>codex,</strong></span> <span class='ocrx_word' id='word_1_901' title='bbox 2493 5766 2683 5822; x_wconf 83' lang='lat' dir='ltr'><strong>inventi</strong></span> <span class='ocrx_word' id='word_1_902' title='bbox 2709 5775 2851 5818; x_wconf 88' lang='lat' dir='ltr'><strong>sunt.</strong></span> <span class='ocrx_word' id='word_1_903' title='bbox 2886 5761 2950 5817; x_wconf 85' lang='lat' dir='ltr'><strong>In</strong></span> <span class='ocrx_word' id='word_1_904' title='bbox 2972 5761 3181 5819; x_wconf 73' lang='lat' dir='ltr'><strong>Iuda-is</strong></span> <span class='ocrx_word' id='word_1_905' title='bbox 3212 5773 3259 5820; x_wconf 89' lang='lat' dir='ltr'><strong>et</strong></span> <span class='ocrx_word' id='word_1_906' title='bbox 3306 5753 3540 5820; x_wconf 61' lang='lat' dir='ltr'><strong>omnibus</strong></span> 
     </span>
    </p>
   </div>
   <div class='ocr_carea' id='block_1_117' title="bbox 1944 5839 2261 5906">
    <p class='ocr_par' dir='ltr' id='par_1_117' title="bbox 1944 5839 2261 5906">
     <span class='ocr_line' id='line_1_118' title="bbox 1944 5839 2261 5906; baseline 0.009 -18"><span class='ocrx_word' id='word_1_907' title='bbox 1944 5839 2112 5906; x_wconf 86' lang='lat' dir='ltr'><strong>malis,</strong></span> <span class='ocrx_word' id='word_1_908' title='bbox 2153 5849 2261 5896; x_wconf 85' lang='lat' dir='ltr'><strong>etc.</strong></span> 
     </span>
    </p>
   </div>
  </div>
