4082 6306
602 325 704 383 151

1509 313 1602 369 AD
1639 308 1878 368 OPERA
1919 302 2168 365 SANCTl
2206 296 2533 357 AMBROSII
2572 291 2944 351 APPENDIX.

3781 283 3866 341 152

597 435 812 509 pensati
850 431 1035 488 delicti
1065 429 1344 493 aufertur,
1376 437 1433 482 ut
1461 423 1759 482 voluntatis
1794 436 1906 478 sua:
1935 418 2197 490 recipiant
2227 425 2281 486 Α
2304 413 2540 509 ἱΙΙοιίιιιιΔ
2564 411 2660 466 tibi
2705 407 2933 509 contulit
2975 405 3045 509 ad
3074 405 3344 509 salutem;
3381 412 3519 509 utet
3546 401 3645 508 ipsi
3674 400 3866 508 redeant

593 528 827 584 liberum
852 523 1160 580 arbitrium.
1881 571 1886 574 _

667 616 852 689 (Vers.
893 613 1008 684 16.)
1051 613 1204 682 Quod
1237 614 1283 668 si
1323 611 1569 666 delibatio
1597 618 1777 664 sancta
1802 615 1897 672 est,
1922 614 1969 660 et
2004 619 2192 658 massa.

594 708 942 766 Manifestum
984 713 1106 773 est,
1156 706 1282 777 quia
1332 702 1480 774 quod
1525 701 1688 756 unius
1732 696 2055 754 substantia:
2079 701 2192 761 est,

594 817 763 859 unum
806 811 891 858 est
923 820 935 854 :
986 814 1052 855 ae
1095 813 1192 870 per
1223 797 1326 854 boc
1359 811 1469 851 non
1509 802 1695 866 potest
1721 789 1982 848 delibatio
2009 797 2198 845 saneta

588 913 732 963 esse,
766 905 819 953 et
856 909 1038 952 massa
1064 892 1379 959 immunda;
1410 901 1437 929 ει
1465 889 1731 946 delibatio
1751 886 1900 942 enim
1924 885 1993 940 de
2015 897 2192 939 massa

587 1002 692 1049 est.
757 991 999 1062 Ideoque
1042 988 1288 1045 ostendit
1329 1002 1438 1042 non
1487 999 1651 1054 posse
1687 981 1937 1052 indignos
1973 977 2080 1034 dici
2125 975 2192 1032 ad

591 1085 756 1142 fidem
793 1085 918 1149 hos,
969 1097 1202 1154 quorum
1248 1081 1359 1150 jam
1392 1089 1577 1150 patres
1605 1075 1790 1146 adepti
1821 1082 1949 1129 sunt
1989 1071 2188 1136 ﬁdem;

586 1180 714 1250 quia
744 1181 789 1234 si
822 1193 951 1250 pars
981 1178 1298 1234 Judteorum
1326 1173 1578 1240 credidit,
1607 1187 1703 1227 cur
1729 1185 1838 1226 non
1862 1177 1920 1224 et
1936 1167 2042 1222 alia
2066 1181 2192 1238 pars

587 1289 752 1346 posse
777 1275 1006 1329 credere
1030 1271 1282 1327 dicatur?

659 1367 841 1438 (Vers.
875 1365 989 1438 17.)
1026 1365 1093 1420 Et
1125 1367 1169 1420 si
1206 1363 1362 1419 radis;
1390 1371 1591 1429 sancta,
1626 1370 1672 1416 et
1696 1361 1850 1413 rami.
1885 1357 2189 1413 lmmutatis

585 1459 794 1528 verbis,
823 1461 1017 1515 eadem
1047 1459 1265 1527 repetit,
1291 1466 1351 1512 ut
1372 1471 1590 1512 sensum
1616 1451 2192 1510 eommendetduobus

583 1552 877 1623 exemplis.
911 1552 1062 1619 Quod
1080 1553 1125 1606 si
1146 1550 1311 1621 aliqui
1338 1566 1402 1605 ea:
1427 1550 1587 1604 ramis
1619 1548 1774 1618 fracti
1801 1555 1922 1600 sunt
1948 1561 1965 1600 :
1996 1545 2050 1600 id
2081 1553 2187 1611 est,

585 1644 633 1699 si
674 1645 842 1714 aliqui
890 1659 998 1700 non
1040 1643 1403 1699 crediderunt
1447 1659 1513 1698 ex
1555 1641 1658 1707 eis,
1697 1640 1866 1696 excisi
1895 1654 1922 1693 a
1956 1638 2190 1709 promis-

512 1748 514 1751 “
581 1737 758 1794 sione.
791 1737 867 1792 Tu
901 1746 1073 1792 autem
1099 1753 1215 1791 cum
1240 1751 1377 1792 esses
1399 1737 1636 1802 oleaster,
1658 1735 1881 1788 insertus
1899 1749 1953 1787 es
1971 1733 2027 1786 in
2041 1733 2184 1799 illos,

2299 507 2365 563 ad
2405 505 2694 578 originem.
2743 501 3177 574 Tunc-placebis
3219 501 3354 564 Deo,
3398 498 3490 570 qui
3531 497 3606 552 tui
3643 496 3865 551 misertus

2299 609 2414 669 est;
2447 599 2573 656 ideo
2601 599 2748 654 enim
2782 607 2832 653 te
2860 595 3165 662 advocavit,
3209 603 3266 650 ut
3297 609 3392 666 per
3419 601 3566 649 tuam
3598 591 3866 647 aemulatio.

2297 711 2423 753 nem
2455 694 2740 750 reduceret
2761 703 2816 748 et
2837 692 2960 748 illos
2987 690 3056 747 ad
3082 689 3338 762 gratiam.

2365 813 2475 885 92
2505 810 2586 866 Tu
2613 819 2785 864 autem
2820 809 2923 878 ﬁde
2959 818 3090 862 stas.
3120 806 3260 874 Quia
3304 804 3476 862 Judaei
3513 819 3612 874 per
3647 801 3862 858 dilliden-

2297 908 2426 963 tiam
2469 907 2604 976 lapsi
2630 915 2786 970 sunt,
2817 903 2918 958 hos
2949 902 3054 958 fide
3083 902 3217 958 dicit
3245 911 3422 965 stare;
3453 899 3578 969 quia
3599 913 3719 952 cum
3744 897 3866 966 prius

2297 999 2540 1072 perfidiae
2589 1013 2754 1054 causa
2794 999 3078 1067 jacercnt,
3108 992 3386 1050 credendo
3417 1001 3565 1048 stare
3592 999 3862 1060 cmperunt.

2297 1093 2428 1149 Noli
2472 1093 2634 1150 altum
2678 1107 2878 1163 sapere,
2911 1091 3000 1146 sed
3045 1090 3188 1143 time.
3223 1087 3281 1142 Id
3319 1097 3440 1151 est,
3487 1086 3598 1141 noli
3629 1084 3865 1152 superbus

2295 1200 2440 1253 esse,
2471 1184 2567 1241 sed
2596 1197 2750 1249 eave,
2782 1198 2850 1238 ne
2879 1190 2935 1238 et
2967 1193 3024 1237 tu
3053 1181 3317 1237 oﬂ'endas.
3511 1168 3523 1173 ”

2369 1299 2552 1371 (Vers.
2595 1297 2713 1369 2i.)
2761 1297 2824 1353 Si
2864 1297 3002 1352 enim
3038 1295 3176 1352 Deus
3221 1294 3549 1350 naturalibus
3593 1296 3748 1349 ramis
3784 1311 3864 1349 non

2293 1395 2556 1465 pepercit;
2597 1409 2662 1448 ne
2696 1397 2832 1463 forte
2857 1407 2950 1446 nec
2979 1392 3070 1446 tibi
3098 1400 3298 1462 parcat.
3329 1389 3533 1445 Verum
3566 1397 3674 1456 est,
3697 1390 3806 1459 quia
3829 1391 3864 1444 si

2292 1489 2448 1556 illos,
2480 1489 2569 1560 qui
2617 1487 2975 1558 praerogativa
3002 1486 3226 1541 Patrum
3267 1496 3289 1524 ο
3315 1484 3464 1554 digni
3493 1494 3672 1549 erant,
3700 1483 3866 1555 quibus

2290 1584 2456 1639 etiam
2501 1583 2643 1638 facta
2689 1580 3046 1651 repromissio
3087 1589 3173 1635 est
3210 1579 3321 1634 Deo
3350 1579 3402 1633 in
3438 1578 3578 1634 filios
3612 1578 3863 1650 adoptari,

2289 1673 2692 1731 incredulitatis
2723 1687 2886 1729 causa
2920 1672 3258 1737 excaecavit;
3288 1670 3414 1742 quid
3438 1671 3523 1726 his
3543 1671 3589 1725 si
3615 1671 3865 1726 dubitavc-

2290 1767 2434 1834 rint,
2467 1775 2559 1822 aut
2587 1766 2632 1822 si
2665 1781 2724 1822 se
2754 1765 3076 1830 extulerint,
3109 1765 3291 1830 faciet,
3322 1765 3416 1835 qui
3445 1765 3591 1819 nulla
3618 1779 3864 1820 commcn-

583 1838 632 1929 εξ
669 1833 841 1929 ‘9’?“
886 1832 1057 1929 [πφδ
1096 1846 1149 1884 ⁸⁸
1190 1829 1381 1929 radi?“
1504 1827 1833 1929 νίηθυθξίξηίῗ
1863 1825 2031 1929 of“?
2071 1823 2186 1878 Hoc
2218 1826 2265 1886 B
2291 1823 2518 1914 datione
2547 1858 2821 1914 sublimati
2849 1868 2974 1913 sunt
3006 1875 3018 1911 :
3061 1823 3264 1929 quippe
3280 1823 3415 1912 'ch
3439 1857 3645 1912 nullius
3665 1857 3865 1928 dignita-

587 1923 878 1995 signilicat,
909 1925 1036 1994 quia
1063 1939 1170 1979 non
1200 1924 1554 1980 credentibus
1589 1922 1776 1978 multis
1806 1920 2030 1986 Judaeis,
2055 1935 2188 1990 geu-

580 2023 669 2072 tes
716 2016 896 2072 insitrc
925 2025 1056 2071 sunt
1084 2031 1182 2086 per
1213 2016 1375 2072 fidem
1414 2016 1465 2070 in
1495 2031 1651 2086 spem
1679 2014 2061 2085 promissionis
2086 2029 2100 2078 ;
2129 2022 2188 2068 ut

586 2108 768 2164 dolori
800 2118 949 2166 esset
987 2108 1234 2166 Judaeis:
1270 2109 1366 2165 sed
1411 2125 1520 2164 non
1559 2108 1711 2178 juxta
1751 2108 1924 2179 legem
1953 2105 2186 2176 agricul-

583 2212 743 2270 turae,
777 2205 904 2275 quia
934 2204 1136 2260 bonum
1167 2204 1450 2260 surculum
1484 2203 1733 2259 inserunt
1759 2203 1812 2257 in
1847 2217 1952 2257 non
1983 2201 2182 2257 bonam

580 2294 869 2362 arborem;
919 2295 972 2350 hi
1022 2297 1169 2352 enim
1215 2312 1339 2352 cum
1376 2302 1565 2352 essent
1600 2295 1654 2350 in
1683 2294 1867 2350 radice
1898 2293 2060 2358 mala,
2103 2295 2186 2348 in-

579 2391 715 2448 serti
757 2400 888 2449 sunt
929 2392 981 2447 in
1018 2392 1219 2448 bonam
1250 2391 1527 2447 arborem.
1561 2389 1686 2446 Ideo
1718 2389 2019 2445 oleastrum
2051 2386 2185 2442 dicit

577 2485 869 2554 insertum,
899 2493 961 2542 ut
989 2485 1226 2542 fructum
1249 2484 1502 2541 surculus
1527 2482 1727 2540 radicis
1753 2481 1965 2546 all‘erat,
1999 2480 2183 2537 socius

577 2579 699 2650 ejus
722 2579 974 2638 effectus.

648 2674 832 2744 (Vers.
889 2672 1006 2744 18.)
1053 2672 1181 2728 Noli
1207 2673 1428 2746 gloriari
1452 2673 1696 2726 adversus
1723 2685 1916 2735 ramos,
1940 2668 2045 2724 hoc
2072 2677 2178 2734 est,

574 2765 690 2820 noli
721 2764 962 2836 gaudere
985 2765 1040 2820 in
1067 2764 1453 2820 incredulitate
1483 2763 1730 2828 illorum;
1757 2760 2009 2832 displicet
2034 2759 2181 2816 enim

578 2858 728 2923 Deo,
763 2858 812 2914 si
853 2857 976 2929 quis
1017 2859 1258 2914 exsultet
1289 2859 1343 2914 in
1393 2857 1552 2912 malis
1589 2854 1814 2913 alterius
1836 2896 1850 2919 ,
1877 2855 2022 2910 sicut
2048 2853 2182 2908 dicit

575 2951 836 3009 Salomon
870 2951 1057 3024 (Prov.
1104 2951 1278 3024 xxiv).
1319 2952 1428 3008 Nec
1457 2952 1603 3008 enim
1635 2965 1797 3006 causa
1819 2948 2059 3020 gentium
2085 2947 2180 3003 ab-

573 3044 705 3114 iecti
740 3054 872 3102 sunt
898 3087 913 3113 ,
944 3054 1004 3101 ut
1031 3045 1307 3116 gaudeant
1340 3062 1353 3098 :
1382 3045 1478 3101 sed
1509 3045 1634 3116 quia
1663 3059 1771 3098 non
1803 3042 2174 3108 crediderunt,

573 3141 925 3197 occasionem
958 3141 1248 3206 dederunt,
1282 3148 1339 3195 ut
1366 3138 1752 3208 praedicaretur
1775 3136 2050 3207 gentibus.

647 3232 802 3299 Quod
837 3234 883 3287 si
923 3242 978 3287 tu
1011 3233 1290 3304 gloriaris,
1343 3248 1446 3286 non
1492 3241 1547 3285 tu
1576 3230 1806 3285 radicem
1835 3239 2010 3298 portas
2031 3269 2045 3294 ,
2084 3227 2175 3284 sed

570 3325 726 3380 radix
767 3334 834 3379 te.
881 3324 939 3380 Id
971 3335 1090 3390 est,
1124 3325 1170 3381 si
1201 3334 1253 3381 te
1279 3324 1540 3381 extuleris
1580 3338 1746 3394 super
1776 3321 1925 3389 illos,
1959 3321 2010 3375 in
2045 3335 2179 3391 quo-

570 3434 693 3474 rum
726 3420 965 3476 insertus
1006 3433 1066 3475 es
1106 3419 1383 3484 radicem;
1421 3419 1650 3475 insultes
1681 3416 1894 3489 generi,
1929 3415 2074 3486 quod
2100 3425 2172 3482 te,

574 3521 634 3568 ut
655 3528 724 3570 ex
755 3513 902 3569 malo
927 3515 1104 3571 bonus
1127 3529 1304 3581 esses,
1330 3515 1572 3585 suscepit
1599 3532 1611 3568 :
1639 3527 1739 3569 nec
1760 3511 1949 3578 stabis,
1976 3511 2020 3567 si
2042 3510 2174 3565 illud

569 3622 668 3679 per
695 3609 840 3680 quod
868 3618 1004 3677 stas,
1037 3610 1293 3666 destruis.

642 3702 827 3776 (Vers.
879 3701 996 3775 19.)
1021 3702 1168 3758 Dicis
1194 3706 1410 3775 itaque:
1456 3701 1638 3758 Fracti
1663 3710 1784 3756 sunt
1812 3701 1963 3766 rami,
1998 3708 2052 3754 ut
2079 3715 2174 3770 ego

563 3799 783 3856 inserer.
817 3801 898 3856 Ex
929 3814 1160 3870 persona
1181 3800 1405 3871 gentilis
1435 3797 1713 3854 credentis
1742 3797 2022 3868 loquitur;
2045 3795 2168 3865 quia

560 3893 951 3949 exsultandum
999 3901 1152 3962 putat
1182 3893 1238 3946 in
1267 3906 1400 3947 casu
1429 3889 1747 3946 Jud:corum
1781 3886 2166 3953 diffidentiam,

562 3985 754 4041 dicens
802 4003 817 4040 :
860 3985 1086 4041 Illorum
1120 3983 1432 4054 reprobatio
1469 3983 1648 4037 locum
1691 3981 1818 4036 fecit
1846 3979 2165 4050 gentilibus.

565 4075 675 4132 Sed
704 4089 814 4130 non
847 4084 975 4155 sunt
1010 4076 1290 4146 reprobati
1319 4089 1350 4128 a
1383 4074 1516 4137 Deo,
1549 4082 1608 4128 ut
1637 4081 1827 4142 gentes
1856 4072 2164 4126 intrarent:

563 4167 661 4222 sed
705 4182 767 4222 se
801 4166 952 4237 ipsos
992 4168 1258 4237 reprobos
1296 4167 1560 4233 fecerunt,
1599 4178 1920 4237 spernentes
1960 4166 2164 4222 donum

561 4257 692 4324 Dei;
735 4259 880 4314 unde
913 4268 968 4315 et
1005 4261 1348 4318 occasionem
1395 4258 1664 4315 dederunt
1692 4258 1946 4330 gentibus
1983 4258 2050 4313 ad
2079 4273 2167 4314 sa-

562 4349 754 4406 lutem.
809 4350 984 4419 Quam
1026 4352 1398 4408 extollentiam
1444 4352 1671 4422 reprimi
1720 4351 1856 4418 vult,
1905 4361 1963 4406 ut
1994 4351 2166 4423 magis

557 4441 720 4497 saluti
761 4442 1202 4513 eongaudeatur,
1245 4459 1353 4499 non
1401 4442 1709 4515 aegritudini
1744 4443 2062 4510 insultetur;
2087 4442 2164 4498 fa-

559 4537 662 4593 cile
691 4537 838 4594 enim
868 4536 896 4575 ι’
923 4537 1211 4608 decipitur,
1233 4539 1322 4608 qui
1348 4538 1550 4610 gaudet
1574 4537 1769 4595 alienis
1801 4537 1977 4594 malis.

2293 1952 2363 2007 tis
2392 1963 2600 2018 essent,
2622 1951 2870 2007 honorati
2899 1951 3063 2006 sunt?

2363 2068 2546 2141 (Vers.
2569 2068 2687 2139 9.2.)
2720 2067 2851 2124 Vide
2878 2084 2999 2140 ergo
3031 2068 3310 2124 bonitatem
3336 2079 3386 2124 et
3412 2072 3733 2126 severitatem
3756 2069 3864 2126 Dei:

2289 2162 2342 2215 in
2379 2178 2467 2216 eos
2496 2162 2705 2232 quidem
2744 2162 2832 2230 qui
2864 2161 3193 2228 ceciderunt,
3225 2163 3547 2218 severitatem
3582 2180 3602 2217 :
3634 2165 3686 2218 in
3725 2177 3768 2219 ts
3791 2180 3865 2217 ou-

2291 2266 2420 2325 tem,
2461 2257 2776 2322 bonitatem;
2815 2257 2860 2310 si
2898 2256 3248 2328 permanseris
3284 2257 3340 2310 in
3370 2255 3598 2311 bonitate
3624 2273 3644 2312 :
3669 2257 3864 2328 alioquin

2287 2361 2334 2408 et
2360 2361 2416 2408 tu
2443 2352 2718 2408 excideris.
2754 2351 2968 2408 Bonum
3000 2352 3169 2408 Deum
3196 2352 3447 2423 gentibus
3478 2367 3604 2408 esse
3627 2361 3860 2416 testatur;

2291 2448 2416 2519 quia
2465 2463 2589 2502 cum
2629 2446 2771 2503 idola
2821 2455 3212 2518 sequerentur,
3253 2447 3400 2520 digni
3451 2448 3639 2520 utique
3681 2448 3859 2512 mortis,

2286 2541 2548 2612 patientia
2580 2556 2675 2597 sua
2708 2541 3050 2612 exspectavit
3097 2541 3242 2608 illos,
3269 2549 3327 2597 et
3355 2555 3456 2597 nec
3495 2541 3677 2597 adhuc
3709 2541 3861 2610 requi-

2284 2645 2468 2693 rentes
2499 2651 2582 2703 se,
2621 2635 2764 2691 ultro
2790 2635 3007 2692 vocavit
3036 2635 3182 2702 illos,
3214 2644 3269 2690 et
3299 2645 3519 2706 peccata
3550 2635 3633 2692 eis
3657 2634 3857 2691 remisit.

2284 2729 2486 2786 Judmis
2533 2737 2715 2785 autem
2768 2743 2998 2784 severus
3041 2738 3159 2796 est;
3220 2712 3525 2784 excteeavit
3563 2728 3709 2782 enim
3752 2741 3857 2791 eos,

2284 2825 2408 2896 quia
2439 2824 2643 2880 donum
2675 2823 2770 2879 Dei
2800 2830 3149 2894 spreverunt.
3185 2822 3296 2879 Hos
3326 2832 3508 2879 tamen
3542 2838 3687 2879 nunc
3715 2820 3856 2893 signi-

2285 2916 2410 2973 ﬁcat
2457 2916 2713 2983 Judaeos,
2761 2916 2854 2987 qui
2903 2925 3131 2988 propter
3165 2915 3612 2972 malevolentiam
3657 2930 3795 2970 suam
3816 2915 3855 2967 in

2285 3019 2606 3083 perpetuum
2635 3011 2823 3066 caseati
2852 3019 3007 3077 sunt;
3038 3010 3180 3066 unde
3209 3020 3265 3066 et
3297 3009 3566 3067 cecidisse
3593 3024 3688 3066 eos
3709 3007 3852 3064 dicit:

2286 3105 2411 3160 illos
2451 3112 2632 3161 autem
2679 3119 2817 3176 quos
2842 3119 3008 3175 supra
3047 3105 3405 3172 memoravit,
3432 3104 3744 3170 offendisse,
3769 3116 3855 3158 non

2202 3225 2246 3287 Ο
2285 3206 2463 3253 tamen
2523 3196 2830 3262 cecidisse;
2882 3197 3010 3267 quia
3068 3195 3135 3251 ad
3191 3204 3404 3266 tempus
3458 3205 3698 3252 emeatus
3752 3193 3854 3248 illos

2282 3291 2524 3347 ostendit
2575 3309 2589 3346 :
2633 3305 2694 3346 ac
2730 3306 2827 3362 per
2852 3289 2958 3346 hoc
2990 3305 3242 3346 severum
3266 3289 3436 3346 Deum
3480 3290 3533 3344 in
3566 3303 3665 3346 eos
3692 3287 3850 3354 fuisse,

2280 3394 2339 3440 ut
2365 3386 2416 3440 in
2450 3396 2771 3455 perpetuum
2798 3383 2988 3440 etecati
3013 3392 3199 3440 essent
3226 3391 3514 3454 apostatze.

2351 3501 2534 3573 (Vers.
2581 3500 2698 3572 25.)
2751 3499 2862 3556 Sed
2895 3511 2946 3555 et
2973 3499 3053 3554 illi
3100 3501 3144 3554 si
3172 3516 3272 3554 non
3305 3501 3680 3569 permanserint
3708 3500 3757 3554 in
3790 3501 3854 3553 in-

2277 3593 2613 3659 credulitate,
2644 3594 2937 3648 inserentur
2957 3609 2976 3658 ,°
3017 3602 3199 3664 potens
3233 3601 3309 3646 est
3345 3593 3480 3647 enim
3519 3591 3665 3648 Deus
3689 3594 3851 3647 iterum

2276 3686 2503 3740 inserere
2542 3685 2684 3739 illos.
2731 3683 2985 3740 Ostendit
3029 3684 3298 3754 justitiam
3329 3684 3423 3740 Dei
3453 3699 3562 3740 non
3597 3685 3651 3740 in
3678 3683 3852 3741 severi-

2278 3785 2385 3830 tate
2408 3789 2630 3830 manere
2655 3775 2797 3831 circa
2823 3775 2969 3843 illos,
2996 3791 3133 3846 quos
3161 3776 3456 3832 excmcavit
3483 3773 3509 3814 ά
3531 3775 3604 3831 ad
3631 3786 3849 3846 tempus;

2274 3869 2397 3940 quia
2443 3883 2551 3924 non
2580 3869 2658 3924 sic
2687 3869 2809 3923 illos
2846 3868 3072 3936 excidit,
3105 3880 3164 3924 ut
3197 3885 3304 3924 non
3335 3869 3506 3937 possit
3527 3869 3653 3926 illos
3677 3871 3848 3925 iterum

2273 3965 2536 4028 inserere,
2568 3965 2612 4020 si
2645 3972 3066 4028 convertantur,
3097 3965 3189 4035 qui
3223 3979 3320 4036 per
3345 3965 3668 4036 prophetam
3692 3963 3847 4020 dixit:

2273 4055 2597 4111 Revertentes
2644 4058 2713 4110 ad
2755 4073 2835 4111 me
2881 4057 3187 4127 replantabo
3238 4057 3452 4126 (Jerem.
3502 4073 3658 4125 xxiv,
3692 4058 3774 4128 6);
3802 4065 3848 4109 ut

2270 4146 2374 4202 hoc
2394 4148 2632 4203 scientes
2649 4147 2933 4204 christiani
2949 4149 3181 4218 gentiles
3209 4165 3314 4204 non
3346 4150 3614 4206 insultent
3641 4149 3844 4211 Iudaeis,

2267 4240 2404 4296 certi
2429 4240 2696 4296 reservari
2722 4239 2829 4296 illis
2847 4241 2998 4311 quasi
3029 4241 3194 4311 lapsis
3217 4242 3648 4298 misericordiam
3677 4241 3790 4298 Dei.

2340 4356 2522 4427 (Vers.
2563 4355 2680 4429 24.)
2724 4357 2865 4412 Nam
2912 4358 2958 4412 si
2993 4367 3048 4412 tu
3076 4374 3140 4412 ea:
3166 4359 3392 4413 naturali
3421 4359 3628 4413 excisus
3653 4376 3706 4414 es
3727 4358 3848 4412 olea-

2265 4456 2392 4514 stro,
2427 4459 2476 4502 et
2515 4459 2695 4503 contra
2726 4459 2968 4503 naturam
2993 4451 3217 4504 insertus
3240 4467 3291 4505 es
3319 4451 3372 4504 in
3405 4450 3594 4504 bonam
3627 4449 3803 4504 olivam
3831 4464 3847 4501 :

2264 4549 2454 4610 quanto
2507 4542 2673 4613 magis
2709 4543 2783 4609 Iri,
2817 4543 2906 4613 qui
2937 4544 3220 4597 sectmdum
3257 4554 3495 4599 naturam
3519 4585 3534 4611 ,
3575 4547 3846 4598 inserentttr

631 4627 816 4696 (Vers.
850 4627 972 4699 20.)
1008 4627 1164 4690 Bene.
1198 4630 1251 4686 id
1299 4640 1402 4696 est,
1446 4640 1596 4687 recte
1633 4631 1794 4698 dicis,
1823 4633 1950 4702 quia
1973 4631 2159 4688 fractis
2189 4616 2242 4677 D
2266 4649 2374 4688 suae
2396 4634 2587 4689 olivw!
2616 4643 2640 4672 ε
2662 4634 2874 4690 Olivam
2897 4634 3058 4690 fidem
3093 4650 3189 4706 per
3217 4651 3378 4707 quam
3411 4637 3682 4693 Abraham
3704 4635 3848 4706 justi-

557 4719 726 4774 ramis
753 4719 992 4775 insertus
1013 4734 1074 4775 es
1104 4737 1117 4774 :
1140 4721 1233 4776 sed
1248 4722 1303 4776 in
1318 4722 1678 4778 incredulitate
1695 4723 1848 4794 fracti
1871 4734 1989 4778 sunt
2008 4741 2028 4792 ;
2055 4723 2160 4779 hoc

557 4823 673 4882 est,
726 4829 833 4870 non
884 4825 1106 4886 propter
1149 4824 1220 4880 te,
1264 4816 1358 4872 sed
1391 4831 1490 4872 suo
1523 4817 1684 4884 vitio;
1717 4817 1842 4888 quia
1875 4817 1981 4872 illis
2016 4815 2158 4872 diffl-

553 4903 811 4983 den’tibus
830 4947 844 4971 ,
874 4905 943 4961 ad
980 4906 1382 4962 aemulationem
1414 4908 1630 4963 illorum
1660 4918 1714 4964 tu
1743 4918 1970 4964 vocatus
1991 4923 2050 4964 es
2088 4909 2157 4963 ad

551 4997 807 5053 salutem.
837 4997 962 5053 Ideo
988 5000 1190 5068 gratias
1212 4999 1379 5056 debes
1401 5015 1562 5072 agere
1589 5000 1732 5056 dono
1753 5002 1851 5058 Dei
1876 5018 1972 5072 per
1997 5002 2155 5057 Chri-

549 5098 694 5146 stum
719 5132 737 5159 ,
772 5105 880 5146 non
921 5090 1032 5147 illis
1070 5091 1335 5148 insultare
1364 5111 1377 5147 :
1420 5092 1514 5148 sed
1544 5102 1598 5148 et
1625 5103 1841 5164 petere,
1875 5095 1922 5150 si
1950 5095 2150 5150 malum

618 5216 648 5284 εξ
675 5206 940 5284 Delibatio
973 5207 1114 5284 enim
1151 5208 1421 5284 deAmassa
1468 5219 1566 5276 est,
1615 5211 1665 5264 in
1697 5227 1828 5267 mss.
1862 5213 2140 5284 plerisque

543 5279 802 5360 omissum
821 5278 946 5333 fuit.
976 5277 1448 5360 Sequentiautem
1477 5295 1637 5336 versu
1669 5298 1765 5360 pro
1792 5277 2138 5360 qubrumjam

539 5358 729 5426 patres,
760 5365 892 5426 mss.
926 5365 1033 5426 non
1066 5352 1219 5426 pauci
1240 5351 1450 5426 legunt,
1479 5351 1695 5426 quorum
1715 5351 1829 5426 jam
1859 5351 2027 5424 pares.

610 5418 640 5457 b
669 5419 831 5494 βοή).
860 5422 1057 5494 codex,
1081 5418 1336 5494 decipitur
1358 5422 1447 5494 qui
1473 5418 1690 5494 insultat
1706 5418 1958 5494 pecca'nti.

616 5500 638 5528 ο
673 5489 746 5544 lta
787 5507 940 5568 .mss.
989 5493 1150 5568 longe
1195 5489 1450 5568 plurimi;
1497 5493 1627 5549 edit.
1673 5489 1833 5568 vero,
1893 5499 2137 5568 dignitosi

536 5570 706 5628 erant,
736 5561 801 5615 ad
830 5577 964 5631 quas
984 5561 1146 5619 etiam
1186 5563 1457 5619 accedunt
1487 5567 1731 5621 nonnulli
1761 5561 1893 5622 mss.
1928 5561 2019 5624 tibi
2054 5571 2134 5626 le-

534 5632 873 5712 giturhdigni
900 5639 1030 5712 tonsi
1061 5645 1226 5690 erant.
1265 5635 1475 5712 Rursus
1501 5645 1702 5712 autem,
1738 5640 1827 5712 ubi
1855 5639 2132 5710 legebatur

532 5702 602 5781 iri;
637 5702 768 5781 edit.
793 5702 1068 5781 omnibus
1117 5717 1170 5761 et
1199 5721 1332 5781 mss.
1365 5702 1712 5781 quibusdam,
1756 5709 1866 5764 Deo
1907 5702 1962 5765 in
1991 5712 2130 5781 ﬁlios

532 5773 793 5853 adoptati,
825 5783 921 5853 aut
943 5783 1006 5853 _ut
1030 5777 1084 5853 in
1115 5773 1575 5853 nonnullis'paulo
1600 5773 1812 5849 melius,
1843 5773 2127 5853 adaptatis,-

529 5843 730 5914 optime
762 5843 1126 5916 reliquicod.,
1161 5843 1419 5920 adoptari.

2266 4726 2459 4781 ficatus
2495 4735 2599 4795 est,
2629 4728 2963 4797 accipiamus
2989 4746 3001 4782 ε
3038 4729 3336 4786 oleastrum
3367 4747 3522 4798 vero,
3551 4734 3675 4803 quia
3702 4744 3844 4802 agre-

2262 4819 2362 4876 stis
2384 4830 2439 4877 et
2459 4820 2796 4877 infructuosa
2821 4830 3010 4877 natura
3029 4823 3439 4894 est,perlidiam
3461 4825 3841 4895 significatam:

2262 4927 2325 4968 ac
2365 4929 2462 4984 per
2501 4915 2607 4969 hoc
2647 4914 2693 4968 si
2729 4913 2788 4980 ii,
2833 4915 2926 4984 qui
2972 4930 3191 4985 semper
3231 4916 3441 4972 inimici
3491 4916 3585 4972 Dei
3619 4918 3840 4981 fuerunt,

2260 5006 2509 5061 conversi
2535 5006 2587 5061 in
2612 5003 2777 5061 fidem
2810 5005 3047 5063 Abrahae
3074 5009 3265 5064 inserti
3295 5018 3445 5076 sunt,
3474 5025 3546 5066 ex
3572 5011 3728 5081 cujus
3747 5010 3842 5065 ori-

2256 5101 2381 5169 gine
2410 5115 2516 5154 non
2548 5108 2706 5166 sunt;
2739 5110 2943 5170 quanto
2967 5103 3140 5173 magis
3163 5102 3358 5169 Judaei,
3384 5103 3430 5158 si
3455 5112 3578 5173 post
3603 5101 3841 5159 difﬁden-

2316 5215 2341 5301 ξί
2375 5218 2626 5301 Nonnulli
2661 5219 2809 5301 co_d.,
2843 5222 2920 5301 ad
2947 5231 3165 5301 tempus,
3213 5243 3304 5280 nec
3328 5227 3533 5301 quidem
3562 5229 3699 5301 circa
3739 5243 3833 5301 eos,

2242 5291 2353 5368 qui
2380 5291 2561 5344 nolunt
2609 5292 2836 5359 credere,
2877 5296 2920 5349 si
2963 5291 3212 5361 credant,
3259 5291 3380 5368 quia
3420 5315 3524 5352 non
3559 5300 3634 5352 sic
3657 5298 3835 5352 excidit

2243 5358 2475 5423 Judwos.
2509 5373 2616 5416 etc.

2341 5441 2364 5468 θ
2425 5432 2578 5487 Eras.
2641 5443 2696 5489 et
2749 5449 2869 5504 seq.
2925 5437 3100 5502 edit.,
3157 5440 3364 5493 olivam.
3442 5439 3601 5495 Rom.
3677 5439 3833 5494 oleam

2240 5502 2397 5586 fidem
2525 5543 2589 5586 ..λ
2637 5502 2969 5586 accipimus:
3014 5507 3236 5563 oleaster
3281 5527 3398 5565 vero
3421 5551 3436 5566 .
3473 5552 3486 5564 .
3625 5551 3638 5564 .
3666 5510 3830 5586 perﬁ-

2242 5574 2381 5627 diam
2417 5574 2970 5645 signiﬁcat;Amerb.
3023 5590 3202 5635 autem
3255 5591 3310 5636 et
3359 5597 3488 5636 mss.
3555 5574 3830 5637 lectionem

2241 5655 2482 5728 nostram
2520 5648 2876 5714 constituunt,
2931 5652 3034 5706 nisi
3084 5653 3498 5728 quodnonnulli
3533 5654 3759 5716 habent,
3787 5660 3831 5706 et

2239 5718 2594 5800 infructuosus
2632 5727 2821 5800 natura
2861 5730 2956 5788 est,
3002 5718 3243 5800 non—nulli
3299 5733 3347 5779 et
3387 5724 3719 5800 infructuosa
3744 5739 3828 5796 na;

2241 5798 2371 5867 tura;
2391 5797 2495 5867 est;
2523 5799 2578 5867 et
2617 5795 2878 5867 continuo
2902 5804 3026 5863 post
3054 5797 3278 5853 Amerh.
3305 5811 3428 5853 cum
3462 5795 3647 5867 paucis
3676 5795 3824 5852 mss..

2241 5858 2514 5927 perﬁdiam
2537 5860 2816 5931 signiﬁcat.
