4082 6306
160 362 272 420 155

1045 351 1550 415 COMMENTARIA
1593 351 1658 408 IN
1699 350 2090 410 EPISTOLAM
2133 352 2222 407 AD
2259 350 2610 410 ROMANOS.
2693 384 2696 388 -

3367 349 3472 409 154

153 483 297 536 tiam
327 482 596 548 credam,
627 490 860 553 paterna:
889 475 1143 535 reddendi
1167 482 1292 530 sunt
1322 485 1549 540 natum,
1576 471 1766 528 inserti
1793 483 1844 543 Α
1869 473 2158 540 bonorum,
2190 487 2422 545 quorum
2457 473 2816 546 prmrogativa
2843 482 2900 531 et
2947 471 3142 530 merito
3181 471 3412 545 plurima
3443 487 3474 526 a

155 577 369 632 iterum
409 576 464 630 in
500 590 659 630 suam
692 573 1140 645 promissionem!

230 666 454 739 (Vers..
477 666 576 735 25,
626 666 747 736 26.)
797 664 936 720 Nolo
965 664 1095 720 enint
1122 663 1363 734 ignorare
1389 676 1476 716 vos
1497 703 1511 726 ,
1551 663 1768 732 fratres,

154 760 483 831 mysterium
514 759 658 825 hoc;
685 771 738 813 ut
775 774 876 813 non
908 759 1015 812 sitis
1042 757 1143 829 ipsi
1167 755 1308 810 vobis
1336 756 1628 827 sapientes;
1650 754 1772 824 quia

155 853 373 909 obtusio
403 854 648 925 quwdant
669 869 732 908 ex
757 863 902 926 parte
921 850 1088 907 Israel
1112 853 1252 923 facta
1281 861 1378 918 est,
1409 851 1571 905 donec
1602 849 1768 920 pleni-

154 947 287 1003 tudo
315 950 560 1020 gentium
585 949 800 1002 intraret
825 962 843 1000 :
865 956 914 1002 et
935 946 1008 1002 sic
1035 945 1198 1000 omnis
1221 943 1391 1001 Israel
1407 944 1584 999 salvus
1604 944 1766 1014 ﬁeret.

151 1039 278 1096 Non
305 1053 397 1096 est
425 1041 741 1106 obscurum,
773 1039 898 1112 quia
925 1040 992 1094 ad
1027 1049 1238 1109 tempus
1265 1039 1530 1094 caecitatis
1562 1047 1586 1075 α
1610 1037 1772 1094 obtu-

155 1133 242 1190 sio
281 1133 420 1189 data
466 1143 553 1190 est
577 1133 778 1190 Iudaeis
820 1133 914 1201 iis,
948 1133 1036 1202 qui
1065 1131 1193 1188 dum
1221 1131 1401 1187 aemuli
1432 1131 1589 1202 Legis
1617 1139 1766 1197 sunt,

154 1242 270 1283 non
303 1226 573 1284 viderunt
591 1225 790 1282 donum
819 1225 1034 1281 venisse
1059 1225 1388 1296 promissum
1414 1239 1443 1278 a
1466 1225 1600 1291 Deo,
1621 1223 1769 1296 quod

155 1319 573 1392 praedicabatur
613 1336 641 1373 a
691 1317 928 1374 Christo.
971 1316 1104 1374 Zelo
1148 1319 1293 1373 enim
1323 1317 1767 1384 excaacatisunt,

155 1423 427 1484 putantes
458 1414 630 1484 legem
657 1411 923 1468 factorum
955 1428 1244 1483 numquam
1275 1412 1478 1468 debere
1517 1426 1767 1477 cessare;

157 1505 308 1561 unde
337 1505 632 1562 sabbatum
663 1505 1002 1562 zelabantur.
1047 1505 1162 1574 Qua
1186 1503 1485 1560 cliensione
1519 1522 1584 1560 ex
1619 1514 1771 1574 parte

158 1599 347 1656 obtusi
393 1607 562 1665 sunt,
593 1608 650 1654 ut
687 1614 784 1669 pro
827 1597 1206 1654 incredulitate
1236 1613 1333 1652 sua
1375 1599 1767 1664 cruciarentur,

159 1692 421 1748 videntes
461 1701 655 1764 gentes
707 1693 949 1764 proﬁteri
989 1707 1111 1748 cum
1139 1691 1338 1763 gaudio
1358 1700 1684 1747 consecutos
1712 1703 1772 1746 se

162 1769 658 1856 Epromissionem
690 1785 918 1840 Abrahae
961 1803 973 1838 :
1001 1785 1154 1854 copia
1183 1793 1362 1840 tamen
1384 1783 1619 1838 admissa
1639 1797 1768 1854 gen-

1877 565 1988 622 Deo
2009 565 2276 622 beneticia
2308 578 2698 637 perceperunt,
2728 569 2963 638 regressi
2995 567 3060 623 ad
3108 568 3267 623 ﬁdem
3295 567 3476 624 susci-

1878 658 2094 729 pientur
2118 673 2241 714 cum
2272 659 2489 725 laetitia;
2525 659 2652 730 quia
2690 660 2912 716 dilectio
2944 664 2994 716 in
3026 661 3110 716 his
3138 661 3233 718 Dei
3281 675 3476 718 exsus-

1875 753 2075 809 citatur
2101 754 2360 810 memoria
2394 753 2632 808 Patrum.

1949 844 2128 916 (Vers.
2154 844 2272 916 ‘29.)
2307 844 2433 899 Sine
2461 844 2760 916 paenitentia
2786 846 2921 900 enim
2949 857 3068 901 sunt
3110 847 3248 902 dona
3284 857 3334 902 et
3387 862 3476 901 va-

1875 938 2012 992 catio
2053 937 2169 994 Dei.
2197 937 2398 994 Verum
2429 945 2534 1000 est,
2563 938 2689 1007 quia
2722 938 2892 1008 gratia
2925 937 3019 994 Dei
3051 939 3102 992 in
3147 939 3474 1010 baptismate

1875 1045 1981 1088 nou
1999 1031 2196 1102 quaerit
2222 1032 2502 1102 gemitum,
2525 1040 2618 1085 aut
2642 1032 2941 1101 planctum,
2967 1039 3059 1085 aut
3079 1047 3214 1101 opus
3239 1033 3470 1102 aliqum;

1877 1127 1979 1182 nisi
2009 1127 2185 1182 solum
2209 1141 2274 1182 ex
2303 1127 2469 1182 corde
2502 1125 2919 1195 professionem.
2954 1125 3143 1195 Neque
3169 1126 3315 1180 enim
3346 1126 3472 1194 quia

1871 1220 2110 1292 graviter
2135 1219 2478 1290 deliquerant
2507 1234 2613 1274 non
2641 1217 2960 1286 recipiendo
2985 1217 3314 1288 promissum
3351 1215 3471 1284 Dei,

1873 1325 1929 1372 et
1951 1317 2080 1387 quia
2108 1331 2230 1387 qua:
2252 1316 2487 1385 graviter
2519 1323 2834 1385 peccantur,
2867 1329 2974 1368 non
3005 1312 3108 1367 nisi
3143 1312 3269 1366 lletu
3297 1320 3351 1366 et
3376 1326 3470 1382 ge-

1874 1409 2007 1465 mitu
2037 1407 2101 1462 ad
2132 1410 2344 1463 veniam
2377 1407 2680 1477 pertinent;
2728 1421 2795 1462 ne
2825 1405 2948 1462 ideo
3005 1405 3126 1460 illos
3173 1419 3278 1460 non
3309 1419 3472 1475 posse

1868 1502 1979 1572 jam
2015 1503 2265 1572 accipere
2314 1501 2742 1557 misericordiam
2798 1509 3071 1570 putarent,
3112 1502 3240 1571 quia
3286 1500 3472 1556 dolere

1874 1594 1994 1650 illos
2020 1610 2129 1650 non
2151 1594 2440 1659 videbant;
2471 1594 2710 1650 ostendit
2731 1593 2832 1649 hoc
2857 1594 2996 1650 inter
3020 1593 3315 1664 primordia
3343 1592 3469 1648 ﬁdei

1873 1704 1982 1744 non
2009 1689 2244 1761 requiri;
2299 1689 2499 1745 donum
2550 1688 2692 1745 enim
2726 1688 2819 1744 Dei
2847 1689 3018 1761 gratis
3047 1687 3213 1744 donat
3246 1695 3471 1758 peccata

1875 1783 1925 1837 in
1959 1782 2252 1854 baptismo.

164 1845 328 1940 tium,
363 1875 773 1947 abstergeretur
817 1877 994 1949 caligo
1021 1845 1090 1932 ab
1120 1875 1295 1932 oculis
1327 1875 1522 1930 mentis
1551 1845 1759 1941 eorum,
1798 1893 1844 1951 Β
1941 1845 2126 1946 (vers.
2178 1874 2267 1942 ‘50,
2311 1873 2429 1948 5i.)
2462 1875 2605 1930 Sicut
2632 1876 2768 1929 enim
2817 1886 2864 1930 et
2922 1892 3011 1930 vos
3055 1845 3336 1948 aliquando
3366 1893 3470 1932 non

167 1979 227 2026 ut
267 1969 487 2041 possint
526 1970 784 2035 credere;
824 1980 881 2025 ut
907 1969 1157 2040 spiritum
1187 1968 1620 2038 compunctionis
1645 1983 1766 2038 pro-

167 2063 368 2120 bibens
392 2079 421 2119 a
453 2065 716 2121 cordibus
739 2079 950 2129 eorum,
974 2064 1067 2135 qui
1093 2063 1172 2118 eis
1196 2070 1413 2133 praestat
1439 2062 1765 2126 caecitatem,

169 2157 366 2214 reddat
405 2159 488 2214 eis
527 2157 813 2214 arbitrium
859 2157 1092 2213 liberum
1127 2156 1448 2222 voluntatis;
1495 2155 1614 2226 quia
1660 2169 1766 2209 non

176 2249 245 2307 de
291 2251 672 2307 malevolentia
722 2259 838 2306 erat
876 2250 1248 2316 incredulitas,
1293 2250 1387 2304 sed
1433 2249 1502 2304 de
1554 2263 1763 2314 errore,

181 2343 618 2409 emendarentur,
655 2352 712 2398 ut
740 2353 924 2414 postea
950 2344 1312 2399 salvarentur.

250 2439 403 2495 Sicut
429 2441 674 2508 scriptum
706 2449 798 2494 est.
834 2439 904 2496 Ut
934 2440 1190 2510 probaret
1221 2439 1422 2494 donum
1453 2438 1560 2494 illis
1583 2453 1765 2495 reser-

177 2542 358 2590 vatum
387 2548 420 2588 a
457 2533 590 2600 Deo,
615 2533 926 2604 exemplum
966 2533 1143 2589 Esaim
1167 2533 1450 2605 prophetae
1474 2536 1526 2587 in
1557 2531 1772 2602 subjec—

173 2627 242 2682 tis
267 2627 422 2698 ponit
455 2645 468 2682 :
501 2635 559 2682 ut
587 2625 688 2682 hac
713 2627 882 2696 gratia
919 2641 1022 2697 qua
1048 2625 1268 2682 liberati
1300 2635 1428 2679 sunt
1453 2623 1625 2679 Judwi
1651 2638 1771 2678 crc-

173 2719 392 2785 dentes,
427 2729 482 2774 et
505 2733 607 2775 nos
633 2719 854 2776 liberari
885 2734 1044 2788 posse
1077 2719 1327 2784 doceret;
1358 2718 1482 2789 quia
1513 2732 1620 2772 non
1652 2726 1770 2772 erat

171 2813 482 2879 exinanita,
516 2811 614 2869 sed
637 2827 853 2882 semper
877 2811 1134 2867 abundat.
1169 2811 1305 2866 Dicit
1337 2826 1469 2882 ergo
1501 2826 1516 2864 :

241 2908 426 2979 (Vers.
475 2907 592 2978 27.)
646 2906 820 2962 Veniet
859 2923 925 2961 ea:
960 2905 1118 2972 Sion,
1149 2907 1239 2976 qui
1265 2907 1471 2977 eripiat,
1499 2914 1545 2960 et
1573 2912 1770 2959 avertat

169 3000 485 3072 impietatem
527 3003 590 3054 ab
633 2998 796 3054 Iacob
844 3016 864 3054 :
912 2999 1075 3055 ethoc
1099 2998 1204 3052 illis
1229 3015 1260 3052 a
1288 3015 1367 3052 me
1387 3007 1762 3064 testamentum,

170 3110 283 3149 cum
307 3095 570 3150 abstulero
599 3103 807 3166 peccata
835 3109 1011 3148 eorum
1043 3090 1212 3163 (Esai.
1245 3108 1349 3158 ιιι,
1376 3091 1494 3163 28).
1521 3091 1766 3162 Exempli

171 3187 332 3259 hujus
377 3189 522 3245 ratio
557 3204 772 3258 semper
804 3195 1006 3256 manet,
1051 3186 1305 3257 quamdiu
1336 3195 1490 3251 sunt,
1521 3186 1615 3257 qui
1645 3201 1765 3241 cre-

1871 1970 2167 2025 credidistis
2213 1969 2344 2034 Deo,
2379 1987 2516 2024 nunc
2549 1980 2718 2026 autem
2760 1971 3168 2026 misericordiam
3212 1972 3476 2027 consecuti

1870 2061 1989 2116 estis
2045 2072 2252 2133 propter
2296 2063 2508 2117 illorum
2548 2062 2896 2133 difﬁdentiam
2934 2065 3054 2118 :ita
3107 2075 3154 2119 et
3205 2066 3292 2119 isti
3335 2083 3470 2120 nunc

1870 2173 1971 2210 non
2002 2157 2328 2212 crediderunt
2351 2157 2402 2210 in
2435 2165 2601 2211 vestra
2630 2156 2978 2223 miseratione,
3011 2167 3064 2212 ut
3102 2169 3149 2213 et
3188 2159 3292 2229 ipsi
3320 2159 3470 2213 misc-

1869 2249 2146 2304 ricordiam
2176 2260 2572 2320 consequantur.
2605 2250 3052 2307 lucredulitatem
3079 2252 3322 2322 gentium
3353 2267 3468 2307 me-

1871 2361 2066 2416 morat,
2096 2350 2124 2389 b
2155 2361 2209 2405 ut
2242 2352 2360 2420 ipso
2383 2351 2582 2405 rubore
2607 2365 2714 2404 non
2757 2366 2816 2405 se
2839 2349 3106 2421 jactarent
3142 2350 3467 2406 insultantes

1869 2444 2095 2511 ludatis,
2124 2444 2212 2514 qui
2255 2458 2360 2498 non
2393 2442 2777 2498 crediderant:
2832 2441 2929 2497 sed
2961 2443 3305 2497 oblectarent
3346 2441 3470 2497 illos

1871 2551 2170 2607 agnoscere
2217 2535 2542 2606 promissum
2581 2535 2696 2590 Dei.
2737 2534 2871 2602 Quia
2913 2535 3059 2590 enim
3110 2548 3230 2600 vos,
3271 2533 3468 2604 inquit,

1870 2639 2081 2702 gentes,
2105 2645 2227 2685 cum
2252 2631 2337 2684 his
2387 2629 2596 2698 eloquia
2625 2629 2718 2684 Dei
2763 2629 2971 2684 credita
3002 2628 3131 2694 sint,
3161 2642 3471 2699 repugnan-

1874 2732 1955 2779 tes
2007 2724 2182 2778 iuistis
2215 2741 2226 2777 :
2258 2737 2399 2777 nunc
2444 2731 2622 2776 autem
2683 2720 3113 2776 misericordiam
3157 2719 3468 2790 accepistis,

1872 2832 1981 2873 non
2005 2826 2184 2872 vestro
2211 2815 2433 2881 merito,
2460 2815 2555 2870 sed
2583 2815 2649 2868 ad
2675 2814 2864 2869 horum
2892 2814 3268 2884 Opprobrium;
3297 2828 3469 2884 quare

1874 2925 1983 2966 non
2041 2910 2212 2981 magis
2263 2909 2348 2964 isti
2391 2909 2640 2964 conversi
2689 2907 2959 2977 accipiant
3013 2906 3467 2973 misericordiam,

1872 3004 1964 3073 qui
2010 3005 2163 3074 prius
2201 3003 2254 3057 in
2313 3003 2432 3072 lege
2485 3002 2579 3057 Dei
2628 2999 2936 3056 convcrsali
2980 3008 3125 3067 sunt,
3161 3009 3216 3054 ct
3271 2999 3472 3070 quibus

1873 3097 2011 3154 facta
2035 3097 2327 3168 promissio
2357 3105 2440 3151 est
2464 3096 2487 3149 ?

1947 3191 2130 3260 (Vers.
2151 3191 2268 3262 δὲ.)
2297 3190 2562 3245 Conclusit
2588 3190 2721 3245 enim
2754 3188 2892 3243 Deus
2938 3189 3112 3243 omnia
3137 3189 3190 3243 in
3233 3186 3469 3242 incredu-

170 3281 319 3336 dant.
356 3281 458 3337 llic
485 3282 628 3336 enim
674 3281 934 3336 Dominus
961 3281 1150 3347 Jesus,
1181 3282 1270 3352 qui
1298 3280 1367 3334 de
1393 3279 1548 3335 caelis
1575 3289 1766 3334 ventu-
1795 3276 1840 3338 C
1873 3285 2034 3349 litate,
2067 3295 2122 3338 ut
2162 3284 2388 3337 omnium
2439 3284 2759 3337 misereatur.
2793 3281 2996 3337 Gentes
3026 3295 3192 3351 porro
3231 3279 3300 3334 ab
3333 3281 3474 3334 anti-

169 3389 264 3430 rus
310 3376 616 3444 promissus
646 3384 728 3429 est
759 3373 826 3428 ad
858 3373 1234 3428 liberationem
1276 3373 1492 3428 humani
1521 3372 1764 3443 generis,

168 3467 286 3538 ipse
315 3467 566 3539 quotidie
607 3467 837 3522 remittit
867 3475 1084 3538 peccata
1112 3467 1390 3522 conversis
1421 3466 1488 3521 ad
1520 3481 1579 3520 se
1619 3484 1630 3518 :
1671 3479 1771 3521 nec

170 3562 353 3617 statim
410 3575 521 3616 non
582 3560 866 3616 credentes
906 3559 1261 3625 condemnat,
1309 3559 1406 3615 sed
1453 3565 1764 3630 exspectat,

170 3655 349 3712 sciens
380 3669 547 3726 posse
566 3654 830 3726 proiicere
859 3653 926 3709 ad
951 3653 1278 3724 agnitionem
1308 3652 1425 3708 Dei.

243 3746 433 3820 (Vers.
481 3747 601 3817 28.)
647 3748 944 3803 Secundum
980 3746 1319 3818 Evangelium
1340 3746 1546 3816 quidem
1576 3744 1772 3798 inimici

171 3851 386 3912 propter
428 3857 538 3896 vos.
591 3841 765 3896 Causa
817 3840 1210 3896 incredulitatis
1256 3839 1364 3911 93
1406 3837 1608 3893 inimici
1645 3846 1772 3893 sunt

169 3933 480 4006 Evangelii,
506 3942 564 3989 ut
589 3949 744 3990 error
767 3941 825 3989 et
847 3933 1104 3988 delictum
1131 3932 1341 3986 illorum
1363 3931 1614 4001 gentibus
1637 3946 1772 4001 ape-

169 4026 302 4082 riret
348 4028 496 4081 viam
542 4035 667 4083 ante
696 4035 906 4096 tempus
933 4025 1169 4079 intrandi
1201 4025 1267 4078 ad
1300 4024 1483 4090 iidem,
1512 4024 1654 4079 sicut
1676 4039 1770 4080 su-

169 4135 265 4192 pra
305 4122 652 4187 memoravi;
689 4123 836 4190 prius
865 4121 1007 4176 enim
1056 4120 1255 4190 ubique
1284 4120 1538 4174 omnibus
1570 4119 1774 4176 ludatis

173 4215 582 4284 prmdicandum
611 4223 746 4280 erat,
790 4223 916 4270 tunc
944 4214 1161 4269 demum
1193 4222 1250 4268 et
1277 4213 1529 4284 gentibus
1551 4224 1771 4284 oporte-

173 4309 262 4365 bat
305 4310 464 4367 eredi
513 4308 736 4364 verbum
778 4307 897 4364 Dei.
951 4308 1058 4364 Sed
1101 4311 1223 4378 quia
1257 4323 1362 4362 non
1404 4307 1770 4375 crediderunt,

172 4401 415 4456 ablatum
447 4400 518 4454 ab
555 4401 633 4454 eis
679 4415 900 4472 regnum
941 4400 1122 4454 datum
1167 4409 1250 4454 est
1288 4400 1557 4470 gentibus.
1591 4399 1774 4470 Itaque

173 4509 280 4548 non
327 4492 698 4547 insultandum
744 4492 826 4547 his
867 4501 1203 4562 praemonet,
1245 4507 1477 4562 quorum
1516 4493 1771 4548 delictum

173 4588 373 4657 profuit
422 4586 714 4657 gentibus;
763 4587 839 4642 illi
876 4588 1020 4642 enim
1059 4587 1428 4642 insultandum
1477 4595 1580 4652 est,
1621 4587 1773 4656 cujus

1871 3378 1996 3449 quis
2027 3376 2367 3447 temporibus
2411 3378 2464 3430 in
2506 3376 2783 3446 impietate
2826 3384 2882 3429 et
2931 3374 3233 3444 ignorantia
3285 3389 3471 3428 versa-

1873 3471 2090 3538 bantur,
2123 3478 2182 3524 ut
2220 3477 2346 3539 pote
2395 3469 2516 3524 sine
2565 3469 2675 3522 Deo
2709 3487 2722 3521 :
2759 3477 2980 3538 propter
3017 3468 3159 3538 quod
3210 3466 3472 3521 manifes-

1873 3572 1982 3620 tata
2012 3565 2124 3620 Lex
2146 3565 2201 3620 iu
2230 3564 2423 3620 litteris
2449 3575 2533 3619 est
2559 3607 2572 3627 ,
2611 3579 2714 3635 qua
2745 3574 2971 3634 possent
3022 3564 3278 3620 iuircnari
3331 3579 3470 3634 prie-

1872 3658 2089 3728 cipites.
2142 3658 2210 3712 Et
2252 3658 2506 3727 quoniam
2559 3656 2796 3710 versutia
2847 3656 3144 3710 adversarii
3204 3656 3471 3710 cumulari

1875 3758 2092 3817 peccata
2135 3758 2440 3818 coeperunt,
2479 3759 2499 3786 ε
2531 3757 2590 3802 ιιι
2619 3763 2714 3816 per
2751 3747 3099 3802 interdictum
3143 3747 3314 3818 magis
3347 3763 3470 3802 reus

1876 3844 2040 3898 homo
2066 3843 2530 3908 constitueretur;
2565 3842 2714 3895 Deus
2741 3841 3031 3895 clementia
3073 3840 3332 3896 bonitatis
3357 3855 3470 3894 suze

1874 3952 2090 4007 semper
2113 3936 2318 3992 homini
2359 3950 2682 4007 procurans,
2713 3945 2772 3989 ut
2796 3944 2849 3990 et
2871 3935 3013 4005 quod
3046 3936 3162 3990 sine
3196 3935 3313 4004 lege
3340 3948 3472 4003 pec-

1875 4039 2057 4085 catum
2081 4041 2224 4095 erat,
2249 4043 2304 4084 et
2336 4031 2387 4084 in
2412 4030 2553 4100 Lege
2603 4037 2785 4100 posset
2825 4027 3034 4093 deleri;
3080 4028 3182 4083 hoe
3231 4027 3470 4084 decrevit

1878 4132 1936 4178 ut
1971 4123 2144 4178 solam
2176 4123 2336 4178 [idem
2389 4133 2638 4193 poneret,
2665 4139 2761 4192 per
2787 4137 2947 4193 quam
2981 4122 3227 4176 omnium
3253 4132 3472 4191 peccata

1878 4219 2260 4284 abolerentur;
2296 4229 2352 4272 ut
2383 4219 2506 4288 quia
2536 4218 2679 4272 nulla
2711 4232 2838 4288 spes
2869 4233 2964 4286 per
2994 4217 3192 4286 Legem
3223 4215 3476 4270 erunibus

1879 4311 2189 4367 hominibus
2225 4320 2365 4376 erat,
2414 4311 2505 4366 Dei
2541 4311 2915 4367 misericordia
2966 4309 3329 4365 salvareutur.
3365 4309 3478 4364 lloc

1878 4413 1962 4460 est
1987 4405 2168 4458 omnia
2199 4405 2535 4458 conclusisse
2584 4405 2634 4457 in
2683 4403 3086 4467 incredulitate,
3118 4412 3172 4456 ut
3213 4413 3339 4457 tunc
3373 4403 3472 4457 de-

1877 4506 2085 4555 cretum
2135 4497 2336 4552 donum
2369 4514 2397 4552 a
2437 4497 2550 4553 Deo
2582 4498 2811 4562 veniret,
2835 4498 3055 4568 quando
3101 4512 3294 4553 omnes
3331 4496 3476 4552 dim-

1877 4590 2058 4646 dentia
2085 4590 2422 4654 laborarent;
2442 4600 2495 4643 ut
2513 4591 2682 4659 gratia
2712 4592 2955 4645 muneris
2972 4601 3120 4646 esset
3142 4591 3472 4661 gratissima.

169 4689 462 4748 peccatum
502 4677 676 4733 obfuit
707 4679 995 4750 aliquibus.
1018 4679 1132 4734 Non
1161 4679 1304 4735 enim
1335 4681 1388 4734 iu
1410 4679 1769 4748 pertidiaillo-
1799 4668 1849 4728 Ῑ)
1875 4683 2060 4755 Itaque
2087 4699 2250 4740 nemo
2276 4699 2335 4740 se
2354 4684 2554 4754 jactet;
2588 4685 2848 4741 miserum
2879 4694 2964 4740 est
3003 4686 3150 4741 enim
3181 4685 3474 4757 superbum

170 4787 285 4826 rum
307 4771 692 4844 gratulandum
723 4781 827 4836 est,
865 4772 960 4827 sed
983 4772 1296 4838 dolendum,
1325 4773 1368 4827 si
1402 4773 1616 4827 tardant
1641 4787 1770 4828 cou~

171 4868 342 4933 verti;
373 4877 434 4920 ut
463 4865 734 4936 quomodo
756 4874 980 4937 peccato
1007 4865 1220 4922 illorum
1263 4867 1460 4936 gavisae
1491 4875 1618 4922 sunt
1642 4882 1773 4937 gcn-

173 4969 274 5025 tes,
297 4962 428 5031 quia
452 4960 675 5016 salvata:
695 4971 818 5015 sunt
840 4977 854 5015 :
879 4961 959 5015 sic
981 4962 1344 5016 conversione
1369 4975 1556 5016 eorum
1585 4961 1768 5015 la-teu-

172 5059 285 5118 tur,
323 5055 570 5124 ipsorum
599 5054 742 5110 enim
772 5054 1058 5110 occasione
1089 5055 1182 5110 Dei
1205 5055 1435 5126 gratiam
1463 5054 1626 5110 citius
1651 5070 1768 5125 pcr-

170 5155 461 5215 ceperunt.
1469 5142 1474 5146 ’

241 5237 550 5294 Secundum
577 5239 868 5294 electionem
908 5247 1081 5295 autem
1111 5240 1288 5296 dilecti
1314 5251 1523 5313 prapter
1566 5240 1770 5296 Patres.

171 5331 433 5400 Quamvis
447 5332 688 5403 graviter
717 5333 1062 5404 peccaverint
1087 5333 1256 5390 Judaei
1287 5334 1636 5406 reprobando
1669 5335 1770 5390 do-

173 5440 301 5480 num
329 5425 452 5490 Dei,
492 5432 551 5480 et
575 5423 718 5494 digni
759 5426 868 5481 sint
896 5434 1101 5493 morte;
1146 5435 1324 5483 tamen
1373 5429 1496 5497 quia
1524 5426 1618 5482 ﬁlii
1646 5437 1774 5484 sunt

243 5556 269 5583 ⁸
303 5547 399 5600 Sic
432 5543 684 5607 Amerb.,
709 5544 862 5601 Eras.
894 5561 958 5601 ac
976 5547 1160 5615 plures
1187 5560 1345 5607 mss.,
1373 5546 1503 5601 Gill.
1536 5563 1668 5603 vero
1712 5558 1770 5605 et

172 5618 309 5742 ﬁda.
333 5617 512 5701 .Rom.
566 5628 686 5669 cum
734 5631 864 5672 mss.
907 5616 1251 5688 quibusdam,
1292 5617 1492 5672 obtusia
1521 5623 1658 5688 facta
1697 5631 1772 5675 est

211 5707 239 5742 ll
279 5706 396 5742 (τις.

211 5706 476 5813 υξωῐὶἓηι.
515 5755 676 5821 edit.,
707 5770 759 5811 ut
789 5759 1001 5830 perfusi,
1031 5759 1318 5830 rubore...
1343 5760 1433 5814 sed
1464 5762 1773 5830 oblectarent

174 5832 314 5896 illos,
339 5841 395 5883 ut
419 5840 768 5901 agnoscerent
789 5829 1094 5900 promissum
1124 5829 1237 5898 Dei.
1290 5829 1618 5901 Sequentem
1643 5843 1773 5889 vero

177 5901 352 5957 locum
381 5896 512 5956 eod.
543 5896 1080 5957 Corb.ita’contrahit
1102 5919 1114 5956 :
1137 5896 1272 5968 Quia
1287 5896 1423 5956 enim
1449 5917 1560 5966 vos,
1585 5906 1772 5973 inquit.

1874 4793 1995 4834 esse
2031 4793 2177 4844 cum,
2210 4778 2298 4833 cui
2331 4779 2569 4849 ignotum
2603 4791 2707 4834 est.

1951 4870 2130 4941 (Vers.
2161 4871 2281 4940 55.)
2310 4869 2355 4924 Ο
2380 4870 2600 4925 altitudo
2630 4872 2929 4926 divitiarum
2948 4873 3290 4943 sapientitelet
3315 4874 3480 4928 scien-

1874 4967 1960 5021 tia:
1991 4965 2128 5022 Dei!
2161 4965 2328 5033 Quam
2367 4968 2724 5022 inscrutabilia
2753 4977 2876 5022 sunt
2899 4968 3105 5038 judicia
3157 4969 3293 5038 ejus,
3316 4977 3366 5022 et
3394 4968 3476 5021 in-

1873 5057 2197 5128 vestigabiles
2218 5058 2312 5112 vite
2338 5059 2535 5126 ipsius!
2559 5059 2846 5115 Excelsum
2873 5069 2930 5116 et
2953 5062 3280 5116 immensum
3307 5061 3472 5114 Deum

1877 5154 1931 5209 in
1962 5153 2170 5209 divitiis
2192 5154 2475 5224 sapientia:
2501 5162 2556 5209 et
2583 5155 2826 5210 scientim
2861 5171 2972 5210 sua:
2999 5172 3120 5210 curn
3146 5153 3292 5209 omni
3319 5153 3476 5206 laude

1875 5248 2168 5320 gratiarum
2228 5248 2462 5305 actionis
2509 5258 2767 5315 testatur;
2800 5260 2881 5306 est
2915 5250 3060 5304 enim
3093 5246 3380 5303 consilium
3422 5253 3478 5299 et

1869 5339 2136 5410 judicium
2164 5340 2283 5411 ejus
2307 5342 2882 5412 incomprehensibile.
2915 5342 3046 5398 Nam
3080 5340 3255 5396 sciens
3273 5337 3342 5394 ab
3377 5338 3480 5393 ini-

1877 5433 1951 5489 tio
1999 5436 2450 5492 conversatioues
2480 5446 2534 5493 et
2565 5451 2731 5508 opera
2787 5437 3101 5500 hominum;
3131 5432 3257 5504 quia
3302 5448 3480 5502 neque

1871 5561 2060 5625 gentes
2080 5553 2254 5625 fuistis
2279 5569 2297 5608 :
2331 5571 2468 5608 nunc
2498 5566 2670 5608 autem
2696 5553 3128 5625 misericordiam,
3149 5562 3260 5608 etc.

1949 5634 1971 5662 ο
2014 5623 2112 5695 Ms.
2143 5623 2336 5688 Corb.,
2376 5636 2427 5677 ut
2474 5643 2565 5695 per
2592 5627 2860 5679 indictum.
2897 5623 3012 5679 Non
3073 5625 3258 5680 multis
3297 5635 3478 5682 autent

1875 5694 2179 5763 inlerjcctis
2210 5696 2287 5749 sic
2319 5694 2514 5764 legitur
2562 5697 2613 5750 in
2665 5696 2820 5749 Rotn.
2852 5695 3013 5760 edit.,
3039 5697 3236 5750 homini
3261 5699 3481 5753 salutent

1875 5781 2182 5840 procurans,
2227 5765 2450 5840 decrevit
2477 5767 2708 5840 utquod
2735 5765 2844 5840 sine
2895 5769 3008 5840 lege
3053 5779 3322 5840 peccatum
3347 5779 3480 5838 erat,

1875 5835 1924 5890 et
1945 5837 2056 5890 sine
2077 5839 2186 5906 lege
2212 5849 2380 5906 posset
2409 5835 2591 5905 deleri,
2623 5845 2670 5892 et
2699 5835 2866 5891 sola'm
2887 5835 3268 5914 ﬁdem'posuit,’
3299 5847 3404 5897 etc.
