4082 6306
612 315 717 386 {55

1538 321 1634 380 AD
1671 321 1904 384 OPERA
1942 323 2187 388 SANGTI
2226 327 2551 392 AMBROSII
2599 326 2966 394 APPENDIX.

3813 324 3909 386 156

603 434 718 497 sola
752 434 1043 498 severitate
1068 436 1293 507 jtlSlllitB
1321 437 1526 498 salvari
1573 441 1745 513 possit
1789 439 2068 502 hominum
2105 461 2199 514 αθ·
2228 449 2280 514 Α
2306 448 2361 504 iu
2380 450 2496 520 ipso
2517 459 2635 506 sunt
2652 452 2842 511 omnia.
2863 462 2885 494 ο
2907 452 3090 524 itaque
3108 466 3230 522 quae
3251 465 3318 510 es
3342 449 3492 520 ipso,
3515 456 3572 504 et
3596 447 3910 520 perimunt.

604 544 728 598 nus,
761 547 936 602 neque
965 531 1084 590 sola
1141 533 1515 592 misericordia
1546 544 1570 576 δ
1601 534 1668 592 ad
1715 536 2014 609 profectum
2042 541 2206 604 meri,

604 630 781 685 torum
814 624 1123 694 pervenire,
1149 640 1476 697 unoquoque
1514 637 1759 699 tempore
1807 630 2048 698 decrevit
2077 631 2204 704 quid

604 728 753 773 esset
785 720 1194 790 prmdicandum
1228 738 1240 775 :
1279 732 1406 777 ante
1433 731 1612 783 tamen
1663 725 1980 794 permittens
2011 742 2207 784 unum-

599 830 873 887 quemque
893 833 995 879 suo
1014 818 1255 890 judicio;
1279 820 1403 890 quia
1432 828 1625 880 natura
1653 822 1767 893 ipsa
1785 823 1944 891 duce,
1976 839 2204 897 cognos-

599 910 741 966 citur
766 910 1003 982 justitiu.
1054 912 1120 968 Et
1169 914 1292 984 quia
1335 915 1627 974 auctoritas
1674 919 1941 978 naturalis
1979 920 2206 990 iustitia:

598 1003 961 1077 obtorpuerat
987 1007 1388 1068 consuetudine
1410 1007 1779 1080 delinquendi,
1811 1010 1934 1070 data
1958 1022 2042 1068 est
2061 1013 2203 1080 Lex;

604 1106 663 1152 ut
688 1096 991 1156 humanum
1039 1113 1212 1170 genus
1254 1110 1463 1160 terrore
1494 1103 1854 1166 manifestatur
1891 1103 2052 1176 Legis
2099 1106 2208 1164 fre-

608 1200 850 1252 narctur.
875 1193 985 1256 Sed
1008 1194 1133 1264 quia
1164 1209 1270 1252 non
1307 1209 1368 1250 se
1394 1196 1737 1264 cohibentes,
1771 1198 1847 1255 rei
1879 1199 2207 1261 tenebantur

607 1300 636 1340 a
664 1285 838 1356 Lege;
871 1287 1162 1356 lirmdicata
1201 1288 1569 1347 misericordia
1600 1300 1706 1357 est,
1736 1307 1857 1362 quae
1887 1292 1953 1350 ad
1985 1309 2044 1350 se
2074 1308 2209 1355 con-

609 1376 878 1448 fugientes
904 1380 1160 1446 salvaret,
1192 1380 1487 1438 refutantes
1514 1391 1694 1440 autem
1722 1395 1951 1444 caecaret
1979 1386 2045 1444 ad
2071 1395 2210 1448 tem-

611 1485 736 1542 pus,
769 1470 834 1524 ad
879 1473 1293 1542 promissionem
1345 1489 1535 1532 eorum
1582 1485 1771 1545 gentes
1801 1476 2061 1547 invitatis,
2087 1495 2208 1549 qua)

611 1563 768 1634 prius
791 1563 1063 1633 justitiam
1095 1565 1189 1628 Dei
1233 1581 1325 1634 per
1353 1567 1573 1638 Moysen
1611 1567 1790 1623 datam
1821 1571 1976 1640 sequi
2021 1571 2211 1629 nolue-

610 1671 774 1726 runt;
803 1671 857 1715 ut
881 1660 1080 1727 horum
1107 1662 1262 1720 saluti
1300 1662 1428 1718 dum
1459 1663 1726 1730 invident,
1752 1664 1865 1740 94
1921 1666 2038 1736 ipso
2090 1667 2209 1723 zelo

614 1755 683 1809 ad
713 1756 912 1812 radicis
939 1757 1237 1812 Salvatoris
1263 1758 1526 1828 originem
1567 1774 1627 1815 se
1669 1759 2031 1819 reformarent
2079 1776 2206 1830 pro-

2307 553 2363 599 ct
2384 545 2434 598 in
2463 545 2578 616 ipso
2606 556 2662 600 ut
2691 555 2893 612 essent,
2926 561 3050 607 esse
3076 554 3384 618 caperent,
3420 557 3646 602 sensum
3692 551 3754 599 et
3783 555 3909 597 cou-

2305 637 2486 698 silium
2513 638 2634 709 ejus
2662 640 2805 701 scire
2827 653 2936 702 non
2964 651 3210 710 possunt.
3256 639 3382 707 Ipse
3411 647 3599 695 autem
3650 634 3758 692 scit
3803 649 3911 688 om-

2307 732 2424 800 nia;
2459 732 2582 802 quia
2610 733 2664 792 in
2687 732 2807 804 ipso
2843 741 2972 793 sunt
3015 741 3231 792 cuncta.
3272 728 3548 790 Patefecit
3591 727 3910 800 mysterio.

2309 825 2428 894 Dei,
2453 825 2598 900 quod
2620 830 2872 899 superius
2889 826 3030 888 dixit
3056 841 3161 888 non
3190 826 3261 884 ab
3285 826 3371 887 eis
3421 825 3668 896 ignorari
3689 821 3911 878 debere.

2907 923 3138 982 CAPUT
3184 924 3302 981 XII.

2379 1013 2563 1085 (νοτε.
2604 1015 2750 1085 1-3.)
2779 1015 3003 1075 Obsecro
3029 1019 3200 1088 itaque
3237 1034 3353 1084 eos,
3378 1020 3596 1089 fratres,
3631 1031 3727 1086 per
3776 1015 3914 1068 misso

2306 1110 2584 1170 ricardiatlt
2629 1108 2749 1176 Dei,
2779 1122 2835 1170 ut
2881 1113 3159 1169 exhibeam
3202 1129 3427 1184 corpora
3475 1120 3651 1168 vestra
3699 1109 3914 1165 hostium

2309 1203 2496 1274 vitam,
2525 1215 2777 1274 sanctam,
2801 1207 2912 1263 Dea
2931 1207 3235 1276 placentem,
3267 1206 3586 1262 rationabile
3627 1204 3916 1271 obsequitur

2309 1309 2551 1358 vestram.
2578 1299 2647 1357 Et
2665 1301 2824 1358 nolite
2845 1303 3158 1372 conformari
3178 1302 3302 1357 lmie
3340 1301 3541 1357 sarculo
3567 1317 3587 1354 :
3610 1299 3707 1354 sed
3757 1301 3916 1368 refero

2310 1392 2597 1448 mamiuiin
2640 1393 2866 1449 novitate
2895 1410 3078 1450 sensus
3108 1394 3296 1460 vestri;
3337 1401 3396 1448 stt
3446 1391 3682 1463 probetis
3709 1405 3828 1461 quc
3866 1391 3919 1443 sit

2310 1485 2546 1542 uoluntas
2595 1485 2714 1550 Dei,
2736 1487 2876 1557 quod
2912 1487 3122 1550 bonum,
3155 1497 3206 1542 et
3236 1487 3516 1557 placitum,
3541 1494 3594 1541 et
3646 1488 3920 1556 perfertur

2310 1589 2403 1636 est.
2459 1577 2564 1634 Per
2605 1577 3032 1635 misericordiam
3080 1579 3175 1635 Dei
3219 1574 3248 1617 ἀ
3279 1577 3406 1636 illos
3456 1577 3797 1634 adhortatur
3840 1589 3921 1643 per

2311 1686 2471 1740 quam
2494 1672 2736 1728 solvatur
2753 1673 3049 1729 humanum
3076 1687 3270 1743 genus.
3295 1671 3432 1728 Post
3464 1679 3773 1731 tractatum
3791 1669 3920 1723 enim

2314 1762 2476 1835 Legis
2511 1774 2567 1821 et
2606 1764 2731 1822 fidei
2763 1765 2946 1836 populi
2977 1773 3226 1822 naturam
3252 1765 3474 1822 Judaici
3533 1775 3594 1819 et
3615 1762 3847 1835 gentilis
3866 1759 3922 1815 ad

613 1847 796 1912 missu:
822 1848 876 1906 in
898 1847 1060 1918 Lege.
1095 1849 1218 1905 Haec
1252 1861 1335 1906 est
1357 1851 1577 1906 altitudo
1606 1851 1901 1912 divitiarum
1942 1854 2208 1922 sapientia:
2240 1840 2283 1903 Β
2313 1856 2511 1914 bonam
2529 1859 2693 1915 vitam
2721 1859 2985 1931 agendam
3009 1861 3291 1927 hortatur;
3324 1874 3424 1930 per
3453 1857 3599 1914 hanc
3625 1858 3785 1912 enim
3815 1869 3924 1926 spes

611 1949 659 1996 et
685 1942 910 1998 scientia:
951 1941 1051 2008 Dei
1082 1944 1172 2014 qui
1226 1953 1330 2006 tam
1359 1946 1576 2003 Judaios
1602 1963 1761 2018 quam
1811 1959 2001 2020 gentes
2028 1949 2208 2006 multi-

612 2034 751 2096 iaria
784 2036 1120 2103 providentia
1150 2039 1436 2107 acquisivit
1456 2039 1521 2098 ad
1552 2041 1737 2100 vitam.

689 2126 873 2198 (Vers.
894 2127 985 2191 δι.
1017 2130 1134 2198 55.)
1164 2130 1294 2198 Quis
1313 2133 1446 2191 enim
1477 2135 1713 2208 cognovit
1737 2151 1941 2194 sensum
1968 2135 2210 2194 Domini?

613 2228 704 2272 aut
727 2219 841 2288 quis
861 2222 1194 2280 consiliarius
1221 2224 1304 2281 illi
1331 2227 1468 2296 fuit?
1495 2238 1583 2284 aut
1624 2229 1738 2296 quis
1770 2229 1911 2299 prior
1938 2227 2077 2284 dedit
2105 2229 2205 2296 illi,

611 2323 662 2368 et
691 2315 998 2373 retribuetur
1021 2318 1067 2372 ei
1099 2316 1272 2390 (Esai.
1306 2336 1399 2387 η,
1433 2321 1559 2391 f5)?
1589 2322 1704 2380 Hoc
1743 2325 1794 2378 in
1842 2324 1996 2380 Esaia
2035 2325 2210 2395 scrip!

611 2415 724 2462 tum
768 2408 1013 2468 habetur.
1043 2410 1384 2478 Manifestum
1414 2423 1497 2472 est
1534 2415 1711 2474 solum
1754 2416 1920 2472 Deum
1964 2433 2086 2476 esse
2117 2419 2205 2489 qui

607 2503 825 2558 noverit
854 2505 1032 2568 omnia
1057 2507 1308 2574 consilia,
1349 2515 1404 2562 et
1441 2507 1584 2566 hunc
1622 2525 1786 2566 unum
1810 2525 1934 2568 esse
1961 2511 2052 2581 qui
2087 2513 2210 2568 nul-

606 2598 718 2655 lius
769 2610 957 2670 egeat;
986 2602 1116 2671 quia
1171 2603 1238 2658 ab
1283 2604 1401 2673 ipso
1431 2614 1558 2658 sunt
1603 2605 1782 2660 omnia
1814 2622 1828 2658 :
1860 2620 1924 2664 ac
1971 2621 2066 2676 per
2104 2605 2208 2664 hoc

606 2692 900 2746 consilium
922 2692 1043 2762 ejus
1067 2709 1096 2748 a
1121 2695 1274 2750 nullo
1307 2709 1408 2750 nec
1434 2695 1938 2763 comprehenditur,
1967 2711 2072 2754 nec
2093 2712 2209 2756 nte-

608 2782 826 2848 titur;b
855 2785 982 2854 quia
1030 2785 1086 2846 in
1145 2786 1404 2848 inferiora
1452 2788 1755 2856 superioris
1806 2801 2026 2848 sensum
2067 2789 2209 2853 scire

610 2888 722 2928 non
754 2887 1003 2944 possunt.
1043 2877 1287 2948 Denique
1328 2877 1529 2938 Judaeis
1555 2880 1907 2938 credentibus
1951 2882 2207 2955 impossi-

611 2968 723 3024 bile
757 2969 1041 3026 videbatur
1070 2972 1354 3034 consilium
1382 2987 1503 3028 csse
1528 2983 1582 3030 et
1632 2975 1972 3036 voluntatem
2004 2975 2100 3034 Dei
2136 2975 2206 3033 ad

610 3061 1048 3130 redemptionem
1072 3065 1311 3134 gentium
1342 3083 1354 3118 :
1387 3066 1554 3122 simili
1583 3067 1744 3123 modo
1762 3076 1817 3128 et
1835 3069 2090 3138 gentibus
2119 3086 2207 3126 ar-

609 3154 778 3210 duum
807 3167 860 3214 et
889 3157 1224 3213 iucrcdulum
1255 3159 1534 3224 videbatur
1559 3159 1798 3228 .iudceos,
1831 3161 1924 3232 qui
1953 3177 2058 3220 non
2089 3177 2208 3222 cre-

2317 1949 2440 2008 fidei
2465 1951 2763 2008 obtinetur.
2811 1950 3180 2008 Commonitio
3225 1961 3310 2007 est
3355 1965 3496 2022 ergo
3541 1949 3690 2015 haec,
3739 1955 3802 2003 ut
3831 1962 3924 2001 me

2313 2057 2494 2100 mores
2511 2045 2622 2100 sint
2642 2045 2764 2114 quia
2791 2044 3220 2102 miserieordiam
3231 2053 3579 2117 acceperunt
3605 2052 3694 2098 :et
3714 2040 3926 2111 vigilant

2311 2136 2454 2192 circa
2476 2138 2798 2209 obsequium
2819 2140 2960 2209 ejus,
2993 2153 3024 2194 a
3053 2153 3161 2210 quo
3203 2139 3314 2194 illis
3335 2138 3470 2194 data
3502 2146 3614 2200 est,
3645 2151 3747 2208 per
3773 2149 3918 2204 quem

2312 2244 2378 2289 ex
2411 2230 2588 2300 impiis
2631 2231 2800 2302 gratis
2820 2230 3101 2300 iustificati
3143 2239 3293 2299 sunt,
3321 2231 3577 2287 scientes
3622 2228 3770 2283 hanc
3816 2239 3921 2282 esse

2314 2323 2545 2378 hostiam
2572 2325 2774 2388 vivam,
2793 2324 3266 2391 sanctam,etDeo
3283 2323 3721 2394 acceptabilem,
3751 2322 3797 2376 si
3818 2335 3921 2374 cor-

2314 2431 2446 2486 pora
2473 2425 2655 2474 nostra
2681 2419 3100 2473 incontaminata
3114 2432 3430 2484 servemus,
3455 2417 3768 2472 dissimiles
3787 2430 3818 2469 a
3839 2427 3923 2468 saa-

2312 2509 2609 2575 cularibus,
2637 2511 2724 2579 qui
2754 2509 3119 2579 voluptatibus
3140 2509 3388 2568 student.
3422 2509 3561 2564 Hcce
3589 2517 3670 2564 est
3695 2506 3918 2562 volutas

2313 2597 2432 2665 Dei,
2460 2602 2801 2672 sanctiﬁcatio
2828 2613 2994 2658 vestra
3013 2601 3059 2674 (Ι
3084 2601 3265 2657 Tltess.
3297 2617 3381 2669 tv,
3411 2602 3499 2673 5).
3527 2600 3669 2657 Nam
3701 2612 3918 2669 corpora

2311 2691 2554 2762 subjecta
2585 2693 2820 2763 peccatis
2868 2709 2974 2750 non
3033 2695 3150 2749 viva
3181 2694 3500 2759 habentur,
3531 2693 3633 2749 sed
3683 2698 3916 2752 mortua:

2309 2787 2412 2840 sub
2447 2786 2830 2856 desperatione
2865 2788 3009 2844 enim
3040 2787 3330 2857 promissae
3359 2785 3494 2842 vita:
3535 2794 3690 2842 sunt.
3722 2783 3805 2841 Ad
3833 2783 3922 2836 hoc

2311 2880 2457 2937 enim
2487 2881 2724 2949 peccatis
2749 2879 2894 2936 dono
2923 2879 3019 2936 Dei
3041 2879 3348 2944 abluimur;
3377 2888 3439 2935 ut
3461 2879 3537 2938 de
3557 2885 3770 2936 caetero
3788 2890 3921 2932 man-

2309 2971 2434 3029 dam
2453 2971 2620 3030 vitam
2647 2979 2894 3041 agentes,
2926 2971 3020 3026 Dei
3048 2986 3296 3029 amorem
3324 2973 3378 3027 in
3405 2987 3515 3027 nos
3547 2979 3920 3040 provocemus.

2312 3080 2421 3124 non
2448 3064 2659 3130 irritum
2706 3062 2970 3120 facientes
3007 3079 3145 3134 opus
3191 3064 3384 3134 gratia:
3420 3064 3571 3134 ejus.
3613 3061 3756 3120 Nam
3800 3055 3920 3129 apud

2311 3167 2528 3216 veteres
2554 3157 2678 3214 ideo
2713 3157 2892 3214 oblata
2937 3155 3298 3215 occidebatur
3330 3156 3543 3223 hostia,
3584 3164 3643 3212 ut
3693 3153 3921 3210 homines

611 3248 892 3317 diderunt,
922 3265 1084 3321 posse
1113 3253 1392 3319 converti;
1425 3264 1514 3312 aut
1559 3255 1850 3316 credentes
1886 3257 2112 3325 suscipi,
2147 3267 2208 3317 ιιι
2233 3239 2277 3302 C
2316 3251 2526 3322 peccati
2551 3265 2715 3306 causa
2746 3252 2908 3307 morti
2932 3250 3211 3320 subjectos
3259 3250 3628 3320 significaret.
3674 3249 3829 3304 Nunc
3845 3259 3922 3300 att-

608 3345 979 3402 salvarentur.
1039 3346 1181 3403 Inter
1223 3357 1418 3404 eastern
1470 3349 1574 3407 hoc
1619 3358 1704 3408 est
1751 3349 2038 3410 consilium
2089 3348 2204 3420 Dei,

609 3437 754 3506 quod
778 3438 924 3498 latuit
941 3481 954 3504 ,
978 3456 1077 3495 nec
1107 3443 1280 3511 potuit
1305 3444 1717 3512 comprehendi.

687 3530 870 3602 (Vers.
904 3532 1022 3606 36.)
1056 3534 1314 3601 Quoniam
1345 3552 1406 3590 ex
1442 3537 1572 3607 ipso,
1602 3547 1650 3590 et
1703 3553 1794 3605 per
1841 3537 2034 3606 ipsum.
2070 3547 2118 3598 et
2152 3537 2210 3592 in

607 3623 725 3691 ipso
749 3633 867 3678 sunt
905 3627 1078 3682 omnia
1109 3645 1127 3682 :
1157 3628 1256 3700 ipsi
1287 3629 1474 3699 gloria.
1501 3628 1612 3697 Qun
1672 3629 1887 3686 ratione
1934 3643 2128 3686 sensus
2155 3636 2213 3684 et

607 3716 897 3781 consilium
940 3720 1035 3776 Dei
1091 3722 1405 3792 investigari
1457 3737 1563 3780 non
1607 3731 1810 3792 potest,
1844 3722 2151 3778 declaravit
2191 3739 2206 3776 :

607 3807 695 3863 Ea:
715 3811 828 3879 ipso
849 3815 1004 3880 enim,
1039 3815 1233 3886 inquit,
1269 3825 1316 3871 et
1343 3831 1433 3887 per
1457 3816 1648 3887 ipsum,
1669 3826 1716 3872 et
1742 3817 1796 3872 in
1816 3814 1933 3883 ipso
1962 3823 2081 3871 sunt
2103 3831 2211 3874 out-

606 3903 696 3956 nia
720 3919 738 3957 :
760 3904 859 3974 ipsi
887 3908 1081 3977 gloria.
1132 3907 1247 3964 Hoc
1275 3909 1424 3966 dicto
1450 3907 1660 3975 aperuit
1693 3922 1941 3970 sensum.
1973 3906 2068 3975 qui
2117 3920 2213 3962 oc-

608 3995 792 4050 cultus
817 4009 936 4054 erat
959 4001 1201 4064 ‘mundo';
1231 4000 1359 4069 quia
1407 4001 1554 4058 enim
1607 3999 1854 4060 omnium
1887 4007 2100 4056 creator
2129 4007 2212 4054 est

614 4087 758 4142 Deus
790 4087 941 4159 (fecit
969 4093 1114 4146 enim
1147 4107 1210 4148 ea
1240 4108 1360 4161 qua:
1392 4108 1498 4146 non
1525 4101 1705 4158 erant,
1742 4089 2058 4156 utesseut).
2088 4089 2213 4149 ideo

611 4192 677 4233 ex
710 4177 829 4247 ipso
858 4189 985 4235 sunt
1011 4183 1216 4237 omnia.
1255 4181 1324 4236 Et
1352 4184 1607 4251 quoniam
1661 4180 1732 4234 ab
1780 4181 1900 4250 ipso
1926 4188 2073 4245 sunt,
2116 4195 2214 4251 per

612 4266 810 4323 Filium
838 4269 978 4340 ejus,
1009 4273 1099 4341 qui
1129 4271 1374 4340 ejusdem
1395 4273 1584 4342 utique
1604 4271 1928 4330 substantia:
1961 4281 2066 4340 est,
2093 4287 2214 4332 esse

611 4373 920 4432 coeperunt,
949 4363 1101 4434 cujus
1155 4380 1292 4434 opus
1331 4364 1506 4420 Patris
1561 4375 1646 4421 est
1697 4378 1858 4434 opus.
1890 4365 2029 4431 Quia
2083 4381 2214 4436 ergo

613 4455 732 4524 ipse
754 4466 1010 4523 cperatur
1039 4473 1132 4528 per
1154 4457 1372 4518 Filium,
1410 4471 1504 4526 per
1552 4457 1727 4526 ipsum
1751 4467 1876 4514 sunt
1911 4457 2111 4512 omnia.
2147 4459 2214 4520 Et

611 4543 868 4617 quoniam
901 4562 1022 4618 qua:
1077 4555 1291 4604 suntex
1325 4547 1457 4612 Deo,
1491 4562 1586 4617 per
1643 4549 1811 4604 Deum
1867 4556 1996 4604 sunt
2028 4565 2041 4602 :
2070 4559 2215 4618 post

2315 3352 2424 3402 tem
2455 3342 2576 3412 quia
2607 3357 2703 3412 per
2728 3343 2928 3400 denunt
2979 3342 3077 3398 Dei
3101 3343 3373 3413 purificati
3401 3353 3537 3400 sunt
3572 3344 3849 3405 homines,
3879 3344 3925 3392 et

2313 3453 2342 3492 a
2375 3446 2553 3494 morte
2582 3437 2815 3494 secunda
2849 3437 3084 3497 liberati.
3111 3437 3289 3493 vivam
3330 3436 3580 3493 hostiam
3611 3437 3822 3493 debent
3853 3431 3922 3488 of-

2315 3527 2484 3592 ferre;
2515 3535 2572 3587 ut
2607 3529 2820 3597 signum
2859 3527 2932 3584 sit
2961 3529 3082 3587 vitae
3128 3538 3378 3586 mternm.
3414 3528 3536 3584 Non
3592 3529 3781 3591 enim,
3807 3525 3925 3581 sicut

2316 3629 2467 3682 tunc,
2499 3633 2729 3688 corpora
2761 3629 2784 3658 ο
2825 3635 2924 3689 pro
2980 3621 3304 3691 corporibus
3337 3622 3712 3680 immolantur
3750 3638 3763 3674 :
3807 3627 3926 3675 nunc

2315 3724 2446 3775 vero
2471 3723 2576 3770 non
2606 3723 2858 3778 corpora.
2892 3709 2988 3772 sed
3013 3711 3141 3768 vitia
3160 3712 3419 3781 corporis
3444 3711 3780 3782 perimenda
3802 3713 3926 3764 stult.

2316 3802 2389 3866 Ut
2413 3812 2594 3860 autem
2625 3801 2875 3871 obsequii
2904 3802 3076 3860 nostri
3106 3801 3369 3858 effectum
3404 3801 3620 3859 habere
3652 3801 3924 3874 possimus.

2316 3905 2538 3954 servata
2583 3893 2815 3964 iustitia,
2849 3895 3113 3963 pudorem
3145 3895 3570 3964 custodiamus;
3611 3895 3758 3956 nihil
3807 3892 3926 3951 estin

2320 3989 2537 4062 proﬁcit
2581 3989 2775 4057 pudor,
2830 4003 2930 4045 nec
2974 3989 3324 4046 rationabilis
3377 3999 3567 4060 potest
3618 3988 3929 4054 videri,»-

2317 4084 2498 4154 glecta
2523 4079 2753 4151 justitia.
2778 4080 2891 4136 Hoc
2913 4079 3019 4137 erit
3039 4081 3388 4138 eonformem
3407 4080 3926 4153 fierispiritualiun,

2318 4182 2646 4234 renovatum
2670 4173 2723 4228 iu
2764 4173 2962 4248 spiritu
2983 4189 3048 4230 ac
3079 4174 3188 4230 fide
3219 4174 3324 4232 hoc
3352 4177 3503 4233 scire
3555 4177 3708 4248 quod
3748 4176 3929 4248 placet!

2321 4271 2458 4333 Deo,
2483 4282 2584 4326 nec
2611 4265 2759 4322 aliud
2799 4267 3000 4327 bonum
3024 4278 3083 4324 et
3111 4269 3424 4339 perfectum
3470 4286 3626 4329 esse.

2399 4361 2528 4415 Dico
2549 4360 2683 4416 enim
2710 4376 2801 4430 per
2837 4360 3080 4430 gratiam,
3105 4377 3224 4429 quas
3252 4362 3384 4430 data
3428 4375 3506 4418 est
3540 4363 3699 4430 mihi,
3726 4359 3930 4419 omnibus

2316 4453 2408 4525 qui
2429 4461 2550 4513 sunt
2575 4451 2705 4506 inter
2741 4466 2854 4518 vos,
2881 4468 2986 4507 non
3033 4454 3154 4522 plus
3199 4471 3388 4525 sapere
3419 4473 3587 4525 quam
3635 4465 3834 4527 oportet
3865 4466 3931 4506 ss-

2320 4561 2489 4618 pere:
2529 4543 2621 4598 sed
2668 4559 2845 4613 sapere
2894 4544 2964 4602 ad
3012 4546 3372 4616 sobrietatem,
3405 4559 3459 4612 et
3490 4551 3786 4622 unicuique
3826 4545 3930 4600 sicsi

611 4649 807 4694 renata
835 4638 888 4696 in
918 4641 1121 4713 Spiritu
1170 4650 1362 4696 saneto
1393 4649 1540 4706 sunt,
1575 4641 1628 4697 in
1675 4642 1794 4711 ipso
1833 4651 1960 4697 sunt
2000 4644 2208 4712 ornnia,
2244 4629 2298 4690 D
2323 4637 2501 4694 diuisit
2535 4635 2675 4692 Deus
2701 4651 2991 4693 mensuram
3017 4639 3162 4707 fidei.
3197 4640 3311 4714 95
3345 4643 3562 4712 Aperte
3582 4640 3829 4698 ostendit
3851 4636 3931 4690 hoc

611 4733 742 4802 quia
771 4739 828 4785 et
848 4731 1081 4803 Spiritus
1109 4743 1328 4789 sanctus
1366 4733 1437 4790 de
1465 4734 1578 4790 Deo
1621 4746 1704 4796 est
1736 4734 1924 4800 Patre;
1960 4735 2102 4790 unde
2156 4746 2214 4796 et

612 4829 720 4884 scit
743 4842 864 4895 qua:
889 4829 941 4885 in
967 4830 1074 4884 Deo
1103 4839 1252 4893 sunt.
1287 4830 1431 4898 Ergo
1455 4841 1510 4888 et
1541 4831 1594 4886 iu
1640 4829 1843 4899 Spiritu
1881 4836 2072 4893 sancto
2114 4829 2213 4885 Pa-

613 4929 697 4980 ter
725 4923 832 4983 est;
865 4920 988 4990 quia
1011 4919 1153 4989 quod
1180 4919 1247 4975 de
1272 4920 1430 4978 Patre
1456 4928 1540 4976 est
1568 4920 1705 4986 Deo,
1735 4935 1842 4982 non
1868 4929 2048 4990 potest
2066 4921 2212 4987 aliud

613 5026 761 5076 esse,
793 5026 959 5080 quam
989 5022 1071 5068 est
1102 5012 1242 5068 Deus
1271 5013 1454 5069 Pater.

680 5107 763 5162 Ac
791 5116 889 5173 per
915 5103 1018 5160 hoc
1043 5104 1143 5174 ipsi
1167 5104 1356 5178 gloria,
1380 5103 1502 5175 quia
1522 5119 1584 5158 ea:
1605 5104 1742 5174 ipso,
1765 5111 1812 5158 et
1841 5118 1930 5172 per
1949 5104 2138 5175 ipsum,
2163 5117 2214 5166 et

688 5280 714 5308 ιι
753 5267 919 5324 Corb.
1000 5282 1063 5322 ac
1123 5265 1337 5321 Thuan.
1388 5262 1598 5332 codex,
1652 5263 1721 5316 ad
1773 5267 2054 5336 perfectum
2115 5283 2220 5322 me-

616 5343 794 5396 ritum.

687 5413 712 5450 ιι
757 5411 906 5466 Edit.
939 5425 1154 5478 omnes,
1189 5423 1253 5464 ac
1282 5407 1451 5479 pauci
1471 5405 1777 5479 mss.,quia_
1794 5405 2043 5479 inferiora
2068 5424 2221 5479 supe-

614 5483 774 5537 rioris
795 5497 813 5534 :
841 5483 1113 5549 nonnulli,
1144 5477 1270 5554 quia
1297 5477 1574 5550 inferiores
1603 5477 1887 5548 superioris
1906 5492 1924 5544 ;
1943 5477 2033 5531 alii
2055 5477 2222 5541 multo

614 5556 824 5624 plures,
849 5565 906 5606 ut
945 5556 997 5608 in
1021 5560 1300 5624 contextu.

696 5633 718 5660 ο
763 5622 923 5676 Boni.
967 5623 1125 5692 cdit.,
1173 5624 1358 5692 Itaque
1409 5621 1533 5691 quia
1587 5633 1649 5672 ea;
1684 5619 1898 5686 ipso....

617 5702 808 5752 essent,
839 5703 944 5747 etc.

693 5764 721 5802 ά
764 5761 975 5820 Tltuan.
999 5765 1146 5831 cod.,
1181 5764 1311 5822 Gill.
1337 5771 1391 5819 et
1416 5761 1550 5818 edit.
1578 5758 1769 5825 Rom.,
1802 5767 1914 5831 orat
1939 5759 2061 5831 illos
2087 5778 2105 5816 :
2135 5763 2220 5819 ul-

621 5838 760 5896 tima
805 5849 936 5892 vero
985 5829 1272 5909 sola,post
1302 5841 1581 5891 tractatum
1610 5838 1782 5885 autem
1825 5829 1972 5902 Legis
2006 5841 2052 5886 et
2101 5834 2224 5904 fidei

1950 5621 2122 5674 omnia
2163 5632 2220 5678 ut

2319 4731 2526 4788 debere
2553 4742 2654 4784 nes
2675 4741 2893 4798 sapere,
2919 4730 3064 4799 quod
3092 4730 3331 4800 iustitia:
3363 4735 3648 4790 terminos
3667 4751 3781 4791 non
3807 4741 3934 4802 egre-

2318 4825 2542 4886 diatur,
2569 4829 2625 4874 ut
2650 4834 2755 4874 non
2785 4821 2943 4875 nobis
2983 4821 3119 4882 solis
3152 4824 3290 4883 utile
3331 4825 3430 4892 sit,
3466 4826 3568 4882 sed
3603 4839 3663 4883 et
3698 4824 3830 4888 nulli
3854 4821 3930 4875 ob-

2318 4917 2412 4972 sit.
2443 4914 2572 4972 l-licc
2601 4921 2683 4966 est
2725 4911 2872 4966 enim
2898 4913 3215 4984 prudentia,
3248 4916 3535 4986 prodesse
3563 4920 3746 4991 magis
3775 4911 3934 4984 aliqui-

2320 5010 2449 5074 bus,
2479 5018 2639 5076 quam
2666 5003 2888 5070 obesse;
2919 5015 2974 5060 et
2997 5017 3323 5064 contentum
3373 5025 3505 5070 esse
3547 5011 3767 5071 debere
3793 5015 3931 5065 sorte.

2320 5118 2426 5176 qua
2471 5110 2692 5154 niensus
2719 5104 2804 5151 est
2831 5097 2997 5166 Deus,
3034 5098 3053 5137 ί
3085 5111 3142 5157 et
3191 5103 3396 5159 merito
3442 5103 3575 5161 ﬁdei
3610 5099 3934 5170 uniuscujus-

2326 5263 2596 5338 credentes
2629 5259 2696 5310 ad
2736 5256 3068 5338 bon-ammte.
3095 5261 3246 5318 Edit.
3277 5273 3473 5338 a_utem_
3503 5275 3621 5338 vet.
3643 5258 3934 5338 etmssboﬁ

2326 5335 2448 5390 solo
2475 5332 2681 5403 distant
2706 5329 2845 5396 quod
2867 5345 2965 5400 pro
2988 5344 3257 5403 naturam,
3283 5335 3548 5403 Atnerb.,
3571 5337 3741 5392 Eros.
3770 5343 3821 5391 et
3843 5329 3936 5402 qui-

2325 5407 2454 5461 dam
2493 5414 2624 5455 mss.
2658 5399 3112 5466 legttutgnatura.

2405 5485 2428 5510 θ
2473 5473 2634 5529 Rom.
2677 5469 2833 5540 edit.,
2866 5487 2962 5541 pro
3008 5475 3323 5549 corporibus
3377 5479 3743 5545 immolanda,
3772 5475 3851 5546 sed
3880 5468 3935 5522 Vl"

2326 5548 2423 5608 tia,
2461 5552 2572 5597 etc.

2407 5612 2600 5688 [ηεξ
2620 5608 2751 5664 edit.
2777 5619 2834 5688 e_t_
2849 5626 2982 5667 mss.
3009 5630 3211 5688 magno
3235 5634 3497 5688 numero,
3520 5622 3713 5675 merito
3735 5630 3784 5674 et
3801 5610 3933 5688 ﬁdei:

2329 5685 2534 5762 melius
2565 5680 2722 5736 Rom.
2753 5680 3129 5751 edit.,merita'
3143 5689 3270 5762 ﬁdei
3291 5706 3310 5746 :
3335 5691 3426 5754 vel
3450 5680 3592 5760 mss.
3619 5680 3935 5753 nonnulli,“l

2330 5761 2388 5817 in
2422 5759 2600 5812 textu.
