4082 6306
166 289 278 350 15Ὶ

1043 279 1545 350 σοιιιιΕΝτΑιιιΑ
1583 281 1651 344 ΙΝ
1689 281 2073 342 εριετοιέιιι
2116 282 2208 344 AD
2247 283 2597 347 ιιοιιΔΝοιι.

3377 288 3487 352 ιιε

164 423 280 477 que
312 426 325 462 :
359 419 464 464 nec
494 405 601 464 sibi
644 403 956 466 defendere,
989 401 1131 474 quod
1163 417 1270 464 non
1311 400 1414 458 sibi
1453 415 1780 464 concessum
1813 410 1856 471 Α
1887 401 2114 472 Spiritu,
2147 413 2201 458 ut
2233 419 2338 462 non
2387 405 2529 468 desit
2580 406 2836 462 tribuenti
2887 407 3232 479 simpliciter,
3263 408 3485 470 dicente

163 499 356 565 videt;
391 501 498 558 hoc
526 510 647 568 est,
683 516 789 564 non
838 499 960 570 plus
1006 511 1222 566 sapere,
1269 494 1399 566 quia
1452 495 1543 558 uni
1603 505 1778 556 totum

162 595 408 652 concedi
435 611 546 652 non
579 603 780 666 potest.
813 593 922 650 Nec
942 593 1086 648 enim
1113 591 1158 646 si
1187 591 1309 662 quis
1340 590 1499 648 bona:
1521 591 1645 647 vitae
1671 600 1777 658 est,

161 702 240 744 ex
265 702 333 744 eo
364 689 468 746 sibi
509 689 676 744 etiam
732 687 996 744 doctrinae
1025 683 1363 754 prudentiam
1407 683 1570 741 debet
1593 682 1782 744 defen-

161 777 310 838 dere
343 796 356 836 :
390 789 485 838 aut
514 779 643 850 quia
675 779 922 849 peritiam
951 777 1118 840 habet
1151 777 1327 847 Legis,
1359 776 1645 832 levitarum
1675 774 1779 831 sibi

161 874 440 944 obsequia
472 873 754 930 vindicare
783 873 1024 930 debebit.
1057 871 1316 930 llortatur
1343 886 1497 942 ergo,
1528 881 1582 926 et
1619 869 1780 926 docet

162 981 276 1037 per
304 969 537 1039 gratiam
563 967 665 1026 sibi
692 968 898 1030 datam.
929 966 1056 1026 Hac
1075 968 1251 1038 gratia
1285 965 1475 1034 peritia
1525 964 1781 1034 intelligi-

163 1072 266 1120 tur
322 1063 623 1120 Dominicte
671 1063 997 1133 disciplinae,
1029 1078 1123 1133 per
1172 1075 1331 1132 quam
1381 1058 1670 1115 humilitati
1723 1067 1778 1114 et

157 1157 402 1226 iustitia:
439 1155 768 1214 studendum
804 1155 988 1212 tradit.

249 1245 435 1316 (νει-ε.
466 1244 524 1312 ι,
552 1243 634 1317 5.)
666 1245 814 1302 Sicut
832 1246 965 1304 enint
993 1245 1168 1300 inuno
1197 1260 1409 1314 corpore
1431 1243 1594 1297 multa
1619 1258 1780 1298 mem-

163 1341 267 1396 bra
294 1339 566 1406 habemus,
593 1341 767 1396 omnia
794 1350 965 1398 autem
993 1343 1218 1394 membra
1248 1356 1348 1392 non
1375 1336 1553 1392 eadem
1593 1337 1781 1393 habent

162 1433 382 1504 officia;
407 1435 481 1489 ita
505 1433 653 1490 multi
680 1449 842 1492 unum
863 1449 1052 1504 corpus
1075 1448 1254 1490 sumus
1273 1433 1325 1486 in
1342 1429 1569 1495 Christo,
1587 1430 1782 1501 singuli

164 1537 350 1580 autent
395 1528 531 1581 alter
556 1527 771 1580 alterius
804 1525 1048 1580 membra.
1083 1525 1354 1595 Exemplo
1407 1524 1656 1593 corporis
1682 1523 1782 1580 do-

165 1629 264 1676 cet
303 1634 413 1676 non
448 1633 610 1690 posse
651 1635 750 1675 nos
774 1619 1020 1690 singulos
1049 1618 1266 1684 omnia;
1305 1618 1433 1690 quia
1473 1633 1665 1676 sumus
1699 1621 1782 1674 in-

167 1714 356 1772 vicem
397 1715 667 1780 membra,
701 1724 726 1752 ι
756 1723 815 1770 ιιι
861 1715 1000 1770 alter
1039 1714 1268 1770 alterius
1317 1729 1424 1769 non
1454 1722 1613 1784 egeat
1652 1731 1665 1767 :
1717 1728 1778 1770 ac

1885 495 2179 553 Salomone
2229 514 2242 550 :
2295 497 2397 565 Qui
2444 499 2622 554 tribuit
2669 501 3017 572 pauperibus,
3069 518 3173 557 non
3231 501 3486 574 indigebit

1885 589 2071 661 (Prov.
2106 605 2298 655 xxvttt,
2331 588 2446 663 27).
2481 590 2581 650 llic
2621 607 2754 663 ergo
2786 595 2976 649 tribuit
3005 595 3362 666 simpliciter,
3391 596 3484 665 qui

1884 700 1991 742 non
2018 685 2069 740 in
2094 685 2443 742 simulatione
2471 684 2571 742 hoc
2598 683 2728 754 agit,
2757 696 2812 740 ut
2839 686 2958 742 laus
2987 687 3037 742 ei
3079 687 3146 744 ab
3173 686 3486 744 hominibus

1885 779 2070 844 detur;
2100 780 2194 837 sed
2226 789 2282 834 ut
2303 795 2332 834 a
2365 779 2474 835 Deo
2507 794 2604 849 pro
2633 778 2736 835 hoc
2767 779 2882 850 ipso
2903 780 3153 837 meritum
3181 795 3487 852 consequa.

1887 881 1992 928 ιυΓ.

1959 965 2061 1032 Qui
2087 976 2268 1035 praest
2291 967 2342 1020 in
2374 965 2748 1022 sollicitudine.
2776 965 2910 1021 Eum
2935 964 3028 1036 qui
3050 980 3237 1022 curam
3263 975 3320 1022 ut
3347 982 3486 1038 pra:-

1884 1059 1953 1118 sit
1983 1059 2262 1124 fratribus,
2287 1058 2551 1128 suscipit,
2579 1058 2732 1129 juxta
2759 1057 2920 1113 fidem
2952 1073 3105 1113 suam
3132 1058 3375 1128 accipere
3401 1060 3485 1115 vi.

1883 1151 2161 1222 gilantiam
2206 1164 2254 1207 et
2281 1151 2694 1217 auctoritatem;
2724 1160 2783 1207 ut
2819 1150 3068 1222 proﬁciat
3095 1153 3146 1207 in
3177 1167 3286 1222 quo
3337 1153 3490 1209 solli-

1884 1248 2024 1304 citus
2050 1255 2153 1312 est,
2175 1245 2380 1304 habens
2405 1246 2457 1302 in
2489 1245 2596 1302 illis
2628 1245 2890 1313 fructum,
2919 1246 3117 1316 quibus
3139 1256 3361 1318 praeest.

1960 1341 2061 1407 Qui
2109 1341 2376 1398 miseretur
2401 1341 2457 1395 in
2501 1339 2785 1396 hilaritate.
2843 1339 2995 1395 Iiunc
3023 1355 3240 1410 quoque
3293 1354 3490 1395 secun-

1885 1437 2012 1492 dum
2065 1451 2282 1492 sensum
2313 1449 2494 1497 suum,
2526 1435 2615 1504 qui
2653 1434 2780 1489 laato
2817 1433 3003 1489 animo
3053 1433 3486 1490 misericordiam

1884 1529 2036 1594 facit,
2071 1546 2176 1584 non
2201 1529 2352 1600 quasi
2383 1526 2588 1586 nolenti
2617 1537 3036 1598 extorquentur,
3061 1527 3273 1582 fundari
3314 1537 3366 1583 et
3394 1542 3488 1583 ro.

1885 1623 2062 1680 borari
2095 1638 2122 1676 ιι
2153 1621 2292 1688 Deo;
2320 1632 2374 1677 ut
2406 1623 2458 1679 in
2492 1620 2593 1678 hac
2637 1636 2697 1678 re
2723 1620 2923 1678 nullam
2976 1619 3346 1676 inﬁrmitatem
3395 1636 3490 1692 pa.

1886 1719 2070 1783 tiatur,
2104 1718 2283 1774 sciens
2315 1715 2522 1771 dictum
2552 1729 2582 1771 a
2605 1713 2899 1772 Salomone
2929 1731 2943 1768 :
2974 1713 3116 1769 Dum
3145 1713 3299 1770 habes
3333 1730 3487 1769 acra-

170 1821 275 1876 pcr
302 1805 410 1872 hoc
429 1821 613 1862 curant
638 1807 811 1863 nostri
838 1806 1073 1870 invicem
1105 1821 1205 1864 nos
1229 1821 1390 1877 agere
1413 1805 1647 1874 debere,
1680 1821 1779 1862 nec
1810 1822 1857 1882 Β
1885 1812 2100 1877 sionem,
2127 1810 2337 1881 benefac
2368 1808 2385 1880 (
2412 1807 2570 1864 Prou.
2619 1824 2699 1874 ttt,
2729 1807 2848 1878 27).
2877 1807 2985 1863 Sed
3037 1807 3142 1864 hoc
3192 1807 3491 1865 multifario

167 1901 409 1962 alterum
451 1901 541 1956 alii
589 1901 887 1964 obsistere;
919 1902 1042 1970 quia
1080 1900 1309 1956 invicem
1349 1899 1547 1956 ofﬁciis
1574 1899 1780 1954 nostris

169 2008 314 2063 opus
371 1993 658 2048 habemus.
691 1993 805 2049 Hoc
829 1994 934 2049 erit
957 1993 1184 2064 diligere
1232 1991 1531 2062 Christum,
1564 1993 1609 2049 si
1641 1993 1781 2052 invi-

171 2100 294 2140 cem
339 2101 399 2140 se
441 2085 683 2146 membra
731 2087 1111 2153 exltortentur,
1143 2094 1200 2144 ιιι
1228 2085 1492 2156 impleant
1531 2086 1777 2153 modum,

175 2195 285 2250 quo
310 2178 577 2249 corpusin
600 2177 816 2233 Christo
856 2178 1153 2248 perfectum
1180 2179 1270 2232 sit.

254 2269 438 2342 (νοις.
465 2270 546 2341 6.)
580 2269 844 2328 Habentes
883 2279 1052 2328 autem
1089 2270 1393 2327 donationes
1424 2270 1518 2328 Dei
1551 2272 1779 2329 diversas

186 2365 466 2430 secundum
490 2365 730 2436 gratiam,
761 2381 876 2436 qua
901 2366 1023 2422 data
1042 2374 1114 2420 est
1137 2363 1164 2404 ι’
1194 2365 1356 2420 nobis.
1393 2364 1546 2421 Nunc
1592 2377 1779 2422 autem

185 2459 303 2529 ipsa
333 2457 505 2522 officia
543 2459 801 2529 deputata
853 2458 1112 2514 membris
1153 2458 1347 2514 merito
1396 2457 1522 2520 ﬁdei
1555 2473 1782 2521 enume-

183 2564 301 2620 rat;
335 2563 390 2618 ut
417 2567 538 2618 cum
577 2553 770 2618 viderit
797 2554 1100 2610 membrum
1129 2553 1271 2626 quod
1312 2553 1416 2610 sibi
1463 2553 1780 2624 deputatum

179 2649 423 2706 ofﬁcium
453 2656 558 2717 cst,
582 2663 694 2712 non
717 2657 1028 2720 perstrepat
1074 2649 1252 2716 alteri,
1288 2649 1375 2704 cui
1404 2649 1600 2706 viderit
1631 2649 1780 2706 aliud

181 2744 465 2808 traditum,
500 2753 522 2786 ο
552 2743 647 2806 sed
689 2742 1056 2816 congaudeat,
1084 2751 1145 2798 ut
1185 2757 1386 2813 corpus
1413 2742 1675 2799 Ecclesiae
1710 2743 1784 2800 sit

181 2839 511 2909 perfectum.

250 2933 378 2987 Sive
420 2931 741 3003 prophetiam
774 2932 1052 2986 secundum
1095 2931 1346 2988 rationem
1392 2932 1537 3001 ﬁdei.
1568 2932 1611 2986 Α
1657 2947 1783 3002 pro-

177 3025 365 3096 phetia
394 3024 608 3095 incipit,
635 3041 754 3096 qua:
786 3026 956 3095 prima
1007 3025 1253 3094 probatio
1272 3035 1354 3079 est
1401 3025 1779 3080 rationabilem

177 3132 305 3173 esse
336 3115 501 3172 ﬁdem
527 3126 790 3172 nostram.
818 3116 1056 3186 Denique
1077 3117 1390 3184 credentes,
1413 3127 1638 3187 accepto
1655 3117 1778 3189 Spl-

1882 1902 2289 1973 intelligendutn
2315 1911 2430 1966 est;
2459 1899 2478 1940 τ
2510 1900 2794 1971 multiplex
2824 1909 2908 1957 est
2933 1902 3079 1957 enim
3111 1899 3488 1957 misericordia

1881 1997 1984 2052 sub
2013 2012 2120 2054 uno
2149 1995 2432 2054 vocabulo.
2464 1994 2596 2050 Nam
2621 1995 2667 2050 si
2688 2010 2855 2066 supra
2905 1995 3047 2052 dixit
3080 2014 3092 2049 :
3128 1995 3232 2063 Qui
3262 1996 3490 2068 largitur

1880 2093 1934 2150 in
1954 2091 2317 2161 simplicitate,-
2366 2089 2494 2162 quid
2522 2097 2640 2145 erat
2663 2104 2804 2159 opus
2833 2090 3057 2157 iterare,
3095 2090 3196 2145 nisi
3228 2090 3357 2161 quia
3382 2090 3487 2147 sub

1883 2201 1991 2248 uno
2016 2183 2403 2247 misericordiae
2443 2183 2662 2238 nomine
2710 2182 2881 2244 multa
2911 2183 3050 2238 bona
3078 2197 3242 2254 opera
3282 2181 3492 2253 signifi-

1881 2279 2059 2336 cavit?
2098 2279 2454 2336 Peceantibus
2503 2275 2709 2338 etenim
2767 2276 3053 2348 ignoscere
3112 2275 3488 2334 misericordia

1883 2382 2013 2429 est:
2066 2380 2121 2430 et
2171 2373 2224 2428 in
2258 2371 2579 2428 necessitate
2619 2370 2797 2442 aliqua
2852 2372 3033 2442 posito
3084 2372 3168 2428 vel
3224 2385 3491 2442 oppresso

1883 2479 2044 2535 epem
2093 2465 2235 2522 ferre
2276 2466 2649 2526 misericordia
2689 2475 2888 2534 est;et
2934 2465 3136 2521 nudum
3185 2465 3410 2530 vestire,
3431 2474 3488 2520 et

1884 2559 2145 2616 esurienti
2193 2576 2385 2631 partem
2421 2561 2704 2634 frangere,
2751 2572 2806 2618 et
2849 2560 3135 2633 parvulum
3174 2560 3488 2630 expositum

1884 2653 2164 2728 colligere,
2191 2664 2247 2710 et
2295 2655 2529 2714 cadaver
2567 2658 2816 2727 aperire,
2841 2665 2866 2703 κ
2907 2665 2962 2712 et
2991 2655 3098 2710 alia
3135 2653 3351 2723 operari
3386 2653 3491 2709 mi-

1883 2747 2184 2803 sericordia
2211 2757 2313 2804 est.
2347 2749 2474 2804 ideo
2516 2752 2559 2805 si
2609 2750 2723 2804 hac
2760 2749 3027 2818 impigre,
3076 2755 3132 2801 et
3158 2748 3281 2801 sine
3322 2745 3487 2802 taedio

1884 2839 2047 2896 fuerit
2075 2851 2358 2910 operatus,
2391 2842 2740 2914 habebit96
2767 2840 2927 2910 hujus
2965 2838 3153 2907 oneris
3180 2847 3236 2893 et
3265 2838 3317 2893 in
3343 2852 3484 2908 prte-

1885 2938 2027 2992 senti
2052 2949 2102 2993 et
2133 2939 2184 2993 in
2218 2938 2403 2993 futuro
2433 2938 2764 2994 mercedem.
2794 2936 2987 2992 Omnis
3013 2950 3141 3004 ergo
3174 2933 3488 2988 misericor-

1885 3028 1974 3083 dia
2002 3038 2056 3084 ct
2078 3030 2419 3101 simpliciter,
2447 3039 2646 3085 etcum
2673 3029 2872 3100 gaudio
2897 3026 3012 3082 ﬁeri
3045 3026 3241 3090 debet;
3272 3035 3328 3079 nt
3357 3025 3490 3080 sim-

1887 3123 2102 3193 plicitas
2142 3124 2390 3180 excludat
2445 3123 2800 3196 bypocrisim,
2829 3120 3086 3194 gaudium
3121 3135 3250 3176 vero
3282 3118 3482 3174 fretum

177 3211 287 3266 ritu
323 3211 744 3283 prophetabant.
780 3208 906 3268 Haec
953 3224 1087 3280 ergo
1121 3210 1279 3270 datur
1311 3227 1410 3282 pro
1449 3211 1611 3268 modo
1637 3214 1781 3268 acci-
1808 3221 1852 3282 (ζ
1887 3217 2084 3273 futurae
2111 3219 2228 3289 spei
2258 3226 2489 3274 testatur
2519 3232 2768 3280 examen.

176 3303 410 3376 pientis,
439 3303 543 3360 hoc
563 3311 667 3371 est,
699 3312 960 3372 quantum
988 3318 1152 3366 causa
1174 3303 1362 3375 exigit,
1386 3315 1605 3375 propter
1623 3322 1783 3376 quam

175 3398 366 3456 datur.

253 3491 444 3559 (Vers.
489 3490 568 3562 7.)
599 3489 719 3545 Sive
769 3489 1112 3556 ministerium
1157 3491 1210 3554 in
1253 3492 1612 3552 ministrando.
1643 3489 1668 3529 ⁴¹
1702 3493 1782 3550 Ad

175 3585 510 3656 obsequium
559 3585 909 3650 fraternitatis
950 3585 1296 3657 praebendum
1346 3587 1398 3640 in
1450 3599 1655 3642 tantum
1686 3589 1784 3644 mi-

176 3679 364 3732 nister
385 3676 650 3744 ﬁrmatur,
682 3688 943 3749 quantum
983 3678 1158 3736 credit
1191 3678 1392 3734 debere
1437 3696 1496 3735 se
1523 3681 1781 3750 obsequi;

178 3787 254 3828 ne
283 3770 430 3826 ultra
482 3770 641 3828 ﬁdem
697 3773 951 3834 laborans
979 3773 1031 3828 in
1086 3773 1368 3845 obsequio,
1405 3774 1656 3843 fatigetur
1703 3775 1786 3830 in-

177 3881 406 3926 cassum
428 3882 442 3932 ;
468 3867 590 3937 quia
615 3866 717 3923 hoc
746 3869 990 3940 sequitur
1037 3883 1497 3941 unumquemque,
1521 3869 1663 3941 quod
1693 3884 1787 3924 co-

179 3969 351 4014 natur
371 3973 439 4013 ex
467 3958 648 4014 corde.

259 4055 388 4110 Sive
408 4054 662 4125 quidam
685 4054 740 4109 in
775 4053 1032 4112 doctrina.
1059 4054 1324 4112 Similiter
1363 4055 1495 4114 dicit
1537 4055 1783 4127 adjuvari

177 4148 474 4204 doctorem
502 4147 556 4206 in
601 4146 879 4213 doctrina;
929 4158 984 4203 ut
1016 4149 1068 4204 in
1098 4158 1358 4220 quantum
1401 4150 1532 4206 ﬁdes
1560 4151 1675 4221 ejus
1704 4160 1789 4207 est

177 4241 254 4298 ad
302 4240 633 4306 docendum,
682 4242 737 4298 in
783 4249 988 4298 tantum
1020 4243 1312 4314 inspiretur
1355 4248 1424 4301 ad
1472 4246 1785 4303 tradendam

177 4337 530 4408 disciplinam
551 4336 852 4398 cmieStem.

259 4431 448 4503 (Vers.
472 4431 553 4501 8.)
583 4431 708 4489 Siue
734 4433 824 4503 qui
879 4433 1182 4489 «hortatur
1234 4434 1287 4488 in
1335 4435 1679 4490 exhortando.
1723 4435 1792 4492 Et

183 4523 339 4582 hunc
362 4523 554 4584 eodem
577 4523 743 4582 modo
769 4524 823 4580 in
845 4538 912 4581 eo
941 4524 1085 4595 ipso,
1121 4534 1144 4562 ε
1174 4525 1230 4580 in
1267 4541 1377 4598 quo
1409 4528 1603 4594 tendit,
1627 4528 1788 4584 auxi-

180 4619 265 4676 lio
285 4617 526 4687 Spiritus
553 4617 851 4688 praeparari
872 4635 887 4685 ;
908 4625 967 4673 ut
991 4616 1193 4674 habeat
1219 4619 1474 4690 gratiam,
1502 4619 1629 4675 dum
1662 4637 1788 4691 pro-
1813 4624 1867 4684 D

183 4719 374 4766 vocat.
399 4709 648 4768 Lacessit
675 4710 824 4766 enim
867 4710 1064 4768 fratres
1101 4711 1168 4767 ad
1210 4711 1432 4779 bonum,
1461 4723 1556 4769 aut
1605 4714 1786 4772 incre-

184 4800 354 4858 dulos
375 4801 440 4858 ad
467 4801 648 4858 ﬁdem.

266 4894 376 4963 Qui
401 4892 626 4966 largitur
649 4893 704 4950 in
749 4892 1099 4966 simplicitate.
1143 4894 1276 4952 lluic
1329 4895 1480 4964 dicit,
1512 4895 1606 4969 qui
1646 4897 1792 4956 bono

186 4989 383 5050 animo
407 4987 596 5046 tribuit
617 4986 820 5044 auxilia
848 5001 1066 5058 semper
1079 4989 1448 5060 suppeditare,
1463 4999 1792 5060 procurante

265 5137 292 5166 ει
334 5126 495 5184 Rom.
527 5125 660 5181 edit.
691 5125 827 5192 Sola,
855 5142 919 5181 ne
945 5125 1078 5180 alter
1104 5126 1336 5194 alterius,
1366 5137 1473 5183 etc.

264 5199 294 5238 δ
338 5198 466 5256 Mss.
515 5199 724 5269 aliquot
753 5199 870 5253 voci
914 5196 1059 5252 nobis
1089 5197 1314 5265 addunt,
1344 5197 1677 5266 differentes;
1705 5198 1796 5255 alii

189 5272 517 5341 differentia.

271 5340 293 5383 ε
343 5343 466 5400 Vet.
518 5340 650 5397 edit.
699 5355 762 5396 ac
796 5341 950 5415 pauci
979 5355 1138 5415 mss.,
1167 5341 1258 5395 sed
1306 5349 1569 5415 congct'al.
1616 5342 1796 5415 Etse-

271 5356 293 5383 ο
347 5356 466 5400 vet.
518 5356 650 5397 catt.
699 5356 762 5396 ac
796 5356 950 5465 pauet
979 5356 1138 5408 mss.,
1167 5356 1256 5395 sea
1306 5356 1569 5415 congerat.
1617 5356 1680 5396 tat
1711 5356 1796 5398 se-

190 5415 390 5488 quenti
446 5423 594 5470 textu
636 5416 854 5488 Arnen.
899 5420 960 5488 et
992 5413 1151 5488 liras.
1198 5428 1315 5466 cum
1345 5416 1468 5468 end.
1500 5413 1796 5488 nonnullis,

192 5483 486 5542 secundum
507 5484 858 5553 operationem
883 5484 1023 5551 ﬁdei.
1049 5483 1308 5538 Neutrum
1340 5484 1649 5538 commode.

267 5558 293 5596 ι¹
337 5557 470 5612 Mss.
511 5557 734 5624 aliquot,
759 5555 827 5610 ad
857 5554 1155 5625 obsequium
1200 5555 1466 5611 Ecclesiae.

275 5640 298 5667 ε
343 5626 598 5683 Nonnulli
629 5641 782 5690 mss.,
810 5627 860 5679 in
877 5643 980 5696 quo
1001 5627 1260 5691 ostendit;
1293 5627 1383 5681 alii
1407 5643 1510 5681 non
1539 5627 1714 5696 pauci,
1745 5629 1801 5682 in

196 5719 298 5772 quo
327 5717 383 5754 se
412 5699 613 5772 tendit;
645 5697 852 5763 creteri,
878 5706 935 5752 et
956 5713 1148 5756 omnes
1175 5699 1333 5766 edit.,
1369 5699 1426 5754 in
1457 5698 1762 5772 attetendit.

279 5774 299 5822 ί
342 5771 603 5828 Nonnulli
629 5784 781 5835 mss.,
815 5772 909 5830 sub
933 5788 1039 5827 una
1078 5773 1214 5828 enim
1258 5771 1506 5832 uocabulo
1532 5771 1805 5843 multiplex

200 5856 281 5906 est
311 5843 682 5917 intelligentia.
715 5843 928 5901 Minime
956 5844 1117 5901 male.

1959 3310 2139 3383 (Vers.
2170 3311 2252 3383 9.)
2295 3309 2516 3365 Dilectio
2564 3312 2675 3366 sine
2699 3309 3049 3364 simulatione.
3077 3305 3108 3346 ³³
3137 3306 3270 3364 Huic
3297 3307 3491 3374 menti,

1889 3422 2008 3478 qua:
2035 3407 2138 3464 hoc
2170 3407 2482 3472 meditatur,
2509 3417 2566 3464 ut
2595 3405 2718 3461 ideo
2745 3406 2932 3477 diligat
2964 3405 3207 3464 fratrem.
3236 3404 3357 3474 quia
3389 3403 3493 3460 scit

1890 3501 1990 3556 hoc
2019 3501 2239 3571 placere
2266 3502 2470 3556 auctori
2500 3501 2644 3566 Deo;
2673 3509 2730 3554 ut
2779 3518 2882 3554 non
2921 3502 2970 3553 in
3003 3498 3314 3554 adulatione
3346 3514 3486 3568 prae-

1888 3593 2058 3648 sentis
2084 3592 2212 3648 vitae
2236 3593 2338 3652 hoc
2367 3605 2518 3664 agat,
2543 3593 2807 3647 subvenit
2850 3592 3118 3662 Spiritus;
3145 3599 3202 3645 ut
3229 3592 3353 3660 quia
3388 3593 3490 3646 ltoc

1887 3684 2079 3738 devota
2131 3694 2311 3739 mente
2360 3685 2577 3755 qua'rit,
2602 3685 2878 3754 obsequiis
2903 3682 3070 3752 possit
3098 3681 3343 3749 implere.
3380 3681 3490 3735 Au-

1888 3779 2038 3835 tliunt
2068 3779 2212 3832 enim
2245 3778 2450 3832 dictum
2483 3793 2511 3830 a
2538 3777 2768 3831 Domino
2797 3794 2810 3830 :
2847 3775 3172 3846 Prteceptum
3204 3789 3391 3827 novum
3421 3773 3488 3827 do

1888 3872 2050 3936 vobis,
2079 3880 2135 3924 ut
2158 3871 2388 3942 diligatis
2413 3871 2626 3923 invicem
2653 3867 2837 3940 (Joan.
2865 3883 2985 3931 xm,
3010 3865 3126 3935 δι).

1960 3963 2145 4033 (Vers.
2179 3962 2278 4028 i0,
2313 3962 2429 4030 ii.)
2464 3959 2710 4015 Odientes
2731 3960 2949 4024 malum,
2981 3957 3303 4013 adhatrentes
3329 3956 3484 4024 bona,

1890 4057 2232 4128 fraternitatis
2259 4073 2433 4112 amore
2451 4056 2665 4110 invicem
2697 4054 2924 4126 benigni,
2948 4055 3139 4107 honore
3158 4062 3334 4107 ntutuo
3359 4067 3490 4122 prta-

1889 4151 2164 4204 venientes.
2197 4148 2314 4204 Non
2338 4164 2591 4216 magnum
2621 4147 2749 4202 dicit
2773 4147 2977 4202 evitare
3007 4145 3232 4208 malum,
3263 4143 3364 4198 nisi
3395 4141 3489 4197 ad-

1893 4245 2165 4306 lnereatur
2204 4245 2379 4310 bono;
2428 4245 2556 4302 illud
2589 4245 2736 4300 enim
2785 4243 2852 4299 de
2889 4244 3084 4298 timore
3126 4243 3201 4306 fit,
3232 4239 3372 4296 istud
3422 4238 3490 4298 tie

1893 4355 2076 4398 amore
2107 4358 2119 4394 :
2161 4338 2174 4378 ί
2213 4354 2313 4400 nec
2337 4338 2627 4408 benignum
2649 4352 2794 4404 esse,
2821 4350 2921 4391 nec
2954 4334 3313 4391 fraternitatis
3342 4346 3494 4388 amo-

1894 4449 2009 4490 rem
2039 4443 2223 4493 tenere
2243 4431 2464 4496 dicitur,
2489 4430 2534 4486 si
2567 4446 2673 4486 non
2702 4429 2900 4486 mutuis
2950 4443 3011 4485 se
3039 4426 3320 4497 obsequiis
3356 4439 3494 4496 prte-

1895 4527 2164 4584 venerint.

1965 4619 2332 4678 Solliciludine
2353 4636 2456 4676 nou
2480 4618 2638 4690 pigri.
2663 4616 2778 4674 Hoc
2802 4625 2886 4671 est
2902 4612 3046 4685 quod
3071 4611 3203 4668 dicit
3227 4611 3493 4684 preplteta

1899 4712 2200 4770 Hieremias
2245 4711 2463 4784 (larem.
2494 4728 2682 4778 sum,
2716 4710 2826 4780 ω),
2859 4709 2984 4780 quia
3042 4706 3362 4764 maledictus
3402 4705 3495 4776 qui

1899 4805 2028 4866 facit
2057 4823 2218 4876 opera
2275 4807 2484 4864 Domini
2509 4807 2867 4876 negligenter.
2917 4803 3074 4874 Piger
3105 4803 3246 4858 enim
3287 4801 3339 4856 in
3365 4815 3500 4856 cou-

1899 4902 2209 4958 versatione
2235 4899 2412 4956 divina
2439 4899 2559 4958 siue
2580 4915 2674 4970 spe
2719 4909 2836 4966 est;
2867 4897 2990 4955 ideo
3015 4896 3243 4967 subjecit
3268 4914 3280 4949 :

1973 4997 2178 5065 Spiritu
2210 4999 2479 5066 ferventes.
2525 4994 2636 5050 Hoc
2663 5001 2768 5061 est,
2818 5003 2875 5048 ιιι
2929 4994 2980 5048 in
3017 4989 3280 5048 exercitio
3333 4985 3501 5042 divini

1973 5140 1997 5177 8
2040 5131 2196 5185 Rom.
2233 5131 2390 5194 edit.,
2421 5140 2470 5186 et
2500 5131 2626 5184 talia
2657 5130 2883 5197 cperari.
2913 5128 3060 5184 liautl
3093 5123 3460 5182 incommode.

1973 5200 2161 5276 h__Vet.
2215 5203 2345 5276 edit.
2390 5215 2443 5256 et
2500 5219 2630 5276 mss.
2665 5195 3107 5276 nonnulli,_lluic
3164 5195 3501 5276 meritonqui

1901 5274 2222 5341 meditatur_:
2262 5274 2418 5328 Rom.
2451 5275 2580 5328 cdit.
2625 5275 2750 5327 hinc
2795 5272 3020 5328 abstulit
3049 5284 3234 5341 vocem
3267 5272 3500 5341 merito;

1901 5361 2028 5427 nos.
2050 5337 2198 5426 vero'
2225 5347 2400 5402 locum
2458 5361 2523 5402 ex
2558 5346 2796 5416 pluribus
2833 5340 3341 5416 probatinribusque
3370 5337 3496 5393 cod.

1901 5417 2256 5471 rcstituimus.

1980 5486 1993 5524 ί
2043 5487 2116 5541 Ita
2148 5488 2322 5543 locum
2353 5488 2645 5542 emendant
2675 5487 2798 5540 cod.
2838 5487 3009 5547 Prat.,
3044 5481 3222 5546 Gem,
3256 5479 3417 5536 illicit.
3448 5490 3504 5537 et

1906 5559 2044 5622 Vall.
2074 5575 2195 5620 cum
2223 5562 2370 5627 prius
2396 5561 2686 5613 haberetur
2719 5557 2772 5610 in
2801 5558 2936 5610 edit.
2970 5571 3029 5606 uc
3053 5566 3210 5627 ttt:s_._,
3245 5569 3334 5627 nec
3364 5552 3506 5607 beni-

1905 5621 2065 5704 gnum
2087 5648 2192 5686 esse
2215 5621 2555 5702 fraternitatis
2578 5628 2846 5690 honorem,
2873 5627 2914 5678 si
2937 5621 3224 5704 noniGill.
3254 5624 3305 5677 in
3333 5640 3504 5704 marg.

1907 5696 1962 5759 Et
1988 5703 2145 5758 Rom.
2173 5696 2305 5766 edit.
2342 5707 2392 5757 in
2444 5716 2594 5770 corp.
2621 5713 2744 5752 eum
2776 5711 2890 5752 uno
2917 5705 3008 5751 aut
3029 5696 3202 5749 altero
3234 5711 3357 5760 ms.,
3395 5699 3506 5769 [mo

1905 5776 2154 5833 ternitatis
2175 5791 2422 5832 amorem.
