4082 6306
623 270 731 336 159

1519 270 1613 326 AD
1650 267 1886 327 OPERA
1926 267 2172 327 SA'NCTI
2215 265 2542 324 AMBROSII
2571 265 2938 326 APPENDIX.
3832 266 3922 323 160

616 391 829 462 operis,
863 398 954 445 aut
982 388 1141 462 Legis
1171 401 1277 444 non
1327 387 1400 444 sit
1442 386 1659 460 tepidus
1685 430 1700 455 ,
1729 388 1874 443 sicut
1918 386 2114 444 dicitur
2161 386 2213 440 in
2244 386 2296 447 Α
2321 385 2572 442 omnibus
2598 387 2902 443 communis
2933 397 3038 453 est,
3071 403 3139 445 ne
3165 388 3301 444 irato
3327 389 3516 443 animo
3544 384 3757 441 incitati
3785 382 3920 455 prius

616 482 945 555 Apocalypsi
968 481 1195 538 Joannis
1221 499 1234 535 :
1267 480 1526 546 Quoniam
1553 480 1758 550 tepidus
1786 497 1857 546 es,
1885 480 2085 550 inquit,
2114 495 2221 534 evo-

616 589 754 629 mam
781 583 830 629 te
856 590 922 629 ea:
947 590 1035 629 ore
1075 589 1189 629 meo
1216 573 1404 646 (Apoc.
1441 588 1522 639 tu,
1559 572 1685 645 l6);
1717 571 2031 643 quotidiana
2073 575 2219 628 enim

617 670 900 729 meditatio
947 671 1087 726 tollit
1129 684 1407 741 soporem,
1441 678 1496 725 et
1523 668 1654 725 facit
1685 668 2018 739 vigilantem.
2043 667 2220 738 Opera

614 779 746 822 vero
768 763 978 820 Domini
1009 773 1160 829 sunt,
1199 778 1319 834 quae
1343 761 1563 819 mandat
1589 761 1704 819 fieri
1738 778 1836 833 pro
1862 762 2096 818 utilitate
2118 761 2221 817 Ec-

612 856 817 926 clesiae,
849 855 902 913 id
934 866 1040 924 est,
1069 857 1322 913 fratrum.

615 984 622 990 -
685 947 931 1018 Tempori
970 948 1260 1002 seruientes.
1292 947 1350 1002 In
1388 961 1565 1018 graeco
1603 946 1803 1002 dicitur
1855 945 2059 1001 habere
2099 945 2215 1001 sic:

612 1041 724 1098 Deo
764 1043 1072 1107 servientes;
1111 1042 1254 1114 quod
1306 1059 1406 1100 nec
1456 1044 1578 1100 loco
1616 1043 1721 1114 ipsi
1765 1044 2046 1114 competit.
2077 1043 2218 1110 Quid

609 1132 756 1189 enim
789 1149 927 1205 opus
955 1143 1074 1191 erat
1101 1150 1375 1191 summam
1429 1134 1571 1190 hanc
1601 1149 1805 1206 ponere
1851 1135 2019 1190 totius
2055 1135 2236 1190 devo-.

615 1227 804 1296 tionis,
832 1241 957 1283 cum
993 1227 1210 1298 quando
1255 1228 1466 1299 singula
1497 1228 1764 1297 membra,
1798 1244 1920 1300 qua:
1946 1231 2015 1284 ad
2063 1229 2221 1284 obse-

613 1322 742 1393 quia
761 1330 816 1378 et
845 1322 1066 1378 servitia
1094 1323 1190 1377 Dei
1219 1325 1514 1393 pertinent,
1549 1324 1854 1379 memoret?
1880 1324 1935 1394 In
1967 1323 2221 1379 omnibus

614 1416 762 1473 enim
810 1417 877 1472 iis
904 1431 1024 1488 qua:
1050 1425 1357 1483 enumerat,
1391 1417 1611 1488 plenum
1664 1418 1894 1474 Domino
1936 1421 2217 1476 servitium

615 1511 923 1568 exhibetur.
958 1511 1091 1567 Nam
1144 1513 1354 1568 servire
1379 1511 1611 1583 tempori
1655 1512 1785 1583 quid
1831 1514 1924 1579 sit,
1958 1514 2084 1571 alibi
2112 1516 2221 1570 sol-

614 1605 713 1673 vit,
743 1620 866 1660 cum
919 1605 1052 1661 dicit
1108 1623 1122 1660 :
1172 1604 1501 1662 Redimentes
1548 1617 1785 1678 tempus,
1818 1609 2062 1678 quoniam
2111 1609 2220 1664 dies

617 1698 744 1752 mali
773 1707 1000 1765 sunt;ut
1029 1698 1204 1753 sciatis
1230 1698 1667 1767 quemadmodum
1697 1699 1972 1771 unicuique
1999 1718 2217 1773 respon-

2324 479 2482 538 facile
2513 481 2838 538 maledicere
2872 484 3036 538 velint
3064 501 3076 537 :
3106 484 3202 539 sed
3233 493 3288 538 ut
3319 483 3515 554 magis,
3543 483 3688 536 victa
3719 479 3918 535 iracun-

2325 572 2431 636 dia,
2466 573 2808 640 benedicant,
2837 583 2862 610 α
2887 584 2940 631 et
2980 575 3126 630 laudi
3155 577 3225 630 sit
3262 574 3551 644 disciplina
3578 573 3882 628 Dominica.

2393 667 2500 739 97
2543 667 2733 738 (Vers.
2771 669 2897 740 15.)
2938 668 3177 723 Gaudere
3218 686 3335 722 cum
3379 668 3759 740 gaudentibus,
3801 667 3916 735 ﬂere

2323 775 2440 812 cum
2468 759 2728 830 ﬂentibus.
2760 760 2872 816 lloc
2894 771 3004 827 est,
3034 761 3176 833 quod
3208 761 3316 816 alio
3345 761 3467 816 loco
3497 760 3635 815 dicit
3661 778 3674 812 :
3710 759 3769 815 Si
3797 759 3913 829 quid

2323 854 2518 925 patitur
2553 871 2715 908 unum
2761 856 3077 922 membrum,
3120 858 3510 928 compatiuntur
3539 857 3715 910 omnia
3760 872 3910 910 ment-

2323 952 2413 1003 bra
2438 967 2456 1003 :
2486 960 2533 1004 et
2555 951 2599 1003 si
2636 952 2842 1005 ltctatur
2863 969 3022 1006 unum
3047 951 3358 1016 membrum,
3392 952 3720 1021 congaudent
3750 950 3909 1002 omnia

2323 1043 2547 1097 membra
2583 1043 2634 1115 (l
2662 1043 2781 1099 Cor.
2803 1044 3033 1117 xn,26).
3065 1045 3199 1100 Cum
3229 1044 3372 1100 enim
3401 1045 3525 1115 quis
3553 1043 3697 1099 fideli
3727 1043 3906 1097 solatio

2315 1143 2406 1189 'cst
2452 1133 2506 1188 in
2561 1135 2918 1204 necessitate,
2971 1137 3133 1207 erigit
3176 1137 3416 1191 animum
3470 1135 3624 1206 ejus,
3677 1144 3730 1189 et
3776 1135 3905 1205 apud

2327 1227 2494 1282 Deum
2527 1229 2626 1283 sibi
2655 1231 2887 1285 collocat
2918 1232 3172 1286 meritum
3199 1248 3214 1297 ;
3257 1233 3381 1302 quia
3413 1231 3718 1286 membrum
3749 1230 3906 1301 diligit

2322 1324 2568 1392 corporis
2604 1321 2844 1380 Christi:
2879 1335 2932 1379 et
2973 1327 3016 1378 si
3051 1340 3172 1378 cum
3207 1323 3413 1378 infideli
3444 1324 3762 1388 condnleat,
3792 1337 3906 1392 pro-

2322 1426 2481 1470 voc.it
2519 1417 2686 1488 magis
2718 1413 2747 1453 δ
2779 1419 2929 1473 illum
2967 1418 3034 1473 ad
3067 1418 3368 1490 profectum
3396 1418 3702 1489 disciplina:
3731 1417 3902 1472 Domi~

2324 1510 2481 1566 nicas.

2392 1602 2413 1674 (
2434 1603 2592 1660 Vers.
2629 1603 2752 1672 16.)
2787 1604 3029 1675 ldipsum
3065 1605 3280 1660 invicem
3320 1606 3615 1661 sentientes.
3659 1605 3766 1661 Hoc
3793 1615 3900 1668 est.

2321 1697 2466 1769 quod
2494 1698 2694 1754 dictum
2723 1709 2834 1765 est,
2863 1700 3099 1769 compati
3137 1701 3336 1756 debere
3377 1701 3428 1754 in
3476 1701 3656 1756 fratris
3699 1701 3903 1756 tributa-

615 1793 782 1847 deatis
811 1791 1029 1865 (Ephes.
1058 1808 1112 1860 v,
1147 1792 1256 1864 l6).
1299 1793 1567 1861 Quoniam
1597 1801 1779 1848 autem
1807 1793 2058 1850 dixerat:
2092 1795 2216 1866 Spi-
2246 1788 2294 1848 Β
2323 1793 2500 1858 tione,
2542 1794 2683 1847 sicut
2722 1803 2778 1848 et
2818 1794 2869 1847 in
2908 1795 3010 1848 alia
3039 1794 3169 1850 dicit
3197 1795 3467 1866 epistola:
3502 1795 3836 1850 Considerans
3864 1807 3904 1849 te

614 1887 721 1941 ritu
751 1886 1035 1956 ferventes;
1083 1901 1151 1942 ne
1210 1885 1316 1942 hoc
1360 1888 1440 1942 sic
1469 1886 1814 1956 acciperent,
1846 1897 1903 1942 ut
1939 1888 2138 1958 passim
2163 1898 2218 1945 et

614 1979 931 2049 importune
957 1980 1120 2036 verba
1171 1979 1455 2052 religionis
1495 1981 1810 2050 ingererent
1839 1989 2084 2052 tempore
2115 1981 2218 2037 ini-

613 2073 780 2142 mico,
815 2089 915 2146 per
951 2073 1099 2145 quod
1143 2073 1283 2130 forte
1309 2074 1626 2130 scandalum
1665 2075 1990 2142 excitarent,
2035 2077 2214 2132 statim

611 2169 848 2241 subjecit
880 2187 893 2224 :
923 2169 1165 2243 Tempori
1194 2171 1493 2238 servientes,
1521 2181 1577 2226 ut
1603 2170 1850 2228 modeste
1877 2181 1927 2227 et
1973 2187 2096 2227 cum
2120 2172 2211 2228 ho-

613 2274 825 2321 nestate
855 2264 994 2336 aptis
1032 2275 1088 2321 et
1139 2265 1274 2321 locis
1304 2274 1356 2322 et
1387 2267 1663 2337 personis,
1692 2275 1747 2321 et
1789 2275 1917 2337 apto
1973 2277 2219 2339 tempore

611 2357 888 2428 religionis
938 2357 1100 2414 fidem
1155 2358 1533 2427 loquerentur.
1584 2358 1733 2431 .Sunt
1783 2359 1932 2415 enim
1999 2360 2216 2432 quidam

607 2453 774 2509 etiam
829 2452 884 2507 in
930 2452 1032 2508 hoc
1059 2461 1306 2524 tempore
1343 2467 1453 2524 quo
1482 2467 1586 2523 pax
1617 2463 1722 2519 est,
1755 2453 1847 2524 qui
1886 2452 1965 2508 sic
1989 2454 2220 2524 perhor-

607 2557 731 2604 rcnt
761 2546 924 2603 verba
957 2546 1073 2614 Dei,
1110 2554 1171 2602 ut
1196 2546 1486 2602 audientes
1525 2561 1653 2602 cum
1714 2561 1904 2618 magna
1952 2549 2028 2602 ira
2071 2547 2216 2602 blaso

608 2637 871 2710 phement
897 2639 1041 2693 viam
1067 2637 1296 2694 Christi.
1331 2638 1465 2693 Nam
1494 2638 1683 2708 etipse
1706 2639 1932 2693 servivit
1958 2641 2212 2710 tempori,

611 2730 832 2801 quando
852 2729 996 2801 quod
1045 2730 1220 2784 noluit
1266 2728 1427 2794 fecit;
1456 2728 1656 2784 invitus
1677 2729 1822 2784 enim
1875 2730 2217 2786 circumcidit

611 2821 984 2886 Timotheum,
1027 2830 1083 2876 et
1140 2835 1266 2876 raso
1311 2821 1490 2890 capite
1544 2821 1858 2890 purificatus
1914 2824 2211 2879 secundum

609 2913 811 2986 Legem
843 2914 1092 2971 ascendit
1139 2915 1423 2985 templum,
1454 2913 1847 2970 utJudaeorum
1885 2916 2090 2987 sopiret
2134 2918 2216 2972 in-

609 3011 842 3065 saniam.

684 3087 868 3173 (Vera.
902 3099 1017 3173 12.)
1051 3100 1158 3172 Spe
1176 3100 1482 3172 gaudentes.
1511 3101 1806 3173 Postquam
1845 3102 2019 3161 dixit:
2061 3103 2211 3158 Tem-

610 3198 725 3270 pori
764 3196 1061 3261 servientes,
1103 3194 1305 3264 adjecit
1338 3212 1350 3246 :
1382 3193 1490 3264 Spe
1535 3194 1862 3264 gaudentes;
1895 3205 1949 3250 ttt
2001 3196 2045 3251 si
2074 3195 2213 3253 forte
2242 3177 2287 3241 Ο

611 3295 834 3360 pr0pter
862 3286 1205 3358 iniquitatem
1242 3285 1502 3357 temporis
1537 3301 1643 3340 non
1691 3285 1854 3341 liceat
1881 3287 1949 3343 de
1983 3288 2086 3343 fide
2113 3306 2211 3356 pu-

611 3379 753 3437 blice
779 3380 948 3450 loqui,
982 3378 1080 3434 sed
1108 3393 1234 3435 esse
1264 3378 1315 3434 in
1339 3387 1512 3443 metu,
1545 3393 1643 3450 spe
1665 3378 1924 3450 gaudeat;
1956 3380 2214 3450 quiahaec

613 3472 836 3529 tristitia
866 3471 1006 3543 parit
1029 3471 1294 3530 laetitiam.

684 3566 754 3621 In
782 3566 1112 3622 tribulatione
1155 3567 1427 3638 patientes.
1479 3565 1594 3622 Hoc
1621 3574 1708 3622 est
1731 3580 1829 3637 Spe
1871 3567 2130 3639 gaudere,
2160 3569 2211 3623 in

615 3658 967 3717 tribulatione
1022 3660 1317 3732 patientem
1365 3675 1516 3727 esse;
1547 3661 1617 3717 de
1665 3661 1862 3732 gaudio
1911 3663 2058 3717 enim
2099 3665 2211 3733 spei

609 3755 809 3812 tolerat
832 3755 1263 3824 tribulationem,
1296 3757 1476 3813 sciens
1501 3757 1670 3813 multo
1693 3757 1897 3829 majora
1923 3773 2066 3828 esse,
2090 3775 2212 3830 quae

608 3865 706 3921 pro
726 3851 811 3906 his
841 3851 1108 3921 promissa
1135 3859 1285 3908 sunt.

683 3942 917 3998 Orationi
962 3945 1232 3999 instantes.
1295 3942 1613 4000 Necessaria
1666 3955 1750 4002 est
1784 3945 1946 4002 valde
2001 3947 2205 4012 oratio;

610 4036 737 4108 quia
765 4045 824 4091 ut
855 4037 1134 4093 tribulatio
1165 4037 1339 4108 possit
1389 4039 1629 4105 tolerari,
1658 4040 1910 4110 precibus
1949 4041 2205 4096 insiSten-

608 4130 736 4186 dum
763 4139 869 4187 est.

683 4222 867 4296 (Vers.
923 4223 1034 4297 15.)
1090 4223 1361 4281 Memoriis
1415 4209 1714 4282 sanctorum
1756 4232 2184 4288 communicantes

610 4315 952 4373 Manifestum
984 4318 1217 4390 estquia
1259 4320 1352 4391 qui
1382 4336 1570 4392 preces
1608 4336 1736 4377 suas
1783 4325 2028 4380 exaudiri
2070 4328 2184 4382 vult

609 4409 841 4466 aemulus
880 4409 1044 4467 debet
1095 4426 1216 4468 esse
1247 4413 1378 4467 vita:
1421 4425 1769 4482 sanctorum;
1797 4431 1918 4471 cum
1971 4417 2209 4474 imitatur

607 4502 778 4569 enim,
821 4505 1215 4572 communicat;
1249 4516 1307 4561 ut
1357 4507 1457 4562 hoc
1507 4509 1580 4563 sit
1636 4525 1934 4567 memorem
1993 4527 2114 4568 esse
2150 4523 2208 4568 et

608 4597 1151 4666 communicatorem,
1186 4601 1384 4656 imitari
1429 4611 1582 4657 actus
1613 4603 1827 4660 illorum
1860 4624 1872 4660 :
1903 4615 1958 4661 et
1988 4606 2030 4660 si
2061 4623 2209 4662 sum-

609 4691 793 4762 ptibus
825 4681 1086 4763 indigent,
1118 4695 1632 4751 communicandum
1661 4707 1746 4753 est
1775 4698 1879 4764 eis,
1910 4700 2052 4755 sicut
2077 4701 2212 4757 dicit

607 4783 715 4839 alio
745 4784 865 4841 loco
896 4801 909 4839 :
953 4784 1027 4840 De
1054 4787 1283 4842 collectis
1323 4799 1491 4844 autem
1536 4807 1652 4861 qua:
1689 4792 1819 4860 fiunt
1858 4793 1912 4847 in
1933 4799 2138 4850 sanctos
2165 4795 2209 4867 (l

608 4873 730 4930 Cor.
762 4891 872 4941 1m,
905 4875 991 4946 i);
1022 4885 1080 4933 et
1116 4878 1182 4933 ad
1213 4879 1432 4935 Galatas
1486 4897 1499 4934 :
1551 4880 1619 4936 Ut
1648 4899 1937 4956 pauperum
1962 4903 2208 4942 memores

609 4984 833 5025 essemus
855 4966 1058 5039 (Galat.
1085 4986 1144 5036 ll,
1175 4970 1288 5042 10).

680 5062 864 5134 (Vers.
897 5061 1006 5134 M.)
1059 5061 1472 5137 Hospitalitatem
1525 5076 1801 5124 sectantes.
1859 5069 2104 5126 lmitator
2155 5080 2209 5126 et

605 5163 816 5211 amator
835 5162 1152 5211 sanctorum
1201 5157 1622 5225 hospitalitatem
1649 5167 1894 5215 sectatur
1940 5162 2207 5233 exemplis

604 5248 778 5304 sancti
808 5247 1062 5315 Abrahae,
1094 5258 1149 5303 et
1178 5248 1316 5305 L01h
1358 5249 1456 5304 viri
1483 5249 1633 5321 juSti.

676 5341 973 5398 Benedicite
1022 5343 1442 5415 persequentibus
1481 5360 1593 5409 vos,
1633 5346 1932 5412 benedicite,
1977 5358 2022 5401 et
2054 5349 2210 5402 nolite

603 5434 925 5489 maledicere.
967 5433 1039 5491 Ut
1065 5433 1408 5491 Christianos
1457 5449 1553 5505 per
1589 5437 1772 5491 omnia
1824 5453 1994 5493 novos
2020 5438 2203 5507 faciat,

606 5527 767 5582 etiam
794 5528 862 5582 ab
893 5527 996 5584 hac
1047 5529 1174 5587 illos
1222 5528 1623 5585 consuetudine
1656 5529 1872 5586 auferre
1917 5533 2053 5600 vult,
2085 5548 2206 5604 qure

604 5664 872 5793 ".ﬁzg‘llss.
921 5665 1154 5738 aliquot,
1211 5680 1260 5726 et
1305 5671 1588 5727 laudabilis
1636 5672 1704 5727 sit
1761 5671 2039 5744 disciplina
2087 5672 2197 5729 Do-

673 5791 706 5847 δέ
737 5791 894 5863 Rom.
927 5806 1056 5866 edit.
1087 5796 1206 5869 cum
1237 5797 1422 5886 paucis
1458 5815 1614 5885 m'ss.,
1651 5791 1798 5871 illam
1821 5791 1889 5871 ad
1917 5791 2193 5885 aﬁ'ectnm;

2319 1885 2490 1950 ipsum
2510 1926 2524 1948 ,
2560 1902 2622 1939 ne
2645 1895 2690 1939 et
2723 1897 2777 1940 tu
2809 1887 3037 1940 tenteris.
3072 1886 3217 1940 Alter
3243 1887 3458 1941 alterius
3487 1903 3647 1942 onera
3672 1887 3902 1941 sustinete

2319 1976 2530 2050 (ϐαιοὶ.
2563 1995 2646 2046 Vt,
2684 1980 2735 2046 1,
2765 1979 2854 2051 ‘2).

2395 2069 2517 2125 Non
2546 2072 2652 2125 alta
2681 2073 2953 2141 sapientes.
2986 2074 3109 2129 Alta
3137 2089 3331 2146 sapere
3359 2074 3614 2146 superbia
3644 2083 3753 2139 est;
3784 2091 3896 2128 nam

2320 2173 2377 2217 et
2419 2163 2668 2219 diabolus
2712 2180 2832 2220 cum
2880 2168 2986 2220 alta
3022 2168 3233 2237 sapuit,
3271 2168 3615 2238 apostatavit.
3646 2167 3720 2222 Ne
3748 2167 3895 2220 elatio

2321 2256 2392 2311 sit
2421 2258 2472 2312 in
2519 2259 2732 2324 animo,
2774 2268 2830 2315 et
2873 2275 3208 2330 praesumens
3253 2261 3393 2316 forte
3438 2262 3507 2316 de
3550 2261 3895 2317 incolumitate

2323 2360 2474 2406 actus
2505 2353 2624 2417 sui,
2660 2369 2765 2408 non
2795 2353 3084 2409 condoleat
3127 2355 3276 2410 fratri
3307 2369 3441 2421 suo,
3486 2354 3583 2410 sed
3627 2355 3895 2425 exprobret

2321 2447 2477 2516 quasi
2523 2449 2831 2517 peccaturi,
2880 2448 2996 2504 haec
3042 2448 3298 2518 superbia
3351 2458 3470 2516 est,
3525 2465 3642 2520 qua:
3685 2465 3794 2504 cum
3840 2463 3890 2504 se

2323 2539 2620 2608 praeponit,
2669 2539 2917 2595 offendit.
2949 2540 3102 2609 Quod
3145 2551 3199 2595 et
3248 2541 3514 2595 Dominus
3545 2540 3781 2606 denotat,
3820 2540 3891 2593 di-

2319 2644 2448 2686 cens
2474 2649 2487 2686 :
2519 2630 2668 2703 Ejice
2692 2634 2887 2687 trabem
2921 2635 3063 2703 prius
3094 2635 3157 2690 de
3183 2635 3331 2689 oculo
3361 2645 3471 2700 tuo,
3503 2645 3553 2691 et
3581 2646 3696 2689 tunc
3716 2633 3888 2689 ridebis

2317 2725 2503 2794 ejicere
2541 2727 2790 2794 festucam
2835 2725 2900 2780 de
2943 2726 3093 2780 oculo
3127 2728 3304 2799 fratris
3349 2728 3423 2781 tui
3470 2727 3630 2800 (Luc.
3667 2743 3743 2791 Vl,
3768 2724 3882 2796 42),

2317 2816 2434 2888 Ipsa
2462 2818 2606 2872 enim
2649 2819 2811 2874 elatio
2842 2829 3125 2890 peccatum
3168 2831 3251 2876 est
3283 2839 3296 2875 ε
3330 2836 3393 2876 ac
3439 2821 3484 2876 si
3530 2836 3635 2876 non
3674 2821 3735 2875 sit
3773 2834 3886 2889 pec-

2313 2921 2498 2976 cator,
2543 2911 2684 2982 quod
2716 2913 3057 2982 impossibile
3097 2923 3220 2978 est;
3257 2915 3313 2967 fit
3347 2923 3635 2984 peccator,
3663 2913 3770 2968 dum
3797 2928 3882 2965 su-

2315 3003 2510 3070 perbit.
2539 3003 2781 3074 Denique
2803 3004 2932 3059 dicit
2951 3006 3208 3061 Salomon
3237 3024 3250 3060 :
3286 3006 3541 3078 Superbis
3564 3007 3694 3061 Deus
3712 3005 3882 3060 resistit

2315 3097 2515 3171 (Prov.
2545 3118 2633 3168 ut,
2666 3101 2794 3172 51).

2392 3194 2499 3250 Sed
2530 3197 2807 3252 humilibus
2837 3199 3230 3254 consentientes.
3265 3198 3379 3254 Hoc
3410 3210 3490 3255 est
3511 3241 3526 3266 ,
3572 3211 3627 3255 ut
3668 3197 3877 3270 deposita

2315 3289 2604 3357 superbia,
2658 3291 2888 3345 alienam
2940 3307 3161 3347 causam
3215 3307 3368 3347 suam
3420 3291 3617 3361 faciat,
3662 3304 3710 3348 et
3747 3307 3874 3346 suam

2314 3383 2468 3451 quasi
2499 3383 2768 3448 alienam;
2807 3392 2863 3438 ut
2893 3384 3089 3439 habeat
3115 3387 3342 3454 gratiam
3373 3386 3514 3456 apud
3548 3386 3740 3449 Deum,
3771 3385 3874 3454 quia

2314 3475 2403 3545 qui
2431 3493 2485 3530 se
2511 3477 2842 3544 exultaverit,
2875 3478 3231 3532 Itumiliabilur
3259 3477 3423 3550 (Luc.
3457 3495 3566 3542 xxv,
3602 3477 3709 3550 H).

2387 3568 2568 3624 Nolite
2610 3587 2721 3625 esse
2751 3571 3027 3640 prudentes
3068 3573 3210 3642 apud
3241 3574 3575 3640 vosmetipsos
3626 3569 3784 3645 (Esai.
3829 3584 3870 3630 γ,

2314 3661 2446 3733 21).
2485 3664 2600 3718 Hoc
2629 3665 2679 3717 in
2718 3664 2879 3720 Esaia
2912 3665 3176 3735 prapheta
3207 3667 3472 3736 scriptum
3505 3675 3590 3722 est
3612 3708 3625 3730 ,
3653 3664 3772 3736 quod
3798 3661 3870 3715 hic

2315 3755 2472 3824 quasi
2507 3757 2784 3826 proprium
2816 3758 3004 3827 ponit;
3051 3769 3108 3811 ut
3143 3758 3354 3827 justitia
3384 3759 3682 3813 communis
3706 3755 3869 3809 habea-

2315 3857 2425 3914 tur,
2460 3863 2567 3903 non
2610 3858 2666 3903 ut
2707 3850 2809 3904 sibi
2850 3850 2970 3920 quis
3009 3850 3190 3920 justus
3230 3851 3330 3918 sit,
3363 3851 3581 3906 cteteris
3618 3859 3775 3905 autem
3797 3846 3865 3900 in-

2311 3943 2512 4012 justus.

2387 4035 2580 4107 (Vers.
2631 4036 2754 4108 17.)
2805 4036 3011 4091 Nemini
3055 4037 3246 4091 malum
3293 4053 3387 4109 pro
3433 4039 3573 4092 malo
3618 4036 3864 4090 reddentes.

2315 4126 2428 4183 Hoc
2455 4137 2566 4192 est,
2600 4128 2744 4199 quod
2775 4129 3037 4184 Dominus
3065 4129 3195 4184 dicit
3226 4148 3239 4184 :
3277 4129 3400 4183 Nisi
3443 4130 3762 4185 abundaverit
3778 4130 3868 4200 jus-

2313 4219 2426 4273 titia
2457 4231 2625 4273 vestra
2657 4221 2932 4290 plusquam
2973 4221 3258 4276 scribarum
3285 4229 3331 4274 et
3370 4221 3760 4292 pharisworum,
3791 4231 3866 4268 non

2312 4317 2570 4373 intrabitis
2613 4319 2667 4372 in
2713 4334 2927 4390 regnum
2961 4315 3061 4371 Dei
3105 4317 3327 4390 (Matth.
3360 4333 3414 4385 v,
3443 4316 3570 4389 20).
3604 4312 3865 4372 Mandatum

2312 4411 2458 4467 enim
2488 4411 2540 4466 in
2571 4410 2713 4480 Lege
2740 4421 2858 4465 erat
2884 4429 2896 4466 :
2930 4408 3132 4479 Diliges
3173 4410 3469 4480 proximum
3512 4420 3683 4476 tuum,
3713 4417 3754 4462 et
3775 4403 3866 4459 odio

2313 4500 2523 4555 habebis
2549 4502 2818 4555 inimicum
2840 4511 2984 4554 tuum
3011 4499 3206 4570 (Levit.
3241 4517 3328 4555 χιχ
3352 4541 3368 4567 ,
3405 4501 3525 4571 18).
3553 4501 3703 4566 “me,
3733 4510 3864 4568 quau-

2313 4603 2425 4649 tum
2476 4594 2708 4660 videtur,
2757 4593 2968 4663 justitia
3011 4605 3136 4649 est:
3183 4593 3279 4648 sed
3324 4604 3382 4648 ut
3429 4593 3667 4649 abundet
3699 4587 3865 4662 justitia

2313 4687 2773 4753 Christianorum,
2820 4687 3088 4742 docentur
3130 4703 3238 4741 non
3289 4686 3521 4742 reddere
3570 4688 3754 4741 malum
3796 4694 3867 4751 pro

2314 4781 2499 4843 malo;
2541 4791 2599 4835 ut
2633 4780 2854 4850 perfecti
2895 4780 3034 4846 sint,
3075 4790 3131 4836 et
3158 4795 3256 4849 pro
3285 4780 3388 4835 hoc
3419 4797 3631 4837 merces
3661 4779 3758 4834 illis
3779 4771 3868 4830 red-

2312 4873 2472 4928 datur
2503 4873 2554 4928 in
2580 4873 2786 4943 judicio
2817 4874 2934 4928 Dei.
2963 4873 3292 4944 Supergredi
3325 4874 3471 4927 enim
3498 4873 3707 4928 videtur
3729 4871 3865 4939 ipsam

2308 4964 2573 5035 justitiam
2602 5006 2617 5032 ,
2649 4981 2772 5021 cum
2804 4965 2946 5037 quod
2981 4967 3143 5031 licet,
3181 4975 3235 5019 ut
3275 4966 3470 5020 melior
3506 4966 3609 5031 sit,
3649 4979 3747 5019 non
3777 4956 3871 5013 facit

2313 5059 2552 5116 cmlestis
2575 5060 2804 5131 justitia:
2837 5058 3094 5115 imitator.
3127 5057 3308 5114 Mundi
3337 5074 3470 5128 ergo
3493 5057 3697 5128 justitia
3728 5070 3753 5108 a
3787 5052 3871 5106 Deo

2315 5163 2336 5191 ε
2363 5152 2440 5207 illi
2476 5166 2736 5208 concessa
2767 5153 3112 5206 innocentem
3144 5149 3300 5206 facit:
3325 5150 3566 5205 caelestis
3587 5161 3757 5205 autem
3776 5155 3870 5214 per-

2311 5247 2511 5302 fectum
2538 5289 2552 5312 ,
2586 5257 2646 5302 ut
2674 5247 2926 5302 meritum
2962 5246 3158 5301 habeat
3185 5245 3326 5316 apud
3358 5245 3552 5299 Deum.

2384 5338 2720 5394 Providentes
2752 5339 2884 5394 bona
2915 5357 3016 5394 non
3050 5350 3247 5394 tantum
3280 5354 3455 5393 coram
3489 5337 3618 5401 Deo,
3642 5333 3724 5390 sed
3748 5329 3871 5386 etiam

2311 5450 2485 5487 coram
2514 5434 2748 5487 omnibus
2777 5433 3092 5490 hominibus.
3128 5433 3423 5490 Providerc
3450 5440 3536 5487 est
3561 5433 3692 5497 bona
3722 5425 3868 5482 fulti!"1

2311 5537 2438 5584 ante
2467 5527 2658 5584 oculos
2703 5529 2951 5594 habere;
2984 5538 3045 5584 ut
3081 5544 3145 5584 ea
3186 5537 3474 5601 gerantur,
3511 5540 3628 5596 qua:
3659 5519 3864 5594 possint.

2309 5673 2526 5745 quidam
2553 5688 2682 5730 mss.
2707 5674 2775 5728 ad
2804 5673 3065 5741 e/fectum,
3086 5684 3193 5730 etc.
3369 5712 3375 5722 η
3577 5741 3579 5744 ⁴

2382 5756 2404 5784 ε
2420 5744 2578 5809 Rom.
2595 5745 2727 5800 edit.
2747 5755 2812 5801 et
2835 5739 3058 5816 quidam
3087 5745 3242 5816 mss,“
3267 5745 3347 5801 illi
3365 5741 3602 5800 concessa
3616 5739 3680 5797 ad
3695 5741 3858 5802 temp”

2305 5817 2623 5871 innocentem
2653 5817 2800 5885 facit.
