  <div class='ocr_page' id='page_1' title='image "/cluster/home/n/w/nwhite01/storage/ocr_20150623/17/hvd.32044015471329/086.png"; bbox 0 0 4082 6306; ppageno 0'>
   <div class='ocr_carea' id='block_1_1' title="bbox 137 281 240 338">
    <p class='ocr_par' dir='ltr' id='par_1_1' title="bbox 137 281 240 338">
     <span class='ocr_line' id='line_1_1' title="bbox 137 281 240 338; baseline 0 -1"><span class='ocrx_word' id='word_1_1' title='bbox 137 281 240 338; x_wconf 76' lang='grc'><strong>161</strong></span> 
     </span>
    </p>
   </div>
   <div class='ocr_carea' id='block_1_2' title="bbox 1001 271 2568 334">
    <p class='ocr_par' dir='ltr' id='par_1_2' title="bbox 1001 271 2568 334">
     <span class='ocr_line' id='line_1_2' title="bbox 1001 271 2568 334; baseline -0.002 -1"><span class='ocrx_word' id='word_1_2' title='bbox 1001 271 1508 334; x_wconf 76' lang='lat' dir='ltr'><strong>COMMENTARIA</strong></span> <span class='ocrx_word' id='word_1_3' title='bbox 1546 271 1613 329; x_wconf 88' lang='lat' dir='ltr'><strong>IN</strong></span> <span class='ocrx_word' id='word_1_4' title='bbox 1654 271 2044 332; x_wconf 79' lang='lat' dir='ltr'><strong>EPISTOLAM</strong></span> <span class='ocrx_word' id='word_1_5' title='bbox 2085 272 2178 330; x_wconf 84' lang='lat' dir='ltr'><strong>AD</strong></span> <span class='ocrx_word' id='word_1_6' title='bbox 2215 273 2568 334; x_wconf 81' lang='lat' dir='ltr'><strong>ROMANOS.</strong></span> 
     </span>
    </p>
   </div>
   <div class='ocr_carea' id='block_1_3' title="bbox 3341 281 3446 340">
    <p class='ocr_par' dir='ltr' id='par_1_3' title="bbox 3341 281 3446 340">
     <span class='ocr_line' id='line_1_3' title="bbox 3341 281 3446 340; baseline 0 -1"><span class='ocrx_word' id='word_1_7' title='bbox 3341 281 3446 340; x_wconf 71' lang='lat' dir='ltr'><strong>I62</strong></span> 
     </span>
    </p>
   </div>
   <div class='ocr_carea' id='block_1_4' title="bbox 133 388 3446 470">
    <p class='ocr_par' dir='ltr' id='par_1_4' title="bbox 133 388 3446 470">
     <span class='ocr_line' id='line_1_4' title="bbox 133 388 3446 470; baseline -0 -16"><span class='ocrx_word' id='word_1_8' title='bbox 133 408 441 470; x_wconf 73' lang='lat' dir='ltr'><strong>postquam</strong></span> <span class='ocrx_word' id='word_1_9' title='bbox 503 397 638 452; x_wconf 85' lang='lat' dir='ltr'><strong>facta</strong></span> <span class='ocrx_word' id='word_1_10' title='bbox 693 393 898 450; x_wconf 85' lang='lat' dir='ltr'><strong>fuerint</strong></span> <span class='ocrx_word' id='word_1_11' title='bbox 923 435 938 461; x_wconf 91' lang='lat'><strong>,</strong></span> <span class='ocrx_word' id='word_1_12' title='bbox 993 393 1046 448; x_wconf 91' lang='lat' dir='ltr'><strong>in</strong></span> <span class='ocrx_word' id='word_1_13' title='bbox 1103 391 1586 462; x_wconf 85' lang='lat' dir='ltr'><strong>reprehensionem</strong></span> <span class='ocrx_word' id='word_1_14' title='bbox 1641 405 1744 444; x_wconf 88' lang='lat' dir='ltr'><strong>non</strong></span> <span class='ocrx_word' id='word_1_15' title='bbox 1776 397 1824 456; x_wconf 82' lang='grc' dir='ltr'>Α</span> <span class='ocrx_word' id='word_1_16' title='bbox 1855 389 1906 444; x_wconf 92' lang='lat' dir='ltr'><strong>in</strong></span> <span class='ocrx_word' id='word_1_17' title='bbox 1938 404 2126 460; x_wconf 71' lang='lat' dir='ltr'><strong>pinnas</strong></span> <span class='ocrx_word' id='word_1_18' title='bbox 2151 389 2489 460; x_wconf 88' lang='lat' dir='ltr'><strong>delinquere.</strong></span> <span class='ocrx_word' id='word_1_19' title='bbox 2522 388 2638 445; x_wconf 88' lang='lat' dir='ltr'><strong>Non</strong></span> <span class='ocrx_word' id='word_1_20' title='bbox 2668 390 2846 448; x_wconf 88' lang='lat' dir='ltr'><strong>solum</strong></span> <span class='ocrx_word' id='word_1_21' title='bbox 2874 399 3056 448; x_wconf 86' lang='lat' dir='ltr'><strong>autem</strong></span> <span class='ocrx_word' id='word_1_22' title='bbox 3084 393 3154 451; x_wconf 92' lang='lat' dir='ltr'><strong>de</strong></span> <span class='ocrx_word' id='word_1_23' title='bbox 3183 395 3446 467; x_wconf 72' lang='lat' dir='ltr'><strong>subjectis</strong></span> 
     </span>
    </p>
   </div>
   <div class='ocr_carea' id='block_1_5' title="bbox 132 482 1748 557">
    <p class='ocr_par' dir='ltr' id='par_1_5' title="bbox 132 482 1748 557">
     <span class='ocr_line' id='line_1_5' title="bbox 132 482 1748 557; baseline -0.004 -14"><span class='ocrx_word' id='word_1_24' title='bbox 132 491 368 555; x_wconf 81' lang='lat' dir='ltr'><strong>venire,</strong></span> <span class='ocrx_word' id='word_1_25' title='bbox 401 489 501 544; x_wconf 90' lang='lat' dir='ltr'><strong>sed</strong></span> <span class='ocrx_word' id='word_1_26' title='bbox 533 486 699 557; x_wconf 87' lang='lat' dir='ltr'><strong>magis</strong></span> <span class='ocrx_word' id='word_1_27' title='bbox 726 485 871 540; x_wconf 82' lang='lat' dir='ltr'><strong>laudi</strong></span> <span class='ocrx_word' id='word_1_28' title='bbox 899 499 1054 550; x_wconf 89' lang='lat' dir='ltr'><strong>esse,</strong></span> <span class='ocrx_word' id='word_1_29' title='bbox 1087 485 1205 539; x_wconf 89' lang='lat' dir='ltr'><strong>sive</strong></span> <span class='ocrx_word' id='word_1_30' title='bbox 1225 483 1366 554; x_wconf 90' lang='lat' dir='ltr'><strong>apud</strong></span> <span class='ocrx_word' id='word_1_31' title='bbox 1395 483 1565 539; x_wconf 90' lang='lat' dir='ltr'><strong>Deum</strong></span> <span class='ocrx_word' id='word_1_32' title='bbox 1588 525 1602 548; x_wconf 92' lang='lat'><strong>,</strong></span> <span class='ocrx_word' id='word_1_33' title='bbox 1633 482 1748 538; x_wconf 91' lang='lat' dir='ltr'><strong>sive</strong></span> 
     </span>
    </p>
   </div>
   <div class='ocr_carea' id='block_1_6' title="bbox 131 575 1746 651">
    <p class='ocr_par' dir='ltr' id='par_1_6' title="bbox 131 575 1746 651">
     <span class='ocr_line' id='line_1_6' title="bbox 131 575 1746 651; baseline -0.002 -17"><span class='ocrx_word' id='word_1_34' title='bbox 131 580 284 651; x_wconf 89' lang='lat' dir='ltr'><strong>apud</strong></span> <span class='ocrx_word' id='word_1_35' title='bbox 328 581 602 636; x_wconf 89' lang='lat' dir='ltr'><strong>homines.</strong></span> <span class='ocrx_word' id='word_1_36' title='bbox 635 577 711 634; x_wconf 87' lang='lat' dir='ltr'><strong>Ne</strong></span> <span class='ocrx_word' id='word_1_37' title='bbox 746 578 868 649; x_wconf 91' lang='lat' dir='ltr'><strong>quis</strong></span> <span class='ocrx_word' id='word_1_38' title='bbox 899 577 1129 632; x_wconf 63' lang='lat' dir='ltr'><strong>aestimet</strong></span> <span class='ocrx_word' id='word_1_39' title='bbox 1157 575 1284 646; x_wconf 89' lang='lat' dir='ltr'><strong>quia</strong></span> <span class='ocrx_word' id='word_1_40' title='bbox 1324 577 1434 632; x_wconf 91' lang='lat' dir='ltr'><strong>Deo</strong></span> <span class='ocrx_word' id='word_1_41' title='bbox 1464 575 1610 632; x_wconf 91' lang='lat' dir='ltr'><strong>licita</strong></span> <span class='ocrx_word' id='word_1_42' title='bbox 1637 592 1746 632; x_wconf 91' lang='lat' dir='ltr'><strong>non</strong></span> 
     </span>
    </p>
   </div>
   <div class='ocr_carea' id='block_1_7' title="bbox 130 669 1746 746">
    <p class='ocr_par' dir='ltr' id='par_1_7' title="bbox 130 669 1746 746">
     <span class='ocr_line' id='line_1_7' title="bbox 130 669 1746 746; baseline -0.003 -16"><span class='ocrx_word' id='word_1_43' title='bbox 130 675 476 746; x_wconf 75' lang='lat' dir='ltr'><strong>displicent,</strong></span> <span class='ocrx_word' id='word_1_44' title='bbox 513 675 712 730; x_wconf 92' lang='lat' dir='ltr'><strong>idcirco</strong></span> <span class='ocrx_word' id='word_1_45' title='bbox 749 688 854 729; x_wconf 90' lang='lat' dir='ltr'><strong>non</strong></span> <span class='ocrx_word' id='word_1_46' title='bbox 893 671 1224 738; x_wconf 88' lang='lat' dir='ltr'><strong>curandum,</strong></span> <span class='ocrx_word' id='word_1_47' title='bbox 1256 670 1303 725; x_wconf 88' lang='lat' dir='ltr'><strong>si</strong></span> <span class='ocrx_word' id='word_1_48' title='bbox 1334 669 1486 725; x_wconf 89' lang='lat' dir='ltr'><strong>fratri</strong></span> <span class='ocrx_word' id='word_1_49' title='bbox 1515 669 1746 725; x_wconf 87' lang='lat' dir='ltr'><strong>scanda-</strong></span> 
     </span>
    </p>
   </div>
   <div class='ocr_carea' id='block_1_8' title="bbox 130 761 1746 836">
    <p class='ocr_par' dir='ltr' id='par_1_8' title="bbox 130 761 1746 836">
     <span class='ocr_line' id='line_1_8' title="bbox 130 761 1746 836; baseline -0.004 -14"><span class='ocrx_word' id='word_1_50' title='bbox 130 766 253 822; x_wconf 91' lang='lat' dir='ltr'><strong>lum</strong></span> <span class='ocrx_word' id='word_1_51' title='bbox 307 768 461 832; x_wconf 90' lang='lat' dir='ltr'><strong>sint;</strong></span> <span class='ocrx_word' id='word_1_52' title='bbox 519 766 621 821; x_wconf 90' lang='lat' dir='ltr'><strong>hoc</strong></span> <span class='ocrx_word' id='word_1_53' title='bbox 671 774 970 836; x_wconf 69' lang='lat' dir='ltr'><strong>prmmonet</strong></span> <span class='ocrx_word' id='word_1_54' title='bbox 1017 763 1141 834; x_wconf 86' lang='lat' dir='ltr'><strong>quia</strong></span> <span class='ocrx_word' id='word_1_55' title='bbox 1189 761 1322 817; x_wconf 92' lang='lat' dir='ltr'><strong>illud</strong></span> <span class='ocrx_word' id='word_1_56' title='bbox 1381 761 1498 817; x_wconf 88' lang='lat' dir='ltr'><strong>ﬁeri</strong></span> <span class='ocrx_word' id='word_1_57' title='bbox 1546 762 1746 829; x_wconf 91' lang='lat' dir='ltr'><strong>debet,</strong></span> 
     </span>
    </p>
   </div>
   <div class='ocr_carea' id='block_1_9' title="bbox 131 856 1748 932">
    <p class='ocr_par' dir='ltr' id='par_1_9' title="bbox 131 856 1748 932">
     <span class='ocr_line' id='line_1_9' title="bbox 131 856 1748 932; baseline -0.003 -16"><span class='ocrx_word' id='word_1_58' title='bbox 131 862 290 932; x_wconf 92' lang='lat' dir='ltr'><strong>quod</strong></span> <span class='ocrx_word' id='word_1_59' title='bbox 319 870 376 917; x_wconf 88' lang='lat' dir='ltr'><strong>et</strong></span> <span class='ocrx_word' id='word_1_60' title='bbox 405 860 531 920; x_wconf 75' lang='lat' dir='ltr'><strong>Deo</strong></span> <span class='ocrx_word' id='word_1_61' title='bbox 553 873 658 915; x_wconf 91' lang='lat' dir='ltr'><strong>non</strong></span> <span class='ocrx_word' id='word_1_62' title='bbox 681 858 968 929; x_wconf 79' lang='lat' dir='ltr'><strong>diSpliceat</strong></span> <span class='ocrx_word' id='word_1_63' title='bbox 987 900 1001 925; x_wconf 94' lang='lat'><strong>,</strong></span> <span class='ocrx_word' id='word_1_64' title='bbox 1030 865 1084 912; x_wconf 92' lang='lat' dir='ltr'><strong>et</strong></span> <span class='ocrx_word' id='word_1_65' title='bbox 1105 857 1260 911; x_wconf 87' lang='lat' dir='ltr'><strong>fratri</strong></span> <span class='ocrx_word' id='word_1_66' title='bbox 1289 856 1606 911; x_wconf 82' lang='lat' dir='ltr'><strong>scandalum</strong></span> <span class='ocrx_word' id='word_1_67' title='bbox 1638 870 1748 911; x_wconf 93' lang='lat' dir='ltr'><strong>non</strong></span> 
     </span>
    </p>
   </div>
   <div class='ocr_carea' id='block_1_10' title="bbox 131 950 1748 1017">
    <p class='ocr_par' dir='ltr' id='par_1_10' title="bbox 131 950 1748 1017">
     <span class='ocr_line' id='line_1_10' title="bbox 131 950 1748 1017; baseline -0.002 -7"><span class='ocrx_word' id='word_1_68' title='bbox 131 956 234 1010; x_wconf 89' lang='lat' dir='ltr'><strong>sit.</strong></span> <span class='ocrx_word' id='word_1_69' title='bbox 283 954 400 1010; x_wconf 88' lang='lat' dir='ltr'><strong>Etsi</strong></span> <span class='ocrx_word' id='word_1_70' title='bbox 443 955 604 1010; x_wconf 91' lang='lat' dir='ltr'><strong>liceat</strong></span> <span class='ocrx_word' id='word_1_71' title='bbox 643 954 823 1017; x_wconf 90' lang='lat' dir='ltr'><strong>enim,</strong></span> <span class='ocrx_word' id='word_1_72' title='bbox 867 961 921 1008; x_wconf 91' lang='lat' dir='ltr'><strong>et</strong></span> <span class='ocrx_word' id='word_1_73' title='bbox 958 952 1178 1006; x_wconf 89' lang='lat' dir='ltr'><strong>fratrem</strong></span> <span class='ocrx_word' id='word_1_74' title='bbox 1221 950 1589 1016; x_wconf 85' lang='lat' dir='ltr'><strong>scandalizet,</strong></span> <span class='ocrx_word' id='word_1_75' title='bbox 1635 950 1748 1006; x_wconf 90' lang='lat' dir='ltr'><strong>Deo</strong></span> 
     </span>
    </p>
   </div>
   <div class='ocr_carea' id='block_1_11' title="bbox 134 1045 1748 1120">
    <p class='ocr_par' dir='ltr' id='par_1_11' title="bbox 134 1045 1748 1120">
     <span class='ocr_line' id='line_1_11' title="bbox 134 1045 1748 1120; baseline -0.001 -15"><span class='ocrx_word' id='word_1_76' title='bbox 134 1066 253 1105; x_wconf 89' lang='lat' dir='ltr'><strong>non</strong></span> <span class='ocrx_word' id='word_1_77' title='bbox 284 1050 501 1120; x_wconf 91' lang='lat' dir='ltr'><strong>placet;</strong></span> <span class='ocrx_word' id='word_1_78' title='bbox 531 1049 653 1120; x_wconf 88' lang='lat' dir='ltr'><strong>quia</strong></span> <span class='ocrx_word' id='word_1_79' title='bbox 698 1048 843 1104; x_wconf 90' lang='lat' dir='ltr'><strong>Deus</strong></span> <span class='ocrx_word' id='word_1_80' title='bbox 870 1047 1034 1102; x_wconf 80' lang='lat' dir='ltr'><strong>saluti</strong></span> <span class='ocrx_word' id='word_1_81' title='bbox 1062 1045 1389 1102; x_wconf 83' lang='lat' dir='ltr'><strong>studendum</strong></span> <span class='ocrx_word' id='word_1_82' title='bbox 1419 1055 1624 1102; x_wconf 91' lang='lat' dir='ltr'><strong>monet.</strong></span> <span class='ocrx_word' id='word_1_83' title='bbox 1657 1045 1748 1103; x_wconf 87' lang='lat' dir='ltr'><strong>Sic</strong></span> 
     </span>
    </p>
   </div>
   <div class='ocr_carea' id='block_1_12' title="bbox 135 1141 1748 1216">
    <p class='ocr_par' dir='ltr' id='par_1_12' title="bbox 135 1141 1748 1216">
     <span class='ocr_line' id='line_1_12' title="bbox 135 1141 1748 1216; baseline -0.001 -16"><span class='ocrx_word' id='word_1_84' title='bbox 135 1161 278 1216; x_wconf 89' lang='lat' dir='ltr'><strong>ergo</strong></span> <span class='ocrx_word' id='word_1_85' title='bbox 311 1144 665 1216; x_wconf 87' lang='lat' dir='ltr'><strong>providentur</strong></span> <span class='ocrx_word' id='word_1_86' title='bbox 696 1144 836 1199; x_wconf 91' lang='lat' dir='ltr'><strong>bona</strong></span> <span class='ocrx_word' id='word_1_87' title='bbox 865 1157 1048 1198; x_wconf 88' lang='lat' dir='ltr'><strong>coram</strong></span> <span class='ocrx_word' id='word_1_88' title='bbox 1081 1142 1196 1198; x_wconf 88' lang='lat' dir='ltr'><strong>Deo</strong></span> <span class='ocrx_word' id='word_1_89' title='bbox 1236 1150 1292 1198; x_wconf 90' lang='lat' dir='ltr'><strong>et</strong></span> <span class='ocrx_word' id='word_1_90' title='bbox 1321 1142 1632 1198; x_wconf 90' lang='lat' dir='ltr'><strong>hominibus</strong></span> <span class='ocrx_word' id='word_1_91' title='bbox 1653 1185 1668 1210; x_wconf 94' lang='lat'><strong>,</strong></span> <span class='ocrx_word' id='word_1_92' title='bbox 1701 1141 1748 1198; x_wconf 90' lang='lat' dir='ltr'><strong>si</strong></span> 
     </span>
    </p>
   </div>
   <div class='ocr_carea' id='block_1_13' title="bbox 133 1235 1648 1310">
    <p class='ocr_par' dir='ltr' id='par_1_13' title="bbox 133 1235 1648 1310">
     <span class='ocr_line' id='line_1_13' title="bbox 133 1235 1648 1310; baseline -0.002 -16"><span class='ocrx_word' id='word_1_93' title='bbox 133 1254 204 1294; x_wconf 87' lang='lat' dir='ltr'><strong>ea</strong></span> <span class='ocrx_word' id='word_1_94' title='bbox 235 1254 360 1310; x_wconf 69' lang='lat' dir='ltr'><strong>qua:</strong></span> <span class='ocrx_word' id='word_1_95' title='bbox 391 1239 560 1294; x_wconf 90' lang='lat' dir='ltr'><strong>licent</strong></span> <span class='ocrx_word' id='word_1_96' title='bbox 587 1238 667 1294; x_wconf 90' lang='lat' dir='ltr'><strong>sic</strong></span> <span class='ocrx_word' id='word_1_97' title='bbox 693 1245 946 1308; x_wconf 83' lang='lat' dir='ltr'><strong>agantur,</strong></span> <span class='ocrx_word' id='word_1_98' title='bbox 981 1251 1047 1292; x_wconf 91' lang='lat' dir='ltr'><strong>ne</strong></span> <span class='ocrx_word' id='word_1_99' title='bbox 1073 1236 1388 1290; x_wconf 85' lang='lat' dir='ltr'><strong>scandalum</strong></span> <span class='ocrx_word' id='word_1_100' title='bbox 1423 1235 1648 1291; x_wconf 81' lang='lat' dir='ltr'><strong>faciant.</strong></span> 
     </span>
    </p>
   </div>
   <div class='ocr_carea' id='block_1_14' title="bbox 215 1328 1747 1403">
    <p class='ocr_par' dir='ltr' id='par_1_14' title="bbox 215 1328 1747 1403">
     <span class='ocr_line' id='line_1_14' title="bbox 215 1328 1747 1403; baseline -0.003 -17"><span class='ocrx_word' id='word_1_101' title='bbox 215 1333 236 1403; x_wconf 84' lang='lat'>(</span> <span class='ocrx_word' id='word_1_102' title='bbox 268 1332 423 1388; x_wconf 84' lang='lat' dir='ltr'><strong>Vers.</strong></span> <span class='ocrx_word' id='word_1_103' title='bbox 458 1331 583 1402; x_wconf 88' lang='lat' dir='ltr'><strong>I8.)</strong></span> <span class='ocrx_word' id='word_1_104' title='bbox 619 1329 680 1385; x_wconf 85' lang='lat' dir='ltr'><strong>Si</strong></span> <span class='ocrx_word' id='word_1_105' title='bbox 709 1330 822 1399; x_wconf 78' lang='lat' dir='ltr'><strong>ﬁeri</strong></span> <span class='ocrx_word' id='word_1_106' title='bbox 851 1339 1047 1400; x_wconf 80' lang='lat' dir='ltr'><strong>potest,</strong></span> <span class='ocrx_word' id='word_1_107' title='bbox 1079 1330 1216 1400; x_wconf 87' lang='lat' dir='ltr'><strong>quod</strong></span> <span class='ocrx_word' id='word_1_108' title='bbox 1241 1345 1305 1383; x_wconf 77' lang='lat' dir='ltr'><strong>ex</strong></span> <span class='ocrx_word' id='word_1_109' title='bbox 1334 1328 1470 1383; x_wconf 94' lang='lat' dir='ltr'><strong>vobis</strong></span> <span class='ocrx_word' id='word_1_110' title='bbox 1491 1338 1600 1394; x_wconf 89' lang='lat' dir='ltr'><strong>est,</strong></span> <span class='ocrx_word' id='word_1_111' title='bbox 1629 1345 1747 1384; x_wconf 86' lang='lat' dir='ltr'><strong>eum</strong></span> 
     </span>
    </p>
   </div>
   <div class='ocr_carea' id='block_1_15' title="bbox 136 1419 1745 1494">
    <p class='ocr_par' dir='ltr' id='par_1_15' title="bbox 136 1419 1745 1494">
     <span class='ocr_line' id='line_1_15' title="bbox 136 1419 1745 1494; baseline -0.002 -14"><span class='ocrx_word' id='word_1_112' title='bbox 136 1423 382 1480; x_wconf 88' lang='lat' dir='ltr'><strong>omnibus</strong></span> <span class='ocrx_word' id='word_1_113' title='bbox 411 1423 701 1477; x_wconf 84' lang='lat' dir='ltr'><strong>hominibus</strong></span> <span class='ocrx_word' id='word_1_114' title='bbox 726 1439 904 1494; x_wconf 77' lang='lat' dir='ltr'><strong>pacem</strong></span> <span class='ocrx_word' id='word_1_115' title='bbox 923 1421 1187 1476; x_wconf 84' lang='lat' dir='ltr'><strong>habentes.</strong></span> <span class='ocrx_word' id='word_1_116' title='bbox 1220 1419 1422 1476; x_wconf 87' lang='lat' dir='ltr'><strong>Omnes</strong></span> <span class='ocrx_word' id='word_1_117' title='bbox 1449 1421 1564 1475; x_wconf 89' lang='lat' dir='ltr'><strong>vult</strong></span> <span class='ocrx_word' id='word_1_118' title='bbox 1596 1421 1745 1491; x_wconf 90' lang='lat' dir='ltr'><strong>paci-</strong></span> 
     </span>
    </p>
   </div>
   <div class='ocr_carea' id='block_1_16' title="bbox 137 1514 1748 1589">
    <p class='ocr_par' dir='ltr' id='par_1_16' title="bbox 137 1514 1748 1589">
     <span class='ocr_line' id='line_1_16' title="bbox 137 1514 1748 1589; baseline -0.004 -14"><span class='ocrx_word' id='word_1_119' title='bbox 137 1519 279 1575; x_wconf 89' lang='lat' dir='ltr'><strong>ﬁcos</strong></span> <span class='ocrx_word' id='word_1_120' title='bbox 311 1533 436 1575; x_wconf 89' lang='lat' dir='ltr'><strong>esse</strong></span> <span class='ocrx_word' id='word_1_121' title='bbox 460 1560 474 1584; x_wconf 90' lang='lat'><strong>,</strong></span> <span class='ocrx_word' id='word_1_122' title='bbox 509 1523 535 1551; x_wconf 77' lang='grc'><strong>⁸</strong></span> <span class='ocrx_word' id='word_1_123' title='bbox 566 1517 656 1589; x_wconf 91' lang='lat' dir='ltr'><strong>qui</strong></span> <span class='ocrx_word' id='word_1_124' title='bbox 696 1517 933 1572; x_wconf 87' lang='lat' dir='ltr'><strong>divinam</strong></span> <span class='ocrx_word' id='word_1_125' title='bbox 973 1524 1192 1571; x_wconf 89' lang='lat' dir='ltr'><strong>servant</strong></span> <span class='ocrx_word' id='word_1_126' title='bbox 1219 1515 1506 1584; x_wconf 89' lang='lat' dir='ltr'><strong>justitiam.</strong></span> <span class='ocrx_word' id='word_1_127' title='bbox 1540 1514 1748 1570; x_wconf 87' lang='lat' dir='ltr'><strong>Viderit</strong></span> 
     </span>
    </p>
   </div>
   <div class='ocr_carea' id='block_1_17' title="bbox 138 1607 1748 1684">
    <p class='ocr_par' dir='ltr' id='par_1_17' title="bbox 138 1607 1748 1684">
     <span class='ocr_line' id='line_1_17' title="bbox 138 1607 1748 1684; baseline -0.002 -17"><span class='ocrx_word' id='word_1_128' title='bbox 138 1615 185 1667; x_wconf 87' lang='lat' dir='ltr'><strong>si</strong></span> <span class='ocrx_word' id='word_1_129' title='bbox 229 1614 354 1684; x_wconf 87' lang='lat' dir='ltr'><strong>quis</strong></span> <span class='ocrx_word' id='word_1_130' title='bbox 386 1612 528 1666; x_wconf 90' lang='lat' dir='ltr'><strong>hanc</strong></span> <span class='ocrx_word' id='word_1_131' title='bbox 569 1627 754 1682; x_wconf 90' lang='lat' dir='ltr'><strong>pacem</strong></span> <span class='ocrx_word' id='word_1_132' title='bbox 798 1611 1100 1680; x_wconf 84' lang='lat' dir='ltr'><strong>spreverit,</strong></span> <span class='ocrx_word' id='word_1_133' title='bbox 1145 1620 1202 1663; x_wconf 89' lang='lat' dir='ltr'><strong>ut</strong></span> <span class='ocrx_word' id='word_1_134' title='bbox 1248 1611 1317 1664; x_wconf 89' lang='lat' dir='ltr'><strong>sit</strong></span> <span class='ocrx_word' id='word_1_135' title='bbox 1365 1609 1452 1663; x_wconf 91' lang='lat' dir='ltr'><strong>tali</strong></span> <span class='ocrx_word' id='word_1_136' title='bbox 1499 1609 1616 1663; x_wconf 89' lang='lat' dir='ltr'><strong>viro</strong></span> <span class='ocrx_word' id='word_1_137' title='bbox 1647 1607 1748 1663; x_wconf 91' lang='lat' dir='ltr'><strong>ini-</strong></span> 
     </span>
    </p>
   </div>
   <div class='ocr_carea' id='block_1_18' title="bbox 140 1701 1741 1775">
    <p class='ocr_par' dir='ltr' id='par_1_18' title="bbox 140 1701 1741 1775">
     <span class='ocr_line' id='line_1_18' title="bbox 140 1701 1741 1775; baseline -0.002 -15"><span class='ocrx_word' id='word_1_138' title='bbox 140 1706 350 1774; x_wconf 88' lang='lat' dir='ltr'><strong>micus,</strong></span> <span class='ocrx_word' id='word_1_139' title='bbox 397 1721 520 1761; x_wconf 92' lang='lat' dir='ltr'><strong>cum</strong></span> <span class='ocrx_word' id='word_1_140' title='bbox 559 1713 651 1759; x_wconf 90' lang='lat' dir='ltr'><strong>aut</strong></span> <span class='ocrx_word' id='word_1_141' title='bbox 682 1703 1013 1775; x_wconf 88' lang='lat' dir='ltr'><strong>reprehendi</strong></span> <span class='ocrx_word' id='word_1_142' title='bbox 1046 1701 1186 1758; x_wconf 89' lang='lat' dir='ltr'><strong>forte</strong></span> <span class='ocrx_word' id='word_1_143' title='bbox 1216 1703 1284 1759; x_wconf 89' lang='lat' dir='ltr'><strong>ab</strong></span> <span class='ocrx_word' id='word_1_144' title='bbox 1326 1703 1417 1758; x_wconf 92' lang='lat' dir='ltr'><strong>illo</strong></span> <span class='ocrx_word' id='word_1_145' title='bbox 1455 1717 1565 1758; x_wconf 93' lang='lat' dir='ltr'><strong>non</strong></span> <span class='ocrx_word' id='word_1_146' title='bbox 1592 1702 1741 1767; x_wconf 91' lang='lat' dir='ltr'><strong>vult,</strong></span> 
     </span>
    </p>
   </div>
   <div class='ocr_carea' id='block_1_19' title="bbox 140 1789 1820 1867">
    <p class='ocr_par' dir='ltr' id='par_1_19' title="bbox 140 1789 1820 1867">
     <span class='ocr_line' id='line_1_19' title="bbox 140 1789 1820 1867; baseline -0.002 -14"><span class='ocrx_word' id='word_1_147' title='bbox 140 1809 234 1854; x_wconf 91' lang='lat' dir='ltr'><strong>aut</strong></span> <span class='ocrx_word' id='word_1_148' title='bbox 265 1797 476 1854; x_wconf 92' lang='lat' dir='ltr'><strong>invidet</strong></span> <span class='ocrx_word' id='word_1_149' title='bbox 501 1798 656 1852; x_wconf 90' lang='lat' dir='ltr'><strong>bonis</strong></span> <span class='ocrx_word' id='word_1_150' title='bbox 684 1797 838 1867; x_wconf 82' lang='lat' dir='ltr'><strong>ejus;</strong></span> <span class='ocrx_word' id='word_1_151' title='bbox 871 1796 1014 1867; x_wconf 88' lang='lat' dir='ltr'><strong>quod</strong></span> <span class='ocrx_word' id='word_1_152' title='bbox 1048 1795 1112 1850; x_wconf 90' lang='lat' dir='ltr'><strong>ad</strong></span> <span class='ocrx_word' id='word_1_153' title='bbox 1157 1796 1308 1850; x_wconf 92' lang='lat' dir='ltr'><strong>illum</strong></span> <span class='ocrx_word' id='word_1_154' title='bbox 1354 1805 1538 1851; x_wconf 86' lang='lat' dir='ltr'><strong>tamen</strong></span> <span class='ocrx_word' id='word_1_155' title='bbox 1578 1796 1741 1866; x_wconf 90' lang='lat' dir='ltr'><strong>perti-</strong></span> <span class='ocrx_word' id='word_1_156' title='bbox 1770 1789 1820 1850; x_wconf 90' lang='lat' dir='ltr'><strong>B</strong></span> 
     </span>
    </p>
   </div>
   <div class='ocr_carea' id='block_1_20' title="bbox 141 1887 1746 1960">
    <p class='ocr_par' dir='ltr' id='par_1_20' title="bbox 141 1887 1746 1960">
     <span class='ocr_line' id='line_1_20' title="bbox 141 1887 1746 1960; baseline -0.004 -11"><span class='ocrx_word' id='word_1_157' title='bbox 141 1902 267 1958; x_wconf 89' lang='lat' dir='ltr'><strong>net,</strong></span> <span class='ocrx_word' id='word_1_158' title='bbox 299 1909 408 1947; x_wconf 82' lang='lat' dir='ltr'><strong>non</strong></span> <span class='ocrx_word' id='word_1_159' title='bbox 441 1890 720 1947; x_wconf 88' lang='lat' dir='ltr'><strong>discordat</strong></span> <span class='ocrx_word' id='word_1_160' title='bbox 764 1906 791 1944; x_wconf 90' lang='lat' dir='ltr'><strong>a</strong></span> <span class='ocrx_word' id='word_1_161' title='bbox 836 1889 980 1945; x_wconf 86' lang='lat' dir='ltr'><strong>bene</strong></span> <span class='ocrx_word' id='word_1_162' title='bbox 1024 1889 1336 1960; x_wconf 80' lang='lat' dir='ltr'><strong>agentibus.</strong></span> <span class='ocrx_word' id='word_1_163' title='bbox 1371 1889 1466 1944; x_wconf 88' lang='lat' dir='ltr'><strong>llic</strong></span> <span class='ocrx_word' id='word_1_164' title='bbox 1493 1897 1576 1944; x_wconf 90' lang='lat' dir='ltr'><strong>cst</strong></span> <span class='ocrx_word' id='word_1_165' title='bbox 1599 1887 1746 1944; x_wconf 89' lang='lat' dir='ltr'><strong>enim</strong></span> 
     </span>
    </p>
   </div>
   <div class='ocr_carea' id='block_1_21' title="bbox 142 1973 1745 2057">
    <p class='ocr_par' dir='ltr' id='par_1_21' title="bbox 142 1973 1745 2057">
     <span class='ocr_line' id='line_1_21' title="bbox 142 1973 1745 2057; baseline -0.002 -15"><span class='ocrx_word' id='word_1_166' title='bbox 142 1985 518 2057; x_wconf 88' lang='lat' dir='ltr'><strong>impaciﬁcus,</strong></span> <span class='ocrx_word' id='word_1_167' title='bbox 543 1983 631 2055; x_wconf 88' lang='lat' dir='ltr'><strong>qui</strong></span> <span class='ocrx_word' id='word_1_168' title='bbox 657 1983 1027 2055; x_wconf 62' lang='lat' dir='ltr'><strong>praetermissa</strong></span> <span class='ocrx_word' id='word_1_169' title='bbox 1055 1982 1334 2039; x_wconf 85' lang='lat' dir='ltr'><strong>voluntate</strong></span> <span class='ocrx_word' id='word_1_170' title='bbox 1364 1973 1521 2052; x_wconf 77' lang='lat' dir='ltr'><strong>Legis</strong></span> <span class='ocrx_word' id='word_1_171' title='bbox 1542 2025 1557 2051; x_wconf 94' lang='lat'><strong>,</strong></span> <span class='ocrx_word' id='word_1_172' title='bbox 1587 1997 1745 2038; x_wconf 91' lang='lat' dir='ltr'><strong>suum</strong></span> 
     </span>
    </p>
   </div>
   <div class='ocr_carea' id='block_1_22' title="bbox 140 2075 1748 2152">
    <p class='ocr_par' dir='ltr' id='par_1_22' title="bbox 140 2075 1748 2152">
     <span class='ocr_line' id='line_1_22' title="bbox 140 2075 1748 2152; baseline -0.003 -17"><span class='ocrx_word' id='word_1_173' title='bbox 140 2080 226 2151; x_wconf 84' lang='lat' dir='ltr'><strong>jus</strong></span> <span class='ocrx_word' id='word_1_174' title='bbox 268 2079 557 2152; x_wconf 85' lang='lat' dir='ltr'><strong>sequitur;</strong></span> <span class='ocrx_word' id='word_1_175' title='bbox 587 2092 915 2149; x_wconf 91' lang='lat' dir='ltr'><strong>quamquam</strong></span> <span class='ocrx_word' id='word_1_176' title='bbox 957 2077 1103 2132; x_wconf 89' lang='lat' dir='ltr'><strong>dicat</strong></span> <span class='ocrx_word' id='word_1_177' title='bbox 1134 2076 1342 2131; x_wconf 92' lang='lat' dir='ltr'><strong>David:</strong></span> <span class='ocrx_word' id='word_1_178' title='bbox 1388 2075 1516 2129; x_wconf 86' lang='lat' dir='ltr'><strong>Cum</strong></span> <span class='ocrx_word' id='word_1_179' title='bbox 1556 2076 1620 2132; x_wconf 88' lang='lat' dir='ltr'><strong>iis</strong></span> <span class='ocrx_word' id='word_1_180' title='bbox 1658 2077 1748 2146; x_wconf 85' lang='lat' dir='ltr'><strong>qui</strong></span> 
     </span>
    </p>
   </div>
   <div class='ocr_carea' id='block_1_23' title="bbox 147 2169 1746 2246">
    <p class='ocr_par' dir='ltr' id='par_1_23' title="bbox 147 2169 1746 2246">
     <span class='ocr_line' id='line_1_23' title="bbox 147 2169 1746 2246; baseline -0.003 -15"><span class='ocrx_word' id='word_1_181' title='bbox 147 2178 366 2231; x_wconf 86' lang='lat' dir='ltr'><strong>oderunt</strong></span> <span class='ocrx_word' id='word_1_182' title='bbox 395 2191 602 2246; x_wconf 87' lang='lat' dir='ltr'><strong>pacem,</strong></span> <span class='ocrx_word' id='word_1_183' title='bbox 632 2190 773 2228; x_wconf 88' lang='lat' dir='ltr'><strong>eram</strong></span> <span class='ocrx_word' id='word_1_184' title='bbox 813 2173 1060 2244; x_wconf 84' lang='lat' dir='ltr'><strong>paciﬁcus</strong></span> <span class='ocrx_word' id='word_1_185' title='bbox 1105 2170 1289 2246; x_wconf 86' lang='lat' dir='ltr'><strong>(Psal.</strong></span> <span class='ocrx_word' id='word_1_186' title='bbox 1320 2186 1476 2236; x_wconf 82' lang='lat' dir='ltr'><strong>cxtx,</strong></span> <span class='ocrx_word' id='word_1_187' title='bbox 1509 2169 1602 2242; x_wconf 88' lang='lat'><strong>7).</strong></span> <span class='ocrx_word' id='word_1_188' title='bbox 1638 2169 1746 2226; x_wconf 85' lang='lat' dir='ltr'><strong>Sed</strong></span> 
     </span>
    </p>
   </div>
   <div class='ocr_carea' id='block_1_24' title="bbox 149 2262 1744 2334">
    <p class='ocr_par' dir='ltr' id='par_1_24' title="bbox 149 2262 1744 2334">
     <span class='ocr_line' id='line_1_24' title="bbox 149 2262 1744 2334; baseline -0.006 -10"><span class='ocrx_word' id='word_1_189' title='bbox 149 2269 254 2325; x_wconf 91' lang='lat' dir='ltr'><strong>hoc</strong></span> <span class='ocrx_word' id='word_1_190' title='bbox 281 2267 624 2324; x_wconf 87' lang='lat' dir='ltr'><strong>necessitatis</strong></span> <span class='ocrx_word' id='word_1_191' title='bbox 647 2273 766 2321; x_wconf 91' lang='lat' dir='ltr'><strong>erat</strong></span> <span class='ocrx_word' id='word_1_192' title='bbox 793 2271 1019 2334; x_wconf 90' lang='lat' dir='ltr'><strong>propter</strong></span> <span class='ocrx_word' id='word_1_193' title='bbox 1041 2262 1338 2332; x_wconf 83' lang='lat' dir='ltr'><strong>potentiam</strong></span> <span class='ocrx_word' id='word_1_194' title='bbox 1364 2276 1744 2332; x_wconf 88' lang='lat' dir='ltr'><strong>personarum,</strong></span> 
     </span>
    </p>
   </div>
   <div class='ocr_carea' id='block_1_25' title="bbox 157 2355 1749 2430">
    <p class='ocr_par' dir='ltr' id='par_1_25' title="bbox 157 2355 1749 2430">
     <span class='ocr_line' id='line_1_25' title="bbox 157 2355 1749 2430; baseline -0.006 -13"><span class='ocrx_word' id='word_1_195' title='bbox 157 2371 215 2417; x_wconf 90' lang='lat' dir='ltr'><strong>ut</strong></span> <span class='ocrx_word' id='word_1_196' title='bbox 243 2363 327 2417; x_wconf 91' lang='lat' dir='ltr'><strong>vel</strong></span> <span class='ocrx_word' id='word_1_197' title='bbox 370 2360 642 2430; x_wconf 88' lang='lat' dir='ltr'><strong>obsequiis</strong></span> <span class='ocrx_word' id='word_1_198' title='bbox 685 2357 1005 2413; x_wconf 90' lang='lat' dir='ltr'><strong>humilitatis</strong></span> <span class='ocrx_word' id='word_1_199' title='bbox 1035 2356 1310 2422; x_wconf 88' lang='lat' dir='ltr'><strong>vincatur,</strong></span> <span class='ocrx_word' id='word_1_200' title='bbox 1343 2371 1502 2425; x_wconf 91' lang='lat' dir='ltr'><strong>quem</strong></span> <span class='ocrx_word' id='word_1_201' title='bbox 1545 2355 1623 2409; x_wconf 90' lang='lat' dir='ltr'><strong>sic</strong></span> <span class='ocrx_word' id='word_1_202' title='bbox 1652 2370 1749 2409; x_wconf 79' lang='lat' dir='ltr'><strong>ex-</strong></span> 
     </span>
    </p>
   </div>
   <div class='ocr_carea' id='block_1_26' title="bbox 156 2450 1748 2525">
    <p class='ocr_par' dir='ltr' id='par_1_26' title="bbox 156 2450 1748 2525">
     <span class='ocr_line' id='line_1_26' title="bbox 156 2450 1748 2525; baseline -0.005 -14"><span class='ocrx_word' id='word_1_203' title='bbox 156 2455 296 2511; x_wconf 88' lang='lat' dir='ltr'><strong>tollit</strong></span> <span class='ocrx_word' id='word_1_204' title='bbox 343 2454 622 2525; x_wconf 88' lang='lat' dir='ltr'><strong>superbia,</strong></span> <span class='ocrx_word' id='word_1_205' title='bbox 665 2463 724 2507; x_wconf 88' lang='lat' dir='ltr'><strong>ttt</strong></span> <span class='ocrx_word' id='word_1_206' title='bbox 770 2450 1026 2508; x_wconf 83' lang='lat' dir='ltr'><strong>mandata</strong></span> <span class='ocrx_word' id='word_1_207' title='bbox 1076 2451 1234 2520; x_wconf 83' lang='lat' dir='ltr'><strong>Legis</strong></span> <span class='ocrx_word' id='word_1_208' title='bbox 1281 2459 1527 2520; x_wconf 87' lang='lat' dir='ltr'><strong>spernat.</strong></span> <span class='ocrx_word' id='word_1_209' title='bbox 1561 2450 1748 2505; x_wconf 84' lang='lat' dir='ltr'><strong>Potest</strong></span> 
     </span>
    </p>
   </div>
   <div class='ocr_carea' id='block_1_27' title="bbox 152 2542 1751 2614">
    <p class='ocr_par' dir='ltr' id='par_1_27' title="bbox 152 2542 1751 2614">
     <span class='ocr_line' id='line_1_27' title="bbox 152 2542 1751 2614; baseline -0.004 -12"><span class='ocrx_word' id='word_1_210' title='bbox 152 2549 269 2604; x_wconf 89' lang='lat' dir='ltr'><strong>ﬁeri</strong></span> <span class='ocrx_word' id='word_1_211' title='bbox 303 2558 358 2602; x_wconf 93' lang='lat' dir='ltr'><strong>nt</strong></span> <span class='ocrx_word' id='word_1_212' title='bbox 389 2555 446 2602; x_wconf 93' lang='lat' dir='ltr'><strong>et</strong></span> <span class='ocrx_word' id='word_1_213' title='bbox 471 2546 541 2602; x_wconf 90' lang='lat' dir='ltr'><strong>de</strong></span> <span class='ocrx_word' id='word_1_214' title='bbox 570 2547 766 2600; x_wconf 88' lang='lat' dir='ltr'><strong>timore</strong></span> <span class='ocrx_word' id='word_1_215' title='bbox 799 2545 892 2600; x_wconf 90' lang='lat' dir='ltr'><strong>Dei</strong></span> <span class='ocrx_word' id='word_1_216' title='bbox 927 2542 1214 2614; x_wconf 89' lang='lat' dir='ltr'><strong>paciﬁcum</strong></span> <span class='ocrx_word' id='word_1_217' title='bbox 1244 2557 1303 2598; x_wconf 90' lang='lat' dir='ltr'><strong>se</strong></span> <span class='ocrx_word' id='word_1_218' title='bbox 1341 2543 1464 2614; x_wconf 90' lang='lat' dir='ltr'><strong>quis</strong></span> <span class='ocrx_word' id='word_1_219' title='bbox 1508 2542 1751 2612; x_wconf 84' lang='lat' dir='ltr'><strong>praebeat</strong></span> 
     </span>
    </p>
   </div>
   <div class='ocr_carea' id='block_1_28' title="bbox 148 2637 1749 2714">
    <p class='ocr_par' dir='ltr' id='par_1_28' title="bbox 148 2637 1749 2714">
     <span class='ocr_line' id='line_1_28' title="bbox 148 2637 1749 2714; baseline -0.004 -16"><span class='ocrx_word' id='word_1_220' title='bbox 148 2642 258 2708; x_wconf 88' lang='lat' dir='ltr'><strong>illi,</strong></span> <span class='ocrx_word' id='word_1_221' title='bbox 289 2642 380 2714; x_wconf 91' lang='lat' dir='ltr'><strong>qui</strong></span> <span class='ocrx_word' id='word_1_222' title='bbox 411 2641 526 2697; x_wconf 92' lang='lat' dir='ltr'><strong>odit</strong></span> <span class='ocrx_word' id='word_1_223' title='bbox 558 2656 765 2712; x_wconf 89' lang='lat' dir='ltr'><strong>pacem.</strong></span> <span class='ocrx_word' id='word_1_224' title='bbox 797 2638 1024 2708; x_wconf 85' lang='lat' dir='ltr'><strong>Quando</strong></span> <span class='ocrx_word' id='word_1_225' title='bbox 1051 2639 1197 2694; x_wconf 91' lang='lat' dir='ltr'><strong>enim</strong></span> <span class='ocrx_word' id='word_1_226' title='bbox 1232 2638 1410 2694; x_wconf 87' lang='lat' dir='ltr'><strong>vicem</strong></span> <span class='ocrx_word' id='word_1_227' title='bbox 1440 2638 1596 2692; x_wconf 90' lang='lat' dir='ltr'><strong>malis</strong></span> <span class='ocrx_word' id='word_1_228' title='bbox 1625 2637 1749 2694; x_wconf 86' lang='lat' dir='ltr'><strong>red-</strong></span> 
     </span>
    </p>
   </div>
   <div class='ocr_carea' id='block_1_29' title="bbox 147 2731 1746 2807">
    <p class='ocr_par' dir='ltr' id='par_1_29' title="bbox 147 2731 1746 2807">
     <span class='ocr_line' id='line_1_29' title="bbox 147 2731 1746 2807; baseline -0.004 -15"><span class='ocrx_word' id='word_1_229' title='bbox 147 2737 282 2793; x_wconf 89' lang='lat' dir='ltr'><strong>dere</strong></span> <span class='ocrx_word' id='word_1_230' title='bbox 315 2752 423 2791; x_wconf 90' lang='lat' dir='ltr'><strong>non</strong></span> <span class='ocrx_word' id='word_1_231' title='bbox 453 2736 592 2801; x_wconf 90' lang='lat' dir='ltr'><strong>vult,</strong></span> <span class='ocrx_word' id='word_1_232' title='bbox 628 2734 888 2807; x_wconf 90' lang='lat' dir='ltr'><strong>paciﬁcus</strong></span> <span class='ocrx_word' id='word_1_233' title='bbox 919 2742 1037 2798; x_wconf 89' lang='lat' dir='ltr'><strong>est,</strong></span> <span class='ocrx_word' id='word_1_234' title='bbox 1069 2734 1172 2789; x_wconf 93' lang='lat' dir='ltr'><strong>hoc</strong></span> <span class='ocrx_word' id='word_1_235' title='bbox 1201 2741 1282 2788; x_wconf 91' lang='lat' dir='ltr'><strong>est</strong></span> <span class='ocrx_word' id='word_1_236' title='bbox 1303 2775 1316 2798; x_wconf 93' lang='lat'><strong>,</strong></span> <span class='ocrx_word' id='word_1_237' title='bbox 1357 2731 1426 2788; x_wconf 89' lang='lat' dir='ltr'><strong>de</strong></span> <span class='ocrx_word' id='word_1_238' title='bbox 1456 2731 1603 2787; x_wconf 87' lang='lat' dir='ltr'><strong>bono</strong></span> <span class='ocrx_word' id='word_1_239' title='bbox 1629 2733 1746 2786; x_wconf 90' lang='lat' dir='ltr'><strong>vin-</strong></span> 
     </span>
    </p>
   </div>
   <div class='ocr_carea' id='block_1_30' title="bbox 146 2827 1749 2896">
    <p class='ocr_par' dir='ltr' id='par_1_30' title="bbox 146 2827 1749 2896">
     <span class='ocr_line' id='line_1_30' title="bbox 146 2827 1749 2896; baseline -0.003 -11"><span class='ocrx_word' id='word_1_240' title='bbox 146 2844 270 2885; x_wconf 90' lang='lat' dir='ltr'><strong>cere</strong></span> <span class='ocrx_word' id='word_1_241' title='bbox 303 2829 540 2896; x_wconf 81' lang='lat' dir='ltr'><strong>tnalum,</strong></span> <span class='ocrx_word' id='word_1_242' title='bbox 589 2837 647 2884; x_wconf 92' lang='lat' dir='ltr'><strong>ut</strong></span> <span class='ocrx_word' id='word_1_243' title='bbox 679 2827 762 2884; x_wconf 92' lang='lat' dir='ltr'><strong>vel</strong></span> <span class='ocrx_word' id='word_1_244' title='bbox 791 2827 1073 2896; x_wconf 91' lang='lat' dir='ltr'><strong>obsequiis</strong></span> <span class='ocrx_word' id='word_1_245' title='bbox 1101 2827 1368 2893; x_wconf 90' lang='lat' dir='ltr'><strong>vincatur,</strong></span> <span class='ocrx_word' id='word_1_246' title='bbox 1404 2842 1562 2896; x_wconf 91' lang='lat' dir='ltr'><strong>quem</strong></span> <span class='ocrx_word' id='word_1_247' title='bbox 1597 2841 1749 2880; x_wconf 85' lang='lat' dir='ltr'><strong>Inan-</strong></span> 
     </span>
    </p>
   </div>
   <div class='ocr_carea' id='block_1_31' title="bbox 144 2921 1746 2994">
    <p class='ocr_par' dir='ltr' id='par_1_31' title="bbox 144 2921 1746 2994">
     <span class='ocr_line' id='line_1_31' title="bbox 144 2921 1746 2994; baseline -0.004 -14"><span class='ocrx_word' id='word_1_248' title='bbox 144 2924 271 2980; x_wconf 86' lang='lat' dir='ltr'><strong>data</strong></span> <span class='ocrx_word' id='word_1_249' title='bbox 305 2924 466 2994; x_wconf 81' lang='lat' dir='ltr'><strong>Legis</strong></span> <span class='ocrx_word' id='word_1_250' title='bbox 493 2938 599 2978; x_wconf 91' lang='lat' dir='ltr'><strong>non</strong></span> <span class='ocrx_word' id='word_1_251' title='bbox 628 2924 869 2978; x_wconf 91' lang='lat' dir='ltr'><strong>vincunt.</strong></span> <span class='ocrx_word' id='word_1_252' title='bbox 901 2921 1073 2994; x_wconf 89' lang='lat' dir='ltr'><strong>Ergo,</strong></span> <span class='ocrx_word' id='word_1_253' title='bbox 1108 2921 1152 2976; x_wconf 89' lang='lat' dir='ltr'><strong>si</strong></span> <span class='ocrx_word' id='word_1_254' title='bbox 1179 2922 1293 2990; x_wconf 77' lang='lat' dir='ltr'><strong>ﬁeri</strong></span> <span class='ocrx_word' id='word_1_255' title='bbox 1319 2931 1512 2994; x_wconf 87' lang='lat' dir='ltr'><strong>potest,</strong></span> <span class='ocrx_word' id='word_1_256' title='bbox 1542 2922 1746 2992; x_wconf 88' lang='lat' dir='ltr'><strong>inquit,</strong></span> 
     </span>
    </p>
   </div>
   <div class='ocr_carea' id='block_1_32' title="bbox 143 3013 1750 3087">
    <p class='ocr_par' dir='ltr' id='par_1_32' title="bbox 143 3013 1750 3087">
     <span class='ocr_line' id='line_1_32' title="bbox 143 3013 1750 3087; baseline -0.002 -16"><span class='ocrx_word' id='word_1_257' title='bbox 143 3018 282 3087; x_wconf 87' lang='lat' dir='ltr'><strong>quod</strong></span> <span class='ocrx_word' id='word_1_258' title='bbox 325 3033 388 3071; x_wconf 81' lang='lat' dir='ltr'><strong>ea:</strong></span> <span class='ocrx_word' id='word_1_259' title='bbox 428 3016 567 3070; x_wconf 81' lang='lat' dir='ltr'><strong>vobis</strong></span> <span class='ocrx_word' id='word_1_260' title='bbox 609 3023 729 3079; x_wconf 90' lang='lat' dir='ltr'><strong>est;</strong></span> <span class='ocrx_word' id='word_1_261' title='bbox 784 3022 844 3069; x_wconf 90' lang='lat' dir='ltr'><strong>ut</strong></span> <span class='ocrx_word' id='word_1_262' title='bbox 892 3013 1035 3068; x_wconf 89' lang='lat' dir='ltr'><strong>bene</strong></span> <span class='ocrx_word' id='word_1_263' title='bbox 1075 3022 1300 3083; x_wconf 82' lang='lat' dir='ltr'><strong>agentes</strong></span> <span class='ocrx_word' id='word_1_264' title='bbox 1332 3028 1513 3082; x_wconf 89' lang='lat' dir='ltr'><strong>pacem</strong></span> <span class='ocrx_word' id='word_1_265' title='bbox 1545 3013 1750 3068; x_wconf 89' lang='lat' dir='ltr'><strong>habere</strong></span> 
     </span>
    </p>
   </div>
   <div class='ocr_carea' id='block_1_33' title="bbox 144 3106 1747 3176">
    <p class='ocr_par' dir='ltr' id='par_1_33' title="bbox 144 3106 1747 3176">
     <span class='ocr_line' id='line_1_33' title="bbox 144 3106 1747 3176; baseline -0.002 -12"><span class='ocrx_word' id='word_1_266' title='bbox 144 3111 452 3166; x_wconf 87' lang='lat' dir='ltr'><strong>videamur.</strong></span> <span class='ocrx_word' id='word_1_267' title='bbox 485 3109 603 3164; x_wconf 82' lang='lat' dir='ltr'><strong>Jam</strong></span> <span class='ocrx_word' id='word_1_268' title='bbox 632 3110 676 3164; x_wconf 92' lang='lat' dir='ltr'><strong>si</strong></span> <span class='ocrx_word' id='word_1_269' title='bbox 706 3124 814 3163; x_wconf 91' lang='lat' dir='ltr'><strong>non</strong></span> <span class='ocrx_word' id='word_1_270' title='bbox 842 3106 1007 3162; x_wconf 90' lang='lat' dir='ltr'><strong>fuerit</strong></span> <span class='ocrx_word' id='word_1_271' title='bbox 1031 3115 1243 3162; x_wconf 86' lang='lat' dir='ltr'><strong>amator</strong></span> <span class='ocrx_word' id='word_1_272' title='bbox 1274 3106 1454 3176; x_wconf 84' lang='lat' dir='ltr'><strong>pacis,</strong></span> <span class='ocrx_word' id='word_1_273' title='bbox 1481 3117 1533 3161; x_wconf 90' lang='lat' dir='ltr'><strong>tu</strong></span> <span class='ocrx_word' id='word_1_274' title='bbox 1567 3115 1747 3161; x_wconf 85' lang='lat' dir='ltr'><strong>tamen</strong></span> 
     </span>
    </p>
   </div>
   <div class='ocr_carea' id='block_1_34' title="bbox 1853 482 3446 561">
    <p class='ocr_par' dir='ltr' id='par_1_34' title="bbox 1853 482 3446 561">
     <span class='ocr_line' id='line_1_34' title="bbox 1853 482 3446 561; baseline 0.008 -26"><span class='ocrx_word' id='word_1_275' title='bbox 1853 483 2145 536; x_wconf 90' lang='lat' dir='ltr'><strong>vindictam</strong></span> <span class='ocrx_word' id='word_1_276' title='bbox 2180 482 2430 552; x_wconf 89' lang='lat' dir='ltr'><strong>prohibet</strong></span> <span class='ocrx_word' id='word_1_277' title='bbox 2456 495 2851 554; x_wconf 84' lang='lat' dir='ltr'><strong>compctentent</strong></span> <span class='ocrx_word' id='word_1_278' title='bbox 2871 527 2886 553; x_wconf 92' lang='lat'><strong>,</strong></span> <span class='ocrx_word' id='word_1_279' title='bbox 2917 487 3014 544; x_wconf 90' lang='lat' dir='ltr'><strong>sed</strong></span> <span class='ocrx_word' id='word_1_280' title='bbox 3041 497 3096 544; x_wconf 90' lang='lat' dir='ltr'><strong>et</strong></span> <span class='ocrx_word' id='word_1_281' title='bbox 3124 489 3192 546; x_wconf 89' lang='lat' dir='ltr'><strong>de</strong></span> <span class='ocrx_word' id='word_1_282' title='bbox 3221 492 3446 561; x_wconf 88' lang='lat' dir='ltr'><strong>paribus</strong></span> 
     </span>
    </p>
   </div>
   <div class='ocr_carea' id='block_1_35' title="bbox 1851 574 3446 656">
    <p class='ocr_par' dir='ltr' id='par_1_35' title="bbox 1851 574 3446 656">
     <span class='ocr_line' id='line_1_35' title="bbox 1851 574 3446 656; baseline 0.008 -26"><span class='ocrx_word' id='word_1_283' title='bbox 1851 584 1907 631; x_wconf 90' lang='lat' dir='ltr'><strong>et</strong></span> <span class='ocrx_word' id='word_1_284' title='bbox 1934 574 2139 645; x_wconf 89' lang='lat' dir='ltr'><strong>magnis</strong></span> <span class='ocrx_word' id='word_1_285' title='bbox 2159 615 2175 641; x_wconf 97' lang='lat'><strong>,</strong></span> <span class='ocrx_word' id='word_1_286' title='bbox 2210 575 2312 631; x_wconf 92' lang='lat' dir='ltr'><strong>hoc</strong></span> <span class='ocrx_word' id='word_1_287' title='bbox 2339 583 2453 643; x_wconf 87' lang='lat' dir='ltr'><strong>est,</strong></span> <span class='ocrx_word' id='word_1_288' title='bbox 2487 575 2555 631; x_wconf 92' lang='lat' dir='ltr'><strong>de</strong></span> <span class='ocrx_word' id='word_1_289' title='bbox 2584 578 2752 635; x_wconf 85' lang='lat' dir='ltr'><strong>fratre</strong></span> <span class='ocrx_word' id='word_1_290' title='bbox 2795 581 2935 638; x_wconf 90' lang='lat' dir='ltr'><strong>forte</strong></span> <span class='ocrx_word' id='word_1_291' title='bbox 2973 583 3028 638; x_wconf 92' lang='lat' dir='ltr'><strong>in</strong></span> <span class='ocrx_word' id='word_1_292' title='bbox 3057 599 3156 640; x_wconf 85' lang='lat' dir='ltr'><strong>nos</strong></span> <span class='ocrx_word' id='word_1_293' title='bbox 3185 597 3446 656; x_wconf 84' lang='lat' dir='ltr'><strong>peccante</strong></span> 
     </span>
    </p>
   </div>
   <div class='ocr_carea' id='block_1_36' title="bbox 1851 668 3448 750">
    <p class='ocr_par' dir='ltr' id='par_1_36' title="bbox 1851 668 3448 750">
     <span class='ocr_line' id='line_1_36' title="bbox 1851 668 3448 750; baseline 0.011 -29"><span class='ocrx_word' id='word_1_294' title='bbox 1851 683 1958 721; x_wconf 91' lang='lat' dir='ltr'><strong>non</strong></span> <span class='ocrx_word' id='word_1_295' title='bbox 1990 683 2298 739; x_wconf 67' lang='lat' dir='ltr'><strong>quaeramus</strong></span> <span class='ocrx_word' id='word_1_296' title='bbox 2330 668 2616 738; x_wconf 89' lang='lat' dir='ltr'><strong>vindicari,</strong></span> <span class='ocrx_word' id='word_1_297' title='bbox 2649 672 2743 728; x_wconf 89' lang='lat' dir='ltr'><strong>sed</strong></span> <span class='ocrx_word' id='word_1_298' title='bbox 2774 675 3140 744; x_wconf 86' lang='lat' dir='ltr'><strong>remittamus,</strong></span> <span class='ocrx_word' id='word_1_299' title='bbox 3175 679 3269 736; x_wconf 89' lang='lat' dir='ltr'><strong>Dei</strong></span> <span class='ocrx_word' id='word_1_300' title='bbox 3298 681 3448 750; x_wconf 88' lang='lat' dir='ltr'><strong>judi-</strong></span> 
     </span>
    </p>
   </div>
   <div class='ocr_carea' id='block_1_37' title="bbox 1851 760 3451 837">
    <p class='ocr_par' dir='ltr' id='par_1_37' title="bbox 1851 760 3451 837">
     <span class='ocr_line' id='line_1_37' title="bbox 1851 760 3451 837; baseline 0.009 -22"><span class='ocrx_word' id='word_1_301' title='bbox 1851 760 1936 815; x_wconf 92' lang='lat' dir='ltr'><strong>cio</strong></span> <span class='ocrx_word' id='word_1_302' title='bbox 1963 770 2338 827; x_wconf 85' lang='lat' dir='ltr'><strong>reservantes;</strong></span> <span class='ocrx_word' id='word_1_303' title='bbox 2370 777 2460 826; x_wconf 89' lang='lat' dir='ltr'><strong>ne,</strong></span> <span class='ocrx_word' id='word_1_304' title='bbox 2493 761 2621 817; x_wconf 92' lang='lat' dir='ltr'><strong>dum</strong></span> <span class='ocrx_word' id='word_1_305' title='bbox 2651 763 2720 818; x_wconf 92' lang='lat' dir='ltr'><strong>ab</strong></span> <span class='ocrx_word' id='word_1_306' title='bbox 2744 765 2821 820; x_wconf 87' lang='lat' dir='ltr'><strong>ira</strong></span> <span class='ocrx_word' id='word_1_307' title='bbox 2850 766 3179 837; x_wconf 81' lang='lat' dir='ltr'><strong>detinentur,</strong></span> <span class='ocrx_word' id='word_1_308' title='bbox 3211 773 3451 830; x_wconf 86' lang='lat' dir='ltr'><strong>inveniat</strong></span> 
     </span>
    </p>
   </div>
   <div class='ocr_carea' id='block_1_38' title="bbox 1852 853 3446 938">
    <p class='ocr_par' dir='ltr' id='par_1_38' title="bbox 1852 853 3446 938">
     <span class='ocr_line' id='line_1_38' title="bbox 1852 853 3446 938; baseline 0.011 -31"><span class='ocrx_word' id='word_1_309' title='bbox 1852 853 2030 909; x_wconf 89' lang='lat' dir='ltr'><strong>locum</strong></span> <span class='ocrx_word' id='word_1_310' title='bbox 2063 854 2344 923; x_wconf 89' lang='lat' dir='ltr'><strong>inimicus,</strong></span> <span class='ocrx_word' id='word_1_311' title='bbox 2379 855 2433 910; x_wconf 92' lang='lat' dir='ltr'><strong>in</strong></span> <span class='ocrx_word' id='word_1_312' title='bbox 2465 870 2572 928; x_wconf 89' lang='lat' dir='ltr'><strong>quo</strong></span> <span class='ocrx_word' id='word_1_313' title='bbox 2600 868 2852 928; x_wconf 84' lang='lat' dir='ltr'><strong>suggerat</strong></span> <span class='ocrx_word' id='word_1_314' title='bbox 2895 869 2949 916; x_wconf 89' lang='lat' dir='ltr'><strong>et</strong></span> <span class='ocrx_word' id='word_1_315' title='bbox 2997 865 3251 934; x_wconf 88' lang='lat' dir='ltr'><strong>suadeat,</strong></span> <span class='ocrx_word' id='word_1_316' title='bbox 3300 867 3446 938; x_wconf 89' lang='lat' dir='ltr'><strong>quod</strong></span> 
     </span>
    </p>
   </div>
   <div class='ocr_carea' id='block_1_39' title="bbox 1847 957 2304 1028">
    <p class='ocr_par' dir='ltr' id='par_1_39' title="bbox 1847 957 2304 1028">
     <span class='ocr_line' id='line_1_39' title="bbox 1847 957 2304 1028; baseline 0 -26"><span class='ocrx_word' id='word_1_317' title='bbox 1847 958 2037 1028; x_wconf 83' lang='lat' dir='ltr'><strong>contra</strong></span> <span class='ocrx_word' id='word_1_318' title='bbox 2069 962 2170 1004; x_wconf 88' lang='lat' dir='ltr'><strong>nos</strong></span> <span class='ocrx_word' id='word_1_319' title='bbox 2203 957 2304 1004; x_wconf 88' lang='lat' dir='ltr'><strong>est.</strong></span> 
     </span>
    </p>
   </div>
   <div class='ocr_carea' id='block_1_40' title="bbox 1923 1042 3450 1128">
    <p class='ocr_par' dir='ltr' id='par_1_40' title="bbox 1923 1042 3450 1128">
     <span class='ocr_line' id='line_1_40' title="bbox 1923 1042 3450 1128; baseline 0.01 -30"><span class='ocrx_word' id='word_1_320' title='bbox 1923 1042 2192 1114; x_wconf 82' lang='lat' dir='ltr'><strong>Scriptum</strong></span> <span class='ocrx_word' id='word_1_321' title='bbox 2236 1052 2312 1098; x_wconf 89' lang='lat' dir='ltr'><strong>est</strong></span> <span class='ocrx_word' id='word_1_322' title='bbox 2351 1046 2511 1102; x_wconf 89' lang='lat' dir='ltr'><strong>enim.</strong></span> <span class='ocrx_word' id='word_1_323' title='bbox 2543 1046 2614 1103; x_wconf 88' lang='lat' dir='ltr'><strong>Ut</strong></span> <span class='ocrx_word' id='word_1_324' title='bbox 2662 1048 2863 1104; x_wconf 82' lang='lat' dir='ltr'><strong>fortius</strong></span> <span class='ocrx_word' id='word_1_325' title='bbox 2904 1051 3163 1121; x_wconf 89' lang='lat' dir='ltr'><strong>suadeat,</strong></span> <span class='ocrx_word' id='word_1_326' title='bbox 3196 1057 3450 1128; x_wconf 83' lang='lat' dir='ltr'><strong>exemplo</strong></span> 
     </span>
    </p>
   </div>
   <div class='ocr_carea' id='block_1_41' title="bbox 1849 1132 3446 1219">
    <p class='ocr_par' dir='ltr' id='par_1_41' title="bbox 1849 1132 3446 1219">
     <span class='ocr_line' id='line_1_41' title="bbox 1849 1132 3446 1219; baseline 0.009 -31"><span class='ocrx_word' id='word_1_327' title='bbox 1849 1132 2012 1205; x_wconf 87' lang='lat' dir='ltr'><strong>Legis</strong></span> <span class='ocrx_word' id='word_1_328' title='bbox 2057 1134 2161 1191; x_wconf 95' lang='lat' dir='ltr'><strong>hoc</strong></span> <span class='ocrx_word' id='word_1_329' title='bbox 2203 1135 2524 1206; x_wconf 85' lang='lat' dir='ltr'><strong>conﬁrmat,</strong></span> <span class='ocrx_word' id='word_1_330' title='bbox 2571 1139 2804 1198; x_wconf 89' lang='lat' dir='ltr'><strong>dicens:</strong></span> <span class='ocrx_word' id='word_1_331' title='bbox 2852 1140 3119 1213; x_wconf 85' lang='lat' dir='ltr'><strong>Scriptum</strong></span> <span class='ocrx_word' id='word_1_332' title='bbox 3158 1157 3233 1201; x_wconf 89' lang='lat' dir='ltr'><strong>est</strong></span> <span class='ocrx_word' id='word_1_333' title='bbox 3273 1150 3446 1219; x_wconf 88' lang='lat' dir='ltr'><strong>enim,</strong></span> 
     </span>
    </p>
   </div>
   <div class='ocr_carea' id='block_1_42' title="bbox 1855 1230 3445 1312">
    <p class='ocr_par' dir='ltr' id='par_1_42' title="bbox 1855 1230 3445 1312">
     <span class='ocr_line' id='line_1_42' title="bbox 1855 1230 3445 1312; baseline 0.008 -28"><span class='ocrx_word' id='word_1_334' title='bbox 1855 1241 1877 1269; x_wconf 77' lang='grc' dir='ltr'><strong><em>ο</em></strong></span> <span class='ocrx_word' id='word_1_335' title='bbox 1909 1231 1960 1285; x_wconf 92' lang='lat' dir='ltr'><strong>in</strong></span> <span class='ocrx_word' id='word_1_336' title='bbox 1995 1230 2343 1298; x_wconf 81' lang='lat' dir='ltr'><strong>Proverbiis,</strong></span> <span class='ocrx_word' id='word_1_337' title='bbox 2383 1231 2518 1288; x_wconf 78' lang='lat' dir='ltr'><strong>Mihi</strong></span> <span class='ocrx_word' id='word_1_338' title='bbox 2547 1234 2854 1304; x_wconf 85' lang='lat' dir='ltr'><strong>vindictam,</strong></span> <span class='ocrx_word' id='word_1_339' title='bbox 2901 1247 2952 1292; x_wconf 91' lang='lat' dir='ltr'><strong>et</strong></span> <span class='ocrx_word' id='word_1_340' title='bbox 2998 1255 3091 1312; x_wconf 84' lang='lat' dir='ltr'><strong>ego</strong></span> <span class='ocrx_word' id='word_1_341' title='bbox 3127 1241 3445 1310; x_wconf 80' lang='lat' dir='ltr'><strong>retribuam,</strong></span> 
     </span>
    </p>
   </div>
   <div class='ocr_carea' id='block_1_43' title="bbox 1849 1321 3448 1401">
    <p class='ocr_par' dir='ltr' id='par_1_43' title="bbox 1849 1321 3448 1401">
     <span class='ocr_line' id='line_1_43' title="bbox 1849 1321 3448 1401; baseline 0.011 -28"><span class='ocrx_word' id='word_1_342' title='bbox 1849 1321 1974 1375; x_wconf 82' lang='lat' dir='ltr'><strong>dicit</strong></span> <span class='ocrx_word' id='word_1_343' title='bbox 2021 1322 2274 1379; x_wconf 84' lang='lat' dir='ltr'><strong>Dominus</strong></span> <span class='ocrx_word' id='word_1_344' title='bbox 2307 1323 2489 1395; x_wconf 87' lang='lat' dir='ltr'><strong>(Deut.</strong></span> <span class='ocrx_word' id='word_1_345' title='bbox 2535 1343 2714 1396; x_wconf 79' lang='lat' dir='ltr'><strong>xxxtt,</strong></span> <span class='ocrx_word' id='word_1_346' title='bbox 2763 1327 2886 1401; x_wconf 79' lang='lat'><strong>55).</strong></span> <span class='ocrx_word' id='word_1_347' title='bbox 2940 1328 3010 1386; x_wconf 91' lang='lat' dir='ltr'><strong>Ut</strong></span> <span class='ocrx_word' id='word_1_348' title='bbox 3057 1331 3102 1386; x_wconf 90' lang='lat' dir='ltr'><strong>si</strong></span> <span class='ocrx_word' id='word_1_349' title='bbox 3148 1332 3372 1389; x_wconf 89' lang='lat' dir='ltr'><strong>minime</strong></span> <span class='ocrx_word' id='word_1_350' title='bbox 3417 1349 3448 1392; x_wconf 86' lang='lat' dir='ltr'><strong>a</strong></span> 
     </span>
    </p>
   </div>
   <div class='ocr_carea' id='block_1_44' title="bbox 1848 1415 3445 1501">
    <p class='ocr_par' dir='ltr' id='par_1_44' title="bbox 1848 1415 3445 1501">
     <span class='ocr_line' id='line_1_44' title="bbox 1848 1415 3445 1501; baseline 0.011 -33"><span class='ocrx_word' id='word_1_351' title='bbox 1848 1415 2004 1470; x_wconf 90' lang='lat' dir='ltr'><strong>nobis</strong></span> <span class='ocrx_word' id='word_1_352' title='bbox 2036 1416 2155 1484; x_wconf 88' lang='lat' dir='ltr'><strong>ﬁat,</strong></span> <span class='ocrx_word' id='word_1_353' title='bbox 2188 1419 2331 1488; x_wconf 90' lang='lat' dir='ltr'><strong>quod</strong></span> <span class='ocrx_word' id='word_1_354' title='bbox 2371 1420 2563 1488; x_wconf 84' lang='lat' dir='ltr'><strong>docet,</strong></span> <span class='ocrx_word' id='word_1_355' title='bbox 2611 1421 2782 1477; x_wconf 91' lang='lat' dir='ltr'><strong>Deum</strong></span> <span class='ocrx_word' id='word_1_356' title='bbox 2827 1437 2856 1478; x_wconf 92' lang='lat' dir='ltr'><strong>a</strong></span> <span class='ocrx_word' id='word_1_357' title='bbox 2889 1424 3047 1481; x_wconf 86' lang='lat' dir='ltr'><strong>nobis</strong></span> <span class='ocrx_word' id='word_1_358' title='bbox 3073 1436 3445 1501; x_wconf 91' lang='lat' dir='ltr'><strong>contemptum</strong></span> 
     </span>
    </p>
   </div>
   <div class='ocr_carea' id='block_1_45' title="bbox 1846 1511 3450 1588">
    <p class='ocr_par' dir='ltr' id='par_1_45' title="bbox 1846 1511 3450 1588">
     <span class='ocr_line' id='line_1_45' title="bbox 1846 1511 3450 1588; baseline 0.009 -23"><span class='ocrx_word' id='word_1_359' title='bbox 1846 1511 2118 1566; x_wconf 89' lang='lat' dir='ltr'><strong>ostendat.</strong></span> <span class='ocrx_word' id='word_1_360' title='bbox 2157 1512 2366 1584; x_wconf 89' lang='lat' dir='ltr'><strong>Duplici</strong></span> <span class='ocrx_word' id='word_1_361' title='bbox 2404 1530 2534 1586; x_wconf 87' lang='lat' dir='ltr'><strong>ergo</strong></span> <span class='ocrx_word' id='word_1_362' title='bbox 2563 1532 2766 1587; x_wconf 81' lang='lat' dir='ltr'><strong>genere</strong></span> <span class='ocrx_word' id='word_1_363' title='bbox 2798 1518 3098 1588; x_wconf 90' lang='lat' dir='ltr'><strong>proﬁcitur,</strong></span> <span class='ocrx_word' id='word_1_364' title='bbox 3142 1521 3186 1576; x_wconf 93' lang='lat' dir='ltr'><strong>si</strong></span> <span class='ocrx_word' id='word_1_365' title='bbox 3217 1522 3332 1580; x_wconf 91' lang='lat' dir='ltr'><strong>Deo</strong></span> <span class='ocrx_word' id='word_1_366' title='bbox 3360 1539 3450 1581; x_wconf 87' lang='lat' dir='ltr'><strong>re-</strong></span> 
     </span>
    </p>
   </div>
   <div class='ocr_carea' id='block_1_46' title="bbox 1849 1602 3446 1687">
    <p class='ocr_par' dir='ltr' id='par_1_46' title="bbox 1849 1602 3446 1687">
     <span class='ocr_line' id='line_1_46' title="bbox 1849 1602 3446 1687; baseline 0.012 -29"><span class='ocrx_word' id='word_1_367' title='bbox 1849 1602 2092 1660; x_wconf 91' lang='lat' dir='ltr'><strong>mittatur</strong></span> <span class='ocrx_word' id='word_1_368' title='bbox 2136 1606 2408 1673; x_wconf 89' lang='lat' dir='ltr'><strong>vindicta;</strong></span> <span class='ocrx_word' id='word_1_369' title='bbox 2462 1611 2586 1680; x_wconf 90' lang='lat' dir='ltr'><strong>quia</strong></span> <span class='ocrx_word' id='word_1_370' title='bbox 2628 1620 2681 1667; x_wconf 90' lang='lat' dir='ltr'><strong>et</strong></span> <span class='ocrx_word' id='word_1_371' title='bbox 2719 1625 2842 1668; x_wconf 91' lang='lat' dir='ltr'><strong>cum</strong></span> <span class='ocrx_word' id='word_1_372' title='bbox 2873 1614 3212 1673; x_wconf 88' lang='lat' dir='ltr'><strong>iracundiam</strong></span> <span class='ocrx_word' id='word_1_373' title='bbox 3243 1617 3446 1687; x_wconf 87' lang='lat' dir='ltr'><strong>vincit,</strong></span> 
     </span>
    </p>
   </div>
   <div class='ocr_carea' id='block_1_47' title="bbox 1846 1698 3106 1774">
    <p class='ocr_par' dir='ltr' id='par_1_47' title="bbox 1846 1698 3106 1774">
     <span class='ocr_line' id='line_1_47' title="bbox 1846 1698 3106 1774; baseline 0.01 -21"><span class='ocrx_word' id='word_1_374' title='bbox 1846 1698 2118 1769; x_wconf 85' lang='lat' dir='ltr'><strong>perfectus</strong></span> <span class='ocrx_word' id='word_1_375' title='bbox 2152 1700 2239 1768; x_wconf 93' lang='lat' dir='ltr'><strong>ﬁt,</strong></span> <span class='ocrx_word' id='word_1_376' title='bbox 2272 1711 2325 1758; x_wconf 91' lang='lat' dir='ltr'><strong>et</strong></span> <span class='ocrx_word' id='word_1_377' title='bbox 2357 1702 2453 1758; x_wconf 89' lang='lat' dir='ltr'><strong>Dei</strong></span> <span class='ocrx_word' id='word_1_378' title='bbox 2483 1704 2688 1774; x_wconf 91' lang='lat' dir='ltr'><strong>judicio</strong></span> <span class='ocrx_word' id='word_1_379' title='bbox 2717 1705 3106 1766; x_wconf 89' lang='lat' dir='ltr'><strong>vindicabitur.</strong></span> 
     </span>
    </p>
   </div>
   <div class='ocr_carea' id='block_1_48' title="bbox 1919 1792 3452 1871">
    <p class='ocr_par' dir='ltr' id='par_1_48' title="bbox 1919 1792 3452 1871">
     <span class='ocr_line' id='line_1_48' title="bbox 1919 1792 3452 1871; baseline 0.009 -24"><span class='ocrx_word' id='word_1_380' title='bbox 1919 1792 2112 1862; x_wconf 84' lang='lat' dir='ltr'><strong>(Vers.</strong></span> <span class='ocrx_word' id='word_1_381' title='bbox 2145 1792 2276 1867; x_wconf 73' lang='lat'><strong>20.)</strong></span> <span class='ocrx_word' id='word_1_382' title='bbox 2308 1794 2372 1852; x_wconf 89' lang='lat' dir='ltr'><strong>Si</strong></span> <span class='ocrx_word' id='word_1_383' title='bbox 2410 1797 2647 1852; x_wconf 83' lang='lat' dir='ltr'><strong>esurierit</strong></span> <span class='ocrx_word' id='word_1_384' title='bbox 2676 1800 2916 1856; x_wconf 84' lang='lat' dir='ltr'><strong>inimicus</strong></span> <span class='ocrx_word' id='word_1_385' title='bbox 2946 1810 3084 1871; x_wconf 88' lang='lat' dir='ltr'><strong>tuus,</strong></span> <span class='ocrx_word' id='word_1_386' title='bbox 3119 1805 3232 1859; x_wconf 89' lang='lat' dir='ltr'><strong>ciba</strong></span> <span class='ocrx_word' id='word_1_387' title='bbox 3259 1804 3409 1860; x_wconf 88' lang='lat' dir='ltr'><strong>illum</strong></span> <span class='ocrx_word' id='word_1_388' title='bbox 3430 1821 3452 1861; x_wconf 91' lang='lat'><strong><em>:</em></strong></span> 
     </span>
    </p>
   </div>
   <div class='ocr_carea' id='block_1_49' title="bbox 1849 1885 3455 1971">
    <p class='ocr_par' dir='ltr' id='par_1_49' title="bbox 1849 1885 3455 1971">
     <span class='ocr_line' id='line_1_49' title="bbox 1849 1885 3455 1971; baseline 0.01 -33"><span class='ocrx_word' id='word_1_389' title='bbox 1849 1885 1896 1938; x_wconf 87' lang='lat' dir='ltr'><strong>si</strong></span> <span class='ocrx_word' id='word_1_390' title='bbox 1915 1886 2045 1951; x_wconf 85' lang='lat' dir='ltr'><strong>sitit,</strong></span> <span class='ocrx_word' id='word_1_391' title='bbox 2077 1897 2254 1956; x_wconf 78' lang='lat' dir='ltr'><strong>potum</strong></span> <span class='ocrx_word' id='word_1_392' title='bbox 2278 1889 2345 1942; x_wconf 89' lang='lat' dir='ltr'><strong>da</strong></span> <span class='ocrx_word' id='word_1_393' title='bbox 2372 1888 2490 1953; x_wconf 88' lang='lat' dir='ltr'><strong>illi;</strong></span> <span class='ocrx_word' id='word_1_394' title='bbox 2517 1890 2613 1944; x_wconf 82' lang='lat' dir='ltr'><strong>Itoc</strong></span> <span class='ocrx_word' id='word_1_395' title='bbox 2639 1892 2775 1946; x_wconf 82' lang='lat' dir='ltr'><strong>enim</strong></span> <span class='ocrx_word' id='word_1_396' title='bbox 2801 1894 3020 1963; x_wconf 77' lang='lat' dir='ltr'><strong>faciens,</strong></span> <span class='ocrx_word' id='word_1_397' title='bbox 3052 1895 3299 1952; x_wconf 85' lang='lat' dir='ltr'><strong>carbones</strong></span> <span class='ocrx_word' id='word_1_398' title='bbox 3317 1898 3455 1971; x_wconf 84' lang='lat' dir='ltr'><strong>ignis</strong></span> 
     </span>
    </p>
   </div>
   <div class='ocr_carea' id='block_1_50' title="bbox 1849 1984 3451 2060">
    <p class='ocr_par' dir='ltr' id='par_1_50' title="bbox 1849 1984 3451 2060">
     <span class='ocr_line' id='line_1_50' title="bbox 1849 1984 3451 2060; baseline 0.009 -26"><span class='ocrx_word' id='word_1_399' title='bbox 1849 1996 2093 2054; x_wconf 86' lang='lat' dir='ltr'><strong>congeres</strong></span> <span class='ocrx_word' id='word_1_400' title='bbox 2117 1997 2272 2053; x_wconf 85' lang='lat' dir='ltr'><strong>super</strong></span> <span class='ocrx_word' id='word_1_401' title='bbox 2293 1993 2449 2054; x_wconf 86' lang='lat' dir='ltr'><strong>caput</strong></span> <span class='ocrx_word' id='word_1_402' title='bbox 2470 1987 2584 2057; x_wconf 84' lang='lat' dir='ltr'><strong>ejus</strong></span> <span class='ocrx_word' id='word_1_403' title='bbox 2608 1984 2792 2057; x_wconf 86' lang='lat' dir='ltr'><strong>(Prov.</strong></span> <span class='ocrx_word' id='word_1_404' title='bbox 2817 2003 2942 2054; x_wconf 85' lang='lat' dir='ltr'><strong>xxv,</strong></span> <span class='ocrx_word' id='word_1_405' title='bbox 2967 1988 3026 2042; x_wconf 79' lang='lat'><strong>2|</strong></span> <span class='ocrx_word' id='word_1_406' title='bbox 3042 1989 3083 2060; x_wconf 92' lang='lat'><strong>).</strong></span> <span class='ocrx_word' id='word_1_407' title='bbox 3104 1989 3222 2046; x_wconf 88' lang='lat' dir='ltr'><strong>Non</strong></span> <span class='ocrx_word' id='word_1_408' title='bbox 3249 1991 3451 2048; x_wconf 88' lang='lat' dir='ltr'><strong>nudam</strong></span> 
     </span>
    </p>
   </div>
   <div class='ocr_carea' id='block_1_51' title="bbox 1848 2075 3456 2154">
    <p class='ocr_par' dir='ltr' id='par_1_51' title="bbox 1848 2075 3456 2154">
     <span class='ocr_line' id='line_1_51' title="bbox 1848 2075 3456 2154; baseline 0.011 -26"><span class='ocrx_word' id='word_1_409' title='bbox 1848 2075 2140 2130; x_wconf 89' lang='lat' dir='ltr'><strong>vindictam</strong></span> <span class='ocrx_word' id='word_1_410' title='bbox 2188 2076 2303 2131; x_wconf 90' lang='lat' dir='ltr'><strong>Deo</strong></span> <span class='ocrx_word' id='word_1_411' title='bbox 2352 2080 2621 2135; x_wconf 88' lang='lat' dir='ltr'><strong>reservari</strong></span> <span class='ocrx_word' id='word_1_412' title='bbox 2673 2081 2879 2139; x_wconf 88' lang='lat' dir='ltr'><strong>debere</strong></span> <span class='ocrx_word' id='word_1_413' title='bbox 2928 2086 3206 2154; x_wconf 89' lang='lat' dir='ltr'><strong>ostendit,</strong></span> <span class='ocrx_word' id='word_1_414' title='bbox 3256 2087 3353 2144; x_wconf 90' lang='lat' dir='ltr'><strong>sed</strong></span> <span class='ocrx_word' id='word_1_415' title='bbox 3398 2098 3456 2146; x_wconf 90' lang='lat' dir='ltr'><strong>et</strong></span> 
     </span>
    </p>
   </div>
   <div class='ocr_carea' id='block_1_52' title="bbox 1850 2167 3452 2239">
    <p class='ocr_par' dir='ltr' id='par_1_52' title="bbox 1850 2167 3452 2239">
     <span class='ocr_line' id='line_1_52' title="bbox 1850 2167 3452 2239; baseline 0.009 -16"><span class='ocrx_word' id='word_1_416' title='bbox 1850 2167 2112 2223; x_wconf 87' lang='lat' dir='ltr'><strong>beneﬁcia</strong></span> <span class='ocrx_word' id='word_1_417' title='bbox 2166 2169 2284 2224; x_wconf 86' lang='lat' dir='ltr'><strong>dari</strong></span> <span class='ocrx_word' id='word_1_418' title='bbox 2334 2169 2608 2239; x_wconf 90' lang='lat' dir='ltr'><strong>inimicis;</strong></span> <span class='ocrx_word' id='word_1_419' title='bbox 2657 2182 2716 2229; x_wconf 91' lang='lat' dir='ltr'><strong>ut</strong></span> <span class='ocrx_word' id='word_1_420' title='bbox 2757 2189 2890 2231; x_wconf 89' lang='lat' dir='ltr'><strong>vere</strong></span> <span class='ocrx_word' id='word_1_421' title='bbox 2943 2178 3298 2236; x_wconf 88' lang='lat' dir='ltr'><strong>ostendamus</strong></span> <span class='ocrx_word' id='word_1_422' title='bbox 3343 2196 3452 2238; x_wconf 91' lang='lat' dir='ltr'><strong>non</strong></span> 
     </span>
    </p>
   </div>
   <div class='ocr_carea' id='block_1_53' title="bbox 1851 2262 3456 2341">
    <p class='ocr_par' dir='ltr' id='par_1_53' title="bbox 1851 2262 3456 2341">
     <span class='ocr_line' id='line_1_53' title="bbox 1851 2262 3456 2341; baseline 0.01 -27"><span class='ocrx_word' id='word_1_423' title='bbox 1851 2262 2060 2318; x_wconf 84' lang='lat' dir='ltr'><strong>meritis</strong></span> <span class='ocrx_word' id='word_1_424' title='bbox 2108 2264 2310 2317; x_wconf 86' lang='lat' dir='ltr'><strong>nostris</strong></span> <span class='ocrx_word' id='word_1_425' title='bbox 2343 2264 2546 2320; x_wconf 87' lang='lat' dir='ltr'><strong>habere</strong></span> <span class='ocrx_word' id='word_1_426' title='bbox 2581 2280 2681 2321; x_wconf 92' lang='lat' dir='ltr'><strong>nos</strong></span> <span class='ocrx_word' id='word_1_427' title='bbox 2724 2266 3009 2335; x_wconf 91' lang='lat' dir='ltr'><strong>inimicos,</strong></span> <span class='ocrx_word' id='word_1_428' title='bbox 3043 2279 3072 2318; x_wconf 79' lang='grc' dir='ltr'><strong>«ι</strong></span> <span class='ocrx_word' id='word_1_429' title='bbox 3101 2285 3238 2341; x_wconf 88' lang='lat' dir='ltr'><strong>quos</strong></span> <span class='ocrx_word' id='word_1_430' title='bbox 3283 2281 3343 2329; x_wconf 92' lang='lat' dir='ltr'><strong>ut</strong></span> <span class='ocrx_word' id='word_1_431' title='bbox 3385 2273 3456 2330; x_wconf 90' lang='lat' dir='ltr'><strong>ab</strong></span> 
     </span>
    </p>
   </div>
   <div class='ocr_carea' id='block_1_54' title="bbox 1852 2354 3455 2436">
    <p class='ocr_par' dir='ltr' id='par_1_54' title="bbox 1852 2354 3455 2436">
     <span class='ocr_line' id='line_1_54' title="bbox 1852 2354 3455 2436; baseline 0.009 -29"><span class='ocrx_word' id='word_1_432' title='bbox 1852 2354 2154 2409; x_wconf 89' lang='lat' dir='ltr'><strong>inimicitiis</strong></span> <span class='ocrx_word' id='word_1_433' title='bbox 2182 2355 2467 2423; x_wconf 89' lang='lat' dir='ltr'><strong>desinant,</strong></span> <span class='ocrx_word' id='word_1_434' title='bbox 2513 2359 2789 2430; x_wconf 90' lang='lat' dir='ltr'><strong>obsequiis</strong></span> <span class='ocrx_word' id='word_1_435' title='bbox 2821 2363 3044 2418; x_wconf 90' lang='lat' dir='ltr'><strong>vincere</strong></span> <span class='ocrx_word' id='word_1_436' title='bbox 3072 2363 3317 2421; x_wconf 87' lang='lat' dir='ltr'><strong>nitimur.</strong></span> <span class='ocrx_word' id='word_1_437' title='bbox 3351 2367 3455 2436; x_wconf 86' lang='lat' dir='ltr'><strong>Qui</strong></span> 
     </span>
    </p>
   </div>
   <div class='ocr_carea' id='block_1_55' title="bbox 1849 2445 3452 2528">
    <p class='ocr_par' dir='ltr' id='par_1_55' title="bbox 1849 2445 3452 2528">
     <span class='ocr_line' id='line_1_55' title="bbox 1849 2445 3452 2528; baseline 0.009 -28"><span class='ocrx_word' id='word_1_438' title='bbox 1849 2445 1896 2501; x_wconf 95' lang='lat' dir='ltr'><strong>si</strong></span> <span class='ocrx_word' id='word_1_439' title='bbox 1927 2447 1978 2500; x_wconf 94' lang='lat' dir='ltr'><strong>in</strong></span> <span class='ocrx_word' id='word_1_440' title='bbox 2006 2445 2308 2504; x_wconf 89' lang='lat' dir='ltr'><strong>inimicitiis</strong></span> <span class='ocrx_word' id='word_1_441' title='bbox 2330 2450 2753 2520; x_wconf 90' lang='lat' dir='ltr'><strong>perduraverint</strong></span> <span class='ocrx_word' id='word_1_442' title='bbox 2773 2451 3056 2524; x_wconf 89' lang='lat' dir='ltr'><strong>impietate</strong></span> <span class='ocrx_word' id='word_1_443' title='bbox 3083 2457 3283 2513; x_wconf 90' lang='lat' dir='ltr'><strong>mentis</strong></span> <span class='ocrx_word' id='word_1_444' title='bbox 3306 2472 3452 2528; x_wconf 61' lang='lat' dir='ltr'><strong>sua},</strong></span> 
     </span>
    </p>
   </div>
   <div class='ocr_carea' id='block_1_56' title="bbox 1851 2540 3456 2618">
    <p class='ocr_par' dir='ltr' id='par_1_56' title="bbox 1851 2540 3456 2618">
     <span class='ocr_line' id='line_1_56' title="bbox 1851 2540 3456 2618; baseline 0.01 -25"><span class='ocrx_word' id='word_1_445' title='bbox 1851 2547 2036 2594; x_wconf 87' lang='lat' dir='ltr'><strong>nostra</strong></span> <span class='ocrx_word' id='word_1_446' title='bbox 2064 2540 2324 2611; x_wconf 88' lang='lat' dir='ltr'><strong>obsequia</strong></span> <span class='ocrx_word' id='word_1_447' title='bbox 2355 2542 2641 2611; x_wconf 87' lang='lat' dir='ltr'><strong>proﬁcient</strong></span> <span class='ocrx_word' id='word_1_448' title='bbox 2669 2543 2778 2600; x_wconf 90' lang='lat' dir='ltr'><strong>illis</strong></span> <span class='ocrx_word' id='word_1_449' title='bbox 2804 2545 2872 2601; x_wconf 88' lang='lat' dir='ltr'><strong>ad</strong></span> <span class='ocrx_word' id='word_1_450' title='bbox 2901 2561 3117 2618; x_wconf 76' lang='lat' dir='ltr'><strong>poenam</strong></span> <span class='ocrx_word' id='word_1_451' title='bbox 3143 2565 3158 2605; x_wconf 86' lang='lat'><strong>:</strong></span> <span class='ocrx_word' id='word_1_452' title='bbox 3191 2559 3285 2608; x_wconf 93' lang='lat' dir='ltr'><strong>aut</strong></span> <span class='ocrx_word' id='word_1_453' title='bbox 3304 2560 3456 2610; x_wconf 88' lang='lat' dir='ltr'><strong>certe</strong></span> 
     </span>
    </p>
   </div>
   <div class='ocr_carea' id='block_1_57' title="bbox 1851 2634 3459 2716">
    <p class='ocr_par' dir='ltr' id='par_1_57' title="bbox 1851 2634 3459 2716">
     <span class='ocr_line' id='line_1_57' title="bbox 1851 2634 3459 2716; baseline 0.009 -27"><span class='ocrx_word' id='word_1_454' title='bbox 1851 2634 2238 2706; x_wconf 87' lang='lat' dir='ltr'><strong>obsequiorum</strong></span> <span class='ocrx_word' id='word_1_455' title='bbox 2267 2646 2580 2694; x_wconf 90' lang='lat' dir='ltr'><strong>nostrorum</strong></span> <span class='ocrx_word' id='word_1_456' title='bbox 2609 2640 2904 2698; x_wconf 87' lang='lat' dir='ltr'><strong>sedulitate</strong></span> <span class='ocrx_word' id='word_1_457' title='bbox 2929 2645 3262 2716; x_wconf 85' lang='lat' dir='ltr'><strong>compuncti,</strong></span> <span class='ocrx_word' id='word_1_458' title='bbox 3286 2646 3459 2706; x_wconf 88' lang='lat' dir='ltr'><strong>veluti</strong></span> 
     </span>
    </p>
   </div>
   <div class='ocr_carea' id='block_1_58' title="bbox 1852 2731 3456 2812">
    <p class='ocr_par' dir='ltr' id='par_1_58' title="bbox 1852 2731 3456 2812">
     <span class='ocr_line' id='line_1_58' title="bbox 1852 2731 3456 2812; baseline 0.011 -28"><span class='ocrx_word' id='word_1_459' title='bbox 1852 2731 2120 2787; x_wconf 90' lang='lat' dir='ltr'><strong>carbones</strong></span> <span class='ocrx_word' id='word_1_460' title='bbox 2150 2735 2351 2788; x_wconf 90' lang='lat' dir='ltr'><strong>mortui</strong></span> <span class='ocrx_word' id='word_1_461' title='bbox 2385 2735 2735 2792; x_wconf 88' lang='lat' dir='ltr'><strong>reviviscent.</strong></span> <span class='ocrx_word' id='word_1_462' title='bbox 2773 2737 2839 2795; x_wconf 95' lang='lat' dir='ltr'><strong>Ut</strong></span> <span class='ocrx_word' id='word_1_463' title='bbox 2873 2753 3002 2812; x_wconf 87' lang='lat' dir='ltr'><strong>ergo</strong></span> <span class='ocrx_word' id='word_1_464' title='bbox 3031 2755 3133 2797; x_wconf 90' lang='lat' dir='ltr'><strong>nos</strong></span> <span class='ocrx_word' id='word_1_465' title='bbox 3160 2742 3213 2798; x_wconf 93' lang='lat' dir='ltr'><strong>in</strong></span> <span class='ocrx_word' id='word_1_466' title='bbox 3247 2751 3456 2801; x_wconf 88' lang='lat' dir='ltr'><strong>tantum</strong></span> 
     </span>
    </p>
   </div>
   <div class='ocr_carea' id='block_1_59' title="bbox 1852 2822 3460 2906">
    <p class='ocr_par' dir='ltr' id='par_1_59' title="bbox 1852 2822 3460 2906">
     <span class='ocr_line' id='line_1_59' title="bbox 1852 2822 3460 2906; baseline 0.011 -28"><span class='ocrx_word' id='word_1_467' title='bbox 1852 2822 2126 2895; x_wconf 86' lang='lat' dir='ltr'><strong>perfectos</strong></span> <span class='ocrx_word' id='word_1_468' title='bbox 2171 2824 2366 2893; x_wconf 81' lang='lat' dir='ltr'><strong>faciat,</strong></span> <span class='ocrx_word' id='word_1_469' title='bbox 2419 2838 2477 2883; x_wconf 92' lang='lat' dir='ltr'><strong>ut</strong></span> <span class='ocrx_word' id='word_1_470' title='bbox 2523 2844 2629 2885; x_wconf 89' lang='lat' dir='ltr'><strong>non</strong></span> <span class='ocrx_word' id='word_1_471' title='bbox 2676 2831 2853 2887; x_wconf 91' lang='lat' dir='ltr'><strong>solum</strong></span> <span class='ocrx_word' id='word_1_472' title='bbox 2905 2847 3006 2889; x_wconf 89' lang='lat' dir='ltr'><strong>nos</strong></span> <span class='ocrx_word' id='word_1_473' title='bbox 3039 2834 3227 2906; x_wconf 92' lang='lat' dir='ltr'><strong>ipsos,</strong></span> <span class='ocrx_word' id='word_1_474' title='bbox 3260 2837 3356 2894; x_wconf 86' lang='lat' dir='ltr'><strong>sed</strong></span> <span class='ocrx_word' id='word_1_475' title='bbox 3403 2848 3460 2896; x_wconf 90' lang='lat' dir='ltr'><strong>et</strong></span> 
     </span>
    </p>
   </div>
   <div class='ocr_carea' id='block_1_60' title="bbox 1852 2918 3460 2992">
    <p class='ocr_par' dir='ltr' id='par_1_60' title="bbox 1852 2918 3460 2992">
     <span class='ocr_line' id='line_1_60' title="bbox 1852 2918 3460 2992; baseline 0.011 -20"><span class='ocrx_word' id='word_1_476' title='bbox 1852 2918 1988 2973; x_wconf 90' lang='lat' dir='ltr'><strong>alios</strong></span> <span class='ocrx_word' id='word_1_477' title='bbox 2017 2920 2364 2990; x_wconf 90' lang='lat' dir='ltr'><strong>acquiramus</strong></span> <span class='ocrx_word' id='word_1_478' title='bbox 2393 2921 2458 2976; x_wconf 91' lang='lat' dir='ltr'><strong>ad</strong></span> <span class='ocrx_word' id='word_1_479' title='bbox 2494 2924 2695 2992; x_wconf 87' lang='lat' dir='ltr'><strong>vitam,</strong></span> <span class='ocrx_word' id='word_1_480' title='bbox 2744 2925 2977 2983; x_wconf 87' lang='lat' dir='ltr'><strong>inimicis</strong></span> <span class='ocrx_word' id='word_1_481' title='bbox 3008 2943 3116 2986; x_wconf 91' lang='lat' dir='ltr'><strong>non</strong></span> <span class='ocrx_word' id='word_1_482' title='bbox 3164 2931 3344 2988; x_wconf 90' lang='lat' dir='ltr'><strong>solum</strong></span> <span class='ocrx_word' id='word_1_483' title='bbox 3377 2935 3460 2990; x_wconf 91' lang='lat' dir='ltr'><strong>vi-</strong></span> 
     </span>
    </p>
   </div>
   <div class='ocr_carea' id='block_1_61' title="bbox 1852 3011 3457 3097">
    <p class='ocr_par' dir='ltr' id='par_1_61' title="bbox 1852 3011 3457 3097">
     <span class='ocr_line' id='line_1_61' title="bbox 1852 3011 3457 3097; baseline 0.011 -31"><span class='ocrx_word' id='word_1_484' title='bbox 1852 3025 1968 3066; x_wconf 88' lang='lat' dir='ltr'><strong>cem</strong></span> <span class='ocrx_word' id='word_1_485' title='bbox 2023 3011 2253 3070; x_wconf 84' lang='lat' dir='ltr'><strong>reddere</strong></span> <span class='ocrx_word' id='word_1_486' title='bbox 2301 3015 2555 3085; x_wconf 89' lang='lat' dir='ltr'><strong>prohibet</strong></span> <span class='ocrx_word' id='word_1_487' title='bbox 2604 3017 2868 3076; x_wconf 87' lang='lat' dir='ltr'><strong>Dominus</strong></span> <span class='ocrx_word' id='word_1_488' title='bbox 2916 3036 3011 3091; x_wconf 88' lang='lat' dir='ltr'><strong>per</strong></span> <span class='ocrx_word' id='word_1_489' title='bbox 3061 3023 3457 3097; x_wconf 81' lang='lat' dir='ltr'><strong>Salomonem;</strong></span> 
     </span>
    </p>
   </div>
   <div class='ocr_carea' id='block_1_62' title="bbox 1853 3108 3461 3192">
    <p class='ocr_par' dir='ltr' id='par_1_62' title="bbox 1853 3108 3461 3192">
     <span class='ocr_line' id='line_1_62' title="bbox 1853 3108 3461 3192; baseline 0.014 -33"><span class='ocrx_word' id='word_1_490' title='bbox 1853 3123 2040 3162; x_wconf 87' lang='lat' dir='ltr'><strong>verum</strong></span> <span class='ocrx_word' id='word_1_491' title='bbox 2093 3108 2257 3164; x_wconf 90' lang='lat' dir='ltr'><strong>etiam</strong></span> <span class='ocrx_word' id='word_1_492' title='bbox 2311 3109 2651 3170; x_wconf 89' lang='lat' dir='ltr'><strong>humanitate</strong></span> <span class='ocrx_word' id='word_1_493' title='bbox 2699 3113 2767 3170; x_wconf 89' lang='lat' dir='ltr'><strong>ad</strong></span> <span class='ocrx_word' id='word_1_494' title='bbox 2815 3116 3112 3174; x_wconf 86' lang='lat' dir='ltr'><strong>amicitiam</strong></span> <span class='ocrx_word' id='word_1_495' title='bbox 3160 3135 3461 3192; x_wconf 87' lang='lat' dir='ltr'><strong>provocare</strong></span> 
     </span>
    </p>
   </div>
   <div class='ocr_carea' id='block_1_63' title="bbox 146 3177 2123 3272">
    <p class='ocr_par' dir='ltr' id='par_1_63' title="bbox 146 3177 2123 3272">
     <span class='ocr_line' id='line_1_63' title="bbox 146 3177 2123 3272; baseline -0.002 -14"><span class='ocrx_word' id='word_1_496' title='bbox 146 3205 228 3258; x_wconf 88' lang='lat' dir='ltr'><strong>vis</strong></span> <span class='ocrx_word' id='word_1_497' title='bbox 253 3217 377 3259; x_wconf 90' lang='lat' dir='ltr'><strong>esse</strong></span> <span class='ocrx_word' id='word_1_498' title='bbox 406 3203 664 3272; x_wconf 89' lang='lat' dir='ltr'><strong>pacilicus</strong></span> <span class='ocrx_word' id='word_1_499' title='bbox 685 3241 700 3267; x_wconf 91' lang='lat'><strong>,</strong></span> <span class='ocrx_word' id='word_1_500' title='bbox 732 3207 994 3272; x_wconf 88' lang='lat' dir='ltr'><strong>quantum</strong></span> <span class='ocrx_word' id='word_1_501' title='bbox 1025 3200 1090 3254; x_wconf 92' lang='lat' dir='ltr'><strong>ad</strong></span> <span class='ocrx_word' id='word_1_502' title='bbox 1123 3209 1173 3254; x_wconf 90' lang='lat' dir='ltr'><strong>te</strong></span> <span class='ocrx_word' id='word_1_503' title='bbox 1202 3198 1453 3267; x_wconf 90' lang='lat' dir='ltr'><strong>pertinet.</strong></span> <span class='ocrx_word' id='word_1_504' title='bbox 1480 3198 1534 3254; x_wconf 92' lang='lat' dir='ltr'><strong>Si</strong></span> <span class='ocrx_word' id='word_1_505' title='bbox 1568 3207 1745 3253; x_wconf 91' lang='lat' dir='ltr'><strong>autem</strong></span> <span class='ocrx_word' id='word_1_506' title='bbox 1777 3177 1822 3240; x_wconf 70' lang='grc' dir='ltr'>Ο</span> <span class='ocrx_word' id='word_1_507' title='bbox 1855 3199 2123 3256; x_wconf 87' lang='lat' dir='ltr'><strong>hortatur.</strong></span> 
     </span>
    </p>
   </div>
   <div class='ocr_carea' id='block_1_64' title="bbox 145 3293 1748 3364">
    <p class='ocr_par' dir='ltr' id='par_1_64' title="bbox 145 3293 1748 3364">
     <span class='ocr_line' id='line_1_64' title="bbox 145 3293 1748 3364; baseline -0.002 -12"><span class='ocrx_word' id='word_1_508' title='bbox 145 3298 459 3352; x_wconf 82' lang='lat' dir='ltr'><strong>irreverens</strong></span> <span class='ocrx_word' id='word_1_509' title='bbox 504 3304 560 3352; x_wconf 88' lang='lat' dir='ltr'><strong>et</strong></span> <span class='ocrx_word' id='word_1_510' title='bbox 606 3294 961 3364; x_wconf 76' lang='lat' dir='ltr'><strong>blaSpbemus</strong></span> <span class='ocrx_word' id='word_1_511' title='bbox 1009 3293 1132 3364; x_wconf 89' lang='lat' dir='ltr'><strong>quis</strong></span> <span class='ocrx_word' id='word_1_512' title='bbox 1175 3293 1278 3359; x_wconf 87' lang='lat' dir='ltr'><strong>sit,</strong></span> <span class='ocrx_word' id='word_1_513' title='bbox 1313 3301 1367 3348; x_wconf 91' lang='lat' dir='ltr'><strong>et</strong></span> <span class='ocrx_word' id='word_1_514' title='bbox 1397 3307 1582 3363; x_wconf 91' lang='lat' dir='ltr'><strong>pacem</strong></span> <span class='ocrx_word' id='word_1_515' title='bbox 1623 3307 1748 3348; x_wconf 92' lang='lat' dir='ltr'><strong>cum</strong></span> 
     </span>
    </p>
   </div>
   <div class='ocr_carea' id='block_1_65' title="bbox 144 3385 1747 3458">
    <p class='ocr_par' dir='ltr' id='par_1_65' title="bbox 144 3385 1747 3458">
     <span class='ocr_line' id='line_1_65' title="bbox 144 3385 1747 3458; baseline -0.005 -11"><span class='ocrx_word' id='word_1_516' title='bbox 144 3391 244 3447; x_wconf 91' lang='lat' dir='ltr'><strong>illo</strong></span> <span class='ocrx_word' id='word_1_517' title='bbox 270 3390 477 3446; x_wconf 82' lang='lat' dir='ltr'><strong>habere</strong></span> <span class='ocrx_word' id='word_1_518' title='bbox 499 3403 606 3444; x_wconf 92' lang='lat' dir='ltr'><strong>non</strong></span> <span class='ocrx_word' id='word_1_519' title='bbox 641 3388 850 3458; x_wconf 89' lang='lat' dir='ltr'><strong>possis,</strong></span> <span class='ocrx_word' id='word_1_520' title='bbox 887 3403 995 3442; x_wconf 89' lang='lat' dir='ltr'><strong>non</strong></span> <span class='ocrx_word' id='word_1_521' title='bbox 1030 3388 1215 3458; x_wconf 90' lang='lat' dir='ltr'><strong>utique</strong></span> <span class='ocrx_word' id='word_1_522' title='bbox 1247 3385 1346 3441; x_wconf 90' lang='lat' dir='ltr'><strong>tibi</strong></span> <span class='ocrx_word' id='word_1_523' title='bbox 1367 3385 1747 3440; x_wconf 89' lang='lat' dir='ltr'><strong>ascribcndum</strong></span> 
     </span>
    </p>
   </div>
   <div class='ocr_carea' id='block_1_66' title="bbox 144 3478 1753 3554">
    <p class='ocr_par' dir='ltr' id='par_1_66' title="bbox 144 3478 1753 3554">
     <span class='ocr_line' id='line_1_66' title="bbox 144 3478 1753 3554; baseline -0.004 -16"><span class='ocrx_word' id='word_1_524' title='bbox 144 3485 290 3548; x_wconf 88' lang='lat' dir='ltr'><strong>erit;</strong></span> <span class='ocrx_word' id='word_1_525' title='bbox 324 3483 452 3554; x_wconf 84' lang='lat' dir='ltr'><strong>quia</strong></span> <span class='ocrx_word' id='word_1_526' title='bbox 498 3482 610 3553; x_wconf 70' lang='lat'><strong>98</strong></span> <span class='ocrx_word' id='word_1_527' title='bbox 637 3480 876 3537; x_wconf 82' lang='lat' dir='ltr'><strong>Joannes</strong></span> <span class='ocrx_word' id='word_1_528' title='bbox 904 3479 1186 3550; x_wconf 89' lang='lat' dir='ltr'><strong>apostolus</strong></span> <span class='ocrx_word' id='word_1_529' title='bbox 1229 3478 1352 3532; x_wconf 90' lang='lat' dir='ltr'><strong>illos</strong></span> <span class='ocrx_word' id='word_1_530' title='bbox 1375 3521 1390 3545; x_wconf 93' lang='lat'><strong>,</strong></span> <span class='ocrx_word' id='word_1_531' title='bbox 1428 3479 1518 3548; x_wconf 87' lang='lat' dir='ltr'><strong>qui</strong></span> <span class='ocrx_word' id='word_1_532' title='bbox 1551 3486 1753 3548; x_wconf 85' lang='lat' dir='ltr'><strong>negant</strong></span> 
     </span>
    </p>
   </div>
   <div class='ocr_carea' id='block_1_67' title="bbox 145 3570 1753 3640">
    <p class='ocr_par' dir='ltr' id='par_1_67' title="bbox 145 3570 1753 3640">
     <span class='ocr_line' id='line_1_67' title="bbox 145 3570 1753 3640; baseline -0.005 -6"><span class='ocrx_word' id='word_1_533' title='bbox 145 3580 200 3634; x_wconf 93' lang='lat' dir='ltr'><strong>in</strong></span> <span class='ocrx_word' id='word_1_534' title='bbox 249 3593 419 3634; x_wconf 85' lang='lat' dir='ltr'><strong>carne</strong></span> <span class='ocrx_word' id='word_1_535' title='bbox 460 3577 736 3632; x_wconf 89' lang='lat' dir='ltr'><strong>Christum</strong></span> <span class='ocrx_word' id='word_1_536' title='bbox 783 3574 1033 3640; x_wconf 89' lang='lat' dir='ltr'><strong>venisse,</strong></span> <span class='ocrx_word' id='word_1_537' title='bbox 1083 3587 1184 3627; x_wconf 88' lang='lat' dir='ltr'><strong>nec</strong></span> <span class='ocrx_word' id='word_1_538' title='bbox 1233 3571 1459 3626; x_wconf 90' lang='lat' dir='ltr'><strong>salutari</strong></span> <span class='ocrx_word' id='word_1_539' title='bbox 1507 3570 1753 3640; x_wconf 83' lang='lat' dir='ltr'><strong>permisit</strong></span> 
     </span>
    </p>
   </div>
   <div class='ocr_carea' id='block_1_68' title="bbox 147 3664 1750 3743">
    <p class='ocr_par' dir='ltr' id='par_1_68' title="bbox 147 3664 1750 3743">
     <span class='ocr_line' id='line_1_68' title="bbox 147 3664 1750 3743; baseline -0.004 -18"><span class='ocrx_word' id='word_1_540' title='bbox 147 3670 218 3743; x_wconf 88' lang='lat' dir='ltr'><strong>(II</strong></span> <span class='ocrx_word' id='word_1_541' title='bbox 245 3670 409 3725; x_wconf 82' lang='lat' dir='ltr'><strong>Joan.</strong></span> <span class='ocrx_word' id='word_1_542' title='bbox 441 3669 559 3742; x_wconf 85' lang='lat' dir='ltr'><strong>vn).</strong></span> <span class='ocrx_word' id='word_1_543' title='bbox 589 3668 696 3724; x_wconf 86' lang='lat' dir='ltr'><strong>Nos</strong></span> <span class='ocrx_word' id='word_1_544' title='bbox 725 3684 854 3740; x_wconf 88' lang='lat' dir='ltr'><strong>ergo</strong></span> <span class='ocrx_word' id='word_1_545' title='bbox 884 3667 1057 3740; x_wconf 89' lang='lat' dir='ltr'><strong>parati</strong></span> <span class='ocrx_word' id='word_1_546' title='bbox 1085 3680 1294 3731; x_wconf 91' lang='lat' dir='ltr'><strong>sumus,</strong></span> <span class='ocrx_word' id='word_1_547' title='bbox 1324 3666 1368 3719; x_wconf 91' lang='lat' dir='ltr'><strong>si</strong></span> <span class='ocrx_word' id='word_1_548' title='bbox 1403 3664 1520 3721; x_wconf 89' lang='lat' dir='ltr'><strong>ﬁeri</strong></span> <span class='ocrx_word' id='word_1_549' title='bbox 1551 3673 1750 3736; x_wconf 86' lang='lat' dir='ltr'><strong>potest,</strong></span> 
     </span>
    </p>
   </div>
   <div class='ocr_carea' id='block_1_69' title="bbox 144 3759 1752 3834">
    <p class='ocr_par' dir='ltr' id='par_1_69' title="bbox 144 3759 1752 3834">
     <span class='ocr_line' id='line_1_69' title="bbox 144 3759 1752 3834; baseline -0.004 -14"><span class='ocrx_word' id='word_1_550' title='bbox 144 3775 210 3820; x_wconf 90' lang='lat' dir='ltr'><strong>ut</strong></span> <span class='ocrx_word' id='word_1_551' title='bbox 235 3781 364 3822; x_wconf 91' lang='lat' dir='ltr'><strong>cum</strong></span> <span class='ocrx_word' id='word_1_552' title='bbox 402 3764 654 3819; x_wconf 90' lang='lat' dir='ltr'><strong>omnibus</strong></span> <span class='ocrx_word' id='word_1_553' title='bbox 691 3778 876 3834; x_wconf 90' lang='lat' dir='ltr'><strong>pacem</strong></span> <span class='ocrx_word' id='word_1_554' title='bbox 925 3760 1222 3816; x_wconf 88' lang='lat' dir='ltr'><strong>habeamus</strong></span> <span class='ocrx_word' id='word_1_555' title='bbox 1253 3778 1266 3814; x_wconf 90' lang='lat'><strong>:</strong></span> <span class='ocrx_word' id='word_1_556' title='bbox 1299 3759 1418 3814; x_wconf 89' lang='lat' dir='ltr'><strong>aliis</strong></span> <span class='ocrx_word' id='word_1_557' title='bbox 1440 3769 1619 3814; x_wconf 90' lang='lat' dir='ltr'><strong>autem</strong></span> <span class='ocrx_word' id='word_1_558' title='bbox 1662 3773 1752 3815; x_wconf 87' lang='lat' dir='ltr'><strong>re-</strong></span> 
     </span>
    </p>
   </div>
   <div class='ocr_carea' id='block_1_70' title="bbox 143 3853 1754 3934">
    <p class='ocr_par' dir='ltr' id='par_1_70' title="bbox 143 3853 1754 3934">
     <span class='ocr_line' id='line_1_70' title="bbox 143 3853 1754 3934; baseline -0.005 -16"><span class='ocrx_word' id='word_1_559' title='bbox 143 3861 518 3934; x_wconf 83' lang='lat' dir='ltr'><strong>pugnantibus</strong></span> <span class='ocrx_word' id='word_1_560' title='bbox 546 3862 639 3915; x_wconf 87' lang='lat' dir='ltr'><strong>liet</strong></span> <span class='ocrx_word' id='word_1_561' title='bbox 665 3858 1000 3929; x_wconf 90' lang='lat' dir='ltr'><strong>impossibile</strong></span> <span class='ocrx_word' id='word_1_562' title='bbox 1023 3900 1038 3924; x_wconf 89' lang='lat'><strong>,</strong></span> <span class='ocrx_word' id='word_1_563' title='bbox 1081 3871 1188 3912; x_wconf 93' lang='lat' dir='ltr'><strong>non</strong></span> <span class='ocrx_word' id='word_1_564' title='bbox 1217 3871 1283 3912; x_wconf 81' lang='lat' dir='ltr'><strong>ex</strong></span> <span class='ocrx_word' id='word_1_565' title='bbox 1329 3855 1526 3920; x_wconf 86' lang='lat' dir='ltr'><strong>nobis;</strong></span> <span class='ocrx_word' id='word_1_566' title='bbox 1556 3853 1583 3892; x_wconf 68' lang='grc' dir='ltr'><strong>ι)</strong></span> <span class='ocrx_word' id='word_1_567' title='bbox 1612 3854 1655 3909; x_wconf 91' lang='lat' dir='ltr'><strong>si</strong></span> <span class='ocrx_word' id='word_1_568' title='bbox 1685 3855 1754 3910; x_wconf 91' lang='lat' dir='ltr'><strong>de</strong></span> 
     </span>
    </p>
   </div>
   <div class='ocr_carea' id='block_1_71' title="bbox 147 3947 1751 4022">
    <p class='ocr_par' dir='ltr' id='par_1_71' title="bbox 147 3947 1751 4022">
     <span class='ocr_line' id='line_1_71' title="bbox 147 3947 1751 4022; baseline -0.005 -12"><span class='ocrx_word' id='word_1_569' title='bbox 147 3955 316 4011; x_wconf 90' lang='lat' dir='ltr'><strong>nobis</strong></span> <span class='ocrx_word' id='word_1_570' title='bbox 358 3965 540 4008; x_wconf 90' lang='lat' dir='ltr'><strong>tamen</strong></span> <span class='ocrx_word' id='word_1_571' title='bbox 585 3953 802 4022; x_wconf 87' lang='lat' dir='ltr'><strong>querela</strong></span> <span class='ocrx_word' id='word_1_572' title='bbox 853 3951 1178 4022; x_wconf 90' lang='lat' dir='ltr'><strong>deponatur.</strong></span> <span class='ocrx_word' id='word_1_573' title='bbox 1214 3948 1316 4017; x_wconf 86' lang='lat' dir='ltr'><strong>Qui</strong></span> <span class='ocrx_word' id='word_1_574' title='bbox 1366 3948 1513 4004; x_wconf 88' lang='lat' dir='ltr'><strong>enim</strong></span> <span class='ocrx_word' id='word_1_575' title='bbox 1544 3947 1751 4002; x_wconf 90' lang='lat' dir='ltr'><strong>nullum</strong></span> 
     </span>
    </p>
   </div>
   <div class='ocr_carea' id='block_1_72' title="bbox 146 4045 1056 4118">
    <p class='ocr_par' dir='ltr' id='par_1_72' title="bbox 146 4045 1056 4118">
     <span class='ocr_line' id='line_1_72' title="bbox 146 4045 1056 4118; baseline -0.007 -14"><span class='ocrx_word' id='word_1_576' title='bbox 146 4047 309 4104; x_wconf 75' lang='lat' dir='ltr'><strong>Iazdit</strong></span> <span class='ocrx_word' id='word_1_577' title='bbox 327 4089 344 4114; x_wconf 96' lang='lat'><strong>,</strong></span> <span class='ocrx_word' id='word_1_578' title='bbox 375 4055 604 4118; x_wconf 88' lang='lat' dir='ltr'><strong>apparet</strong></span> <span class='ocrx_word' id='word_1_579' title='bbox 629 4061 750 4102; x_wconf 90' lang='lat' dir='ltr'><strong>esse</strong></span> <span class='ocrx_word' id='word_1_580' title='bbox 776 4045 1056 4116; x_wconf 88' lang='lat' dir='ltr'><strong>paciﬁcus.</strong></span> 
     </span>
    </p>
   </div>
   <div class='ocr_carea' id='block_1_73' title="bbox 223 4137 1760 4212">
    <p class='ocr_par' dir='ltr' id='par_1_73' title="bbox 223 4137 1760 4212">
     <span class='ocr_line' id='line_1_73' title="bbox 223 4137 1760 4212; baseline -0.006 -13"><span class='ocrx_word' id='word_1_581' title='bbox 223 4144 244 4212; x_wconf 94' lang='lat'><strong>(</strong></span> <span class='ocrx_word' id='word_1_582' title='bbox 269 4142 426 4198; x_wconf 84' lang='lat' dir='ltr'><strong>Vers.</strong></span> <span class='ocrx_word' id='word_1_583' title='bbox 463 4141 588 4208; x_wconf 77' lang='lat'><strong>19.)</strong></span> <span class='ocrx_word' id='word_1_584' title='bbox 623 4141 742 4195; x_wconf 81' lang='lat' dir='ltr'><strong>Non</strong></span> <span class='ocrx_word' id='word_1_585' title='bbox 769 4149 960 4195; x_wconf 88' lang='lat' dir='ltr'><strong>vosmet</strong></span> <span class='ocrx_word' id='word_1_586' title='bbox 987 4142 1126 4211; x_wconf 83' lang='lat' dir='ltr'><strong>ipsos</strong></span> <span class='ocrx_word' id='word_1_587' title='bbox 1152 4138 1482 4211; x_wconf 77' lang='lat' dir='ltr'><strong>defendentes</strong></span> <span class='ocrx_word' id='word_1_588' title='bbox 1501 4179 1518 4206; x_wconf 92' lang='lat'><strong>,</strong></span> <span class='ocrx_word' id='word_1_589' title='bbox 1560 4137 1760 4192; x_wconf 85' lang='lat' dir='ltr'><strong>charis-</strong></span> 
     </span>
    </p>
   </div>
   <div class='ocr_carea' id='block_1_74' title="bbox 145 4230 1758 4302">
    <p class='ocr_par' dir='ltr' id='par_1_74' title="bbox 145 4230 1758 4302">
     <span class='ocr_line' id='line_1_74' title="bbox 145 4230 1758 4302; baseline -0.002 -12"><span class='ocrx_word' id='word_1_590' title='bbox 145 4237 316 4302; x_wconf 86' lang='lat' dir='ltr'><strong>simi,</strong></span> <span class='ocrx_word' id='word_1_591' title='bbox 368 4235 459 4290; x_wconf 88' lang='lat' dir='ltr'><strong>sed</strong></span> <span class='ocrx_word' id='word_1_592' title='bbox 505 4235 624 4288; x_wconf 82' lang='lat' dir='ltr'><strong>date</strong></span> <span class='ocrx_word' id='word_1_593' title='bbox 667 4235 839 4288; x_wconf 87' lang='lat' dir='ltr'><strong>locum</strong></span> <span class='ocrx_word' id='word_1_594' title='bbox 869 4234 980 4287; x_wconf 81' lang='lat' dir='ltr'><strong>irae.</strong></span> <span class='ocrx_word' id='word_1_595' title='bbox 1017 4231 1086 4289; x_wconf 92' lang='lat' dir='ltr'><strong>Ut</strong></span> <span class='ocrx_word' id='word_1_596' title='bbox 1116 4231 1266 4302; x_wconf 91' lang='lat' dir='ltr'><strong>pacis</strong></span> <span class='ocrx_word' id='word_1_597' title='bbox 1315 4231 1521 4286; x_wconf 87' lang='lat' dir='ltr'><strong>foedera</strong></span> <span class='ocrx_word' id='word_1_598' title='bbox 1552 4230 1758 4287; x_wconf 85' lang='lat' dir='ltr'><strong>servari</strong></span> 
     </span>
    </p>
   </div>
   <div class='ocr_carea' id='block_1_75' title="bbox 149 4326 1759 4400">
    <p class='ocr_par' dir='ltr' id='par_1_75' title="bbox 149 4326 1759 4400">
     <span class='ocr_line' id='line_1_75' title="bbox 149 4326 1759 4400; baseline -0.004 -14"><span class='ocrx_word' id='word_1_599' title='bbox 149 4331 390 4400; x_wconf 87' lang='lat' dir='ltr'><strong>possint,</strong></span> <span class='ocrx_word' id='word_1_600' title='bbox 420 4330 490 4386; x_wconf 89' lang='lat' dir='ltr'><strong>ab</strong></span> <span class='ocrx_word' id='word_1_601' title='bbox 518 4329 592 4384; x_wconf 90' lang='lat' dir='ltr'><strong>ira</strong></span> <span class='ocrx_word' id='word_1_602' title='bbox 626 4326 1080 4384; x_wconf 87' lang='lat' dir='ltr'><strong>dissimulandum</strong></span> <span class='ocrx_word' id='word_1_603' title='bbox 1109 4335 1332 4389; x_wconf 90' lang='lat' dir='ltr'><strong>monet,</strong></span> <span class='ocrx_word' id='word_1_604' title='bbox 1365 4326 1600 4380; x_wconf 81' lang='lat' dir='ltr'><strong>maxime</strong></span> <span class='ocrx_word' id='word_1_605' title='bbox 1625 4341 1759 4396; x_wconf 80' lang='lat' dir='ltr'><strong>quo-</strong></span> 
     </span>
    </p>
   </div>
   <div class='ocr_carea' id='block_1_76' title="bbox 147 4417 1760 4493">
    <p class='ocr_par' dir='ltr' id='par_1_76' title="bbox 147 4417 1760 4493">
     <span class='ocr_line' id='line_1_76' title="bbox 147 4417 1760 4493; baseline -0.002 -14"><span class='ocrx_word' id='word_1_606' title='bbox 147 4424 302 4479; x_wconf 88' lang='lat' dir='ltr'><strong>niam</strong></span> <span class='ocrx_word' id='word_1_607' title='bbox 327 4423 468 4479; x_wconf 90' lang='lat' dir='ltr'><strong>solet</strong></span> <span class='ocrx_word' id='word_1_608' title='bbox 492 4436 586 4493; x_wconf 91' lang='lat' dir='ltr'><strong>per</strong></span> <span class='ocrx_word' id='word_1_609' title='bbox 607 4421 744 4476; x_wconf 90' lang='lat' dir='ltr'><strong>iram</strong></span> <span class='ocrx_word' id='word_1_610' title='bbox 774 4421 1008 4490; x_wconf 88' lang='lat' dir='ltr'><strong>peccari,</strong></span> <span class='ocrx_word' id='word_1_611' title='bbox 1032 4434 1154 4475; x_wconf 90' lang='lat' dir='ltr'><strong>cum</strong></span> <span class='ocrx_word' id='word_1_612' title='bbox 1183 4417 1400 4491; x_wconf 88' lang='lat' dir='ltr'><strong>quando</strong></span> <span class='ocrx_word' id='word_1_613' title='bbox 1426 4419 1549 4490; x_wconf 89' lang='lat' dir='ltr'><strong>quis</strong></span> <span class='ocrx_word' id='word_1_614' title='bbox 1577 4420 1760 4475; x_wconf 86' lang='lat' dir='ltr'><strong>furore</strong></span> 
     </span>
    </p>
   </div>
   <div class='ocr_carea' id='block_1_77' title="bbox 148 4517 1756 4592">
    <p class='ocr_par' dir='ltr' id='par_1_77' title="bbox 148 4517 1756 4592">
     <span class='ocr_line' id='line_1_77' title="bbox 148 4517 1756 4592; baseline -0.004 -16"><span class='ocrx_word' id='word_1_615' title='bbox 148 4530 484 4589; x_wconf 87' lang='lat' dir='ltr'><strong>commotus,</strong></span> <span class='ocrx_word' id='word_1_616' title='bbox 518 4521 638 4590; x_wconf 92' lang='lat' dir='ltr'><strong>plus</strong></span> <span class='ocrx_word' id='word_1_617' title='bbox 669 4519 859 4590; x_wconf 81' lang='lat' dir='ltr'><strong>exigit,</strong></span> <span class='ocrx_word' id='word_1_618' title='bbox 886 4534 1048 4592; x_wconf 86' lang='lat' dir='ltr'><strong>quam</strong></span> <span class='ocrx_word' id='word_1_619' title='bbox 1078 4519 1317 4589; x_wconf 91' lang='lat' dir='ltr'><strong>postulet</strong></span> <span class='ocrx_word' id='word_1_620' title='bbox 1344 4533 1506 4573; x_wconf 90' lang='lat' dir='ltr'><strong>causa</strong></span> <span class='ocrx_word' id='word_1_621' title='bbox 1535 4517 1718 4572; x_wconf 90' lang='lat' dir='ltr'><strong>delicti</strong></span> <span class='ocrx_word' id='word_1_622' title='bbox 1744 4534 1756 4570; x_wconf 85' lang='lat'><strong>:</strong></span> 
     </span>
    </p>
   </div>
   <div class='ocr_carea' id='block_1_78' title="bbox 147 4611 1762 4684">
    <p class='ocr_par' dir='ltr' id='par_1_78' title="bbox 147 4611 1762 4684">
     <span class='ocr_line' id='line_1_78' title="bbox 147 4611 1762 4684; baseline -0.003 -14"><span class='ocrx_word' id='word_1_623' title='bbox 147 4623 251 4670; x_wconf 87' lang='lat' dir='ltr'><strong>aut</strong></span> <span class='ocrx_word' id='word_1_624' title='bbox 280 4614 381 4670; x_wconf 91' lang='lat' dir='ltr'><strong>sibi</strong></span> <span class='ocrx_word' id='word_1_625' title='bbox 412 4615 516 4684; x_wconf 89' lang='lat' dir='ltr'><strong>ipsi</strong></span> <span class='ocrx_word' id='word_1_626' title='bbox 549 4613 954 4669; x_wconf 90' lang='lat' dir='ltr'><strong>incommodum</strong></span> <span class='ocrx_word' id='word_1_627' title='bbox 982 4620 1236 4684; x_wconf 54' lang='lat' dir='ltr'><strong>praestat,</strong></span> <span class='ocrx_word' id='word_1_628' title='bbox 1278 4612 1322 4667; x_wconf 90' lang='lat' dir='ltr'><strong>si</strong></span> <span class='ocrx_word' id='word_1_629' title='bbox 1353 4611 1601 4683; x_wconf 86' lang='lat' dir='ltr'><strong>graviora</strong></span> <span class='ocrx_word' id='word_1_630' title='bbox 1635 4625 1762 4681; x_wconf 89' lang='lat' dir='ltr'><strong>pec-</strong></span> 
     </span>
    </p>
   </div>
   <div class='ocr_carea' id='block_1_79' title="bbox 147 4703 1760 4779">
    <p class='ocr_par' dir='ltr' id='par_1_79' title="bbox 147 4703 1760 4779">
     <span class='ocr_line' id='line_1_79' title="bbox 147 4703 1760 4779; baseline -0.002 -18"><span class='ocrx_word' id='word_1_631' title='bbox 147 4716 281 4763; x_wconf 89' lang='lat' dir='ltr'><strong>cata</strong></span> <span class='ocrx_word' id='word_1_632' title='bbox 330 4707 728 4779; x_wconf 89' lang='lat' dir='ltr'><strong>iucompctenti</strong></span> <span class='ocrx_word' id='word_1_633' title='bbox 773 4705 1012 4761; x_wconf 88' lang='lat' dir='ltr'><strong>vindicta</strong></span> <span class='ocrx_word' id='word_1_634' title='bbox 1057 4705 1171 4760; x_wconf 90' lang='lat' dir='ltr'><strong>vult</strong></span> <span class='ocrx_word' id='word_1_635' title='bbox 1211 4705 1481 4776; x_wconf 79' lang='lat' dir='ltr'><strong>exsequi;</strong></span> <span class='ocrx_word' id='word_1_636' title='bbox 1527 4703 1760 4759; x_wconf 91' lang='lat' dir='ltr'><strong>debilem</strong></span> 
     </span>
    </p>
   </div>
   <div class='ocr_carea' id='block_1_80' title="bbox 150 4796 1763 4871">
    <p class='ocr_par' dir='ltr' id='par_1_80' title="bbox 150 4796 1763 4871">
     <span class='ocr_line' id='line_1_80' title="bbox 150 4796 1763 4871; baseline -0.002 -16"><span class='ocrx_word' id='word_1_637' title='bbox 150 4798 308 4855; x_wconf 88' lang='lat' dir='ltr'><strong>enim</strong></span> <span class='ocrx_word' id='word_1_638' title='bbox 358 4800 567 4867; x_wconf 88' lang='lat' dir='ltr'><strong>efﬁcit,</strong></span> <span class='ocrx_word' id='word_1_639' title='bbox 617 4815 782 4871; x_wconf 90' lang='lat' dir='ltr'><strong>quem</strong></span> <span class='ocrx_word' id='word_1_640' title='bbox 831 4799 1008 4870; x_wconf 92' lang='lat' dir='ltr'><strong>potuit</strong></span> <span class='ocrx_word' id='word_1_641' title='bbox 1056 4797 1404 4855; x_wconf 89' lang='lat' dir='ltr'><strong>emendatum</strong></span> <span class='ocrx_word' id='word_1_642' title='bbox 1456 4796 1658 4853; x_wconf 91' lang='lat' dir='ltr'><strong>habere</strong></span> <span class='ocrx_word' id='word_1_643' title='bbox 1707 4805 1763 4852; x_wconf 92' lang='lat' dir='ltr'><strong>et</strong></span> 
     </span>
    </p>
   </div>
   <div class='ocr_carea' id='block_1_81' title="bbox 149 4891 1762 4964">
    <p class='ocr_par' dir='ltr' id='par_1_81' title="bbox 149 4891 1762 4964">
     <span class='ocr_line' id='line_1_81' title="bbox 149 4891 1762 4964; baseline -0.004 -14"><span class='ocrx_word' id='word_1_644' title='bbox 149 4908 376 4950; x_wconf 87' lang='lat' dir='ltr'><strong>sanum.</strong></span> <span class='ocrx_word' id='word_1_645' title='bbox 411 4893 563 4952; x_wconf 90' lang='lat' dir='ltr'><strong>Unde</strong></span> <span class='ocrx_word' id='word_1_646' title='bbox 607 4908 663 4950; x_wconf 89' lang='lat' dir='ltr'><strong>et</strong></span> <span class='ocrx_word' id='word_1_647' title='bbox 707 4893 1008 4951; x_wconf 88' lang='lat' dir='ltr'><strong>Salomon:</strong></span> <span class='ocrx_word' id='word_1_648' title='bbox 1043 4891 1210 4958; x_wconf 86' lang='lat' dir='ltr'><strong>Noli,</strong></span> <span class='ocrx_word' id='word_1_649' title='bbox 1263 4893 1380 4958; x_wconf 92' lang='lat' dir='ltr'><strong>ait,</strong></span> <span class='ocrx_word' id='word_1_650' title='bbox 1427 4894 1607 4964; x_wconf 85' lang='lat' dir='ltr'><strong>justus</strong></span> <span class='ocrx_word' id='word_1_651' title='bbox 1654 4906 1762 4945; x_wconf 86' lang='lat' dir='ltr'><strong>esse</strong></span> 
     </span>
    </p>
   </div>
   <div class='ocr_carea' id='block_1_82' title="bbox 151 4985 1763 5060">
    <p class='ocr_par' dir='ltr' id='par_1_82' title="bbox 151 4985 1763 5060">
     <span class='ocr_line' id='line_1_82' title="bbox 151 4985 1763 5060; baseline -0.003 -16"><span class='ocrx_word' id='word_1_652' title='bbox 151 4990 384 5044; x_wconf 81' lang='lat' dir='ltr'><strong>multum</strong></span> <span class='ocrx_word' id='word_1_653' title='bbox 401 4999 522 5055; x_wconf 86' lang='lat' dir='ltr'><strong>;est</strong></span> <span class='ocrx_word' id='word_1_654' title='bbox 571 4991 748 5057; x_wconf 89' lang='lat' dir='ltr'><strong>enim,</strong></span> <span class='ocrx_word' id='word_1_655' title='bbox 801 4989 1012 5060; x_wconf 88' lang='lat' dir='ltr'><strong>inquit,</strong></span> <span class='ocrx_word' id='word_1_656' title='bbox 1064 4987 1151 5056; x_wconf 87' lang='lat' dir='ltr'><strong>qui</strong></span> <span class='ocrx_word' id='word_1_657' title='bbox 1199 4987 1330 5059; x_wconf 87' lang='lat' dir='ltr'><strong>perit</strong></span> <span class='ocrx_word' id='word_1_658' title='bbox 1362 4986 1414 5040; x_wconf 89' lang='lat' dir='ltr'><strong>in</strong></span> <span class='ocrx_word' id='word_1_659' title='bbox 1441 5002 1537 5041; x_wconf 86' lang='lat' dir='ltr'><strong>sua</strong></span> <span class='ocrx_word' id='word_1_660' title='bbox 1553 4985 1763 5057; x_wconf 83' lang='lat' dir='ltr'><strong>justitia</strong></span> 
     </span>
    </p>
   </div>
   <div class='ocr_carea' id='block_1_83' title="bbox 149 5083 1761 5157">
    <p class='ocr_par' dir='ltr' id='par_1_83' title="bbox 149 5083 1761 5157">
     <span class='ocr_line' id='line_1_83' title="bbox 149 5083 1761 5157; baseline -0.001 -18"><span class='ocrx_word' id='word_1_661' title='bbox 149 5083 398 5156; x_wconf 83' lang='lat' dir='ltr'><strong>(Eccles.</strong></span> <span class='ocrx_word' id='word_1_662' title='bbox 454 5101 564 5154; x_wconf 86' lang='lat' dir='ltr'><strong>vn,</strong></span> <span class='ocrx_word' id='word_1_663' title='bbox 619 5087 744 5157; x_wconf 82' lang='grc'><strong>17).</strong></span> <span class='ocrx_word' id='word_1_664' title='bbox 797 5085 1002 5141; x_wconf 81' lang='lat' dir='ltr'><strong>Volens</strong></span> <span class='ocrx_word' id='word_1_665' title='bbox 1051 5085 1199 5140; x_wconf 92' lang='lat' dir='ltr'><strong>enim</strong></span> <span class='ocrx_word' id='word_1_666' title='bbox 1247 5085 1474 5156; x_wconf 86' lang='lat' dir='ltr'><strong>singulis</strong></span> <span class='ocrx_word' id='word_1_667' title='bbox 1524 5083 1761 5155; x_wconf 88' lang='lat' dir='ltr'><strong>peccatis</strong></span> 
     </span>
    </p>
   </div>
   <div class='ocr_carea' id='block_1_84' title="bbox 151 5178 1762 5251">
    <p class='ocr_par' dir='ltr' id='par_1_84' title="bbox 151 5178 1762 5251">
     <span class='ocr_line' id='line_1_84' title="bbox 151 5178 1762 5251; baseline -0.002 -13"><span class='ocrx_word' id='word_1_668' title='bbox 151 5179 521 5251; x_wconf 86' lang='lat' dir='ltr'><strong>respondere,</strong></span> <span class='ocrx_word' id='word_1_669' title='bbox 552 5181 695 5235; x_wconf 85' lang='lat' dir='ltr'><strong>circa</strong></span> <span class='ocrx_word' id='word_1_670' title='bbox 721 5179 1018 5236; x_wconf 79' lang='lat' dir='ltr'><strong>vindiCtam</strong></span> <span class='ocrx_word' id='word_1_671' title='bbox 1046 5188 1278 5235; x_wconf 90' lang='lat' dir='ltr'><strong>mortem</strong></span> <span class='ocrx_word' id='word_1_672' title='bbox 1307 5186 1485 5250; x_wconf 89' lang='lat' dir='ltr'><strong>potest</strong></span> <span class='ocrx_word' id='word_1_673' title='bbox 1515 5178 1762 5235; x_wconf 90' lang='lat' dir='ltr'><strong>invenire</strong></span> 
     </span>
    </p>
   </div>
   <div class='ocr_carea' id='block_1_85' title="bbox 154 5272 1759 5346">
    <p class='ocr_par' dir='ltr' id='par_1_85' title="bbox 154 5272 1759 5346">
     <span class='ocr_line' id='line_1_85' title="bbox 154 5272 1759 5346; baseline -0.001 -18"><span class='ocrx_word' id='word_1_674' title='bbox 154 5282 274 5328; x_wconf 89' lang='lat' dir='ltr'><strong>tam</strong></span> <span class='ocrx_word' id='word_1_675' title='bbox 309 5273 448 5341; x_wconf 91' lang='lat' dir='ltr'><strong>sibi,</strong></span> <span class='ocrx_word' id='word_1_676' title='bbox 494 5289 656 5346; x_wconf 88' lang='lat' dir='ltr'><strong>quam</strong></span> <span class='ocrx_word' id='word_1_677' title='bbox 685 5275 733 5330; x_wconf 92' lang='lat' dir='ltr'><strong>ei</strong></span> <span class='ocrx_word' id='word_1_678' title='bbox 763 5289 923 5344; x_wconf 88' lang='lat' dir='ltr'><strong>quem</strong></span> <span class='ocrx_word' id='word_1_679' title='bbox 953 5272 1124 5344; x_wconf 88' lang='lat' dir='ltr'><strong>plagis</strong></span> <span class='ocrx_word' id='word_1_680' title='bbox 1149 5272 1378 5344; x_wconf 85' lang='lat' dir='ltr'><strong>afﬂigit;</strong></span> <span class='ocrx_word' id='word_1_681' title='bbox 1411 5273 1590 5329; x_wconf 91' lang='lat' dir='ltr'><strong>solent</strong></span> <span class='ocrx_word' id='word_1_682' title='bbox 1615 5273 1759 5329; x_wconf 89' lang='lat' dir='ltr'><strong>enim</strong></span> 
     </span>
    </p>
   </div>
   <div class='ocr_carea' id='block_1_86' title="bbox 234 5413 1768 5482">
    <p class='ocr_par' dir='ltr' id='par_1_86' title="bbox 234 5413 1768 5482">
     <span class='ocr_line' id='line_1_86' title="bbox 234 5413 1768 5482; baseline -0.001 -13"><span class='ocrx_word' id='word_1_683' title='bbox 234 5425 290 5469; x_wconf 85' lang='grc' dir='ltr'><strong>ει.</strong></span> <span class='ocrx_word' id='word_1_684' title='bbox 323 5413 400 5470; x_wconf 88' lang='lat' dir='ltr'><strong>Ita</strong></span> <span class='ocrx_word' id='word_1_685' title='bbox 432 5415 569 5472; x_wconf 87' lang='lat' dir='ltr'><strong>edit.</strong></span> <span class='ocrx_word' id='word_1_686' title='bbox 603 5429 793 5470; x_wconf 90' lang='lat' dir='ltr'><strong>omnes</strong></span> <span class='ocrx_word' id='word_1_687' title='bbox 823 5429 946 5471; x_wconf 87' lang='lat' dir='ltr'><strong>cum</strong></span> <span class='ocrx_word' id='word_1_688' title='bbox 979 5428 1110 5469; x_wconf 88' lang='lat' dir='ltr'><strong>mss.</strong></span> <span class='ocrx_word' id='word_1_689' title='bbox 1133 5413 1454 5482; x_wconf 87' lang='lat' dir='ltr'><strong>quibusdam</strong></span> <span class='ocrx_word' id='word_1_690' title='bbox 1483 5431 1494 5467; x_wconf 91' lang='lat'>:</span> <span class='ocrx_word' id='word_1_691' title='bbox 1521 5413 1612 5468; x_wconf 88' lang='lat' dir='ltr'><strong>alii</strong></span> <span class='ocrx_word' id='word_1_692' title='bbox 1635 5427 1768 5468; x_wconf 88' lang='lat' dir='ltr'><strong>vero</strong></span> 
     </span>
    </p>
   </div>
   <div class='ocr_carea' id='block_1_87' title="bbox 155 5486 1766 5560">
    <p class='ocr_par' dir='ltr' id='par_1_87' title="bbox 155 5486 1766 5560">
     <span class='ocr_line' id='line_1_87' title="bbox 155 5486 1766 5560; baseline -0.004 -17"><span class='ocrx_word' id='word_1_693' title='bbox 155 5502 306 5543; x_wconf 85' lang='lat' dir='ltr'><strong>mss.</strong></span> <span class='ocrx_word' id='word_1_694' title='bbox 339 5503 442 5541; x_wconf 90' lang='lat' dir='ltr'><strong>non</strong></span> <span class='ocrx_word' id='word_1_695' title='bbox 467 5503 632 5560; x_wconf 84' lang='lat' dir='ltr'><strong>parvo</strong></span> <span class='ocrx_word' id='word_1_696' title='bbox 659 5501 907 5554; x_wconf 84' lang='lat' dir='ltr'><strong>numero,</strong></span> <span class='ocrx_word' id='word_1_697' title='bbox 931 5487 1018 5556; x_wconf 85' lang='lat' dir='ltr'><strong>qui</strong></span> <span class='ocrx_word' id='word_1_698' title='bbox 1041 5487 1265 5560; x_wconf 77' lang='lat' dir='ltr'><strong>divinam</strong></span> <span class='ocrx_word' id='word_1_699' title='bbox 1294 5501 1493 5540; x_wconf 88' lang='lat' dir='ltr'><strong>servare</strong></span> <span class='ocrx_word' id='word_1_700' title='bbox 1506 5486 1766 5560; x_wconf 75' lang='lat' dir='ltr'><strong>justitiam</strong></span> 
     </span>
    </p>
   </div>
   <div class='ocr_carea' id='block_1_88' title="bbox 152 5558 1768 5628">
    <p class='ocr_par' dir='ltr' id='par_1_88' title="bbox 152 5558 1768 5628">
     <span class='ocr_line' id='line_1_88' title="bbox 152 5558 1768 5628; baseline -0.002 -14"><span class='ocrx_word' id='word_1_701' title='bbox 152 5560 424 5614; x_wconf 82' lang='lat' dir='ltr'><strong>videntur.</strong></span> <span class='ocrx_word' id='word_1_702' title='bbox 475 5558 536 5615; x_wconf 88' lang='lat' dir='ltr'><strong>Si</strong></span> <span class='ocrx_word' id='word_1_703' title='bbox 561 5560 693 5628; x_wconf 86' lang='lat' dir='ltr'><strong>quis,</strong></span> <span class='ocrx_word' id='word_1_704' title='bbox 716 5569 845 5614; x_wconf 90' lang='lat' dir='ltr'><strong>etc.:</strong></span> <span class='ocrx_word' id='word_1_705' title='bbox 879 5559 1122 5628; x_wconf 90' lang='lat' dir='ltr'><strong>sequenti</strong></span> <span class='ocrx_word' id='word_1_706' title='bbox 1146 5567 1322 5613; x_wconf 91' lang='lat' dir='ltr'><strong>autem</strong></span> <span class='ocrx_word' id='word_1_707' title='bbox 1352 5558 1518 5613; x_wconf 85' lang='lat' dir='ltr'><strong>versu</strong></span> <span class='ocrx_word' id='word_1_708' title='bbox 1544 5573 1640 5628; x_wconf 87' lang='lat' dir='ltr'><strong>pro</strong></span> <span class='ocrx_word' id='word_1_709' title='bbox 1668 5558 1768 5610; x_wconf 87' lang='lat' dir='ltr'><strong>ini-</strong></span> 
     </span>
    </p>
   </div>
   <div class='ocr_carea' id='block_1_89' title="bbox 154 5631 1377 5702">
    <p class='ocr_par' dir='ltr' id='par_1_89' title="bbox 154 5631 1377 5702">
     <span class='ocr_line' id='line_1_89' title="bbox 154 5631 1377 5702; baseline -0.002 -17"><span class='ocrx_word' id='word_1_710' title='bbox 154 5632 356 5702; x_wconf 71' lang='lat' dir='ltr'><strong>micus,</strong></span> <span class='ocrx_word' id='word_1_711' title='bbox 385 5631 542 5685; x_wconf 82' lang='lat' dir='ltr'><strong>Rom.</strong></span> <span class='ocrx_word' id='word_1_712' title='bbox 577 5632 706 5702; x_wconf 7' lang='lat' dir='ltr'><strong>cidit.</strong></span> <span class='ocrx_word' id='word_1_713' title='bbox 740 5632 1005 5702; x_wconf 85' lang='lat' dir='ltr'><strong>reposuit,</strong></span> <span class='ocrx_word' id='word_1_714' title='bbox 1037 5631 1377 5700; x_wconf 78' lang='lat' dir='ltr'><strong>impacificus.</strong></span> 
     </span>
    </p>
   </div>
   <div class='ocr_carea' id='block_1_90' title="bbox 237 5699 1759 5784">
    <p class='ocr_par' dir='ltr' id='par_1_90' title="bbox 237 5699 1759 5784">
     <span class='ocr_line' id='line_1_90' title="bbox 237 5699 1759 5784; baseline 0.002 -30"><span class='ocrx_word' id='word_1_715' title='bbox 237 5702 269 5740; x_wconf 75' lang='grc' dir='ltr'><strong>ι)</strong></span> <span class='ocrx_word' id='word_1_716' title='bbox 300 5699 501 5784; x_wconf 77' lang='lat' dir='ltr'><strong>anes</strong></span> <span class='ocrx_word' id='word_1_717' title='bbox 531 5701 658 5784; x_wconf 74' lang='lat' dir='ltr'><strong>edit.</strong></span> <span class='ocrx_word' id='word_1_718' title='bbox 693 5717 756 5757; x_wconf 89' lang='lat' dir='ltr'><strong>ac</strong></span> <span class='ocrx_word' id='word_1_719' title='bbox 789 5699 922 5757; x_wconf 84' lang='lat' dir='ltr'><strong>mss.</strong></span> <span class='ocrx_word' id='word_1_720' title='bbox 949 5704 1172 5784; x_wconf 86' lang='lat' dir='ltr'><strong>aliquot,</strong></span> <span class='ocrx_word' id='word_1_721' title='bbox 1217 5699 1259 5755; x_wconf 87' lang='lat' dir='ltr'><strong>si</strong></span> <span class='ocrx_word' id='word_1_722' title='bbox 1281 5703 1350 5784; x_wconf 40' lang='lat' dir='ltr'><strong>de.</strong></span> <span class='ocrx_word' id='word_1_723' title='bbox 1371 5703 1516 5757; x_wconf 87' lang='lat' dir='ltr'><strong>nobis</strong></span> <span class='ocrx_word' id='word_1_724' title='bbox 1538 5712 1759 5784; x_wconf 46' lang='lat' dir='ltr'><strong>.tnntum</strong></span> 
     </span>
    </p>
   </div>
   <div class='ocr_carea' id='block_1_91' title="bbox 156 5773 1754 5844">
    <p class='ocr_par' dir='ltr' id='par_1_91' title="bbox 156 5773 1754 5844">
     <span class='ocr_line' id='line_1_91' title="bbox 156 5773 1754 5844; baseline -0.003 -14"><span class='ocrx_word' id='word_1_725' title='bbox 156 5775 379 5841; x_wconf 83' lang='lat' dir='ltr'><strong>querela</strong></span> <span class='ocrx_word' id='word_1_726' title='bbox 405 5789 508 5828; x_wconf 88' lang='lat' dir='ltr'><strong>non</strong></span> <span class='ocrx_word' id='word_1_727' title='bbox 529 5774 813 5844; x_wconf 86' lang='lat' dir='ltr'><strong>deponatur</strong></span> <span class='ocrx_word' id='word_1_728' title='bbox 833 5773 1049 5829; x_wconf 70' lang='lat' dir='ltr'><strong>:cmteri</strong></span> <span class='ocrx_word' id='word_1_729' title='bbox 1073 5788 1203 5826; x_wconf 85' lang='lat' dir='ltr'><strong>mss.</strong></span> <span class='ocrx_word' id='word_1_730' title='bbox 1229 5773 1508 5825; x_wconf 84' lang='lat' dir='ltr'><strong>nobiseum</strong></span> <span class='ocrx_word' id='word_1_731' title='bbox 1534 5774 1754 5826; x_wconf 84' lang='lat' dir='ltr'><strong>faciunt.</strong></span> 
     </span>
    </p>
   </div>
   <div class='ocr_carea' id='block_1_92' title="bbox 158 5843 1760 5918">
    <p class='ocr_par' dir='ltr' id='par_1_92' title="bbox 158 5843 1760 5918">
     <span class='ocr_line' id='line_1_92' title="bbox 158 5843 1760 5918; baseline -0.003 -13"><span class='ocrx_word' id='word_1_732' title='bbox 158 5847 235 5906; x_wconf 84' lang='lat' dir='ltr'><strong>At</strong></span> <span class='ocrx_word' id='word_1_733' title='bbox 268 5848 519 5918; x_wconf 84' lang='lat' dir='ltr'><strong>sequenti</strong></span> <span class='ocrx_word' id='word_1_734' title='bbox 554 5843 697 5902; x_wconf 83' lang='lat' dir='ltr'><strong>textu</strong></span> <span class='ocrx_word' id='word_1_735' title='bbox 743 5862 837 5917; x_wconf 91' lang='lat' dir='ltr'><strong>pro</strong></span> <span class='ocrx_word' id='word_1_736' title='bbox 873 5845 1219 5916; x_wconf 78' lang='lat' dir='ltr'><strong>defendentes,</strong></span> <span class='ocrx_word' id='word_1_737' title='bbox 1265 5843 1420 5898; x_wconf 81' lang='lat' dir='ltr'><strong>Rom.</strong></span> <span class='ocrx_word' id='word_1_738' title='bbox 1451 5843 1583 5899; x_wconf 86' lang='lat' dir='ltr'><strong>edit.</strong></span> <span class='ocrx_word' id='word_1_739' title='bbox 1635 5845 1760 5900; x_wconf 91' lang='lat' dir='ltr'><strong>licet</strong></span> 
     </span>
    </p>
   </div>
   <div class='ocr_carea' id='block_1_93' title="bbox 1927 3292 3459 3369">
    <p class='ocr_par' dir='ltr' id='par_1_93' title="bbox 1927 3292 3459 3369">
     <span class='ocr_line' id='line_1_93' title="bbox 1927 3292 3459 3369; baseline 0.012 -23"><span class='ocrx_word' id='word_1_740' title='bbox 1927 3292 2120 3363; x_wconf 86' lang='lat' dir='ltr'><strong>(Vers.</strong></span> <span class='ocrx_word' id='word_1_741' title='bbox 2151 3293 2281 3366; x_wconf 78' lang='grc'><strong>21.)</strong></span> <span class='ocrx_word' id='word_1_742' title='bbox 2315 3294 2444 3350; x_wconf 87' lang='lat' dir='ltr'><strong>Noli</strong></span> <span class='ocrx_word' id='word_1_743' title='bbox 2486 3297 2617 3352; x_wconf 76' lang='lat' dir='ltr'><strong>vinci</strong></span> <span class='ocrx_word' id='word_1_744' title='bbox 2656 3315 2688 3353; x_wconf 84' lang='grc' dir='ltr'><strong><em>α</em></strong></span> <span class='ocrx_word' id='word_1_745' title='bbox 2715 3301 2888 3369; x_wconf 90' lang='lat' dir='ltr'><strong>malo,</strong></span> <span class='ocrx_word' id='word_1_746' title='bbox 2925 3303 3016 3360; x_wconf 85' lang='lat' dir='ltr'><strong>se&#39;d</strong></span> <span class='ocrx_word' id='word_1_747' title='bbox 3059 3306 3200 3362; x_wconf 81' lang='lat' dir='ltr'><strong>vince</strong></span> <span class='ocrx_word' id='word_1_748' title='bbox 3228 3308 3282 3362; x_wconf 88' lang='lat' dir='ltr'><strong>in</strong></span> <span class='ocrx_word' id='word_1_749' title='bbox 3324 3308 3459 3365; x_wconf 85' lang='lat' dir='ltr'><strong>bono</strong></span> 
     </span>
    </p>
   </div>
   <div class='ocr_carea' id='block_1_94' title="bbox 1854 3385 3458 3473">
    <p class='ocr_par' dir='ltr' id='par_1_94' title="bbox 1854 3385 3458 3473">
     <span class='ocr_line' id='line_1_94' title="bbox 1854 3385 3458 3473; baseline 0.013 -36"><span class='ocrx_word' id='word_1_750' title='bbox 1854 3385 2064 3439; x_wconf 88' lang='lat' dir='ltr'><strong>malttnt.</strong></span> <span class='ocrx_word' id='word_1_751' title='bbox 2101 3387 2229 3442; x_wconf 76' lang='lat' dir='ltr'><strong>llzcc</strong></span> <span class='ocrx_word' id='word_1_752' title='bbox 2273 3386 2660 3460; x_wconf 86' lang='lat' dir='ltr'><strong>interpretatio</strong></span> <span class='ocrx_word' id='word_1_753' title='bbox 2686 3390 2934 3464; x_wconf 86' lang='lat' dir='ltr'><strong>Apostoli</strong></span> <span class='ocrx_word' id='word_1_754' title='bbox 2965 3407 3050 3453; x_wconf 92' lang='lat' dir='ltr'><strong>est</strong></span> <span class='ocrx_word' id='word_1_755' title='bbox 3079 3399 3458 3473; x_wconf 83' lang='lat' dir='ltr'><strong>cobortantis,</strong></span> 
     </span>
    </p>
   </div>
   <div class='ocr_carea' id='block_1_95' title="bbox 1855 3478 3461 3553">
    <p class='ocr_par' dir='ltr' id='par_1_95' title="bbox 1855 3478 3461 3553">
     <span class='ocr_line' id='line_1_95' title="bbox 1855 3478 3461 3553; baseline 0.013 -22"><span class='ocrx_word' id='word_1_756' title='bbox 1855 3491 1924 3532; x_wconf 89' lang='lat' dir='ltr'><strong>ne</strong></span> <span class='ocrx_word' id='word_1_757' title='bbox 1952 3478 2122 3534; x_wconf 91' lang='lat' dir='ltr'><strong>vicem</strong></span> <span class='ocrx_word' id='word_1_758' title='bbox 2154 3479 2448 3538; x_wconf 89' lang='lat' dir='ltr'><strong>reddamus</strong></span> <span class='ocrx_word' id='word_1_759' title='bbox 2473 3483 2744 3553; x_wconf 89' lang='lat' dir='ltr'><strong>inimicis,</strong></span> <span class='ocrx_word' id='word_1_760' title='bbox 2778 3487 2922 3544; x_wconf 88' lang='lat' dir='ltr'><strong>sicut</strong></span> <span class='ocrx_word' id='word_1_761' title='bbox 2950 3489 3154 3548; x_wconf 92' lang='lat' dir='ltr'><strong>dictum</strong></span> <span class='ocrx_word' id='word_1_762' title='bbox 3183 3502 3286 3549; x_wconf 91' lang='lat' dir='ltr'><strong>est.</strong></span> <span class='ocrx_word' id='word_1_763' title='bbox 3321 3495 3461 3551; x_wconf 85' lang='lat' dir='ltr'><strong>Mul-</strong></span> 
     </span>
    </p>
   </div>
   <div class='ocr_carea' id='block_1_96' title="bbox 1857 3572 3463 3651">
    <p class='ocr_par' dir='ltr' id='par_1_96' title="bbox 1857 3572 3463 3651">
     <span class='ocr_line' id='line_1_96' title="bbox 1857 3572 3463 3651; baseline 0.011 -26"><span class='ocrx_word' id='word_1_764' title='bbox 1857 3577 1968 3626; x_wconf 94' lang='lat' dir='ltr'><strong>tum</strong></span> <span class='ocrx_word' id='word_1_765' title='bbox 1999 3572 2142 3627; x_wconf 89' lang='lat' dir='ltr'><strong>enim</strong></span> <span class='ocrx_word' id='word_1_766' title='bbox 2176 3572 2421 3644; x_wconf 90' lang='lat' dir='ltr'><strong>proderit</strong></span> <span class='ocrx_word' id='word_1_767' title='bbox 2455 3575 2632 3645; x_wconf 90' lang='lat' dir='ltr'><strong>nobis,</strong></span> <span class='ocrx_word' id='word_1_768' title='bbox 2659 3577 2706 3632; x_wconf 91' lang='lat' dir='ltr'><strong>si</strong></span> <span class='ocrx_word' id='word_1_769' title='bbox 2733 3579 2952 3636; x_wconf 63' lang='lat' dir='ltr'><strong>malitiae</strong></span> <span class='ocrx_word' id='word_1_770' title='bbox 2974 3585 3263 3651; x_wconf 90' lang='lat' dir='ltr'><strong>cedamus;</strong></span> <span class='ocrx_word' id='word_1_771' title='bbox 3293 3585 3463 3642; x_wconf 89' lang='lat' dir='ltr'><strong>vincit</strong></span> 
     </span>
    </p>
   </div>
   <div class='ocr_carea' id='block_1_97' title="bbox 1856 3665 3460 3743">
    <p class='ocr_par' dir='ltr' id='par_1_97' title="bbox 1856 3665 3460 3743">
     <span class='ocr_line' id='line_1_97' title="bbox 1856 3665 3460 3743; baseline 0.011 -23"><span class='ocrx_word' id='word_1_772' title='bbox 1856 3665 2000 3720; x_wconf 90' lang='lat' dir='ltr'><strong>enim</strong></span> <span class='ocrx_word' id='word_1_773' title='bbox 2030 3667 2232 3722; x_wconf 84' lang='lat' dir='ltr'><strong>malum</strong></span> <span class='ocrx_word' id='word_1_774' title='bbox 2253 3709 2268 3734; x_wconf 95' lang='lat'><strong>,</strong></span> <span class='ocrx_word' id='word_1_775' title='bbox 2315 3670 2406 3740; x_wconf 89' lang='lat' dir='ltr'><strong>qui</strong></span> <span class='ocrx_word' id='word_1_776' title='bbox 2455 3670 2523 3726; x_wconf 91' lang='lat' dir='ltr'><strong>ad</strong></span> <span class='ocrx_word' id='word_1_777' title='bbox 2577 3681 2792 3743; x_wconf 88' lang='lat' dir='ltr'><strong>tempus</strong></span> <span class='ocrx_word' id='word_1_778' title='bbox 2822 3676 2963 3732; x_wconf 90' lang='lat' dir='ltr'><strong>vinci</strong></span> <span class='ocrx_word' id='word_1_779' title='bbox 2996 3678 3212 3735; x_wconf 91' lang='lat' dir='ltr'><strong>videtur</strong></span> <span class='ocrx_word' id='word_1_780' title='bbox 3244 3681 3313 3737; x_wconf 91' lang='lat' dir='ltr'><strong>ab</strong></span> <span class='ocrx_word' id='word_1_781' title='bbox 3342 3682 3460 3738; x_wconf 83' lang='lat' dir='ltr'><strong>illo.</strong></span> 
     </span>
    </p>
   </div>
   <div class='ocr_carea' id='block_1_98' title="bbox 1857 3757 3459 3841">
    <p class='ocr_par' dir='ltr' id='par_1_98' title="bbox 1857 3757 3459 3841">
     <span class='ocr_line' id='line_1_98' title="bbox 1857 3757 3459 3841; baseline 0.011 -29"><span class='ocrx_word' id='word_1_782' title='bbox 1857 3757 2069 3812; x_wconf 87' lang='lat' dir='ltr'><strong>Etenim</strong></span> <span class='ocrx_word' id='word_1_783' title='bbox 2100 3758 2352 3816; x_wconf 88' lang='lat' dir='ltr'><strong>Salvator</strong></span> <span class='ocrx_word' id='word_1_784' title='bbox 2377 3762 2457 3818; x_wconf 91' lang='lat' dir='ltr'><strong>sic</strong></span> <span class='ocrx_word' id='word_1_785' title='bbox 2486 3763 2619 3820; x_wconf 89' lang='lat' dir='ltr'><strong>vicit</strong></span> <span class='ocrx_word' id='word_1_786' title='bbox 2647 3766 2848 3822; x_wconf 91' lang='lat' dir='ltr'><strong>malum</strong></span> <span class='ocrx_word' id='word_1_787' title='bbox 2874 3809 2887 3834; x_wconf 97' lang='lat'><strong>,</strong></span> <span class='ocrx_word' id='word_1_788' title='bbox 2920 3768 3050 3824; x_wconf 91' lang='lat' dir='ltr'><strong>dum</strong></span> <span class='ocrx_word' id='word_1_789' title='bbox 3081 3786 3186 3827; x_wconf 91' lang='lat' dir='ltr'><strong>non</strong></span> <span class='ocrx_word' id='word_1_790' title='bbox 3216 3773 3459 3841; x_wconf 92' lang='lat' dir='ltr'><strong>restitit;</strong></span> 
     </span>
    </p>
   </div>
   <div class='ocr_carea' id='block_1_99' title="bbox 1857 3855 3467 3936">
    <p class='ocr_par' dir='ltr' id='par_1_99' title="bbox 1857 3855 3467 3936">
     <span class='ocr_line' id='line_1_99' title="bbox 1857 3855 3467 3936; baseline 0.011 -28"><span class='ocrx_word' id='word_1_791' title='bbox 1857 3861 2046 3908; x_wconf 90' lang='lat' dir='ltr'><strong>contra</strong></span> <span class='ocrx_word' id='word_1_792' title='bbox 2076 3867 2136 3908; x_wconf 90' lang='lat' dir='ltr'><strong>se</strong></span> <span class='ocrx_word' id='word_1_793' title='bbox 2165 3855 2312 3909; x_wconf 91' lang='lat' dir='ltr'><strong>enim</strong></span> <span class='ocrx_word' id='word_1_794' title='bbox 2344 3857 2457 3927; x_wconf 87' lang='lat' dir='ltr'><strong>agit</strong></span> <span class='ocrx_word' id='word_1_795' title='bbox 2488 3858 2726 3926; x_wconf 87' lang='lat' dir='ltr'><strong>malitia,</strong></span> <span class='ocrx_word' id='word_1_796' title='bbox 2774 3870 2830 3917; x_wconf 90' lang='lat' dir='ltr'><strong>et</strong></span> <span class='ocrx_word' id='word_1_797' title='bbox 2876 3862 3006 3918; x_wconf 91' lang='lat' dir='ltr'><strong>dum</strong></span> <span class='ocrx_word' id='word_1_798' title='bbox 3044 3865 3306 3936; x_wconf 90' lang='lat' dir='ltr'><strong>vincitur,</strong></span> <span class='ocrx_word' id='word_1_799' title='bbox 3340 3867 3467 3925; x_wconf 80' lang='lat' dir='ltr'><strong>vin-</strong></span> 
     </span>
    </p>
   </div>
   <div class='ocr_carea' id='block_1_100' title="bbox 1857 3947 3462 4025">
    <p class='ocr_par' dir='ltr' id='par_1_100' title="bbox 1857 3947 3462 4025">
     <span class='ocr_line' id='line_1_100' title="bbox 1857 3947 3462 4025; baseline 0.013 -24"><span class='ocrx_word' id='word_1_800' title='bbox 1857 3960 1987 4002; x_wconf 89' lang='lat' dir='ltr'><strong>cere</strong></span> <span class='ocrx_word' id='word_1_801' title='bbox 2013 3961 2073 4002; x_wconf 91' lang='lat' dir='ltr'><strong>se</strong></span> <span class='ocrx_word' id='word_1_802' title='bbox 2102 3955 2272 4017; x_wconf 89' lang='lat' dir='ltr'><strong>putat.</strong></span> <span class='ocrx_word' id='word_1_803' title='bbox 2308 3947 2362 4004; x_wconf 91' lang='lat' dir='ltr'><strong>Id</strong></span> <span class='ocrx_word' id='word_1_804' title='bbox 2403 3951 2548 4006; x_wconf 92' lang='lat' dir='ltr'><strong>enim</strong></span> <span class='ocrx_word' id='word_1_805' title='bbox 2591 3953 2702 4024; x_wconf 83' lang='lat' dir='ltr'><strong>agit</strong></span> <span class='ocrx_word' id='word_1_806' title='bbox 2741 3953 3030 4025; x_wconf 90' lang='lat' dir='ltr'><strong>inimicus,</strong></span> <span class='ocrx_word' id='word_1_807' title='bbox 3070 3968 3128 4015; x_wconf 91' lang='lat' dir='ltr'><strong>ut</strong></span> <span class='ocrx_word' id='word_1_808' title='bbox 3165 3970 3222 4018; x_wconf 92' lang='lat' dir='ltr'><strong>et</strong></span> <span class='ocrx_word' id='word_1_809' title='bbox 3260 3977 3361 4020; x_wconf 93' lang='lat' dir='ltr'><strong>nos</strong></span> <span class='ocrx_word' id='word_1_810' title='bbox 3390 3964 3462 4022; x_wconf 88' lang='lat' dir='ltr'><strong>de</strong></span> 
     </span>
    </p>
   </div>
   <div class='ocr_carea' id='block_1_101' title="bbox 1859 4043 3464 4128">
    <p class='ocr_par' dir='ltr' id='par_1_101' title="bbox 1859 4043 3464 4128">
     <span class='ocr_line' id='line_1_101' title="bbox 1859 4043 3464 4128; baseline 0.015 -35"><span class='ocrx_word' id='word_1_811' title='bbox 1859 4043 2141 4112; x_wconf 81' lang='lat' dir='ltr'><strong>proposito</strong></span> <span class='ocrx_word' id='word_1_812' title='bbox 2180 4050 2372 4100; x_wconf 92' lang='lat' dir='ltr'><strong>nostro</strong></span> <span class='ocrx_word' id='word_1_813' title='bbox 2421 4046 2748 4115; x_wconf 80' lang='lat' dir='ltr'><strong>abstrahat,</strong></span> <span class='ocrx_word' id='word_1_814' title='bbox 2809 4051 3152 4110; x_wconf 90' lang='lat' dir='ltr'><strong>occasionem</strong></span> <span class='ocrx_word' id='word_1_815' title='bbox 3209 4073 3464 4128; x_wconf 62' lang='lat' dir='ltr'><strong>quaerens</strong></span> 
     </span>
    </p>
   </div>
   <div class='ocr_carea' id='block_1_102' title="bbox 1859 4136 3461 4220">
    <p class='ocr_par' dir='ltr' id='par_1_102' title="bbox 1859 4136 3461 4220">
     <span class='ocr_line' id='line_1_102' title="bbox 1859 4136 3461 4220; baseline 0.014 -30"><span class='ocrx_word' id='word_1_816' title='bbox 1859 4136 2134 4207; x_wconf 87' lang='lat' dir='ltr'><strong>quomodo</strong></span> <span class='ocrx_word' id='word_1_817' title='bbox 2166 4153 2473 4209; x_wconf 87' lang='lat' dir='ltr'><strong>peccemus.</strong></span> <span class='ocrx_word' id='word_1_818' title='bbox 2501 4141 2629 4198; x_wconf 91' lang='lat' dir='ltr'><strong>Ideo</strong></span> <span class='ocrx_word' id='word_1_819' title='bbox 2656 4143 2702 4198; x_wconf 90' lang='lat' dir='ltr'><strong>si</strong></span> <span class='ocrx_word' id='word_1_820' title='bbox 2733 4148 3012 4214; x_wconf 88' lang='lat' dir='ltr'><strong>provocati</strong></span> <span class='ocrx_word' id='word_1_821' title='bbox 3044 4149 3113 4204; x_wconf 89' lang='lat' dir='ltr'><strong>ab</strong></span> <span class='ocrx_word' id='word_1_822' title='bbox 3141 4150 3254 4220; x_wconf 94' lang='lat' dir='ltr'><strong>illo,</strong></span> <span class='ocrx_word' id='word_1_823' title='bbox 3281 4153 3461 4212; x_wconf 90' lang='lat' dir='ltr'><strong>vicem</strong></span> 
     </span>
    </p>
   </div>
   <div class='ocr_carea' id='block_1_103' title="bbox 1861 4228 3465 4312">
    <p class='ocr_par' dir='ltr' id='par_1_103' title="bbox 1861 4228 3465 4312">
     <span class='ocr_line' id='line_1_103' title="bbox 1861 4228 3465 4312; baseline 0.012 -29"><span class='ocrx_word' id='word_1_824' title='bbox 1861 4228 1940 4284; x_wconf 92' lang='lat' dir='ltr'><strong>illi</strong></span> <span class='ocrx_word' id='word_1_825' title='bbox 1987 4244 2094 4285; x_wconf 90' lang='lat' dir='ltr'><strong>non</strong></span> <span class='ocrx_word' id='word_1_826' title='bbox 2147 4230 2469 4300; x_wconf 90' lang='lat' dir='ltr'><strong>reddamus,</strong></span> <span class='ocrx_word' id='word_1_827' title='bbox 2519 4234 2787 4292; x_wconf 89' lang='lat' dir='ltr'><strong>vincimus</strong></span> <span class='ocrx_word' id='word_1_828' title='bbox 2819 4237 2973 4296; x_wconf 93' lang='lat' dir='ltr'><strong>illum</strong></span> <span class='ocrx_word' id='word_1_829' title='bbox 3023 4241 3076 4296; x_wconf 88' lang='lat' dir='ltr'><strong>in</strong></span> <span class='ocrx_word' id='word_1_830' title='bbox 3123 4243 3308 4312; x_wconf 90' lang='lat' dir='ltr'><strong>bono;</strong></span> <span class='ocrx_word' id='word_1_831' title='bbox 3339 4245 3465 4304; x_wconf 89' lang='lat' dir='ltr'><strong>ideo</strong></span> 
     </span>
    </p>
   </div>
   <div class='ocr_carea' id='block_1_104' title="bbox 1862 4325 3467 4409">
    <p class='ocr_par' dir='ltr' id='par_1_104' title="bbox 1862 4325 3467 4409">
     <span class='ocr_line' id='line_1_104' title="bbox 1862 4325 3467 4409; baseline 0.011 -27"><span class='ocrx_word' id='word_1_832' title='bbox 1862 4325 2006 4382; x_wconf 90' lang='lat' dir='ltr'><strong>enim</strong></span> <span class='ocrx_word' id='word_1_833' title='bbox 2055 4340 2162 4382; x_wconf 93' lang='lat' dir='ltr'><strong>non</strong></span> <span class='ocrx_word' id='word_1_834' title='bbox 2215 4327 2557 4397; x_wconf 87' lang='lat' dir='ltr'><strong>resistimus,</strong></span> <span class='ocrx_word' id='word_1_835' title='bbox 2591 4341 2613 4368; x_wconf 73' lang='grc' dir='ltr'><strong>θ</strong></span> <span class='ocrx_word' id='word_1_836' title='bbox 2648 4340 2706 4386; x_wconf 92' lang='lat' dir='ltr'><strong>ut</strong></span> <span class='ocrx_word' id='word_1_837' title='bbox 2752 4332 2955 4389; x_wconf 88' lang='lat' dir='ltr'><strong>bonum</strong></span> <span class='ocrx_word' id='word_1_838' title='bbox 3003 4351 3321 4409; x_wconf 90' lang='lat' dir='ltr'><strong>servemus,</strong></span> <span class='ocrx_word' id='word_1_839' title='bbox 3369 4356 3467 4400; x_wconf 87' lang='lat' dir='ltr'><strong>ne-</strong></span> 
     </span>
    </p>
   </div>
   <div class='ocr_carea' id='block_1_105' title="bbox 1859 4418 3425 4495">
    <p class='ocr_par' dir='ltr' id='par_1_105' title="bbox 1859 4418 3425 4495">
     <span class='ocr_line' id='line_1_105' title="bbox 1859 4418 3425 4495; baseline 0.011 -23"><span class='ocrx_word' id='word_1_840' title='bbox 1859 4418 2033 4490; x_wconf 88' lang='lat' dir='ltr'><strong>glecta</strong></span> <span class='ocrx_word' id='word_1_841' title='bbox 2055 4418 2301 4489; x_wconf 86' lang='lat' dir='ltr'><strong>justitia;</strong></span> <span class='ocrx_word' id='word_1_842' title='bbox 2333 4421 2460 4492; x_wconf 88' lang='lat' dir='ltr'><strong>quia</strong></span> <span class='ocrx_word' id='word_1_843' title='bbox 2487 4425 2632 4494; x_wconf 86' lang='lat' dir='ltr'><strong>cogit</strong></span> <span class='ocrx_word' id='word_1_844' title='bbox 2652 4422 2866 4495; x_wconf 87' lang='lat' dir='ltr'><strong>justitia</strong></span> <span class='ocrx_word' id='word_1_845' title='bbox 2889 4427 2957 4484; x_wconf 89' lang='lat' dir='ltr'><strong>ad</strong></span> <span class='ocrx_word' id='word_1_846' title='bbox 2984 4430 3425 4490; x_wconf 89' lang='lat' dir='ltr'><strong>retribuendum.</strong></span> 
     </span>
    </p>
   </div>
   <div class='ocr_carea' id='block_1_106' title="bbox 2404 4516 2826 4574">
    <p class='ocr_par' dir='ltr' id='par_1_106' title="bbox 2404 4516 2826 4574">
     <span class='ocr_line' id='line_1_106' title="bbox 2404 4516 2826 4574; baseline 0.005 -2"><span class='ocrx_word' id='word_1_847' title='bbox 2404 4516 2633 4574; x_wconf 84' lang='lat' dir='ltr'><strong>CAPUT</strong></span> <span class='ocrx_word' id='word_1_848' title='bbox 2685 4517 2826 4574; x_wconf 80' lang='lat' dir='ltr'><strong>XIII.</strong></span> 
     </span>
    </p>
   </div>
   <div class='ocr_carea' id='block_1_107' title="bbox 1937 4607 3469 4680">
    <p class='ocr_par' dir='ltr' id='par_1_107' title="bbox 1937 4607 3469 4680">
     <span class='ocr_line' id='line_1_107' title="bbox 1937 4607 3469 4680; baseline 0.01 -19"><span class='ocrx_word' id='word_1_849' title='bbox 1937 4607 1956 4679; x_wconf 94' lang='lat'>(</span> <span class='ocrx_word' id='word_1_850' title='bbox 1998 4607 2156 4662; x_wconf 82' lang='lat' dir='ltr'><strong>Vers.</strong></span> <span class='ocrx_word' id='word_1_851' title='bbox 2217 4607 2268 4663; x_wconf 80' lang='lat' dir='ltr'><strong>I.</strong></span> <span class='ocrx_word' id='word_1_852' title='bbox 2321 4607 2628 4680; x_wconf 87' lang='lat' dir='ltr'><strong>)Omnibus</strong></span> <span class='ocrx_word' id='word_1_853' title='bbox 2694 4613 3036 4680; x_wconf 84' lang='lat' dir='ltr'><strong>potestatibus</strong></span> <span class='ocrx_word' id='word_1_854' title='bbox 3083 4618 3469 4678; x_wconf 87' lang='lat' dir='ltr'><strong>sublimioribus</strong></span> 
     </span>
    </p>
   </div>
   <div class='ocr_carea' id='block_1_108' title="bbox 1863 4702 3472 4784">
    <p class='ocr_par' dir='ltr' id='par_1_108' title="bbox 1863 4702 3472 4784">
     <span class='ocr_line' id='line_1_108' title="bbox 1863 4702 3472 4784; baseline 0.009 -28"><span class='ocrx_word' id='word_1_855' title='bbox 1863 4702 2052 4756; x_wconf 87' lang='lat' dir='ltr'><strong>subditi</strong></span> <span class='ocrx_word' id='word_1_856' title='bbox 2079 4711 2269 4768; x_wconf 86' lang='lat' dir='ltr'><strong>estote;</strong></span> <span class='ocrx_word' id='word_1_857' title='bbox 2292 4718 2395 4758; x_wconf 88' lang='lat' dir='ltr'><strong>non</strong></span> <span class='ocrx_word' id='word_1_858' title='bbox 2423 4712 2494 4758; x_wconf 87' lang='lat' dir='ltr'><strong>est</strong></span> <span class='ocrx_word' id='word_1_859' title='bbox 2537 4703 2672 4758; x_wconf 87' lang='lat' dir='ltr'><strong>enim</strong></span> <span class='ocrx_word' id='word_1_860' title='bbox 2693 4715 2950 4777; x_wconf 85' lang='lat' dir='ltr'><strong>potestas,</strong></span> <span class='ocrx_word' id='word_1_861' title='bbox 2977 4710 3082 4765; x_wconf 88' lang='lat' dir='ltr'><strong>nisi</strong></span> <span class='ocrx_word' id='word_1_862' title='bbox 3105 4730 3137 4766; x_wconf 92' lang='lat' dir='ltr'><strong>a</strong></span> <span class='ocrx_word' id='word_1_863' title='bbox 3158 4709 3291 4769; x_wconf 86' lang='lat' dir='ltr'><strong>Deo.</strong></span> <span class='ocrx_word' id='word_1_864' title='bbox 3321 4713 3472 4784; x_wconf 82' lang='lat' dir='ltr'><strong>Quo-</strong></span> 
     </span>
    </p>
   </div>
   <div class='ocr_carea' id='block_1_109' title="bbox 1863 4795 3466 4877">
    <p class='ocr_par' dir='ltr' id='par_1_109' title="bbox 1863 4795 3466 4877">
     <span class='ocr_line' id='line_1_109' title="bbox 1863 4795 3466 4877; baseline 0.007 -26"><span class='ocrx_word' id='word_1_865' title='bbox 1863 4796 2008 4851; x_wconf 89' lang='lat' dir='ltr'><strong>niam</strong></span> <span class='ocrx_word' id='word_1_866' title='bbox 2039 4796 2279 4852; x_wconf 86' lang='lat' dir='ltr'><strong>coelcstis</strong></span> <span class='ocrx_word' id='word_1_867' title='bbox 2308 4795 2536 4866; x_wconf 68' lang='lat' dir='ltr'><strong>justitite</strong></span> <span class='ocrx_word' id='word_1_868' title='bbox 2566 4797 2741 4870; x_wconf 86' lang='lat' dir='ltr'><strong>legem</strong></span> <span class='ocrx_word' id='word_1_869' title='bbox 2782 4802 3114 4874; x_wconf 90' lang='lat' dir='ltr'><strong>sequendam</strong></span> <span class='ocrx_word' id='word_1_870' title='bbox 3153 4806 3466 4877; x_wconf 88' lang='lat' dir='ltr'><strong>mandavit,</strong></span> 
     </span>
    </p>
   </div>
   <div class='ocr_carea' id='block_1_110' title="bbox 1865 4888 3472 4970">
    <p class='ocr_par' dir='ltr' id='par_1_110' title="bbox 1865 4888 3472 4970">
     <span class='ocr_line' id='line_1_110' title="bbox 1865 4888 3472 4970; baseline 0.007 -24"><span class='ocrx_word' id='word_1_871' title='bbox 1865 4905 1934 4946; x_wconf 91' lang='lat' dir='ltr'><strong>ne</strong></span> <span class='ocrx_word' id='word_1_872' title='bbox 1982 4888 2052 4945; x_wconf 89' lang='lat' dir='ltr'><strong>ab</strong></span> <span class='ocrx_word' id='word_1_873' title='bbox 2099 4891 2198 4945; x_wconf 92' lang='lat' dir='ltr'><strong>hac</strong></span> <span class='ocrx_word' id='word_1_874' title='bbox 2249 4892 2508 4961; x_wconf 68' lang='lat' dir='ltr'><strong>praesenti</strong></span> <span class='ocrx_word' id='word_1_875' title='bbox 2561 4891 2912 4952; x_wconf 89' lang='lat' dir='ltr'><strong>dissimulare</strong></span> <span class='ocrx_word' id='word_1_876' title='bbox 2958 4897 3271 4970; x_wconf 89' lang='lat' dir='ltr'><strong>videretur,</strong></span> <span class='ocrx_word' id='word_1_877' title='bbox 3327 4900 3472 4958; x_wconf 87' lang='lat' dir='ltr'><strong>hanc</strong></span> 
     </span>
    </p>
   </div>
   <div class='ocr_carea' id='block_1_111' title="bbox 1867 4984 3463 5062">
    <p class='ocr_par' dir='ltr' id='par_1_111' title="bbox 1867 4984 3463 5062">
     <span class='ocr_line' id='line_1_111' title="bbox 1867 4984 3463 5062; baseline 0.005 -22"><span class='ocrx_word' id='word_1_878' title='bbox 1867 4984 2241 5040; x_wconf 89' lang='lat' dir='ltr'><strong>commendat:</strong></span> <span class='ocrx_word' id='word_1_879' title='bbox 2291 4984 2490 5056; x_wconf 91' lang='lat' dir='ltr'><strong>quippe</strong></span> <span class='ocrx_word' id='word_1_880' title='bbox 2519 5001 2642 5042; x_wconf 91' lang='lat' dir='ltr'><strong>cum</strong></span> <span class='ocrx_word' id='word_1_881' title='bbox 2675 4988 2778 5044; x_wconf 91' lang='lat' dir='ltr'><strong>nisi</strong></span> <span class='ocrx_word' id='word_1_882' title='bbox 2809 4989 2927 5046; x_wconf 67' lang='lat' dir='ltr'><strong>haec</strong></span> <span class='ocrx_word' id='word_1_883' title='bbox 2956 4990 3117 5048; x_wconf 89' lang='lat' dir='ltr'><strong>fuerit</strong></span> <span class='ocrx_word' id='word_1_884' title='bbox 3147 4994 3463 5062; x_wconf 87' lang='lat' dir='ltr'><strong>observata,</strong></span> 
     </span>
    </p>
   </div>
   <div class='ocr_carea' id='block_1_112' title="bbox 1869 5077 3464 5159">
    <p class='ocr_par' dir='ltr' id='par_1_112' title="bbox 1869 5077 3464 5159">
     <span class='ocr_line' id='line_1_112' title="bbox 1869 5077 3464 5159; baseline 0.004 -25"><span class='ocrx_word' id='word_1_885' title='bbox 1869 5077 1964 5134; x_wconf 88' lang='lat' dir='ltr'><strong>illa</strong></span> <span class='ocrx_word' id='word_1_886' title='bbox 1988 5077 2251 5134; x_wconf 90' lang='lat' dir='ltr'><strong>custodiri</strong></span> <span class='ocrx_word' id='word_1_887' title='bbox 2281 5093 2389 5134; x_wconf 93' lang='lat' dir='ltr'><strong>non</strong></span> <span class='ocrx_word' id='word_1_888' title='bbox 2421 5079 2625 5150; x_wconf 90' lang='lat' dir='ltr'><strong>possit;</strong></span> <span class='ocrx_word' id='word_1_889' title='bbox 2659 5080 2774 5139; x_wconf 61' lang='lat' dir='ltr'><strong>haec</strong></span> <span class='ocrx_word' id='word_1_890' title='bbox 2795 5084 2940 5141; x_wconf 90' lang='lat' dir='ltr'><strong>enim</strong></span> <span class='ocrx_word' id='word_1_891' title='bbox 2963 5086 3115 5156; x_wconf 86' lang='lat' dir='ltr'><strong>quasi</strong></span> <span class='ocrx_word' id='word_1_892' title='bbox 3136 5085 3464 5159; x_wconf 62' lang='lat' dir='ltr'><strong>pedagogos</strong></span> 
     </span>
    </p>
   </div>
   <div class='ocr_carea' id='block_1_113' title="bbox 1869 5174 3468 5251">
    <p class='ocr_par' dir='ltr' id='par_1_113' title="bbox 1869 5174 3468 5251">
     <span class='ocr_line' id='line_1_113' title="bbox 1869 5174 3468 5251; baseline 0.005 -23"><span class='ocrx_word' id='word_1_893' title='bbox 1869 5181 1976 5240; x_wconf 89' lang='lat' dir='ltr'><strong>est,</strong></span> <span class='ocrx_word' id='word_1_894' title='bbox 2003 5188 2124 5244; x_wconf 69' lang='lat' dir='ltr'><strong>qua:</strong></span> <span class='ocrx_word' id='word_1_895' title='bbox 2157 5174 2412 5243; x_wconf 88' lang='lat' dir='ltr'><strong>parvulos</strong></span> <span class='ocrx_word' id='word_1_896' title='bbox 2439 5175 2655 5245; x_wconf 90' lang='lat' dir='ltr'><strong>imbuit,</strong></span> <span class='ocrx_word' id='word_1_897' title='bbox 2673 5186 2732 5232; x_wconf 87' lang='lat' dir='ltr'><strong>ttt</strong></span> <span class='ocrx_word' id='word_1_898' title='bbox 2761 5181 2970 5250; x_wconf 88' lang='lat' dir='ltr'><strong>possint</strong></span> <span class='ocrx_word' id='word_1_899' title='bbox 2991 5181 3220 5251; x_wconf 89' lang='lat' dir='ltr'><strong>potioris</strong></span> <span class='ocrx_word' id='word_1_900' title='bbox 3241 5179 3468 5250; x_wconf 72' lang='lat' dir='ltr'><strong>iustitia:</strong></span> 
     </span>
    </p>
   </div>
   <div class='ocr_carea' id='block_1_114' title="bbox 1871 5265 3468 5343">
    <p class='ocr_par' dir='ltr' id='par_1_114' title="bbox 1871 5265 3468 5343">
     <span class='ocr_line' id='line_1_114' title="bbox 1871 5265 3468 5343; baseline 0.003 -21"><span class='ocrx_word' id='word_1_901' title='bbox 1871 5267 2012 5322; x_wconf 88' lang='lat' dir='ltr'><strong>viam</strong></span> <span class='ocrx_word' id='word_1_902' title='bbox 2043 5265 2217 5336; x_wconf 90' lang='lat' dir='ltr'><strong>sequi.</strong></span> <span class='ocrx_word' id='word_1_903' title='bbox 2242 5267 2452 5323; x_wconf 86' lang='lat' dir='ltr'><strong>Nemini</strong></span> <span class='ocrx_word' id='word_1_904' title='bbox 2477 5270 2624 5325; x_wconf 89' lang='lat' dir='ltr'><strong>enim</strong></span> <span class='ocrx_word' id='word_1_905' title='bbox 2655 5281 2832 5342; x_wconf 90' lang='lat' dir='ltr'><strong>potest</strong></span> <span class='ocrx_word' id='word_1_906' title='bbox 2863 5273 3118 5343; x_wconf 89' lang='lat' dir='ltr'><strong>imputari</strong></span> <span class='ocrx_word' id='word_1_907' title='bbox 3150 5271 3468 5330; x_wconf 84' lang='lat' dir='ltr'><strong>misericor-</strong></span> 
     </span>
    </p>
   </div>
   <div class='ocr_carea' id='block_1_115' title="bbox 1878 5412 3225 5480">
    <p class='ocr_par' dir='ltr' id='par_1_115' title="bbox 1878 5412 3225 5480">
     <span class='ocr_line' id='line_1_115' title="bbox 1878 5412 3225 5480; baseline -0.001 -13"><span class='ocrx_word' id='word_1_908' title='bbox 1878 5413 1996 5469; x_wconf 91' lang='lat' dir='ltr'><strong>sine</strong></span> <span class='ocrx_word' id='word_1_909' title='bbox 2024 5413 2134 5468; x_wconf 91' lang='lat' dir='ltr'><strong>ullo</strong></span> <span class='ocrx_word' id='word_1_910' title='bbox 2161 5428 2322 5469; x_wconf 91' lang='lat' dir='ltr'><strong>sensu</strong></span> <span class='ocrx_word' id='word_1_911' title='bbox 2340 5413 2625 5470; x_wconf 85' lang='lat' dir='ltr'><strong>commode</strong></span> <span class='ocrx_word' id='word_1_912' title='bbox 2655 5413 2864 5480; x_wconf 90' lang='lat' dir='ltr'><strong>maluit,</strong></span> <span class='ocrx_word' id='word_1_913' title='bbox 2889 5412 3225 5470; x_wconf 82' lang='lat' dir='ltr'><strong>vindicantes.</strong></span> 
     </span>
    </p>
   </div>
   <div class='ocr_carea' id='block_1_116' title="bbox 1951 5482 3465 5554">
    <p class='ocr_par' dir='ltr' id='par_1_116' title="bbox 1951 5482 3465 5554">
     <span class='ocr_line' id='line_1_116' title="bbox 1951 5482 3465 5554; baseline -0.001 -14"><span class='ocrx_word' id='word_1_914' title='bbox 1951 5499 1971 5525; x_wconf 76' lang='grc' dir='ltr'><strong>ο</strong></span> <span class='ocrx_word' id='word_1_915' title='bbox 1989 5485 2145 5541; x_wconf 84' lang='lat' dir='ltr'><strong>Rom.</strong></span> <span class='ocrx_word' id='word_1_916' title='bbox 2179 5485 2314 5541; x_wconf 88' lang='lat' dir='ltr'><strong>edit.</strong></span> <span class='ocrx_word' id='word_1_917' title='bbox 2346 5485 2682 5548; x_wconf 80' lang='lat' dir='ltr'><strong>confuderat,</strong></span> <span class='ocrx_word' id='word_1_918' title='bbox 2712 5488 2765 5538; x_wconf 86' lang='lat' dir='ltr'><strong>in</strong></span> <span class='ocrx_word' id='word_1_919' title='bbox 2789 5482 3103 5538; x_wconf 84' lang='lat' dir='ltr'><strong>Proverbiis.</strong></span> <span class='ocrx_word' id='word_1_920' title='bbox 3129 5484 3284 5554; x_wconf 91' lang='lat' dir='ltr'><strong>Quod</strong></span> <span class='ocrx_word' id='word_1_921' title='bbox 3311 5490 3465 5551; x_wconf 85' lang='lat' dir='ltr'><strong>vide.</strong></span> 
     </span>
    </p>
   </div>
   <div class='ocr_carea' id='block_1_117' title="bbox 1871 5555 3116 5613">
    <p class='ocr_par' dir='ltr' id='par_1_117' title="bbox 1871 5555 3116 5613">
     <span class='ocr_line' id='line_1_117' title="bbox 1871 5555 3116 5613; baseline -0.002 -3"><span class='ocrx_word' id='word_1_922' title='bbox 1871 5555 1999 5613; x_wconf 89' lang='lat' dir='ltr'><strong>licet</strong></span> <span class='ocrx_word' id='word_1_923' title='bbox 2023 5557 2074 5612; x_wconf 92' lang='lat' dir='ltr'><strong>in</strong></span> <span class='ocrx_word' id='word_1_924' title='bbox 2098 5557 2524 5613; x_wconf 85' lang='lat' dir='ltr'><strong>Deuteronomio</strong></span> <span class='ocrx_word' id='word_1_925' title='bbox 2549 5557 2666 5612; x_wconf 68' lang='lat' dir='ltr'><strong>haec</strong></span> <span class='ocrx_word' id='word_1_926' title='bbox 2692 5555 2854 5610; x_wconf 89' lang='lat' dir='ltr'><strong>verba</strong></span> <span class='ocrx_word' id='word_1_927' title='bbox 2879 5560 3116 5609; x_wconf 81' lang='lat' dir='ltr'><strong>exstant.</strong></span> 
     </span>
    </p>
   </div>
   <div class='ocr_carea' id='block_1_118' title="bbox 1864 5625 3466 5756">
    <p class='ocr_par' dir='ltr' id='par_1_118' title="bbox 1864 5625 3466 5756">
     <span class='ocr_line' id='line_1_118' title="bbox 1864 5625 3466 5756; baseline 0.008 -76"><span class='ocrx_word' id='word_1_928' title='bbox 1864 5701 1900 5756; x_wconf 58' lang='grc' dir='ltr'><em>ἀ</em></span> <span class='ocrx_word' id='word_1_929' title='bbox 1944 5628 1976 5715; x_wconf 57' lang='grc' dir='ltr'><strong>(ξ</strong></span> <span class='ocrx_word' id='word_1_930' title='bbox 2001 5627 2137 5756; x_wconf 53' lang='lat' dir='ltr'><strong>Cap.</strong></span> <span class='ocrx_word' id='word_1_931' title='bbox 2185 5629 2352 5685; x_wconf 90' lang='lat' dir='ltr'><strong>Corb.</strong></span> <span class='ocrx_word' id='word_1_932' title='bbox 2377 5639 2432 5685; x_wconf 89' lang='lat' dir='ltr'><strong>et</strong></span> <span class='ocrx_word' id='word_1_933' title='bbox 2459 5628 2675 5700; x_wconf 89' lang='lat' dir='ltr'><strong>quidam</strong></span> <span class='ocrx_word' id='word_1_934' title='bbox 2724 5625 2838 5690; x_wconf 91' lang='lat' dir='ltr'><strong>alii,</strong></span> <span class='ocrx_word' id='word_1_935' title='bbox 2869 5639 2997 5695; x_wconf 88' lang='lat' dir='ltr'><strong>quos</strong></span> <span class='ocrx_word' id='word_1_936' title='bbox 3022 5627 3162 5682; x_wconf 84' lang='lat' dir='ltr'><strong>utab</strong></span> <span class='ocrx_word' id='word_1_937' title='bbox 3197 5630 3466 5705; x_wconf 85' lang='lat' dir='ltr'><strong>iniquitate</strong></span> 
     </span>
     <span class='ocr_line' id='line_1_119' title="bbox 1902 5719 2124 5756; baseline 0 0"><span class='ocrx_word' id='word_1_938' title='bbox 1902 5719 2078 5756; x_wconf 84' lang='lat' dir='ltr'><strong>esman</strong></span> <span class='ocrx_word' id='word_1_939' title='bbox 2107 5737 2124 5756; x_wconf 93' lang='lat'><strong>.</strong></span> 
     </span>
    </p>
   </div>
   <div class='ocr_carea' id='block_1_119' title="bbox 1902 5704 2124 5757">
    <p class='ocr_par' dir='ltr' id='par_1_119' title="bbox 1902 5704 2124 5757">
     <span class='ocr_line' id='line_1_120' title="bbox 1902 5704 2124 5757; baseline 0 0"><span class='ocrx_word' id='word_1_940' title='bbox 1902 5704 2124 5757; x_wconf 84' lang='lat' dir='ltr'><strong>esinant.</strong></span> 
     </span>
    </p>
   </div>
   <div class='ocr_carea' id='block_1_120' title="bbox 1941 5770 3469 5836">
    <p class='ocr_par' dir='ltr' id='par_1_120' title="bbox 1941 5770 3469 5836">
     <span class='ocr_line' id='line_1_121' title="bbox 1941 5770 3469 5836; baseline 0.003 -6"><span class='ocrx_word' id='word_1_941' title='bbox 1941 5775 2131 5830; x_wconf 69' lang='lat' dir='ltr'><strong>cldem</strong></span> <span class='ocrx_word' id='word_1_942' title='bbox 2188 5790 2292 5831; x_wconf 92' lang='lat' dir='ltr'><strong>ms.</strong></span> <span class='ocrx_word' id='word_1_943' title='bbox 2343 5774 2507 5829; x_wconf 85' lang='lat' dir='ltr'><strong>Corb.</strong></span> <span class='ocrx_word' id='word_1_944' title='bbox 2562 5781 2614 5824; x_wconf 88' lang='lat' dir='ltr'><strong>ut</strong></span> <span class='ocrx_word' id='word_1_945' title='bbox 2671 5770 2857 5824; x_wconf 90' lang='lat' dir='ltr'><strong>bonum</strong></span> <span class='ocrx_word' id='word_1_946' title='bbox 2907 5783 3168 5828; x_wconf 79' lang='lat' dir='ltr'><strong>servemus</strong></span> <span class='ocrx_word' id='word_1_947' title='bbox 3197 5773 3267 5829; x_wconf 84' lang='lat' dir='ltr'><strong>ad</strong></span> <span class='ocrx_word' id='word_1_948' title='bbox 3315 5779 3469 5836; x_wconf 82' lang='lat' dir='ltr'><strong>retri-</strong></span> 
     </span>
    </p>
   </div>
   <div class='ocr_carea' id='block_1_121' title="bbox 1863 5843 2648 5920">
    <p class='ocr_par' dir='ltr' id='par_1_121' title="bbox 1863 5843 2648 5920">
     <span class='ocr_line' id='line_1_122' title="bbox 1863 5843 2648 5920; baseline -0.003 -21"><span class='ocrx_word' id='word_1_949' title='bbox 1863 5846 2144 5914; x_wconf 87' lang='lat' dir='ltr'><strong>buendum,</strong></span> <span class='ocrx_word' id='word_1_950' title='bbox 2168 5848 2397 5918; x_wconf 81' lang='lat' dir='ltr'><strong>neglecta</strong></span> <span class='ocrx_word' id='word_1_951' title='bbox 2417 5843 2648 5920; x_wconf 86' lang='lat' dir='ltr'><strong>justitia.</strong></span> 
     </span>
    </p>
   </div>
  </div>
