4082 6306
654 265 760 322 163

1546 255 1643 316 ΑΙ)
1677 253 1914 316 ονειιΑ
1956 253 2204 314 SANCTI

2347 254 2568 314 BROSll
2608 255 2976 316 APPENDI'X.
3832 266 3904 322 illi

645 382 760 448 dia,
787 382 893 437 nisi
921 379 1171 436 habuerit
1185 376 1473 450 justitiam.
1502 387 1526 416 ι
1550 373 1622 433 Ut
1651 391 1784 448 ergo
1806 377 1895 448 jus
1918 385 1972 433 et
1995 376 2246 432 timorem
2277 379 2328 442 Α
2355 377 2509 442 enim,
2543 376 2739 448 inquit,
2771 391 3008 448 regnum,
3030 373 3079 431 et
3100 377 3185 431 cui
3212 377 3340 438 vult.
3367 376 3508 432 dabit
3536 377 3667 433 illud
3687 377 3906 452 (Deum,

645 474 781 544 legis
816 474 1076 530 naturalis
1101 472 1418 539 conﬁrmet,
1466 473 1633 527 Deum
1675 481 1953 528 auctorem
1988 472 2105 542 ejus
2140 481 2249 527 tes-

646 575 822 633 tatur;
850 578 904 624 et
935 567 1309 623 ministrantes
1331 581 1451 622 eam
1476 565 1573 622 Dei
1603 565 1997 622 ordinationem
2024 564 2246 620 habere.

646 657 777 714 Ideo
801 659 1028 730 adjecit:

722 752 853 820 Quae
879 762 1050 808 autem
1083 763 1236 821 sunt,
1277 769 1310 807 a
1348 752 1457 808 Deo
1497 754 1740 808 ordinata
1777 761 1936 808 sunt:
1973 758 2033 807 ut
2088 765 2250 806 nemo

646 855 799 918 putet
830 848 982 918 quasi
1007 847 1246 902 humana
1275 857 1582 902 commenta
1610 843 2040 910 contemnenda;
2068 844 2252 899 vident

640 943 786 1001 enim
826 944 916 1013 jus
959 943 1204 999 divinum
1259 943 1512 998 humanis
1561 941 1979 998 auctoritatibus
2019 939 2251 1012 deputa-

645 1045 790 1104 tum,
824 1037 921 1092 llic
959 1048 1094 1106 ergo
1121 1035 1396 1106 subjectus
1425 1042 1513 1091 est
1539 1037 1828 1106 potestati,
1857 1032 1885 1072 ι)
1919 1034 2009 1105 qui
2051 1047 2109 1089 se
2139 1041 2249 1088 ter-

642 1145 770 1187 rore
803 1129 898 1184 Dei
947 1129 1015 1183 ab
1041 1128 1108 1184 iis
1138 1127 1395 1190 abstinet,
1427 1143 1548 1199 qua:
1574 1126 1850 1198 prohibet.

715 1223 960 1297 (γωδ.
980 1224 998 1293 )
1022 1221 1208 1295 Itaque
1227 1224 1315 1291 qui
1339 1223 1525 1278 resistit
1544 1223 1782 1292 potestati
1798 1217 1916 1289 ,Dei
1939 1219 2254 1277 ordinationi

641 1319 856 1374 resistit.
901 1318 1016 1373 iloc
1041 1315 1154 1390 ω
1177 1325 1366 1374 contra
1411 1316 1535 1373 illos
1561 1325 1666 1380 est,
1697 1317 1788 1387 qui
1839 1331 1932 1386 per
1957 1314 2251 1386 potentiam

646 1411 819 1468 fortes
837 1421 982 1478 sunt,
1007 1424 1101 1466 aut
1123 1412 1212 1482 qui
1232 1412 1299 1468 ab
1316 1411 1497 1483 aliquo
1526 1410 1860 1481 deprehendi
1891 1425 1949 1464 se
1967 1424 2126 1481 posse
2144 1421 2252 1462 non

644 1507 898 1572 credunt,
931 1516 985 1562 et
1012 1521 1111 1578 per
1143 1506 1247 1562 hoc
1288 1506 1522 1562 illudere
1561 1521 1622 1562 se
1665 1506 1842 1576 legcm
1887 1515 2110 1576 putant;
2165 1517 2252 1559 os-

649 1599 824 1656 tendit
854 1600 938 1655 his
968 1601 1062 1656 Dei
1088 1615 1213 1657 esse
1244 1601 1444 1673 legem,
1477 1610 1531 1656 et
1562 1617 1669 1655 non
1698 1613 1966 1656 evasuros
1989 1599 2252 1670 judicium

649 1696 765 1762 Dei,
805 1696 893 1766 qui
917 1695 985 1752 ad
1012 1703 1227 1766 tempus
1254 1697 1440 1768 aliquo
1469 1706 1626 1768 pacto
1656 1697 1913 1752 evadunt.
1947 1695 2051 1764 Qui
2079 1701 2253 1750 autent

2353 473 2469 543 H),
2515 469 2670 527 Unde
2700 480 2755 526 et
2793 471 3081 526 Dominus:
3138 467 3382 538 Reddite,
3428 469 3622 542 inquit,
3680 488 3787 542 gate
3823 487 3909 528 sunt

2353 561 2596 631 Caesaris,
2629 563 2822 618 Ctesari
2879 561 3094 636 (Matth.
3132 577 3268 631 xm,
3298 563 3360 618 3|
3395 563 3436 635 ).
3474 563 3608 620 lluic
3649 580 3775 636 ergo
3814 567 3910 622 sub-

2349 655 2572 727 iiciendi
2605 664 2735 712 sunt
2761 654 2902 712 sicut
2942 655 3076 722 Deo,
3110 657 3266 726 cujus
3311 657 3670 727 subiectionis
3707 656 3911 728 probatis

2356 751 2471 804 haec
2501 758 2604 815 est,
2637 763 2758 805 cum
2791 749 2866 804 illi
2897 749 3138 820 pendunt
3167 750 3388 806 tributa.

2427 846 2445 919 (
2473 846 2629 902 Vere.
2663 847 2744 916 7.)
2771 846 2992 902 Reddite
3012 863 3136 919 ergo
3160 848 3397 902 omnibus
3421 847 3612 902 debita.
3643 845 3808 903 Reddi
3827 849 3910 902 ruit

2354 941 2424 994 ab
2462 941 2717 996 omnibus
2746 940 2949 1007 debita;
2981 941 3107 1012 quia
3136 945 3189 998 et
3217 949 3472 1013 potentes
3513 949 3646 998 sunt
3682 937 3910 1000 debitores

2355 1033 2682 1102 minoribus,
2718 1043 2777 1090 ut
2803 1035 3174 1108 respondeant
3199 1039 3416 1093 meritis
3444 1038 3683 1092 illorum.
3730 1037 3820 1093 Cui
3849 1041 3912 1093 tri-

2356 1127 2556 1192 butum,
2588 1128 2863 1183 tributum:
2892 1131 2976 1183 cui
3004 1131 3246 1203 uectigal,
3299 1131 3534 1202 vectigal.
3594 1129 3823 1187 Primum
3868 1149 3909 1187 es

2355 1233 2478 1292 quat
2506 1231 2633 1276 snnt
2658 1225 2913 1292 potestati
2948 1225 3113 1296 regite
3154 1225 3334 1280 debita
3385 1225 3594 1282 exsolvi
3619 1225 3790 1297 jubet;
3821 1230 3912 1298 quia

2358 1317 2531 1386 major
2561 1317 2611 1370 in
2645 1316 2730 1372 his
2758 1333 2918 1373 causa
2959 1329 3049 1375 aut
3078 1319 3378 1376 necessitas
3407 1327 3511 1376 est.
3556 1317 3657 1376 Cet
3699 1322 3909 1385 tintorctn,

2357 1410 2615 1465 timorem.
2647 1410 2921 1467 Timorem
2955 1415 3214 1483 potestati
3254 1413 3628 1470 exhibendum
3651 1455 3665 1479 ,
3717 1416 3828 1485 quia
3863 1416 3911 1468 ti-

2358 1518 2477 1557 mor
2521 1505 2773 1574 prohibet
2816 1517 3136 1576 peccatum:
3183 1507 3382 1564 deinde
3437 1516 3532 1563 aut
3576 1509 3803 1579 parenti,
3847 1519 3914 1563 aut

2357 1595 2583 1654 domino
2617 1610 2862 1668 terreno;
2893 1611 2950 1657 ut
2993 1603 3194 1673 gratias
3221 1613 3343 1674 agat
3380 1605 3434 1658 in
3481 1603 3595 1659 lilio
3652 1615 3744 1660 aut
3794 1619 3912 1660 servo

2356 1691 2678 1749 christiano.
2712 1693 2810 1750 Cui
2832 1697 3099 1763 honorem,
3125 1697 3388 1752 honorem.
3422 1696 3612 1752 Potest
3647 1698 3733 1753 hic
3781 1696 3914 1752 honor

643 1792 907 1858 resistunt,
949 1791 1052 1863 ipsi
1087 1793 1185 1847 sibi
1228 1791 1612 1848 damnationem
1666 1796 1956 1864 acquirunt.
1999 1789 2255 1847 Manifes-
2285 1794 2332 1856 Β
2359 1789 2520 1844 etiam
2553 1791 2696 1844 circa
2724 1805 2818 1845 eos
2849 1803 2993 1856 esse,
3023 1790 3116 1862 qui
3141 1790 3404 1847 sublimes
3437 1791 3698 1846 videntur
3717 1790 3769 1846 in
3797 1805 3913 1846 inun-

643 1896 757 1942 tum
787 1895 900 1952 est,
949 1889 1072 1958 quia
1102 1889 1478 1960 unusquisque
1507 1890 1768 1959 Operibus
1800 1887 1914 1944 suis
1952 1898 2044 1943 aut
2081 1884 2248 1958 justi-ai

645 1982 936 2050 licahitur,
985 1991 1080 2038 aut
1124 1984 1603 2040 condemnabitnr.
1651 1985 1751 2053 Qui
1782 1986 1929 2042 enim
1960 1985 2248 2041 audientes

645 2073 866 2146 Legem,
902 2085 1154 2146 peccant,
1183 2077 1583 2134 inexcusabiles
1609 2085 1760 2134 sunt.

715 2169 737 2242 (
770 2167 925 2224 Vers.
959 2169 1044 2239 5.)
1073 2168 1215 2223 Nam
1241 2170 1328 2240 qui
1350 2171 1729 2243 principantur,
1763 2181 1784 2210 ο
1816 2187 1918 2224 non
1937 2178 2054 2225 sunt
2081 2170 2250 2225 timori

642 2260 788 2316 bonis
809 2263 1068 2335 operibus,
1093 2263 1184 2318 sed
1214 2264 1690 2335 malis.Principes
1724 2266 1824 2321 hos
1866 2277 2027 2337 reges
2075 2265 2244 2334 dicit,

641 2355 732 2425 qui
765 2365 986 2424 propter
1008 2357 1394 2428 corrigendam
1446 2359 1635 2426 vitam,
1679 2367 1734 2415 et
1765 2357 2107 2429 prohibenda
2151 2358 2250 2414 ad-

637 2461 793 2503 versa
830 2459 1121 2516 creantur,
1149 2450 1242 2505 Dei
1271 2450 1539 2506 habentes
1571 2453 1883 2524 imaginem,
1918 2460 1974 2507 ut
2001 2449 2104 2507 sub
2138 2465 2249 2508 uno

633 2540 746 2595 sint
767 2542 974 2597 caeteri.
1017 2540 1110 2596 Vis
1139 2551 1312 2598 autem
1340 2559 1442 2598 non
1479 2545 1656 2599 timere
1687 2545 2020 2615 potestatem?
2043 2541 2248 2599 Bonum

637 2635 820 2704 facito,
849 2643 894 2688 et
924 2635 1132 2690 habebis
1184 2636 1395 2691 laudem
1434 2654 1500 2692 ea:
1528 2637 1644 2692 illa.
1674 2637 1818 2694 Laus
1865 2654 1932 2694 ex
1978 2647 2248 2710 potestate

635 2735 765 2782 tunc
801 2728 1008 2796 surgit,
1049 2743 1171 2784 cum
1204 2731 1328 2801 quis
1357 2732 1624 2786 innocens
1666 2732 1968 2788 invenitur.

713 2819 735 2889 (
776 2818 935 2875 Vcrs.
964 2819 1022 2874 4.
1052 2818 1072 2892 )
1100 2820 1198 2876 Dei
1229 2823 1365 2876 enim
1407 2823 1641 2878 minister
1681 2835 1755 2879 est
1795 2825 1888 2879 tibi
1933 2827 1987 2879 in
2033 2825 2242 2881 bonum.

638 2911 984 2968 Manifestum
1016 2923 1101 2968 est
1127 2914 1250 2969 ideo
1279 2923 1524 2972 rectores
1555 2916 1746 2985 datos,
1779 2933 1848 2972 ne
1881 2918 2082 2973 malum
2131 2919 2244 2973 iiat.

643 3004 705 3060 Si
733 3013 906 3066 autem
946 3005 1290 3078 malefeceris,
1317 3009 1472 3076 time;
1513 3027 1616 3065 non
1646 3012 1783 3066 enim
1807 3012 1918 3066 sine
1945 3027 2103 3066 causa
2132 3013 2248 3084 gla-

639 3098 786 3153 dium
807 3108 999 3169 portat.
1027 3099 1144 3156 Hoc
1181 3111 1286 3169 est,
1336 3101 1462 3157 ideo
1489 3105 1876 3172 comminatur,
1911 3113 1970 3160 ut
1998 3105 2044 3160 si
2077 3105 2248 3161 fuerit

2351 1881 2447 1947 do;
2472 1889 2531 1937 ut
2560 1882 2807 1939 videntes
2834 1881 3197 1939 humilitatem
3224 1896 3508 1939 servorum
3561 1880 3785 1948 Christi,
3825 1883 3913 1937 latt-

2351 1975 2482 2032 dent
2525 1979 2698 2050 magis
2737 1993 2900 2050 quam
2935 1978 3243 2050 vituperent
3292 1979 3671 2048 evangelicum
3713 1977 3911 2050 discipli-

2351 2087 2501 2126 nam.

2425 2163 2610 2236 (Vers.
2638 2166 2693 2233 8,
2728 2166 2810 2237 9.)
2844 2165 3058 2222 Nemini
3086 2167 3369 2240 quidquam
3397 2167 3650 2232 debeatis,
3683 2167 3779 2222 nisi
3796 2179 3839 2221 tu
3858 2166 3912 2218 irt-

2349 2257 2508 2312 vicem
2536 2257 2786 2332 diligatis.
2812 2258 3005 2315 Pacem
3030 2260 3144 2315 vult
3165 2275 3264 2315 nos
3286 2259 3510 2324 habere,
3537 2261 3582 2315 si
3613 2259 3729 2315 ﬁeri
3751 2269 3909 2330 potest,

2350 2366 2471 2407 cum
2497 2354 2770 2418 omnibus,
2800 2353 3149 2409 dilectionem
3192 2369 3326 2411 vero
3353 2363 3375 2391 ε
3404 2365 3526 2409 cum
3569 2353 3844 2413 fratribus,
3875 2360 3910 2405 et

2351 2441 2490 2497 hanc
2531 2453 2734 2512 tamen,
2776 2444 2988 2502 honore
3016 2456 3253 2502 servato.
3304 2445 3514 2502 Idcirco
3562 2456 3748 2501 autem
3798 2443 3911 2499 delii-

2351 2544 2502 2593 tores
2530 2539 2683 2605 dicit;
2714 2539 2838 2610 quia
2869 2540 3098 2608 homini,
3130 2542 3220 2611 qui
3243 2540 3439 2612 dignus
3461 2540 3677 2598 honore
3707 2549 3803 2607 est,
3827 2540 3910 2594 sire

2350 2631 2630 2702 prtescnti,
2665 2631 2781 2689 sive
2809 2632 3012 2702 futuro,
3041 2635 3262 2706 dignum
3304 2645 3387 2691 est
3427 2647 3482 2691 et
3510 2635 3754 2692 debitum
3789 2634 3908 2690 incli-

2350 2725 2486 2782 nari.
2519 2724 2598 2780 Illi
2630 2725 2774 2781 enim
2810 2727 2932 2797 quis
2985 2727 3296 2795 inclinatur,
3321 2741 3350 2782 a
3387 2741 3500 2800 quo
3547 2723 3808 2784 honorem
3842 2740 3908 2780 sca

2350 2819 2534 2891 cepit:
2569 2819 2691 2876 ideo
2721 2819 2937 2876 debitor
2967 2821 3186 2876 dicitur.
3216 2821 3276 2877 Si
3298 2822 3441 2878 enirn
3483 2835 3588 2877 non
3624 2821 3730 2878 hoc
3755 2820 3909 2877 ieceris

2351 2913 2578 2984 principi
2610 2925 2721 2982 tuo,
2746 2916 3014 2986 superbus
3038 2930 3119 2982 es;
3152 2922 3245 2972 aut
3271 2917 3416 2972 enim
3466 2917 3667 2973 merito
3689 2918 3820 2988 quis,
3843 2920 3909 2969 aut

2350 3014 2511 3063 mtate
2545 3007 2894 3065 honorandus
2927 3017 3029 3066 est.

2424 3101 2525 3166 Qui
2553 3103 2691 3158 enim
2731 3103 2899 3176 diligit
2923 3103 3431 3175 proxiritum,Legem
3455 3104 3706 3175 irnplevil.
3750 3103 3905 3173 Legem

645 3202 1014 3264 contemptus,
1042 3194 1305 3250 vindicet.
1331 3195 1428 3250 Dei
1476 3197 1616 3252 enim
1647 3197 1883 3252 minister
1917 3207 2022 3266 est,
2057 3198 2246 3253 vindex
2270 3181 2316 3246 Β
2349 3194 2528 3250 datam
2567 3211 2598 3251 a
2626 3195 2813 3269 Moyse
2848 3197 3057 3268 implet,
3095 3198 3186 3269 qui
3225 3198 3404 3270 diligit
3455 3198 3784 3269 prosi-trium;
3814 3209 3906 3250 nam

639 3291 696 3344 in
721 3291 876 3356 iram,
908 3291 962 3345 in
991 3303 1107 3345 eum
1132 3292 1219 3362 qui
1266 3291 1400 3346 male
1419 3294 1549 3366 agit.
1579 3293 1850 3362 Quoniam
1877 3293 2119 3350 futurum
2154 3295 2243 3365 ju-

639 3382 842 3440 dicium
875 3384 1022 3441 Deus
1049 3386 1258 3450 statuit,
1297 3394 1349 3441 et
1395 3386 1601 3442 nullum
1647 3388 1825 3458 perire
1856 3389 2005 3456 vult,
2041 3389 2144 3445 hoc
2187 3388 2242 3445 in

641 3479 847 3534 saeculo
883 3487 1130 3536 rectores
1176 3479 1476 3547 ordinavit;
1520 3491 1577 3536 ut
1619 3490 1831 3538 terrore
1883 3482 2242 3553 interposito,

637 3573 896 3629 omnibus
939 3573 1086 3629 velut
1127 3573 1408 3647 paedagogi
1441 3576 1571 3642 sint,
1601 3575 1917 3632 erudientes
1955 3575 2080 3632 illos
2116 3577 2244 3648 quid

634 3675 876 3732 servent,
903 3681 969 3722 ne
1001 3667 1053 3721 in
1088 3681 1301 3738 poenam
1343 3669 1588 3724 incidant
1611 3668 1772 3725 futuri
1794 3669 2009 3740 judicii.

708 3761 890 3834 (Vere.
911 3761 991 3833 5.)
1015 3760 1042 3798 ά
1065 3759 1296 3832 Ideoque
1309 3762 1504 3817 subditi
1523 3772 1705 3830 estote,
1729 3780 1833 3819 non
1848 3765 2016 3818 solum
2035 3773 2244 3837 propter

634 3856 791 3924 iram,
820 3855 913 3910 sed
933 3856 1086 3909 etiam
1109 3865 1320 3925 prapter
1341 3855 1728 3911 conscientiam.
1762 3856 1932 3913 Recte
1958 3855 2092 3912 dicit
2115 3855 2244 3912 sub-

628 3949 810 4017 jectos
836 3962 959 4003 esse
989 3948 1190 4003 debere
1220 3962 1326 4002 non
1368 3948 1549 4003 solum
1583 3958 1808 4018 propter
1839 3949 2008 4018 iram,
2042 3948 2093 4004 id
2125 3955 2241 4016 est,

635 4040 898 4095 ultionem
924 4049 1276 4109 praesentem;
1310 4042 1456 4110 parit
1483 4041 1629 4095 enim
1665 4041 1743 4094 ita
1775 4041 2106 4096 vindictam:
2147 4040 2242 4097 sed

634 4143 690 4189 et
722 4143 946 4204 propter
973 4133 1208 4188 futurum
1238 4133 1536 4204 judicium;
1570 4135 1694 4204 quia
1737 4134 1780 4187 si
1821 4134 1910 4188 hic
1945 4134 2239 4201 evnseriut,

633 4223 747 4281 illic
771 4240 871 4281 eos
897 4240 1056 4296 ptena
1098 4235 1396 4297 exspectat,
1439 4226 1524 4281 ubi
1561 4236 1855 4283 accusante
1907 4228 2242 4284 conscientia

639 4316 757 4388 ipsa
789 4318 1103 4388 punientur.

709 4411 892 4482 (Vers.
919 4412 1002 4482 6.)
1036 4411 1174 4467 Nam
1201 4411 1412 4467 Idcireb
1462 4412 1654 4468 tributa
1705 4413 1963 4482 penditis;
2019 4414 2244 4471 ministri

634 4506 769 4560 enim
805 4503 903 4560 Dei
955 4515 1093 4573 sunt,
1144 4507 1198 4560 in
1245 4507 1342 4561 hoc
1387 4507 1556 4579 ipsum
1599 4509 1891 4563 servientes.
1937 4507 2065 4564 Ideo
2112 4508 2244 4565 dicit

2348 3303 2501 3345 novre
2542 3289 2680 3361 legis
2715 3290 3028 3346 mandatum
3073 3299 3160 3347 est
3187 3293 3350 3346 etiam
3399 3292 3654 3347 inimicos
3691 3291 3905 3362 diligere.

2349 3381 2490 3438 Nam
2540 3399 2643 3438 non
2691 3383 3029 3452 adulterabis,
3076 3395 3182 3439 non
3229 3384 3455 3453 occides,
3507 3401 3610 3440 non
3666 3381 3906 3456 [επηοσῆ

2347 3493 2451 3534 non
2475 3480 2810 3549 concupisces
2839 3477 3056 3552 (Matth.
3098 3491 3162 3545 v,
3201 3477 3315 3549 45').
3357 3479 3472 3535 Hoc
3517 3473 3738 3553 Moyses
3769 3479 3908 3547 scrip-

2348 3579 2460 3628 tum
2489 3571 2698 3642 accepit
2727 3587 2758 3625 a
2789 3572 2898 3626 Deo
2927 3571 2996 3626 ad
3021 3571 3470 3628 reformationem
3497 3571 3633 3643 legis
3663 3569 3907 3627 naturalis.

2346 3665 2418 3721 Et
2446 3667 2492 3721 si
2531 3665 2672 3738 quod
2720 3677 2791 3720 est
2844 3665 2992 3720 aliud
3024 3666 3348 3733 mandatum,
3392 3666 3447 3720 in
3502 3667 3600 3720 hoc
3626 3666 3777 3720 verbo
3812 3669 3907 3717 satis

2345 3769 2658 3814 summatur:
2677 3757 2875 3830 Diliges
2895 3759 3186 3831 proximum
3215 3767 3356 3812 tuum
3383 3758 3519 3813 sicut
3547 3767 3596 3813 te
3625 3758 3908 3829 ipsumhoc

2347 3855 2608 3924 scriptum
2655 3863 2738 3909 est
2769 3854 2824 3909 in
2852 3853 3098 3910 Levitico
3121 3850 3444 3927 (Levit.xrx,
3478 3853 3568 3925 5).
3599 3851 3908 3910 Manentibus

2347 3951 2526 4020 itaque
2552 3949 2891 4021 supradictis
2933 3949 3224 4015 mandatis,
3250 3950 3325 4017 _in
3366 3948 3668 4006 dilectione
3728 3943 3906 4018 impier'i

2345 4042 2544 4113 Legem
2572 4041 2862 4114 signiﬁcat,
2887 4043 3028 4098 sicut
3057 4041 3211 4098 dixit:
3242 4055 3306 4098 ac
3334 4043 3379 4098 si
3404 4043 3516 4097 sint
3542 4043 3651 4097 alia
3667 4039 3907 4103 mandaui,

2345 4151 2466 4210 quae
2499 4154 2642 4193 nunc
2667 4139 2856 4203 tacuit;
2891 4146 3075 4192 tamen
3101 4151 3201 4207 pro
3238 4135 3493 4192 omnibus
3547 4135 3814 4191 mandatis
3848 4133 3910 4185 di-

2346 4231 2508 4286 lectio
2535 4229 2822 4286 satisl'acit.
2853 4228 2986 4284 Nam
3015 4230 3146 4286 sise
3175 4228 3470 4284 humanum
3498 4243 3676 4300 genus
3699 4229 3765 4284 ab
3783 4221 3908 4300 ιω

2345 4323 2504 4379 initio
2527 4322 2837 4388 dilexisset,
2868 4321 3129 4394 iniquitas
3166 4323 3217 4377 in
3253 4321 3412 4378 terris
3433 4335 3542 4376 non
3573 4329 3752 4389 esset;
3781 4329 3909 4375 eser-

2345 4419 2494 4473 dium
2518 4418 2665 4474 enim
2687 4417 2964 4489 injust-ilia:
2993 4416 3270 4472 discerdia
3290 4423 3394 4473 est.
3421 4415 3660 4488 ideoque
3699 4412 3720 4452 ‘
3747 4409 3909 4482 ntiqui-

2347 4515 2472 4568 tatis
2502 4511 2726 4584 dilectio
2757 4512 3012 4583 iniquitas
3059 4520 3164 4578 est;
3188 4510 3314 4582 quia
3344 4511 3490 4583 quod
3541 4511 3696 4567 male
3737 4508 3905 4566 malum

632 4599 839 4655 tributa
865 4602 1142 4670 praestari,
1174 4603 1258 4658 vel
1286 4617 1408 4673 qua:
1439 4603 1699 4659 dicunt-ur
1731 4602 1962 4671 ﬁscalia,
2011 4611 2070 4660 ut
2113 4604 2239 4661 sub-
2265 4586 2319 4646 Ῐ)
2345 4613 2448 4670 est,
2475 4603 2618 4659 bono
2648 4605 2846 4659 bonum
2877 4615 2982 4659 est.

563 4759 568 4762 _
626 4691 930 4765 jectionem
959 4705 1239 4766 praestent,
1294 4707 1585 4769 perquam
1617 4699 1792 4754 sciant
1838 4713 1944 4754 non
2003 4713 2064 4756 se
2113 4708 2236 4755 esse

633 4785 862 4855 liberos,
894 4787 996 4844 sed
1024 4788 1126 4844 sub
1173 4799 1443 4860 potestate
1474 4806 1662 4862 agere,
1695 4809 1814 4863 quae
1853 4807 1920 4849 ex
1973 4793 2085 4847 Deo
2129 4799 2234 4858 est;

634 4882 866 4953 principi
916 4885 1065 4939 enim
1112 4899 1232 4954 suo,
1285 4888 1377 4958 qui
1422 4888 1596 4943 vicem
1647 4888 1744 4944 Dei
1789 4889 1922 4958 agit,
1955 4887 2094 4943 sicut
2127 4889 2237 4944 Deo

628 4977 1016 5048 subjiciuntur,
1075 4981 1221 5037 sicut
1249 4980 1382 5038 dicit
1423 4983 1616 5039 Daniel
1666 4983 1965 5055 propheta:
2015 4981 2111 5039 Dei
2165 4993 2240 5040 est

636 5242 647 5254 _
698 5177 724 5205 ι
761 5165 890 5251 Mss.
923 5165 1152 5237 aliquot,
1211 5175 1266 5221 ut
1311 5181 1431 5239 ergo
1482 5169 1620 5236 iusta
1668 5167 1891 5235 timoris;
1920 5168 2234 5242 quidam,...

615 5250 712 5315 jus
743 5255 805 5294 ea;
827 5250 1026 5303 timore.

633 5310 1023 5437 [esisNOnnulli
1072 5324 1202 5366 mss.
1229 5319 1285 5367 et
1335 5311 1454 5368 Gill.
1516 5312 1568 5367 in
1613 5330 1783 5385 marg.
1832 5313 1990 5385 quise
2042 5322 2237 5369 terrore

654 5399 874 5578 melius
907 5471 1022 5513 non
1044 5454 1232 5527 pauci,
1273 5469 1381 5512 non
1406 5465 1528 5512 sunt
1556 5457 1731 5514 timori
1776 5458 1894 5514 boni
1921 5458 2114 5527 operis,
2139 5457 2230 5510 sed

654 5541 716 5578 na
743 5542 778 5578 l.

633 5541 867 5670 maliis;
889 5599 1114 5670 aliquot:
1149 5587 1383 5669 Ideowe
1405 5602 1705 5658 necessitate
1731 5601 1918 5658 subditi
1939 5601 2116 5658 estote.

691 5657 1187 5743 egNounulligmss”
1220 5657 1336 5727 cum
1365 5675 1636 5743 fratribus;
1684 5657 1737 5729 et
1809 5676 1904 5729 hoc
1948 5657 2043 5729 erit
2088 5672 2221 5727 nulli

645 5741 886 5817 uideam}:
919 5741 1139 5817 aettem,
1164 5741 1476 5817 “unicuique
1496 5747 1548 5801 in
1581 5747 1692 5802 loco
1731 5762 1824 5803 suo
1853 5746 2072 5817 adiciam
2121 5760 2216 5800 ex-

625 5811 795 5868 iibere.
828 5811 930 5882 Qui
959 5814 1096 5869 enim
1121 5814 1314 5887 diligit,
1342 5811 1449 5874 etc.

2415 4698 2596 4773 (Vers.
2633 4699 2748 4770 i0.)
2794 4698 3020 4754 Dilectio
3046 4698 3270 4768 proximi
3298 4697 3491 4752 malum
3520 4709 3628 4753 non
3651 4702 3908 4769 speratur:

2341 4793 2608 4865 plenitudo
2639 4793 2776 4848 enim
2798 4791 2953 4865 Legis
2983 4803 3056 4848 est
3093 4791 3319 4847 dilectio.
3367 4790 3570 4847 Malum
3609 4799 3718 4848 nos
3745 4797 3908 4861 ομιτ·

2344 4894 2449 4955 tur,
2481 4887 2604 4957 quia
2633 4885 2776 4942 bona
2802 4895 2887 4940 est
2917 4883 3201 4951 dilectio,8
3234 4899 3335 4940 nec
3363 4897 3599 4956 peccare
3616 4891 3796 4956 potest
3816 4880 3906 4942 ηδε,

2341 4997 2462 5054 quae
2489 4981 2648 5054 Legis
2675 4988 2760 5037 est
2791 4977 3076 5051 perfectio.
3099 4976 3206 5035 Per
3234 4977 3402 5051 Legis
3420 4979 3586 5035 verba
3617 4977 3692 5035 ad
3712 4984 3906 5034 sensum

2419 5166 2439 5206 ί
2464 5166 2554 5225 Sic
2573 5183 2763 5224 omnes
2783 5166 2915 5223 edit.
2937 5175 2994 5221 et
3017 5163 3240 5236 quidam
3269 5177 3430 5230 mss.;
3449 5163 3538 5220 alii
3561 5173 3740 5220 autem
3765 5159 3907 5236 multo

2343 5241 2561 5311 plures,
2617 5240 2904 5311 iniquitatis
2949 5228 3158 5293 dilectio
3205 5228 3419 5311 inimica
3469 5246 3582 5302 est;
3627 5238 3746 5311 quit!
3792 5228 3905 5304 quod

2341 5307 2533 5367 bonum
2557 5323 2635 5369 est
2666 5354 2680 5377 ,
2705 5307 2898 5366 bonum
2923 5322 3020 5365 est:
3038 5319 3086 5364 et
3117 5310 3256 5380 quod
3287 5310 3475 5364 malum
3494 5317 3594 5375 est,
3624 5307 3808 5362 malum
3826 5313 3904 5380 est;

2342 5387 2586 5440 nonnulli
2643 5372 2830 5450 etiam,
2855 5372 3142 5455 iniquitatis
3169 5382 3374 5455 dilectio
3401 5372 3664 5455 iniquitas,
3691 5387 3788 5443 est,
3831 5372 3904 5429 sed

2337 5457 2458 5529 quia
2489 5458 2626 5512 male
2643 5459 2850 5512 malum
2873 5454 2977 5529 est,
3001 5456 3136 5510 bono
3165 5454 3358 5508 bonum
3385 5462 3481 5529 est.

2409 5540 2434 5578 ε
2457 5528 2583 5585 Gill.
2609 5538 2663 5586 et
2690 5529 2848 5585 Rom.
2893 5527 3026 5584 edit.
3064 5541 3187 5582 cum
3215 5542 3325 5582 une
3362 5524 3450 5581 vel
3481 5523 3652 5580 altero
3683 5535 3804 5586 me,
3827 5530 3903 5571 nec

2334 5603 2537 5672 peccari
2587 5611 2754 5673 potest
2807 5617 2898 5672 per
2938 5600 3210 5655 illam.....
3255 5596 3601 5668 euangelicum
3659 5596 3901 5673 peruenit;

2329 5665 2551 5730 Amerb.
2582 5665 2640 5730 et
2661 5665 2966 5747 Erasicum
2981 5673 3167 5743 paucis
3195 5685 3358 5747 mea,
3377 5665 3465 5722 nec
3493 5668 3697 5747 peccari
3716 5665 3898 5747 φης,

2328 5748 2579 5816 peccare)
2609 5755 2772 5815 potest
2801 5740 2999 5801 illa....'
3025 5743 3374 5817 evangelicum
3405 5741 3654 5810 pervenit;
3682 5740 3897 5795 8131985-

2329 5817 2644 5890 frequentes
2671 5828 2728 5876 ut
2755 5818 2808 5876 itt
2843 5825 3012 5879 textu.
3791 5824 3793 5826 '
