  <div class='ocr_page' id='page_1' title='image "/cluster/home/n/w/nwhite01/storage/ocr_20150623/17/hvd.32044015471329/088.png"; bbox 0 0 4082 6306; ppageno 0'>
   <div class='ocr_carea' id='block_1_1' title="bbox 145 208 1775 276">
    <p class='ocr_par' dir='ltr' id='par_1_1' title="bbox 145 208 1775 274">
     <span class='ocr_line' id='line_1_1' title="bbox 145 208 1775 274; baseline 0.002 -5"><span class='ocrx_word' id='word_1_1' title='bbox 145 208 251 269; x_wconf 70' lang='grc'><strong>163</strong></span> <span class='ocrx_word' id='word_1_2' title='bbox 1052 208 1552 274; x_wconf 68' lang='grc' dir='ltr'>εοιιιιειιιτιιιιιιι</span> <span class='ocrx_word' id='word_1_3' title='bbox 1589 210 1655 272; x_wconf 80' lang='lat' dir='ltr'><strong>IN</strong></span> <span class='ocrx_word' id='word_1_4' title='bbox 1697 208 1775 272; x_wconf 73' lang='grc' dir='ltr'><strong>ΕΡ</strong></span> 
     </span>
    </p>
   </div>
   <div class='ocr_carea' id='block_1_2' title="bbox 1881 208 2604 276">
    <p class='ocr_par' dir='ltr' id='par_1_2' title="bbox 1881 209 2604 276">
     <span class='ocr_line' id='line_1_2' title="bbox 1881 209 2604 276; baseline 0.004 -6"><span class='ocrx_word' id='word_1_5' title='bbox 1881 209 2084 273; x_wconf 59' lang='grc' dir='ltr'>θοιιΑιι</span> <span class='ocrx_word' id='word_1_6' title='bbox 2122 212 2218 275; x_wconf 79' lang='lat' dir='ltr'><strong>AD</strong></span> <span class='ocrx_word' id='word_1_7' title='bbox 2255 213 2604 276; x_wconf 70' lang='lat' dir='ltr'><strong>ROIANOS.</strong></span> 
     </span>
    </p>
   </div>
   <div class='ocr_carea' id='block_1_3' title="bbox 145 327 1831 402">
    <p class='ocr_par' dir='ltr' id='par_1_3' title="bbox 145 327 1831 402">
     <span class='ocr_line' id='line_1_3' title="bbox 145 327 1831 402; baseline 0.004 -22"><span class='ocrx_word' id='word_1_8' title='bbox 145 327 532 399; x_wconf 70' lang='lat' dir='ltr'><strong>evangelicum</strong></span> <span class='ocrx_word' id='word_1_9' title='bbox 555 327 669 384; x_wconf 90' lang='lat' dir='ltr'><strong>vult</strong></span> <span class='ocrx_word' id='word_1_10' title='bbox 690 328 1001 400; x_wconf 87' lang='lat' dir='ltr'><strong>pervenire.</strong></span> <span class='ocrx_word' id='word_1_11' title='bbox 1044 327 1174 386; x_wconf 84' lang='lat' dir='ltr'><strong>Ideo</strong></span> <span class='ocrx_word' id='word_1_12' title='bbox 1204 331 1350 386; x_wconf 87' lang='lat' dir='ltr'><strong>enim</strong></span> <span class='ocrx_word' id='word_1_13' title='bbox 1397 329 1542 402; x_wconf 85' lang='lat' dir='ltr'><strong>quod</strong></span> <span class='ocrx_word' id='word_1_14' title='bbox 1594 345 1746 386; x_wconf 87' lang='lat' dir='ltr'><strong>sum-</strong></span> <span class='ocrx_word' id='word_1_15' title='bbox 1775 331 1831 395; x_wconf 75' lang='grc' dir='ltr'><strong>Α</strong></span> 
     </span>
    </p>
   </div>
   <div class='ocr_carea' id='block_1_4' title="bbox 146 421 1752 496">
    <p class='ocr_par' dir='ltr' id='par_1_4' title="bbox 146 421 1752 496">
     <span class='ocr_line' id='line_1_4' title="bbox 146 421 1752 496; baseline 0.002 -21"><span class='ocrx_word' id='word_1_16' title='bbox 146 435 297 475; x_wconf 90' lang='lat' dir='ltr'><strong>mum</strong></span> <span class='ocrx_word' id='word_1_17' title='bbox 333 432 423 478; x_wconf 89' lang='lat' dir='ltr'><strong>est</strong></span> <span class='ocrx_word' id='word_1_18' title='bbox 454 421 640 494; x_wconf 86' lang='lat' dir='ltr'><strong>Legis,</strong></span> <span class='ocrx_word' id='word_1_19' title='bbox 663 431 977 489; x_wconf 88' lang='lat' dir='ltr'><strong>memorat;</strong></span> <span class='ocrx_word' id='word_1_20' title='bbox 1004 432 1065 479; x_wconf 92' lang='lat' dir='ltr'><strong>ut</strong></span> <span class='ocrx_word' id='word_1_21' title='bbox 1112 423 1240 480; x_wconf 85' lang='lat' dir='ltr'><strong>huic</strong></span> <span class='ocrx_word' id='word_1_22' title='bbox 1267 424 1618 496; x_wconf 85' lang='lat' dir='ltr'><strong>Evangelium</strong></span> <span class='ocrx_word' id='word_1_23' title='bbox 1663 439 1752 480; x_wconf 91' lang='lat' dir='ltr'><strong>so-</strong></span> 
     </span>
    </p>
   </div>
   <div class='ocr_carea' id='block_1_5' title="bbox 3346 216 3450 279">
    <p class='ocr_par' dir='ltr' id='par_1_5' title="bbox 3346 216 3450 279">
     <span class='ocr_line' id='line_1_5' title="bbox 3346 216 3450 279; baseline 0.019 -2"><span class='ocrx_word' id='word_1_24' title='bbox 3346 216 3450 279; x_wconf 71' lang='grc' dir='ltr'><strong>ιιι</strong></span> 
     </span>
    </p>
   </div>
   <div class='ocr_carea' id='block_1_6' title="bbox 1925 330 3450 404">
    <p class='ocr_par' dir='ltr' id='par_1_6' title="bbox 1925 330 3450 404">
     <span class='ocr_line' id='line_1_6' title="bbox 1925 330 3450 404; baseline 0.002 -17"><span class='ocrx_word' id='word_1_25' title='bbox 1925 330 2113 402; x_wconf 83' lang='lat' dir='ltr'><strong>(Vers.</strong></span> <span class='ocrx_word' id='word_1_26' title='bbox 2142 331 2257 404; x_wconf 76' lang='lat' dir='ltr'><strong>l5.)</strong></span> <span class='ocrx_word' id='word_1_27' title='bbox 2287 331 2442 388; x_wconf 86' lang='lat' dir='ltr'><strong>Sicut</strong></span> <span class='ocrx_word' id='word_1_28' title='bbox 2470 334 2526 388; x_wconf 84' lang='lat' dir='ltr'><strong>in</strong></span> <span class='ocrx_word' id='word_1_29' title='bbox 2553 335 2638 389; x_wconf 83' lang='lat' dir='ltr'><strong>die</strong></span> <span class='ocrx_word' id='word_1_30' title='bbox 2656 335 2865 390; x_wconf 80' lang='lat' dir='ltr'><strong>honeste</strong></span> <span class='ocrx_word' id='word_1_31' title='bbox 2882 334 3219 390; x_wconf 76' lang='lat' dir='ltr'><strong>ambulemus.</strong></span> <span class='ocrx_word' id='word_1_32' title='bbox 3251 334 3450 390; x_wconf 80' lang='lat' dir='ltr'><strong>Verum</strong></span> 
     </span>
    </p>
   </div>
   <div class='ocr_carea' id='block_1_7' title="bbox 1854 424 3452 500">
    <p class='ocr_par' dir='ltr' id='par_1_7' title="bbox 1854 424 3452 500">
     <span class='ocr_line' id='line_1_7' title="bbox 1854 424 3452 500; baseline 0.002 -20"><span class='ocrx_word' id='word_1_33' title='bbox 1854 434 1940 480; x_wconf 86' lang='lat' dir='ltr'><strong>est</strong></span> <span class='ocrx_word' id='word_1_34' title='bbox 1967 440 1982 491; x_wconf 91' lang='lat'><strong>;</strong></span> <span class='ocrx_word' id='word_1_35' title='bbox 2017 431 2076 479; x_wconf 92' lang='lat' dir='ltr'><strong>ut</strong></span> <span class='ocrx_word' id='word_1_36' title='bbox 2106 424 2230 495; x_wconf 82' lang='lat' dir='ltr'><strong>quia</strong></span> <span class='ocrx_word' id='word_1_37' title='bbox 2263 425 2478 495; x_wconf 90' lang='lat' dir='ltr'><strong>publice</strong></span> <span class='ocrx_word' id='word_1_38' title='bbox 2513 441 2618 482; x_wconf 91' lang='lat' dir='ltr'><strong>non</strong></span> <span class='ocrx_word' id='word_1_39' title='bbox 2653 437 2926 498; x_wconf 85' lang='lat' dir='ltr'><strong>peccatur,</strong></span> <span class='ocrx_word' id='word_1_40' title='bbox 2953 429 3031 484; x_wconf 91' lang='lat' dir='ltr'><strong>sic</strong></span> <span class='ocrx_word' id='word_1_41' title='bbox 3058 444 3281 498; x_wconf 58' lang='lat' dir='ltr'><strong>agamus-</strong></span> <span class='ocrx_word' id='word_1_42' title='bbox 3309 443 3452 500; x_wconf 87' lang='lat' dir='ltr'><strong>quo-</strong></span> 
     </span>
    </p>
   </div>
   <div class='ocr_carea' id='block_1_8' title="bbox 146 515 1751 589">
    <p class='ocr_par' dir='ltr' id='par_1_8' title="bbox 146 515 1751 589">
     <span class='ocr_line' id='line_1_8' title="bbox 146 515 1751 589; baseline 0.002 -20"><span class='ocrx_word' id='word_1_43' title='bbox 146 515 276 582; x_wconf 89' lang='lat' dir='ltr'><strong>ciet,</strong></span> <span class='ocrx_word' id='word_1_44' title='bbox 303 515 605 572; x_wconf 89' lang='lat' dir='ltr'><strong>ostendens</strong></span> <span class='ocrx_word' id='word_1_45' title='bbox 636 517 798 571; x_wconf 92' lang='lat' dir='ltr'><strong>unius</strong></span> <span class='ocrx_word' id='word_1_46' title='bbox 817 530 937 573; x_wconf 89' lang='lat' dir='ltr'><strong>esse</strong></span> <span class='ocrx_word' id='word_1_47' title='bbox 959 532 1180 574; x_wconf 84' lang='lat' dir='ltr'><strong>sensum</strong></span> <span class='ocrx_word' id='word_1_48' title='bbox 1201 518 1466 573; x_wconf 86' lang='lat' dir='ltr'><strong>auctoris.</strong></span> <span class='ocrx_word' id='word_1_49' title='bbox 1489 517 1595 573; x_wconf 90' lang='lat' dir='ltr'><strong>Sed</strong></span> <span class='ocrx_word' id='word_1_50' title='bbox 1622 519 1751 589; x_wconf 87' lang='lat' dir='ltr'><strong>quia</strong></span> 
     </span>
    </p>
   </div>
   <div class='ocr_carea' id='block_1_9' title="bbox 149 609 1756 683">
    <p class='ocr_par' dir='ltr' id='par_1_9' title="bbox 149 609 1756 683">
     <span class='ocr_line' id='line_1_9' title="bbox 149 609 1756 683; baseline 0.002 -19"><span class='ocrx_word' id='word_1_51' title='bbox 149 617 406 679; x_wconf 87' lang='lat' dir='ltr'><strong>tempore</strong></span> <span class='ocrx_word' id='word_1_52' title='bbox 429 609 633 666; x_wconf 75' lang='lat' dir='ltr'><strong>Christi</strong></span> <span class='ocrx_word' id='word_1_53' title='bbox 680 610 886 667; x_wconf 83' lang='lat' dir='ltr'><strong>addere</strong></span> <span class='ocrx_word' id='word_1_54' title='bbox 934 611 1136 682; x_wconf 86' lang='lat' dir='ltr'><strong>aliquid</strong></span> <span class='ocrx_word' id='word_1_55' title='bbox 1193 611 1458 683; x_wconf 77' lang='lat' dir='ltr'><strong>Oportuit,</strong></span> <span class='ocrx_word' id='word_1_56' title='bbox 1506 629 1612 666; x_wconf 90' lang='lat' dir='ltr'><strong>non</strong></span> <span class='ocrx_word' id='word_1_57' title='bbox 1664 626 1756 667; x_wconf 84' lang='lat' dir='ltr'><strong>so-</strong></span> 
     </span>
    </p>
   </div>
   <div class='ocr_carea' id='block_1_10' title="bbox 147 702 1754 778">
    <p class='ocr_par' dir='ltr' id='par_1_10' title="bbox 147 702 1754 778">
     <span class='ocr_line' id='line_1_10' title="bbox 147 702 1754 778; baseline 0.003 -20"><span class='ocrx_word' id='word_1_58' title='bbox 147 702 261 758; x_wconf 89' lang='lat' dir='ltr'><strong>lum</strong></span> <span class='ocrx_word' id='word_1_59' title='bbox 290 703 596 774; x_wconf 83' lang='lat' dir='ltr'><strong>proximos,</strong></span> <span class='ocrx_word' id='word_1_60' title='bbox 629 704 729 760; x_wconf 87' lang='lat' dir='ltr'><strong>sed</strong></span> <span class='ocrx_word' id='word_1_61' title='bbox 780 705 1028 761; x_wconf 84' lang='lat' dir='ltr'><strong>inimicos</strong></span> <span class='ocrx_word' id='word_1_62' title='bbox 1075 705 1232 778; x_wconf 84' lang='lat' dir='ltr'><strong>diligi</strong></span> <span class='ocrx_word' id='word_1_63' title='bbox 1279 707 1561 776; x_wconf 80' lang='lat' dir='ltr'><strong>praecepit.</strong></span> <span class='ocrx_word' id='word_1_64' title='bbox 1597 705 1754 763; x_wconf 83' lang='lat' dir='ltr'><strong>Unde</strong></span> 
     </span>
    </p>
   </div>
   <div class='ocr_carea' id='block_1_11' title="bbox 145 795 1751 870">
    <p class='ocr_par' dir='ltr' id='par_1_11' title="bbox 145 795 1751 870">
     <span class='ocr_line' id='line_1_11' title="bbox 145 795 1751 870; baseline 0.001 -19"><span class='ocrx_word' id='word_1_65' title='bbox 145 795 411 853; x_wconf 73' lang='lat' dir='ltr'><strong>subditur</strong></span> <span class='ocrx_word' id='word_1_66' title='bbox 443 813 457 852; x_wconf 87' lang='lat'><strong>:</strong></span> <span class='ocrx_word' id='word_1_67' title='bbox 492 795 774 852; x_wconf 71' lang='lat' dir='ltr'><strong>Plenitudo</strong></span> <span class='ocrx_word' id='word_1_68' title='bbox 796 796 951 870; x_wconf 82' lang='lat' dir='ltr'><strong>Legis</strong></span> <span class='ocrx_word' id='word_1_69' title='bbox 972 807 1046 853; x_wconf 84' lang='lat' dir='ltr'><strong>est</strong></span> <span class='ocrx_word' id='word_1_70' title='bbox 1080 798 1290 852; x_wconf 73' lang='lat' dir='ltr'><strong>dilectio</strong></span> <span class='ocrx_word' id='word_1_71' title='bbox 1313 797 1588 870; x_wconf 55' lang='lat' dir='ltr'><strong>(Matt/tm,</strong></span> <span class='ocrx_word' id='word_1_72' title='bbox 1622 797 1751 868; x_wconf 64' lang='lat'><strong>43):</strong></span> 
     </span>
    </p>
   </div>
   <div class='ocr_carea' id='block_1_12' title="bbox 144 890 1762 962">
    <p class='ocr_par' dir='ltr' id='par_1_12' title="bbox 144 890 1762 962">
     <span class='ocr_line' id='line_1_12' title="bbox 144 890 1762 962; baseline 0.001 -18"><span class='ocrx_word' id='word_1_73' title='bbox 144 897 212 944; x_wconf 88' lang='lat' dir='ltr'><strong>ut</strong></span> <span class='ocrx_word' id='word_1_74' title='bbox 233 890 458 960; x_wconf 87' lang='lat' dir='ltr'><strong>justitia</strong></span> <span class='ocrx_word' id='word_1_75' title='bbox 489 890 559 945; x_wconf 88' lang='lat' dir='ltr'><strong>sit</strong></span> <span class='ocrx_word' id='word_1_76' title='bbox 583 890 814 961; x_wconf 80' lang='lat' dir='ltr'><strong>diligere</strong></span> <span class='ocrx_word' id='word_1_77' title='bbox 847 890 1182 962; x_wconf 82' lang='lat' dir='ltr'><strong>proximum,</strong></span> <span class='ocrx_word' id='word_1_78' title='bbox 1211 891 1496 946; x_wconf 84' lang='lat' dir='ltr'><strong>abundans</strong></span> <span class='ocrx_word' id='word_1_79' title='bbox 1547 907 1676 946; x_wconf 76' lang='lat' dir='ltr'><strong>vero</strong></span> <span class='ocrx_word' id='word_1_80' title='bbox 1703 901 1762 946; x_wconf 88' lang='lat' dir='ltr'><strong>et</strong></span> 
     </span>
    </p>
   </div>
   <div class='ocr_carea' id='block_1_13' title="bbox 148 983 1756 1058">
    <p class='ocr_par' dir='ltr' id='par_1_13' title="bbox 148 983 1756 1058">
     <span class='ocr_line' id='line_1_13' title="bbox 148 983 1756 1058; baseline 0.001 -18"><span class='ocrx_word' id='word_1_81' title='bbox 148 983 408 1051; x_wconf 81' lang='lat' dir='ltr'><strong>perfecta</strong></span> <span class='ocrx_word' id='word_1_82' title='bbox 433 983 649 1056; x_wconf 84' lang='lat' dir='ltr'><strong>justitia</strong></span> <span class='ocrx_word' id='word_1_83' title='bbox 677 985 840 1041; x_wconf 90' lang='lat' dir='ltr'><strong>etiam</strong></span> <span class='ocrx_word' id='word_1_84' title='bbox 873 985 1124 1041; x_wconf 90' lang='lat' dir='ltr'><strong>inimicos</strong></span> <span class='ocrx_word' id='word_1_85' title='bbox 1170 985 1421 1058; x_wconf 74' lang='lat' dir='ltr'><strong>diligere.</strong></span> <span class='ocrx_word' id='word_1_86' title='bbox 1474 985 1756 1041; x_wconf 90' lang='lat' dir='ltr'><strong>Inimicum</strong></span> 
     </span>
    </p>
   </div>
   <div class='ocr_carea' id='block_1_14' title="bbox 143 1077 1760 1151">
    <p class='ocr_par' dir='ltr' id='par_1_14' title="bbox 143 1077 1760 1151">
     <span class='ocr_line' id='line_1_14' title="bbox 143 1077 1760 1151; baseline 0.001 -17"><span class='ocrx_word' id='word_1_87' title='bbox 143 1088 336 1134; x_wconf 86' lang='lat' dir='ltr'><strong>autem</strong></span> <span class='ocrx_word' id='word_1_88' title='bbox 358 1077 592 1149; x_wconf 74' lang='lat' dir='ltr'><strong>diligere</strong></span> <span class='ocrx_word' id='word_1_89' title='bbox 614 1078 742 1150; x_wconf 90' lang='lat' dir='ltr'><strong>quid</strong></span> <span class='ocrx_word' id='word_1_90' title='bbox 774 1079 919 1134; x_wconf 86' lang='lat' dir='ltr'><strong>aliud</strong></span> <span class='ocrx_word' id='word_1_91' title='bbox 961 1089 1066 1146; x_wconf 89' lang='lat' dir='ltr'><strong>est,</strong></span> <span class='ocrx_word' id='word_1_92' title='bbox 1093 1095 1257 1150; x_wconf 88' lang='lat' dir='ltr'><strong>quam</strong></span> <span class='ocrx_word' id='word_1_93' title='bbox 1289 1092 1480 1151; x_wconf 89' lang='lat' dir='ltr'><strong>optare</strong></span> <span class='ocrx_word' id='word_1_94' title='bbox 1505 1079 1760 1136; x_wconf 90' lang='lat' dir='ltr'><strong>desinere</strong></span> 
     </span>
    </p>
   </div>
   <div class='ocr_carea' id='block_1_15' title="bbox 143 1171 1762 1243">
    <p class='ocr_par' dir='ltr' id='par_1_15' title="bbox 143 1171 1762 1243">
     <span class='ocr_line' id='line_1_15' title="bbox 143 1171 1762 1243; baseline 0.001 -16"><span class='ocrx_word' id='word_1_95' title='bbox 143 1171 306 1227; x_wconf 90' lang='lat' dir='ltr'><strong>illum</strong></span> <span class='ocrx_word' id='word_1_96' title='bbox 329 1172 403 1227; x_wconf 90' lang='lat' dir='ltr'><strong>ab</strong></span> <span class='ocrx_word' id='word_1_97' title='bbox 432 1171 584 1238; x_wconf 90' lang='lat' dir='ltr'><strong>odio,</strong></span> <span class='ocrx_word' id='word_1_98' title='bbox 608 1182 663 1226; x_wconf 91' lang='lat' dir='ltr'><strong>et</strong></span> <span class='ocrx_word' id='word_1_99' title='bbox 691 1171 829 1227; x_wconf 87' lang='lat' dir='ltr'><strong>nihil</strong></span> <span class='ocrx_word' id='word_1_100' title='bbox 853 1186 1109 1243; x_wconf 90' lang='lat' dir='ltr'><strong>asperum</strong></span> <span class='ocrx_word' id='word_1_101' title='bbox 1157 1182 1346 1243; x_wconf 89' lang='lat' dir='ltr'><strong>petere</strong></span> <span class='ocrx_word' id='word_1_102' title='bbox 1395 1172 1666 1228; x_wconf 89' lang='lat' dir='ltr'><strong>adversus</strong></span> <span class='ocrx_word' id='word_1_103' title='bbox 1696 1173 1762 1228; x_wconf 87' lang='lat' dir='ltr'><strong>il-</strong></span> 
     </span>
    </p>
   </div>
   <div class='ocr_carea' id='block_1_16' title="bbox 143 1265 1762 1337">
    <p class='ocr_par' dir='ltr' id='par_1_16' title="bbox 143 1265 1762 1337">
     <span class='ocr_line' id='line_1_16' title="bbox 143 1265 1762 1337; baseline 0.001 -17"><span class='ocrx_word' id='word_1_104' title='bbox 143 1266 260 1321; x_wconf 90' lang='lat' dir='ltr'><strong>lum</strong></span> <span class='ocrx_word' id='word_1_105' title='bbox 287 1265 313 1319; x_wconf 85' lang='lat'><strong>?</strong></span> <span class='ocrx_word' id='word_1_106' title='bbox 339 1265 458 1322; x_wconf 81' lang='lat' dir='ltr'><strong>Hoc</strong></span> <span class='ocrx_word' id='word_1_107' title='bbox 479 1275 565 1322; x_wconf 90' lang='lat' dir='ltr'><strong>est</strong></span> <span class='ocrx_word' id='word_1_108' title='bbox 591 1280 777 1322; x_wconf 87' lang='lat' dir='ltr'><strong>amare</strong></span> <span class='ocrx_word' id='word_1_109' title='bbox 805 1266 960 1321; x_wconf 92' lang='lat' dir='ltr'><strong>illum</strong></span> <span class='ocrx_word' id='word_1_110' title='bbox 978 1306 994 1334; x_wconf 93' lang='lat'><strong>,</strong></span> <span class='ocrx_word' id='word_1_111' title='bbox 1020 1281 1087 1323; x_wconf 87' lang='lat' dir='ltr'><strong>ea</strong></span> <span class='ocrx_word' id='word_1_112' title='bbox 1120 1266 1197 1321; x_wconf 93' lang='lat' dir='ltr'><strong>illi</strong></span> <span class='ocrx_word' id='word_1_113' title='bbox 1228 1275 1499 1336; x_wconf 80' lang='lat' dir='ltr'><strong>exoptare</strong></span> <span class='ocrx_word' id='word_1_114' title='bbox 1525 1281 1622 1336; x_wconf 89' lang='lat' dir='ltr'><strong>per</strong></span> <span class='ocrx_word' id='word_1_115' title='bbox 1642 1281 1762 1337; x_wconf 71' lang='lat' dir='ltr'><strong>qua:</strong></span> 
     </span>
    </p>
   </div>
   <div class='ocr_carea' id='block_1_17' title="bbox 145 1359 1762 1432">
    <p class='ocr_par' dir='ltr' id='par_1_17' title="bbox 145 1359 1762 1432">
     <span class='ocr_line' id='line_1_17' title="bbox 145 1359 1762 1432; baseline 0 -18"><span class='ocrx_word' id='word_1_116' title='bbox 145 1359 328 1416; x_wconf 85' lang='lat' dir='ltr'><strong>Deum</strong></span> <span class='ocrx_word' id='word_1_117' title='bbox 355 1362 554 1417; x_wconf 84' lang='lat' dir='ltr'><strong>habeat</strong></span> <span class='ocrx_word' id='word_1_118' title='bbox 582 1362 882 1432; x_wconf 90' lang='lat' dir='ltr'><strong>propitium</strong></span> <span class='ocrx_word' id='word_1_119' title='bbox 916 1379 930 1416; x_wconf 89' lang='lat'><strong>:</strong></span> <span class='ocrx_word' id='word_1_120' title='bbox 961 1361 1078 1417; x_wconf 72' lang='lat' dir='ltr'><strong>hare</strong></span> <span class='ocrx_word' id='word_1_121' title='bbox 1112 1361 1355 1420; x_wconf 63' lang='lat' dir='ltr'><strong>caelestis</strong></span> <span class='ocrx_word' id='word_1_122' title='bbox 1374 1361 1608 1431; x_wconf 88' lang='lat' dir='ltr'><strong>justitia,</strong></span> <span class='ocrx_word' id='word_1_123' title='bbox 1643 1359 1762 1415; x_wconf 71' lang='lat' dir='ltr'><strong>hare</strong></span> 
     </span>
    </p>
   </div>
   <div class='ocr_carea' id='block_1_18' title="bbox 147 1451 1763 1526">
    <p class='ocr_par' dir='ltr' id='par_1_18' title="bbox 147 1451 1763 1526">
     <span class='ocr_line' id='line_1_18' title="bbox 147 1451 1763 1526; baseline 0.002 -20"><span class='ocrx_word' id='word_1_124' title='bbox 147 1453 267 1508; x_wconf 88' lang='lat' dir='ltr'><strong>Deo</strong></span> <span class='ocrx_word' id='word_1_125' title='bbox 295 1451 449 1508; x_wconf 87' lang='lat' dir='ltr'><strong>Patri</strong></span> <span class='ocrx_word' id='word_1_126' title='bbox 481 1454 692 1509; x_wconf 89' lang='lat' dir='ltr'><strong>similes</strong></span> <span class='ocrx_word' id='word_1_127' title='bbox 725 1452 874 1521; x_wconf 79' lang='lat' dir='ltr'><strong>facit,</strong></span> <span class='ocrx_word' id='word_1_128' title='bbox 898 1455 990 1526; x_wconf 90' lang='lat' dir='ltr'><strong>qui</strong></span> <span class='ocrx_word' id='word_1_129' title='bbox 1023 1470 1128 1509; x_wconf 92' lang='lat' dir='ltr'><strong>non</strong></span> <span class='ocrx_word' id='word_1_130' title='bbox 1162 1454 1472 1510; x_wconf 90' lang='lat' dir='ltr'><strong>colentibus</strong></span> <span class='ocrx_word' id='word_1_131' title='bbox 1499 1468 1559 1510; x_wconf 89' lang='lat' dir='ltr'><strong>se</strong></span> <span class='ocrx_word' id='word_1_132' title='bbox 1581 1468 1763 1509; x_wconf 85' lang='lat' dir='ltr'><strong>annua</strong></span> 
     </span>
    </p>
   </div>
   <div class='ocr_carea' id='block_1_19' title="bbox 145 1543 1764 1616">
    <p class='ocr_par' dir='ltr' id='par_1_19' title="bbox 145 1543 1764 1616">
     <span class='ocr_line' id='line_1_19' title="bbox 145 1543 1764 1616; baseline 0.002 -16"><span class='ocrx_word' id='word_1_133' title='bbox 145 1543 299 1600; x_wconf 86' lang='lat' dir='ltr'><strong>dona</strong></span> <span class='ocrx_word' id='word_1_134' title='bbox 331 1544 579 1616; x_wconf 74' lang='lat' dir='ltr'><strong>largitur.</strong></span> <span class='ocrx_word' id='word_1_135' title='bbox 630 1544 765 1601; x_wconf 84' lang='lat' dir='ltr'><strong>Nam</strong></span> <span class='ocrx_word' id='word_1_136' title='bbox 822 1555 878 1602; x_wconf 89' lang='lat' dir='ltr'><strong>et</strong></span> <span class='ocrx_word' id='word_1_137' title='bbox 929 1546 1192 1603; x_wconf 85' lang='lat' dir='ltr'><strong>Dominus</strong></span> <span class='ocrx_word' id='word_1_138' title='bbox 1233 1545 1286 1600; x_wconf 92' lang='lat' dir='ltr'><strong>in</strong></span> <span class='ocrx_word' id='word_1_139' title='bbox 1335 1561 1502 1602; x_wconf 89' lang='lat' dir='ltr'><strong>cruce</strong></span> <span class='ocrx_word' id='word_1_140' title='bbox 1553 1545 1764 1616; x_wconf 89' lang='lat' dir='ltr'><strong>positus</strong></span> 
     </span>
    </p>
   </div>
   <div class='ocr_carea' id='block_1_20' title="bbox 147 1637 1766 1711">
    <p class='ocr_par' dir='ltr' id='par_1_20' title="bbox 147 1637 1766 1711">
     <span class='ocr_line' id='line_1_20' title="bbox 147 1637 1766 1711; baseline 0.002 -20"><span class='ocrx_word' id='word_1_141' title='bbox 147 1637 400 1707; x_wconf 83' lang='lat' dir='ltr'><strong>postulat</strong></span> <span class='ocrx_word' id='word_1_142' title='bbox 430 1651 532 1708; x_wconf 90' lang='lat' dir='ltr'><strong>pro</strong></span> <span class='ocrx_word' id='word_1_143' title='bbox 554 1637 799 1694; x_wconf 91' lang='lat' dir='ltr'><strong>inimicis</strong></span> <span class='ocrx_word' id='word_1_144' title='bbox 823 1637 982 1710; x_wconf 88' lang='lat' dir='ltr'><strong>(Luc.</strong></span> <span class='ocrx_word' id='word_1_145' title='bbox 1018 1655 1178 1706; x_wconf 77' lang='lat' dir='ltr'><strong>um,</strong></span> <span class='ocrx_word' id='word_1_146' title='bbox 1207 1637 1301 1711; x_wconf 80' lang='grc'><strong>55)</strong></span> <span class='ocrx_word' id='word_1_147' title='bbox 1328 1655 1344 1705; x_wconf 85' lang='grc'>;</span> <span class='ocrx_word' id='word_1_148' title='bbox 1379 1647 1436 1694; x_wconf 87' lang='grc' dir='ltr'><strong>ιιι</strong></span> <span class='ocrx_word' id='word_1_149' title='bbox 1466 1639 1766 1710; x_wconf 84' lang='lat' dir='ltr'><strong>plenitudi-</strong></span> 
     </span>
    </p>
   </div>
   <div class='ocr_carea' id='block_1_21' title="bbox 147 1730 1477 1802">
    <p class='ocr_par' dir='ltr' id='par_1_21' title="bbox 147 1730 1477 1802">
     <span class='ocr_line' id='line_1_21' title="bbox 147 1730 1477 1802; baseline 0 -18"><span class='ocrx_word' id='word_1_150' title='bbox 147 1745 278 1785; x_wconf 86' lang='lat' dir='ltr'><strong>nem</strong></span> <span class='ocrx_word' id='word_1_151' title='bbox 302 1730 535 1800; x_wconf 76' lang='lat' dir='ltr'><strong>justitize</strong></span> <span class='ocrx_word' id='word_1_152' title='bbox 553 1745 716 1802; x_wconf 86' lang='lat' dir='ltr'><strong>quam</strong></span> <span class='ocrx_word' id='word_1_153' title='bbox 744 1731 1032 1796; x_wconf 88' lang='lat' dir='ltr'><strong>docuerat,</strong></span> <span class='ocrx_word' id='word_1_154' title='bbox 1055 1731 1477 1788; x_wconf 80' lang='lat' dir='ltr'><strong>demonstraret.</strong></span> 
     </span>
    </p>
   </div>
   <div class='ocr_carea' id='block_1_22' title="bbox 230 1822 1761 1896">
    <p class='ocr_par' dir='ltr' id='par_1_22' title="bbox 230 1822 1761 1896">
     <span class='ocr_line' id='line_1_22' title="bbox 230 1822 1761 1896; baseline -0.001 -18"><span class='ocrx_word' id='word_1_155' title='bbox 230 1824 418 1895; x_wconf 83' lang='lat' dir='ltr'><strong>(Vers.</strong></span> <span class='ocrx_word' id='word_1_156' title='bbox 451 1823 565 1896; x_wconf 78' lang='lat' dir='ltr'><strong>Ii.)</strong></span> <span class='ocrx_word' id='word_1_157' title='bbox 593 1822 660 1878; x_wconf 83' lang='lat' dir='ltr'><strong>Et</strong></span> <span class='ocrx_word' id='word_1_158' title='bbox 699 1823 795 1878; x_wconf 83' lang='lat' dir='ltr'><strong>hoc</strong></span> <span class='ocrx_word' id='word_1_159' title='bbox 837 1825 1054 1879; x_wconf 77' lang='lat' dir='ltr'><strong>scientes</strong></span> <span class='ocrx_word' id='word_1_160' title='bbox 1083 1835 1305 1894; x_wconf 88' lang='lat' dir='ltr'><strong>tempus,</strong></span> <span class='ocrx_word' id='word_1_161' title='bbox 1336 1824 1580 1894; x_wconf 85' lang='lat' dir='ltr'><strong>quoniam</strong></span> <span class='ocrx_word' id='word_1_162' title='bbox 1633 1823 1761 1877; x_wconf 78' lang='lat' dir='ltr'><strong>liora</strong></span> 
     </span>
    </p>
   </div>
   <div class='ocr_carea' id='block_1_23' title="bbox 150 1919 1764 1993">
    <p class='ocr_par' dir='ltr' id='par_1_23' title="bbox 150 1919 1764 1993">
     <span class='ocr_line' id='line_1_23' title="bbox 150 1919 1764 1993; baseline 0.002 -20"><span class='ocrx_word' id='word_1_163' title='bbox 150 1927 230 1975; x_wconf 87' lang='lat' dir='ltr'><strong>est</strong></span> <span class='ocrx_word' id='word_1_164' title='bbox 245 1919 367 1989; x_wconf 85' lang='lat' dir='ltr'><strong>jam</strong></span> <span class='ocrx_word' id='word_1_165' title='bbox 391 1934 485 1974; x_wconf 85' lang='lat' dir='ltr'><strong>nos</strong></span> <span class='ocrx_word' id='word_1_166' title='bbox 515 1920 580 1973; x_wconf 86' lang='lat' dir='ltr'><strong>de</strong></span> <span class='ocrx_word' id='word_1_167' title='bbox 607 1935 789 1974; x_wconf 88' lang='lat' dir='ltr'><strong>somno</strong></span> <span class='ocrx_word' id='word_1_168' title='bbox 816 1936 1044 1993; x_wconf 82' lang='lat' dir='ltr'><strong>surgere.</strong></span> <span class='ocrx_word' id='word_1_169' title='bbox 1073 1919 1313 1989; x_wconf 83' lang='lat' dir='ltr'><strong>Tempus</strong></span> <span class='ocrx_word' id='word_1_170' title='bbox 1333 1935 1457 1977; x_wconf 85' lang='lat' dir='ltr'><strong>esse</strong></span> <span class='ocrx_word' id='word_1_171' title='bbox 1480 1920 1632 1987; x_wconf 89' lang='lat' dir='ltr'><strong>dicit,</strong></span> <span class='ocrx_word' id='word_1_172' title='bbox 1657 1935 1764 1991; x_wconf 93' lang='lat' dir='ltr'><strong>quo</strong></span> 
     </span>
    </p>
   </div>
   <div class='ocr_carea' id='block_1_24' title="bbox 149 2011 1766 2083">
    <p class='ocr_par' dir='ltr' id='par_1_24' title="bbox 149 2011 1766 2083">
     <span class='ocr_line' id='line_1_24' title="bbox 149 2011 1766 2083; baseline -0.002 -14"><span class='ocrx_word' id='word_1_173' title='bbox 149 2012 220 2069; x_wconf 90' lang='lat' dir='ltr'><strong>ad</strong></span> <span class='ocrx_word' id='word_1_174' title='bbox 258 2013 520 2069; x_wconf 91' lang='lat' dir='ltr'><strong>meritum</strong></span> <span class='ocrx_word' id='word_1_175' title='bbox 552 2011 820 2083; x_wconf 87' lang='lat' dir='ltr'><strong>proﬁcere</strong></span> <span class='ocrx_word' id='word_1_176' title='bbox 847 2011 1162 2068; x_wconf 85' lang='lat' dir='ltr'><strong>debeamus.</strong></span> <span class='ocrx_word' id='word_1_177' title='bbox 1199 2012 1313 2067; x_wconf 89' lang='lat' dir='ltr'><strong>Hoc</strong></span> <span class='ocrx_word' id='word_1_178' title='bbox 1362 2023 1470 2078; x_wconf 90' lang='lat' dir='ltr'><strong>est,</strong></span> <span class='ocrx_word' id='word_1_179' title='bbox 1493 2012 1558 2067; x_wconf 89' lang='lat' dir='ltr'><strong>de</strong></span> <span class='ocrx_word' id='word_1_180' title='bbox 1583 2026 1766 2066; x_wconf 85' lang='lat' dir='ltr'><strong>somno</strong></span> 
     </span>
    </p>
   </div>
   <div class='ocr_carea' id='block_1_25' title="bbox 149 2103 1766 2178">
    <p class='ocr_par' dir='ltr' id='par_1_25' title="bbox 149 2103 1766 2178">
     <span class='ocr_line' id='line_1_25' title="bbox 149 2103 1766 2178; baseline -0.002 -16"><span class='ocrx_word' id='word_1_181' title='bbox 149 2121 392 2178; x_wconf 82' lang='lat' dir='ltr'><strong>surgere,</strong></span> <span class='ocrx_word' id='word_1_182' title='bbox 419 2108 635 2176; x_wconf 88' lang='lat' dir='ltr'><strong>nperari</strong></span> <span class='ocrx_word' id='word_1_183' title='bbox 669 2105 898 2173; x_wconf 87' lang='lat' dir='ltr'><strong>bonum,</strong></span> <span class='ocrx_word' id='word_1_184' title='bbox 930 2105 1086 2176; x_wconf 89' lang='lat' dir='ltr'><strong>quasi</strong></span> <span class='ocrx_word' id='word_1_185' title='bbox 1137 2103 1194 2160; x_wconf 90' lang='lat' dir='ltr'><strong>in</strong></span> <span class='ocrx_word' id='word_1_186' title='bbox 1245 2104 1357 2171; x_wconf 89' lang='lat' dir='ltr'><strong>die,</strong></span> <span class='ocrx_word' id='word_1_187' title='bbox 1389 2103 1493 2159; x_wconf 88' lang='lat' dir='ltr'><strong>hoc</strong></span> <span class='ocrx_word' id='word_1_188' title='bbox 1531 2110 1636 2167; x_wconf 89' lang='lat' dir='ltr'><strong>est,</strong></span> <span class='ocrx_word' id='word_1_189' title='bbox 1670 2118 1766 2174; x_wconf 90' lang='lat' dir='ltr'><strong>pa-</strong></span> 
     </span>
    </p>
   </div>
   <div class='ocr_carea' id='block_1_26' title="bbox 152 2195 1767 2267">
    <p class='ocr_par' dir='ltr' id='par_1_26' title="bbox 152 2195 1767 2267">
     <span class='ocr_line' id='line_1_26' title="bbox 152 2195 1767 2267; baseline -0.003 -12"><span class='ocrx_word' id='word_1_190' title='bbox 152 2200 270 2255; x_wconf 85' lang='lat' dir='ltr'><strong>lam</strong></span> <span class='ocrx_word' id='word_1_191' title='bbox 299 2215 315 2267; x_wconf 88' lang='lat'><strong>;</strong></span> <span class='ocrx_word' id='word_1_192' title='bbox 348 2199 537 2256; x_wconf 78' lang='lat' dir='ltr'><strong>illicita</strong></span> <span class='ocrx_word' id='word_1_193' title='bbox 565 2197 712 2254; x_wconf 91' lang='lat' dir='ltr'><strong>enim</strong></span> <span class='ocrx_word' id='word_1_194' title='bbox 737 2206 922 2265; x_wconf 90' lang='lat' dir='ltr'><strong>nocte,</strong></span> <span class='ocrx_word' id='word_1_195' title='bbox 956 2197 1007 2252; x_wconf 91' lang='lat' dir='ltr'><strong>id</strong></span> <span class='ocrx_word' id='word_1_196' title='bbox 1028 2207 1135 2264; x_wconf 90' lang='lat' dir='ltr'><strong>est,</strong></span> <span class='ocrx_word' id='word_1_197' title='bbox 1169 2201 1224 2252; x_wconf 92' lang='lat' dir='ltr'><strong>in</strong></span> <span class='ocrx_word' id='word_1_198' title='bbox 1254 2195 1582 2253; x_wconf 84' lang='lat' dir='ltr'><strong>abscondito</strong></span> <span class='ocrx_word' id='word_1_199' title='bbox 1607 2195 1767 2250; x_wconf 82' lang='lat' dir='ltr'><strong>ﬁunt.</strong></span> 
     </span>
    </p>
   </div>
   <div class='ocr_carea' id='block_1_27' title="bbox 154 2289 1765 2363">
    <p class='ocr_par' dir='ltr' id='par_1_27' title="bbox 154 2289 1765 2363">
     <span class='ocr_line' id='line_1_27' title="bbox 154 2289 1765 2363; baseline -0.005 -12"><span class='ocrx_word' id='word_1_200' title='bbox 154 2294 284 2351; x_wconf 82' lang='lat' dir='ltr'><strong>Jam</strong></span> <span class='ocrx_word' id='word_1_201' title='bbox 342 2295 486 2351; x_wconf 88' lang='lat' dir='ltr'><strong>enim</strong></span> <span class='ocrx_word' id='word_1_202' title='bbox 521 2295 572 2350; x_wconf 91' lang='lat' dir='ltr'><strong>in</strong></span> <span class='ocrx_word' id='word_1_203' title='bbox 631 2292 1075 2349; x_wconf 83' lang='lat' dir='ltr'><strong>manifestatione</strong></span> <span class='ocrx_word' id='word_1_204' title='bbox 1132 2290 1535 2363; x_wconf 80' lang='lat' dir='ltr'><strong>positi,&quot;quod</strong></span> <span class='ocrx_word' id='word_1_205' title='bbox 1591 2300 1675 2345; x_wconf 90' lang='lat' dir='ltr'><strong>est</strong></span> <span class='ocrx_word' id='word_1_206' title='bbox 1713 2289 1765 2344; x_wconf 90' lang='lat' dir='ltr'><strong>in</strong></span> 
     </span>
    </p>
   </div>
   <div class='ocr_carea' id='block_1_28' title="bbox 156 2382 1769 2460">
    <p class='ocr_par' dir='ltr' id='par_1_28' title="bbox 156 2382 1769 2460">
     <span class='ocr_line' id='line_1_28' title="bbox 156 2382 1769 2460; baseline -0.005 -16"><span class='ocrx_word' id='word_1_207' title='bbox 156 2388 367 2445; x_wconf 82' lang='lat' dir='ltr'><strong>natitia</strong></span> <span class='ocrx_word' id='word_1_208' title='bbox 395 2389 511 2453; x_wconf 90' lang='lat' dir='ltr'><strong>Dei,</strong></span> <span class='ocrx_word' id='word_1_209' title='bbox 539 2399 902 2460; x_wconf 84' lang='lat' dir='ltr'><strong>agnoscentes</strong></span> <span class='ocrx_word' id='word_1_210' title='bbox 941 2385 1069 2456; x_wconf 89' lang='lat' dir='ltr'><strong>quid</strong></span> <span class='ocrx_word' id='word_1_211' title='bbox 1100 2385 1255 2456; x_wconf 88' lang='lat' dir='ltr'><strong>sequi</strong></span> <span class='ocrx_word' id='word_1_212' title='bbox 1283 2384 1609 2450; x_wconf 88' lang='lat' dir='ltr'><strong>debeamus,</strong></span> <span class='ocrx_word' id='word_1_213' title='bbox 1637 2382 1769 2437; x_wconf 88' lang='lat' dir='ltr'><strong>dare</strong></span> 
     </span>
    </p>
   </div>
   <div class='ocr_carea' id='block_1_29' title="bbox 153 2475 1768 2551">
    <p class='ocr_par' dir='ltr' id='par_1_29' title="bbox 153 2475 1768 2551">
     <span class='ocr_line' id='line_1_29' title="bbox 153 2475 1768 2551; baseline -0.006 -15"><span class='ocrx_word' id='word_1_214' title='bbox 153 2495 390 2551; x_wconf 91' lang='lat' dir='ltr'><strong>operam</strong></span> <span class='ocrx_word' id='word_1_215' title='bbox 415 2479 701 2547; x_wconf 85' lang='lat' dir='ltr'><strong>debemus,</strong></span> <span class='ocrx_word' id='word_1_216' title='bbox 733 2488 794 2534; x_wconf 92' lang='lat' dir='ltr'><strong>ut</strong></span> <span class='ocrx_word' id='word_1_217' title='bbox 845 2493 976 2547; x_wconf 87' lang='lat' dir='ltr'><strong>pure</strong></span> <span class='ocrx_word' id='word_1_218' title='bbox 1033 2477 1285 2532; x_wconf 79' lang='lat' dir='ltr'><strong>viventes</strong></span> <span class='ocrx_word' id='word_1_219' title='bbox 1339 2475 1408 2531; x_wconf 90' lang='lat' dir='ltr'><strong>ad</strong></span> <span class='ocrx_word' id='word_1_220' title='bbox 1441 2475 1768 2546; x_wconf 87' lang='lat' dir='ltr'><strong>promissum</strong></span> 
     </span>
    </p>
   </div>
   <div class='ocr_carea' id='block_1_30' title="bbox 157 2567 1773 2642">
    <p class='ocr_par' dir='ltr' id='par_1_30' title="bbox 157 2567 1773 2642">
     <span class='ocr_line' id='line_1_30' title="bbox 157 2567 1773 2642; baseline -0.004 -15"><span class='ocrx_word' id='word_1_221' title='bbox 157 2571 456 2642; x_wconf 72' lang='lat' dir='ltr'><strong>praemium</strong></span> <span class='ocrx_word' id='word_1_222' title='bbox 487 2571 801 2635; x_wconf 83' lang='lat' dir='ltr'><strong>veniamus,</strong></span> <span class='ocrx_word' id='word_1_223' title='bbox 828 2583 1061 2625; x_wconf 80' lang='lat' dir='ltr'><strong>excusso</strong></span> <span class='ocrx_word' id='word_1_224' title='bbox 1107 2583 1336 2636; x_wconf 82' lang='lat' dir='ltr'><strong>somno,</strong></span> <span class='ocrx_word' id='word_1_225' title='bbox 1368 2567 1420 2624; x_wconf 91' lang='lat' dir='ltr'><strong>id</strong></span> <span class='ocrx_word' id='word_1_226' title='bbox 1465 2576 1570 2636; x_wconf 89' lang='lat' dir='ltr'><strong>est,</strong></span> <span class='ocrx_word' id='word_1_227' title='bbox 1618 2567 1773 2638; x_wconf 83' lang='lat' dir='ltr'><strong>igno-</strong></span> 
     </span>
    </p>
   </div>
   <div class='ocr_carea' id='block_1_31' title="bbox 158 2665 870 2736">
    <p class='ocr_par' dir='ltr' id='par_1_31' title="bbox 158 2665 870 2736">
     <span class='ocr_line' id='line_1_31' title="bbox 158 2665 870 2736; baseline 0 -16"><span class='ocrx_word' id='word_1_228' title='bbox 158 2665 344 2721; x_wconf 91' lang='lat' dir='ltr'><strong>rantia</strong></span> <span class='ocrx_word' id='word_1_229' title='bbox 370 2665 490 2722; x_wconf 86' lang='lat' dir='ltr'><strong>sive</strong></span> <span class='ocrx_word' id='word_1_230' title='bbox 517 2665 870 2736; x_wconf 75' lang='lat' dir='ltr'><strong>negligentia.</strong></span> 
     </span>
    </p>
   </div>
   <div class='ocr_carea' id='block_1_32' title="bbox 231 2759 1771 2832">
    <p class='ocr_par' dir='ltr' id='par_1_32' title="bbox 231 2759 1771 2832">
     <span class='ocr_line' id='line_1_32' title="bbox 231 2759 1771 2832; baseline -0.003 -17"><span class='ocrx_word' id='word_1_231' title='bbox 231 2759 468 2832; x_wconf 80' lang='lat' dir='ltr'><strong>PrOpior</strong></span> <span class='ocrx_word' id='word_1_232' title='bbox 521 2760 657 2814; x_wconf 85' lang='lat' dir='ltr'><strong>enim</strong></span> <span class='ocrx_word' id='word_1_233' title='bbox 697 2769 771 2814; x_wconf 89' lang='lat' dir='ltr'><strong>est</strong></span> <span class='ocrx_word' id='word_1_234' title='bbox 825 2777 963 2815; x_wconf 87' lang='lat' dir='ltr'><strong>nunc</strong></span> <span class='ocrx_word' id='word_1_235' title='bbox 1021 2769 1198 2817; x_wconf 89' lang='lat' dir='ltr'><strong>nostra</strong></span> <span class='ocrx_word' id='word_1_236' title='bbox 1250 2759 1412 2825; x_wconf 87' lang='lat' dir='ltr'><strong>salus,</strong></span> <span class='ocrx_word' id='word_1_237' title='bbox 1466 2773 1624 2830; x_wconf 88' lang='lat' dir='ltr'><strong>quam</strong></span> <span class='ocrx_word' id='word_1_238' title='bbox 1655 2773 1771 2812; x_wconf 87' lang='lat' dir='ltr'><strong>cum</strong></span> 
     </span>
    </p>
   </div>
   <div class='ocr_carea' id='block_1_33' title="bbox 155 2851 1773 2926">
    <p class='ocr_par' dir='ltr' id='par_1_33' title="bbox 155 2851 1773 2926">
     <span class='ocr_line' id='line_1_33' title="bbox 155 2851 1773 2926; baseline 0 -18"><span class='ocrx_word' id='word_1_239' title='bbox 155 2853 505 2909; x_wconf 79' lang='lat' dir='ltr'><strong>credidimus.</strong></span> <span class='ocrx_word' id='word_1_240' title='bbox 527 2853 869 2909; x_wconf 75' lang='lat' dir='ltr'><strong>Manifestum</strong></span> <span class='ocrx_word' id='word_1_241' title='bbox 901 2865 1005 2922; x_wconf 88' lang='lat' dir='ltr'><strong>est,</strong></span> <span class='ocrx_word' id='word_1_242' title='bbox 1025 2858 1152 2923; x_wconf 91' lang='lat' dir='ltr'><strong>quia</strong></span> <span class='ocrx_word' id='word_1_243' title='bbox 1173 2860 1299 2926; x_wconf 90' lang='lat' dir='ltr'><strong>post</strong></span> <span class='ocrx_word' id='word_1_244' title='bbox 1322 2852 1602 2908; x_wconf 87' lang='lat' dir='ltr'><strong>lavacrum</strong></span> <span class='ocrx_word' id='word_1_245' title='bbox 1632 2851 1773 2908; x_wconf 84' lang='lat' dir='ltr'><strong>bene</strong></span> 
     </span>
    </p>
   </div>
   <div class='ocr_carea' id='block_1_34' title="bbox 155 2937 1778 3015">
    <p class='ocr_par' dir='ltr' id='par_1_34' title="bbox 155 2937 1778 3015">
     <span class='ocr_line' id='line_1_34' title="bbox 155 2937 1778 3015; baseline -0.001 -13"><span class='ocrx_word' id='word_1_246' title='bbox 155 2947 442 3011; x_wconf 84' lang='lat' dir='ltr'><strong>viventes,</strong></span> <span class='ocrx_word' id='word_1_247' title='bbox 466 2953 522 3001; x_wconf 91' lang='lat' dir='ltr'><strong>et</strong></span> <span class='ocrx_word' id='word_1_248' title='bbox 542 2944 792 3002; x_wconf 89' lang='lat' dir='ltr'><strong>charitati</strong></span> <span class='ocrx_word' id='word_1_249' title='bbox 816 2947 1121 3013; x_wconf 73' lang='lat' dir='ltr'><strong>Studentes,</strong></span> <span class='ocrx_word' id='word_1_250' title='bbox 1142 2962 1250 3003; x_wconf 91' lang='lat' dir='ltr'><strong>non</strong></span> <span class='ocrx_word' id='word_1_251' title='bbox 1275 2937 1433 3015; x_wconf 76' lang='lat' dir='ltr'><strong>longe</strong></span> <span class='ocrx_word' id='word_1_252' title='bbox 1459 2953 1589 3000; x_wconf 86' lang='lat' dir='ltr'><strong>sunt</strong></span> <span class='ocrx_word' id='word_1_253' title='bbox 1614 2959 1645 2998; x_wconf 91' lang='lat' dir='ltr'><strong>a</strong></span> <span class='ocrx_word' id='word_1_254' title='bbox 1663 2959 1778 3000; x_wconf 91' lang='lat' dir='ltr'><strong>me-</strong></span> 
     </span>
    </p>
   </div>
   <div class='ocr_carea' id='block_1_35' title="bbox 159 3037 1775 3108">
    <p class='ocr_par' dir='ltr' id='par_1_35' title="bbox 159 3037 1775 3108">
     <span class='ocr_line' id='line_1_35' title="bbox 159 3037 1775 3108; baseline -0.001 -14"><span class='ocrx_word' id='word_1_255' title='bbox 159 3041 270 3095; x_wconf 89' lang='lat' dir='ltr'><strong>rito</strong></span> <span class='ocrx_word' id='word_1_256' title='bbox 305 3040 737 3094; x_wconf 87' lang='lat' dir='ltr'><strong>resurrectionis</strong></span> <span class='ocrx_word' id='word_1_257' title='bbox 772 3041 1076 3108; x_wconf 59' lang='lat' dir='ltr'><strong>promissae.</strong></span> <span class='ocrx_word' id='word_1_258' title='bbox 1122 3039 1272 3095; x_wconf 88' lang='lat' dir='ltr'><strong>Bona</strong></span> <span class='ocrx_word' id='word_1_259' title='bbox 1302 3039 1449 3095; x_wconf 92' lang='lat' dir='ltr'><strong>enim</strong></span> <span class='ocrx_word' id='word_1_260' title='bbox 1483 3037 1592 3093; x_wconf 92' lang='lat' dir='ltr'><strong>vita</strong></span> <span class='ocrx_word' id='word_1_261' title='bbox 1625 3037 1775 3092; x_wconf 89' lang='lat' dir='ltr'><strong>chri-</strong></span> 
     </span>
    </p>
   </div>
   <div class='ocr_carea' id='block_1_36' title="bbox 158 3129 1212 3202">
    <p class='ocr_par' dir='ltr' id='par_1_36' title="bbox 158 3129 1212 3202">
     <span class='ocr_line' id='line_1_36' title="bbox 158 3129 1212 3202; baseline -0.003 -15"><span class='ocrx_word' id='word_1_262' title='bbox 158 3132 336 3187; x_wconf 73' lang='lat' dir='ltr'><strong>sﬁani</strong></span> <span class='ocrx_word' id='word_1_263' title='bbox 361 3131 578 3202; x_wconf 80' lang='lat' dir='ltr'><strong>signum</strong></span> <span class='ocrx_word' id='word_1_264' title='bbox 609 3141 696 3186; x_wconf 82' lang='lat' dir='ltr'><strong>est</strong></span> <span class='ocrx_word' id='word_1_265' title='bbox 723 3133 748 3168; x_wconf 73' lang='grc' dir='ltr'>ι’</span> <span class='ocrx_word' id='word_1_266' title='bbox 773 3129 967 3186; x_wconf 88' lang='lat' dir='ltr'><strong>salutis</strong></span> <span class='ocrx_word' id='word_1_267' title='bbox 995 3129 1212 3186; x_wconf 70' lang='lat' dir='ltr'><strong>futurae.</strong></span> 
     </span>
    </p>
   </div>
   <div class='ocr_carea' id='block_1_37' title="bbox 233 3221 1767 3296">
    <p class='ocr_par' dir='ltr' id='par_1_37' title="bbox 233 3221 1767 3296">
     <span class='ocr_line' id='line_1_37' title="bbox 233 3221 1767 3296; baseline 0 -18"><span class='ocrx_word' id='word_1_268' title='bbox 233 3226 254 3296; x_wconf 89' lang='lat'><strong>(_</strong></span> <span class='ocrx_word' id='word_1_269' title='bbox 266 3224 428 3279; x_wconf 86' lang='lat' dir='ltr'><strong>Vers.</strong></span> <span class='ocrx_word' id='word_1_270' title='bbox 452 3223 562 3295; x_wconf 76' lang='grc'><strong>12.)</strong></span> <span class='ocrx_word' id='word_1_271' title='bbox 573 3221 697 3278; x_wconf 74' lang='lat' dir='ltr'><strong>Nox</strong></span> <span class='ocrx_word' id='word_1_272' title='bbox 711 3223 1108 3295; x_wconf 68' lang='lat' dir='ltr'><strong>praecessit,dies</strong></span> <span class='ocrx_word' id='word_1_273' title='bbox 1120 3233 1291 3278; x_wconf 88' lang='lat' dir='ltr'><strong>autem</strong></span> <span class='ocrx_word' id='word_1_274' title='bbox 1309 3223 1767 3296; x_wconf 83' lang='lat' dir='ltr'><strong>apprOpinquavit.</strong></span> 
     </span>
    </p>
   </div>
   <div class='ocr_carea' id='block_1_38' title="bbox 158 3315 1777 3388">
    <p class='ocr_par' dir='ltr' id='par_1_38' title="bbox 158 3315 1777 3388">
     <span class='ocr_line' id='line_1_38' title="bbox 158 3315 1777 3388; baseline -0.003 -12"><span class='ocrx_word' id='word_1_275' title='bbox 158 3317 402 3376; x_wconf 85' lang='lat' dir='ltr'><strong>Noctem</strong></span> <span class='ocrx_word' id='word_1_276' title='bbox 427 3328 667 3374; x_wconf 88' lang='lat' dir='ltr'><strong>veterem</strong></span> <span class='ocrx_word' id='word_1_277' title='bbox 702 3315 1333 3388; x_wconf 84' lang='lat' dir='ltr'><strong>hominemsigniﬁcavit,</strong></span> <span class='ocrx_word' id='word_1_278' title='bbox 1355 3315 1557 3388; x_wconf 74' lang='lat' dir='ltr'><strong>quiper</strong></span> <span class='ocrx_word' id='word_1_279' title='bbox 1570 3317 1777 3388; x_wconf 87' lang='lat' dir='ltr'><strong>baptis-</strong></span> 
     </span>
    </p>
   </div>
   <div class='ocr_carea' id='block_1_39' title="bbox 160 3410 1774 3482">
    <p class='ocr_par' dir='ltr' id='par_1_39' title="bbox 160 3410 1774 3482">
     <span class='ocr_line' id='line_1_39' title="bbox 160 3410 1774 3482; baseline -0.001 -15"><span class='ocrx_word' id='word_1_280' title='bbox 160 3428 314 3467; x_wconf 89' lang='lat' dir='ltr'><strong>mum</strong></span> <span class='ocrx_word' id='word_1_281' title='bbox 333 3413 628 3468; x_wconf 86' lang='lat' dir='ltr'><strong>innovatus</strong></span> <span class='ocrx_word' id='word_1_282' title='bbox 649 3420 756 3468; x_wconf 91' lang='lat' dir='ltr'><strong>est.</strong></span> <span class='ocrx_word' id='word_1_283' title='bbox 781 3411 932 3466; x_wconf 86' lang='lat' dir='ltr'><strong>Hune</strong></span> <span class='ocrx_word' id='word_1_284' title='bbox 946 3410 1298 3482; x_wconf 67' lang='lat' dir='ltr'><strong>praecessisse</strong></span> <span class='ocrx_word' id='word_1_285' title='bbox 1316 3411 1448 3466; x_wconf 88' lang='lat' dir='ltr'><strong>dicit</strong></span> <span class='ocrx_word' id='word_1_286' title='bbox 1465 3411 1624 3482; x_wconf 85' lang='lat' dir='ltr'><strong>quasi</strong></span> <span class='ocrx_word' id='word_1_287' title='bbox 1647 3425 1774 3466; x_wconf 89' lang='lat' dir='ltr'><strong>noc-</strong></span> 
     </span>
    </p>
   </div>
   <div class='ocr_carea' id='block_1_40' title="bbox 162 3503 1778 3577">
    <p class='ocr_par' dir='ltr' id='par_1_40' title="bbox 162 3503 1778 3577">
     <span class='ocr_line' id='line_1_40' title="bbox 162 3503 1778 3577; baseline 0 -16"><span class='ocrx_word' id='word_1_288' title='bbox 162 3516 304 3574; x_wconf 90' lang='lat' dir='ltr'><strong>tem,</strong></span> <span class='ocrx_word' id='word_1_289' title='bbox 321 3503 470 3562; x_wconf 89' lang='lat' dir='ltr'><strong>diem</strong></span> <span class='ocrx_word' id='word_1_290' title='bbox 485 3514 667 3562; x_wconf 90' lang='lat' dir='ltr'><strong>autem</strong></span> <span class='ocrx_word' id='word_1_291' title='bbox 692 3517 712 3544; x_wconf 80' lang='grc' dir='ltr'><strong>ο</strong></span> <span class='ocrx_word' id='word_1_292' title='bbox 732 3505 1223 3577; x_wconf 89' lang='lat' dir='ltr'><strong>appropinquasse,</strong></span> <span class='ocrx_word' id='word_1_293' title='bbox 1245 3505 1402 3576; x_wconf 90' lang='lat' dir='ltr'><strong>cujus</strong></span> <span class='ocrx_word' id='word_1_294' title='bbox 1418 3507 1622 3561; x_wconf 92' lang='lat' dir='ltr'><strong>lumine</strong></span> <span class='ocrx_word' id='word_1_295' title='bbox 1635 3507 1778 3562; x_wconf 91' lang='lat' dir='ltr'><strong>veri-</strong></span> 
     </span>
    </p>
   </div>
   <div class='ocr_carea' id='block_1_41' title="bbox 160 3598 1774 3671">
    <p class='ocr_par' dir='ltr' id='par_1_41' title="bbox 160 3598 1774 3671">
     <span class='ocr_line' id='line_1_41' title="bbox 160 3598 1774 3671; baseline -0.002 -14"><span class='ocrx_word' id='word_1_296' title='bbox 160 3609 250 3658; x_wconf 85' lang='lat' dir='ltr'><strong>tas</strong></span> <span class='ocrx_word' id='word_1_297' title='bbox 268 3599 435 3658; x_wconf 87' lang='lat' dir='ltr'><strong>nobis</strong></span> <span class='ocrx_word' id='word_1_298' title='bbox 450 3599 730 3671; x_wconf 84' lang='lat' dir='ltr'><strong>apparuit;</strong></span> <span class='ocrx_word' id='word_1_299' title='bbox 756 3607 815 3655; x_wconf 93' lang='lat' dir='ltr'><strong>ut</strong></span> <span class='ocrx_word' id='word_1_300' title='bbox 833 3599 1103 3655; x_wconf 86' lang='lat' dir='ltr'><strong>sciremus</strong></span> <span class='ocrx_word' id='word_1_301' title='bbox 1120 3599 1247 3670; x_wconf 90' lang='lat' dir='ltr'><strong>quid</strong></span> <span class='ocrx_word' id='word_1_302' title='bbox 1269 3615 1431 3669; x_wconf 87' lang='lat' dir='ltr'><strong>agere</strong></span> <span class='ocrx_word' id='word_1_303' title='bbox 1453 3598 1774 3656; x_wconf 88' lang='lat' dir='ltr'><strong>debeamus.</strong></span> 
     </span>
    </p>
   </div>
   <div class='ocr_carea' id='block_1_42' title="bbox 161 3691 1777 3763">
    <p class='ocr_par' dir='ltr' id='par_1_42' title="bbox 161 3691 1777 3763">
     <span class='ocr_line' id='line_1_42' title="bbox 161 3691 1777 3763; baseline -0.001 -15"><span class='ocrx_word' id='word_1_304' title='bbox 161 3693 332 3749; x_wconf 84' lang='lat' dir='ltr'><strong>Prius</strong></span> <span class='ocrx_word' id='word_1_305' title='bbox 353 3692 502 3749; x_wconf 88' lang='lat' dir='ltr'><strong>enim</strong></span> <span class='ocrx_word' id='word_1_306' title='bbox 523 3691 835 3763; x_wconf 84' lang='lat' dir='ltr'><strong>ignOrautes</strong></span> <span class='ocrx_word' id='word_1_307' title='bbox 854 3691 1155 3756; x_wconf 83' lang='lat' dir='ltr'><strong>Christum,</strong></span> <span class='ocrx_word' id='word_1_308' title='bbox 1174 3692 1228 3746; x_wconf 92' lang='lat' dir='ltr'><strong>in</strong></span> <span class='ocrx_word' id='word_1_309' title='bbox 1250 3693 1496 3748; x_wconf 89' lang='lat' dir='ltr'><strong>tenebris</strong></span> <span class='ocrx_word' id='word_1_310' title='bbox 1517 3707 1737 3747; x_wconf 87' lang='lat' dir='ltr'><strong>eramus</strong></span> <span class='ocrx_word' id='word_1_311' title='bbox 1762 3707 1777 3746; x_wconf 88' lang='lat'><strong>:</strong></span> 
     </span>
    </p>
   </div>
   <div class='ocr_carea' id='block_1_43' title="bbox 160 3783 1782 3853">
    <p class='ocr_par' dir='ltr' id='par_1_43' title="bbox 160 3783 1782 3853">
     <span class='ocr_line' id='line_1_43' title="bbox 160 3783 1782 3853; baseline -0.001 -11"><span class='ocrx_word' id='word_1_312' title='bbox 160 3798 219 3842; x_wconf 89' lang='lat' dir='ltr'><strong>at</strong></span> <span class='ocrx_word' id='word_1_313' title='bbox 253 3785 351 3843; x_wconf 87' lang='lat' dir='ltr'><strong>ubi</strong></span> <span class='ocrx_word' id='word_1_314' title='bbox 383 3783 696 3853; x_wconf 90' lang='lat' dir='ltr'><strong>didicimus,</strong></span> <span class='ocrx_word' id='word_1_315' title='bbox 724 3783 812 3839; x_wconf 84' lang='lat' dir='ltr'><strong>lux</strong></span> <span class='ocrx_word' id='word_1_316' title='bbox 848 3785 900 3840; x_wconf 90' lang='lat' dir='ltr'><strong>in</strong></span> <span class='ocrx_word' id='word_1_317' title='bbox 933 3784 1093 3841; x_wconf 89' lang='lat' dir='ltr'><strong>nobis</strong></span> <span class='ocrx_word' id='word_1_318' title='bbox 1115 3795 1234 3841; x_wconf 92' lang='lat' dir='ltr'><strong>orta</strong></span> <span class='ocrx_word' id='word_1_319' title='bbox 1262 3794 1387 3851; x_wconf 88' lang='lat' dir='ltr'><strong>est;</strong></span> <span class='ocrx_word' id='word_1_320' title='bbox 1423 3784 1782 3841; x_wconf 84' lang='lat' dir='ltr'><strong>transivimus</strong></span> 
     </span>
    </p>
   </div>
   <div class='ocr_carea' id='block_1_44' title="bbox 161 3877 889 3936">
    <p class='ocr_par' dir='ltr' id='par_1_44' title="bbox 161 3877 889 3936">
     <span class='ocr_line' id='line_1_44' title="bbox 161 3877 889 3936; baseline -0.005 0"><span class='ocrx_word' id='word_1_321' title='bbox 161 3881 320 3936; x_wconf 88' lang='lat' dir='ltr'><strong>enim</strong></span> <span class='ocrx_word' id='word_1_322' title='bbox 351 3893 382 3932; x_wconf 89' lang='lat' dir='ltr'><strong>a</strong></span> <span class='ocrx_word' id='word_1_323' title='bbox 413 3877 551 3935; x_wconf 78' lang='lat' dir='ltr'><strong>falso</strong></span> <span class='ocrx_word' id='word_1_324' title='bbox 579 3877 646 3933; x_wconf 91' lang='lat' dir='ltr'><strong>ad</strong></span> <span class='ocrx_word' id='word_1_325' title='bbox 676 3889 889 3933; x_wconf 88' lang='lat' dir='ltr'><strong>verum.</strong></span> 
     </span>
    </p>
   </div>
   <div class='ocr_carea' id='block_1_45' title="bbox 236 3969 1784 4047">
    <p class='ocr_par' dir='ltr' id='par_1_45' title="bbox 236 3969 1784 4047">
     <span class='ocr_line' id='line_1_45' title="bbox 236 3969 1784 4047; baseline -0.002 -19"><span class='ocrx_word' id='word_1_326' title='bbox 236 3972 572 4047; x_wconf 80' lang='lat' dir='ltr'><strong>Abjiciamus</strong></span> <span class='ocrx_word' id='word_1_327' title='bbox 629 3987 755 4046; x_wconf 89' lang='lat' dir='ltr'><strong>ergo</strong></span> <span class='ocrx_word' id='word_1_328' title='bbox 799 3987 956 4042; x_wconf 80' lang='lat' dir='ltr'><strong>Opera</strong></span> <span class='ocrx_word' id='word_1_329' title='bbox 998 3971 1355 4038; x_wconf 84' lang='lat' dir='ltr'><strong>tenebrarum,</strong></span> <span class='ocrx_word' id='word_1_330' title='bbox 1401 3980 1451 4025; x_wconf 90' lang='lat' dir='ltr'><strong>et</strong></span> <span class='ocrx_word' id='word_1_331' title='bbox 1506 3969 1784 4026; x_wconf 84' lang='lat' dir='ltr'><strong>induamur</strong></span> 
     </span>
    </p>
   </div>
   <div class='ocr_carea' id='block_1_46' title="bbox 160 4059 1780 4136">
    <p class='ocr_par' dir='ltr' id='par_1_46' title="bbox 160 4059 1780 4136">
     <span class='ocr_line' id='line_1_46' title="bbox 160 4059 1780 4136; baseline -0.002 -15"><span class='ocrx_word' id='word_1_332' title='bbox 160 4083 322 4122; x_wconf 87' lang='lat' dir='ltr'><strong>arma</strong></span> <span class='ocrx_word' id='word_1_333' title='bbox 355 4065 507 4120; x_wconf 84' lang='lat' dir='ltr'><strong>lucis.</strong></span> <span class='ocrx_word' id='word_1_334' title='bbox 540 4062 913 4120; x_wconf 87' lang='lat' dir='ltr'><strong>Tenebrarum</strong></span> <span class='ocrx_word' id='word_1_335' title='bbox 969 4077 1134 4136; x_wconf 88' lang='lat' dir='ltr'><strong>opera</strong></span> <span class='ocrx_word' id='word_1_336' title='bbox 1168 4074 1291 4119; x_wconf 89' lang='lat' dir='ltr'><strong>sunt</strong></span> <span class='ocrx_word' id='word_1_337' title='bbox 1322 4059 1348 4102; x_wconf 75' lang='grc' dir='ltr'><strong><em>ἀ</em></strong></span> <span class='ocrx_word' id='word_1_338' title='bbox 1389 4065 1495 4119; x_wconf 85' lang='lat' dir='ltr'><strong>vita</strong></span> <span class='ocrx_word' id='word_1_339' title='bbox 1525 4063 1780 4131; x_wconf 85' lang='lat' dir='ltr'><strong>carnalis,</strong></span> 
     </span>
    </p>
   </div>
   <div class='ocr_carea' id='block_1_47' title="bbox 161 4157 1786 4232">
    <p class='ocr_par' dir='ltr' id='par_1_47' title="bbox 161 4157 1786 4232">
     <span class='ocr_line' id='line_1_47' title="bbox 161 4157 1786 4232; baseline -0.001 -17"><span class='ocrx_word' id='word_1_340' title='bbox 161 4176 296 4232; x_wconf 73' lang='lat' dir='ltr'><strong>qua:</strong></span> <span class='ocrx_word' id='word_1_341' title='bbox 328 4157 607 4216; x_wconf 90' lang='lat' dir='ltr'><strong>illecebris</strong></span> <span class='ocrx_word' id='word_1_342' title='bbox 656 4160 836 4232; x_wconf 86' lang='lat' dir='ltr'><strong>agitur</strong></span> <span class='ocrx_word' id='word_1_343' title='bbox 890 4157 1247 4216; x_wconf 63' lang='lat' dir='ltr'><strong>saecularibus</strong></span> <span class='ocrx_word' id='word_1_344' title='bbox 1281 4177 1295 4215; x_wconf 88' lang='lat'><strong>:</strong></span> <span class='ocrx_word' id='word_1_345' title='bbox 1329 4158 1447 4216; x_wconf 66' lang='lat' dir='ltr'><strong>hinc</strong></span> <span class='ocrx_word' id='word_1_346' title='bbox 1481 4159 1643 4231; x_wconf 84' lang='lat' dir='ltr'><strong>digna</strong></span> <span class='ocrx_word' id='word_1_347' title='bbox 1698 4167 1786 4215; x_wconf 87' lang='lat' dir='ltr'><strong>est</strong></span> 
     </span>
    </p>
   </div>
   <div class='ocr_carea' id='block_1_48' title="bbox 165 4247 1788 4330">
    <p class='ocr_par' dir='ltr' id='par_1_48' title="bbox 165 4247 1788 4330">
     <span class='ocr_line' id='line_1_48' title="bbox 165 4247 1788 4330; baseline -0.001 -20"><span class='ocrx_word' id='word_1_348' title='bbox 165 4247 460 4322; x_wconf 82' lang='lat' dir='ltr'><strong>tenebris,</strong></span> <span class='ocrx_word' id='word_1_349' title='bbox 486 4256 627 4311; x_wconf 86' lang='lat' dir='ltr'><strong>sicut</strong></span> <span class='ocrx_word' id='word_1_350' title='bbox 648 4255 784 4312; x_wconf 86' lang='lat' dir='ltr'><strong>dicit</strong></span> <span class='ocrx_word' id='word_1_351' title='bbox 815 4257 1078 4311; x_wconf 86' lang='lat' dir='ltr'><strong>Dominus</strong></span> <span class='ocrx_word' id='word_1_352' title='bbox 1108 4272 1120 4309; x_wconf 90' lang='lat'><strong>:</strong></span> <span class='ocrx_word' id='word_1_353' title='bbox 1150 4253 1343 4311; x_wconf 83' lang='lat' dir='ltr'><strong>Tollite</strong></span> <span class='ocrx_word' id='word_1_354' title='bbox 1362 4255 1554 4324; x_wconf 84' lang='lat' dir='ltr'><strong>illum;</strong></span> <span class='ocrx_word' id='word_1_355' title='bbox 1583 4264 1630 4310; x_wconf 85' lang='lat' dir='ltr'><strong>et</strong></span> <span class='ocrx_word' id='word_1_356' title='bbox 1652 4255 1788 4330; x_wconf 87' lang='lat' dir='ltr'><strong>liga-</strong></span> 
     </span>
    </p>
   </div>
   <div class='ocr_carea' id='block_1_49' title="bbox 163 4347 1789 4422">
    <p class='ocr_par' dir='ltr' id='par_1_49' title="bbox 163 4347 1789 4422">
     <span class='ocr_line' id='line_1_49' title="bbox 163 4347 1789 4422; baseline -0.001 -19"><span class='ocrx_word' id='word_1_357' title='bbox 163 4349 236 4405; x_wconf 88' lang='lat' dir='ltr'><strong>tis</strong></span> <span class='ocrx_word' id='word_1_358' title='bbox 279 4347 526 4403; x_wconf 87' lang='lat' dir='ltr'><strong>manibus</strong></span> <span class='ocrx_word' id='word_1_359' title='bbox 553 4357 602 4403; x_wconf 89' lang='lat' dir='ltr'><strong>et</strong></span> <span class='ocrx_word' id='word_1_360' title='bbox 637 4349 885 4422; x_wconf 82' lang='lat' dir='ltr'><strong>pedibus,</strong></span> <span class='ocrx_word' id='word_1_361' title='bbox 915 4349 1099 4404; x_wconf 88' lang='lat' dir='ltr'><strong>mittite</strong></span> <span class='ocrx_word' id='word_1_362' title='bbox 1135 4349 1188 4403; x_wconf 88' lang='lat' dir='ltr'><strong>in</strong></span> <span class='ocrx_word' id='word_1_363' title='bbox 1230 4347 1463 4403; x_wconf 84' lang='lat' dir='ltr'><strong>tenebras</strong></span> <span class='ocrx_word' id='word_1_364' title='bbox 1513 4351 1789 4403; x_wconf 78' lang='lat' dir='ltr'><strong>exteriores</strong></span> 
     </span>
    </p>
   </div>
   <div class='ocr_carea' id='block_1_50' title="bbox 169 4441 1790 4515">
    <p class='ocr_par' dir='ltr' id='par_1_50' title="bbox 169 4441 1790 4515">
     <span class='ocr_line' id='line_1_50' title="bbox 169 4441 1790 4515; baseline -0.001 -18"><span class='ocrx_word' id='word_1_365' title='bbox 169 4441 409 4514; x_wconf 69' lang='lat' dir='ltr'><strong>(ﬂatur.</strong></span> <span class='ocrx_word' id='word_1_366' title='bbox 445 4457 578 4508; x_wconf 69' lang='grc' dir='ltr'>χχιι,</span> <span class='ocrx_word' id='word_1_367' title='bbox 609 4442 724 4515; x_wconf 77' lang='grc'><strong>15).</strong></span> <span class='ocrx_word' id='word_1_368' title='bbox 745 4442 976 4499; x_wconf 90' lang='lat' dir='ltr'><strong>Induere</strong></span> <span class='ocrx_word' id='word_1_369' title='bbox 1000 4456 1130 4499; x_wconf 91' lang='lat' dir='ltr'><strong>vero</strong></span> <span class='ocrx_word' id='word_1_370' title='bbox 1152 4457 1302 4498; x_wconf 86' lang='lat' dir='ltr'><strong>arma</strong></span> <span class='ocrx_word' id='word_1_371' title='bbox 1324 4441 1464 4498; x_wconf 91' lang='lat' dir='ltr'><strong>lucis</strong></span> <span class='ocrx_word' id='word_1_372' title='bbox 1489 4451 1639 4513; x_wconf 86' lang='lat' dir='ltr'><strong>gesta</strong></span> <span class='ocrx_word' id='word_1_373' title='bbox 1664 4450 1790 4497; x_wconf 91' lang='lat' dir='ltr'><strong>sunt</strong></span> 
     </span>
    </p>
   </div>
   <div class='ocr_carea' id='block_1_51' title="bbox 1855 516 3453 594">
    <p class='ocr_par' dir='ltr' id='par_1_51' title="bbox 1855 516 3453 594">
     <span class='ocr_line' id='line_1_51' title="bbox 1855 516 3453 594; baseline 0.003 -22"><span class='ocrx_word' id='word_1_374' title='bbox 1855 516 2018 574; x_wconf 91' lang='lat' dir='ltr'><strong>modo</strong></span> <span class='ocrx_word' id='word_1_375' title='bbox 2043 517 2222 588; x_wconf 86' lang='lat' dir='ltr'><strong>agitur</strong></span> <span class='ocrx_word' id='word_1_376' title='bbox 2248 517 2493 588; x_wconf 82' lang='lat' dir='ltr'><strong>publica;</strong></span> <span class='ocrx_word' id='word_1_377' title='bbox 2519 518 2651 575; x_wconf 86' lang='lat' dir='ltr'><strong>nihil</strong></span> <span class='ocrx_word' id='word_1_378' title='bbox 2675 521 2820 576; x_wconf 86' lang='lat' dir='ltr'><strong>enim</strong></span> <span class='ocrx_word' id='word_1_379' title='bbox 2848 531 2954 576; x_wconf 85' lang='lat' dir='ltr'><strong>tam</strong></span> <span class='ocrx_word' id='word_1_380' title='bbox 2978 519 3453 594; x_wconf 87' lang='lat' dir='ltr'><strong>publicum,quam</strong></span> 
     </span>
    </p>
   </div>
   <div class='ocr_carea' id='block_1_52' title="bbox 1857 610 2082 665">
    <p class='ocr_par' dir='ltr' id='par_1_52' title="bbox 1857 610 2082 665">
     <span class='ocr_line' id='line_1_52' title="bbox 1857 610 2082 665; baseline 0.004 -1"><span class='ocrx_word' id='word_1_381' title='bbox 1857 610 2082 665; x_wconf 84' lang='lat' dir='ltr'><strong>veritas.</strong></span> 
     </span>
    </p>
   </div>
   <div class='ocr_carea' id='block_1_53' title="bbox 1932 700 3454 768">
    <p class='ocr_par' dir='ltr' id='par_1_53' title="bbox 1932 700 3454 768">
     <span class='ocr_line' id='line_1_53' title="bbox 1932 700 3454 768; baseline 0.003 -13"><span class='ocrx_word' id='word_1_382' title='bbox 1932 700 2055 756; x_wconf 82' lang='lat' dir='ltr'><strong>Non</strong></span> <span class='ocrx_word' id='word_1_383' title='bbox 2084 703 2137 756; x_wconf 88' lang='lat' dir='ltr'><strong>in</strong></span> <span class='ocrx_word' id='word_1_384' title='bbox 2159 701 2612 768; x_wconf 77' lang='lat' dir='ltr'><strong>comessatiqnibus</strong></span> <span class='ocrx_word' id='word_1_385' title='bbox 2633 713 2680 760; x_wconf 89' lang='lat' dir='ltr'><strong>et</strong></span> <span class='ocrx_word' id='word_1_386' title='bbox 2703 703 3048 761; x_wconf 82' lang='lat' dir='ltr'><strong>ebrietatibus.</strong></span> <span class='ocrx_word' id='word_1_387' title='bbox 3083 705 3454 762; x_wconf 87' lang='lat' dir='ltr'><strong>Comessatio-</strong></span> 
     </span>
    </p>
   </div>
   <div class='ocr_carea' id='block_1_54' title="bbox 1859 794 3456 868">
    <p class='ocr_par' dir='ltr' id='par_1_54' title="bbox 1859 794 3456 868">
     <span class='ocr_line' id='line_1_54' title="bbox 1859 794 3456 868; baseline 0.005 -20"><span class='ocrx_word' id='word_1_388' title='bbox 1859 808 1958 848; x_wconf 90' lang='lat' dir='ltr'><strong>nes</strong></span> <span class='ocrx_word' id='word_1_389' title='bbox 2002 805 2130 848; x_wconf 88' lang='lat' dir='ltr'><strong>sunt</strong></span> <span class='ocrx_word' id='word_1_390' title='bbox 2185 794 2464 850; x_wconf 77' lang='lat' dir='ltr'><strong>luxuriosa</strong></span> <span class='ocrx_word' id='word_1_391' title='bbox 2509 797 2800 863; x_wconf 85' lang='lat' dir='ltr'><strong>convivia,</strong></span> <span class='ocrx_word' id='word_1_392' title='bbox 2855 811 2977 868; x_wconf 68' lang='lat' dir='ltr'><strong>quae</strong></span> <span class='ocrx_word' id='word_1_393' title='bbox 3015 808 3109 852; x_wconf 92' lang='lat' dir='ltr'><strong>aut</strong></span> <span class='ocrx_word' id='word_1_394' title='bbox 3155 799 3456 856; x_wconf 78' lang='lat' dir='ltr'><strong>collatione</strong></span> 
     </span>
    </p>
   </div>
   <div class='ocr_carea' id='block_1_55' title="bbox 1858 886 3461 954">
    <p class='ocr_par' dir='ltr' id='par_1_55' title="bbox 1858 886 3461 954">
     <span class='ocr_line' id='line_1_55' title="bbox 1858 886 3461 954; baseline 0.006 -14"><span class='ocrx_word' id='word_1_395' title='bbox 1858 886 2098 942; x_wconf 91' lang='lat' dir='ltr'><strong>omnium</strong></span> <span class='ocrx_word' id='word_1_396' title='bbox 2127 888 2499 954; x_wconf 85' lang='lat' dir='ltr'><strong>celebrantur,</strong></span> <span class='ocrx_word' id='word_1_397' title='bbox 2525 898 2620 944; x_wconf 84' lang='lat' dir='ltr'><strong>aut</strong></span> <span class='ocrx_word' id='word_1_398' title='bbox 2648 890 2860 946; x_wconf 85' lang='lat' dir='ltr'><strong>vicibus</strong></span> <span class='ocrx_word' id='word_1_399' title='bbox 2885 891 3071 946; x_wconf 88' lang='lat' dir='ltr'><strong>solent</strong></span> <span class='ocrx_word' id='word_1_400' title='bbox 3112 907 3142 946; x_wconf 88' lang='lat' dir='ltr'><strong>a</strong></span> <span class='ocrx_word' id='word_1_401' title='bbox 3166 893 3461 950; x_wconf 88' lang='lat' dir='ltr'><strong>contuber-</strong></span> 
     </span>
    </p>
   </div>
   <div class='ocr_carea' id='block_1_56' title="bbox 1863 979 3460 1057">
    <p class='ocr_par' dir='ltr' id='par_1_56' title="bbox 1863 979 3460 1057">
     <span class='ocr_line' id='line_1_56' title="bbox 1863 979 3460 1057; baseline 0.006 -24"><span class='ocrx_word' id='word_1_402' title='bbox 1863 979 2078 1035; x_wconf 85' lang='lat' dir='ltr'><strong>nalibus</strong></span> <span class='ocrx_word' id='word_1_403' title='bbox 2115 981 2403 1048; x_wconf 76' lang='lat' dir='ltr'><strong>exhiberi;</strong></span> <span class='ocrx_word' id='word_1_404' title='bbox 2443 992 2497 1037; x_wconf 92' lang='lat' dir='ltr'><strong>ut</strong></span> <span class='ocrx_word' id='word_1_405' title='bbox 2542 983 2816 1038; x_wconf 88' lang='lat' dir='ltr'><strong>neminem</strong></span> <span class='ocrx_word' id='word_1_406' title='bbox 2859 985 2969 1039; x_wconf 90' lang='lat' dir='ltr'><strong>illic</strong></span> <span class='ocrx_word' id='word_1_407' title='bbox 3013 984 3214 1053; x_wconf 80' lang='lat' dir='ltr'><strong>pudeat</strong></span> <span class='ocrx_word' id='word_1_408' title='bbox 3248 987 3460 1057; x_wconf 86' lang='lat' dir='ltr'><strong>aliquid</strong></span> 
     </span>
    </p>
   </div>
   <div class='ocr_carea' id='block_1_57' title="bbox 1862 1073 3460 1154">
    <p class='ocr_par' dir='ltr' id='par_1_57' title="bbox 1862 1073 3460 1154">
     <span class='ocr_line' id='line_1_57' title="bbox 1862 1073 3460 1154; baseline 0.006 -24"><span class='ocrx_word' id='word_1_409' title='bbox 1862 1073 2151 1133; x_wconf 89' lang='lat' dir='ltr'><strong>inhoneste</strong></span> <span class='ocrx_word' id='word_1_410' title='bbox 2179 1079 2362 1136; x_wconf 91' lang='lat' dir='ltr'><strong>dicere</strong></span> <span class='ocrx_word' id='word_1_411' title='bbox 2384 1088 2477 1135; x_wconf 86' lang='lat' dir='ltr'><strong>aut</strong></span> <span class='ocrx_word' id='word_1_412' title='bbox 2505 1080 2686 1136; x_wconf 82' lang='lat' dir='ltr'><strong>lucere</strong></span> <span class='ocrx_word' id='word_1_413' title='bbox 2716 1097 2730 1144; x_wconf 89' lang='lat'><strong>;</strong></span> <span class='ocrx_word' id='word_1_414' title='bbox 2756 1082 2881 1152; x_wconf 91' lang='lat' dir='ltr'><strong>quia</strong></span> <span class='ocrx_word' id='word_1_415' title='bbox 2913 1082 3286 1154; x_wconf 87' lang='lat' dir='ltr'><strong>unusquisque</strong></span> <span class='ocrx_word' id='word_1_416' title='bbox 3317 1099 3460 1154; x_wconf 66' lang='lat' dir='ltr'><strong>prmo</strong></span> 
     </span>
    </p>
   </div>
   <div class='ocr_carea' id='block_1_58' title="bbox 1863 1169 3464 1241">
    <p class='ocr_par' dir='ltr' id='par_1_58' title="bbox 1863 1169 3464 1241">
     <span class='ocr_line' id='line_1_58' title="bbox 1863 1169 3464 1241; baseline 0.005 -18"><span class='ocrx_word' id='word_1_417' title='bbox 1863 1169 2048 1238; x_wconf 89' lang='lat' dir='ltr'><strong>sumit,</strong></span> <span class='ocrx_word' id='word_1_418' title='bbox 2083 1171 2228 1241; x_wconf 92' lang='lat' dir='ltr'><strong>quod</strong></span> <span class='ocrx_word' id='word_1_419' title='bbox 2273 1188 2430 1228; x_wconf 88' lang='lat' dir='ltr'><strong>suum</strong></span> <span class='ocrx_word' id='word_1_420' title='bbox 2473 1175 2790 1230; x_wconf 87' lang='lat' dir='ltr'><strong>convivium</strong></span> <span class='ocrx_word' id='word_1_421' title='bbox 2835 1176 2924 1230; x_wconf 86' lang='lat' dir='ltr'><strong>sit.</strong></span> <span class='ocrx_word' id='word_1_422' title='bbox 2974 1177 3164 1232; x_wconf 84' lang='lat' dir='ltr'><strong>Solent</strong></span> <span class='ocrx_word' id='word_1_423' title='bbox 3220 1178 3366 1232; x_wconf 90' lang='lat' dir='ltr'><strong>enim</strong></span> <span class='ocrx_word' id='word_1_424' title='bbox 3411 1177 3464 1231; x_wconf 89' lang='lat' dir='ltr'><strong>in</strong></span> 
     </span>
    </p>
   </div>
   <div class='ocr_carea' id='block_1_59' title="bbox 1865 1263 3466 1334">
    <p class='ocr_par' dir='ltr' id='par_1_59' title="bbox 1865 1263 3466 1334">
     <span class='ocr_line' id='line_1_59' title="bbox 1865 1263 3466 1334; baseline 0.004 -18"><span class='ocrx_word' id='word_1_425' title='bbox 1865 1263 2044 1318; x_wconf 88' lang='lat' dir='ltr'><strong>aliena</strong></span> <span class='ocrx_word' id='word_1_426' title='bbox 2079 1279 2268 1320; x_wconf 88' lang='lat' dir='ltr'><strong>mensa</strong></span> <span class='ocrx_word' id='word_1_427' title='bbox 2299 1265 2504 1334; x_wconf 86' lang='lat' dir='ltr'><strong>pudore</strong></span> <span class='ocrx_word' id='word_1_428' title='bbox 2531 1268 2810 1332; x_wconf 86' lang='lat' dir='ltr'><strong>coerceri;</strong></span> <span class='ocrx_word' id='word_1_429' title='bbox 2841 1267 2937 1322; x_wconf 89' lang='lat' dir='ltr'><strong>sed</strong></span> <span class='ocrx_word' id='word_1_430' title='bbox 2969 1269 3057 1323; x_wconf 91' lang='lat' dir='ltr'><strong>hic</strong></span> <span class='ocrx_word' id='word_1_431' title='bbox 3091 1269 3157 1323; x_wconf 91' lang='lat' dir='ltr'><strong>ad</strong></span> <span class='ocrx_word' id='word_1_432' title='bbox 3203 1270 3304 1324; x_wconf 90' lang='lat' dir='ltr'><strong>hoc</strong></span> <span class='ocrx_word' id='word_1_433' title='bbox 3334 1286 3466 1324; x_wconf 82' lang='lat' dir='ltr'><strong>con-</strong></span> 
     </span>
    </p>
   </div>
   <div class='ocr_carea' id='block_1_60' title="bbox 1865 1355 3466 1432">
    <p class='ocr_par' dir='ltr' id='par_1_60' title="bbox 1865 1355 3466 1432">
     <span class='ocr_line' id='line_1_60' title="bbox 1865 1355 3466 1432; baseline 0.004 -20"><span class='ocrx_word' id='word_1_434' title='bbox 1865 1358 2107 1426; x_wconf 83' lang='lat' dir='ltr'><strong>venitur,</strong></span> <span class='ocrx_word' id='word_1_435' title='bbox 2130 1368 2192 1414; x_wconf 87' lang='lat' dir='ltr'><strong>ut</strong></span> <span class='ocrx_word' id='word_1_436' title='bbox 2213 1358 2355 1415; x_wconf 71' lang='lat' dir='ltr'><strong>{teda</strong></span> <span class='ocrx_word' id='word_1_437' title='bbox 2383 1371 2404 1397; x_wconf 72' lang='grc' dir='ltr'><strong>θ</strong></span> <span class='ocrx_word' id='word_1_438' title='bbox 2433 1362 2548 1417; x_wconf 90' lang='lat' dir='ltr'><strong>illic</strong></span> <span class='ocrx_word' id='word_1_439' title='bbox 2566 1355 2829 1432; x_wconf 77' lang='lat' dir='ltr'><strong>gerantur</strong></span> <span class='ocrx_word' id='word_1_440' title='bbox 2849 1363 3010 1432; x_wconf 85' lang='lat' dir='ltr'><strong>copia</strong></span> <span class='ocrx_word' id='word_1_441' title='bbox 3029 1363 3162 1429; x_wconf 90' lang='lat' dir='ltr'><strong>vini,</strong></span> <span class='ocrx_word' id='word_1_442' title='bbox 3189 1371 3245 1419; x_wconf 87' lang='lat' dir='ltr'><strong>et</strong></span> <span class='ocrx_word' id='word_1_443' title='bbox 3270 1362 3466 1419; x_wconf 81' lang='lat' dir='ltr'><strong>incite-</strong></span> 
     </span>
    </p>
   </div>
   <div class='ocr_carea' id='block_1_61' title="bbox 1871 1451 3468 1529">
    <p class='ocr_par' dir='ltr' id='par_1_61' title="bbox 1871 1451 3468 1529">
     <span class='ocr_line' id='line_1_61' title="bbox 1871 1451 3468 1529; baseline 0.006 -25"><span class='ocrx_word' id='word_1_444' title='bbox 1871 1461 1955 1504; x_wconf 92' lang='lat' dir='ltr'><strong>lur</strong></span> <span class='ocrx_word' id='word_1_445' title='bbox 1981 1451 2227 1507; x_wconf 84' lang='lat' dir='ltr'><strong>libidinis</strong></span> <span class='ocrx_word' id='word_1_446' title='bbox 2259 1453 2474 1509; x_wconf 83' lang='lat' dir='ltr'><strong>diversa</strong></span> <span class='ocrx_word' id='word_1_447' title='bbox 2505 1456 2777 1524; x_wconf 84' lang='lat' dir='ltr'><strong>voluptas.</strong></span> <span class='ocrx_word' id='word_1_448' title='bbox 2811 1455 3019 1513; x_wconf 87' lang='lat' dir='ltr'><strong>Idcirco</strong></span> <span class='ocrx_word' id='word_1_449' title='bbox 3043 1457 3296 1513; x_wconf 85' lang='lat' dir='ltr'><strong>evitanda</strong></span> <span class='ocrx_word' id='word_1_450' title='bbox 3330 1475 3468 1529; x_wconf 62' lang='lat' dir='ltr'><strong>prato</strong></span> 
     </span>
    </p>
   </div>
   <div class='ocr_carea' id='block_1_62' title="bbox 1866 1543 2639 1616">
    <p class='ocr_par' dir='ltr' id='par_1_62' title="bbox 1866 1543 2639 1616">
     <span class='ocr_line' id='line_1_62' title="bbox 1866 1543 2639 1616; baseline 0.004 -16"><span class='ocrx_word' id='word_1_451' title='bbox 1866 1543 1997 1616; x_wconf 83' lang='lat' dir='ltr'><strong>cipit</strong></span> <span class='ocrx_word' id='word_1_452' title='bbox 2022 1545 2332 1616; x_wconf 83' lang='lat' dir='ltr'><strong>hujnsnmdi</strong></span> <span class='ocrx_word' id='word_1_453' title='bbox 2365 1549 2639 1603; x_wconf 88' lang='lat' dir='ltr'><strong>convivia.</strong></span> 
     </span>
    </p>
   </div>
   <div class='ocr_carea' id='block_1_63' title="bbox 1943 1637 3465 1714">
    <p class='ocr_par' dir='ltr' id='par_1_63' title="bbox 1943 1637 3465 1714">
     <span class='ocr_line' id='line_1_63' title="bbox 1943 1637 3465 1714; baseline 0.003 -21"><span class='ocrx_word' id='word_1_454' title='bbox 1943 1637 2068 1694; x_wconf 88' lang='lat' dir='ltr'><strong>Non</strong></span> <span class='ocrx_word' id='word_1_455' title='bbox 2090 1641 2146 1694; x_wconf 88' lang='lat' dir='ltr'><strong>in</strong></span> <span class='ocrx_word' id='word_1_456' title='bbox 2165 1639 2417 1695; x_wconf 85' lang='lat' dir='ltr'><strong>cubilibus</strong></span> <span class='ocrx_word' id='word_1_457' title='bbox 2457 1651 2506 1694; x_wconf 88' lang='lat' dir='ltr'><strong>et</strong></span> <span class='ocrx_word' id='word_1_458' title='bbox 2559 1641 2917 1714; x_wconf 83' lang='lat' dir='ltr'><strong>impudicitiis.</strong></span> <span class='ocrx_word' id='word_1_459' title='bbox 2948 1643 3078 1698; x_wconf 90' lang='lat' dir='ltr'><strong>Post</strong></span> <span class='ocrx_word' id='word_1_460' title='bbox 3126 1643 3465 1699; x_wconf 68' lang='lat' dir='ltr'><strong>luxuriosum</strong></span> 
     </span>
    </p>
   </div>
   <div class='ocr_carea' id='block_1_64' title="bbox 1797 1732 3467 1806">
    <p class='ocr_par' dir='ltr' id='par_1_64' title="bbox 1797 1732 3467 1806">
     <span class='ocr_line' id='line_1_64' title="bbox 1797 1732 3467 1806; baseline 0.002 -20"><span class='ocrx_word' id='word_1_461' title='bbox 1797 1734 1843 1794; x_wconf 92' lang='lat' dir='ltr'><strong>B</strong></span> <span class='ocrx_word' id='word_1_462' title='bbox 1871 1733 2183 1788; x_wconf 85' lang='lat' dir='ltr'><strong>convivium</strong></span> <span class='ocrx_word' id='word_1_463' title='bbox 2197 1740 2255 1788; x_wconf 87' lang='lat' dir='ltr'><strong>et</strong></span> <span class='ocrx_word' id='word_1_464' title='bbox 2271 1732 2592 1788; x_wconf 88' lang='lat' dir='ltr'><strong>ebrietatem</strong></span> <span class='ocrx_word' id='word_1_465' title='bbox 2626 1734 2728 1789; x_wconf 84' lang='lat' dir='ltr'><strong>hnc</strong></span> <span class='ocrx_word' id='word_1_466' title='bbox 2754 1735 3009 1804; x_wconf 83' lang='lat' dir='ltr'><strong>subjecit,</strong></span> <span class='ocrx_word' id='word_1_467' title='bbox 3033 1735 3175 1806; x_wconf 84' lang='lat' dir='ltr'><strong>quod</strong></span> <span class='ocrx_word' id='word_1_468' title='bbox 3198 1737 3467 1806; x_wconf 82' lang='lat' dir='ltr'><strong>sequitur,</strong></span> 
     </span>
    </p>
   </div>
   <div class='ocr_carea' id='block_1_65' title="bbox 1870 1823 3470 1898">
    <p class='ocr_par' dir='ltr' id='par_1_65' title="bbox 1870 1823 3470 1898">
     <span class='ocr_line' id='line_1_65' title="bbox 1870 1823 3470 1898; baseline 0.002 -16"><span class='ocrx_word' id='word_1_469' title='bbox 1870 1823 1924 1884; x_wconf 88' lang='lat' dir='ltr'><strong>id</strong></span> <span class='ocrx_word' id='word_1_470' title='bbox 1965 1833 2070 1886; x_wconf 86' lang='lat' dir='ltr'><strong>est,</strong></span> <span class='ocrx_word' id='word_1_471' title='bbox 2102 1823 2430 1880; x_wconf 81' lang='lat' dir='ltr'><strong>concubitus</strong></span> <span class='ocrx_word' id='word_1_472' title='bbox 2463 1825 2804 1896; x_wconf 75' lang='lat' dir='ltr'><strong>impudicus;</strong></span> <span class='ocrx_word' id='word_1_473' title='bbox 2834 1826 2850 1864; x_wconf 69' lang='grc' dir='ltr'>ί</span> <span class='ocrx_word' id='word_1_474' title='bbox 2887 1826 2976 1882; x_wconf 86' lang='lat' dir='ltr'><strong>hic</strong></span> <span class='ocrx_word' id='word_1_475' title='bbox 3001 1829 3142 1884; x_wconf 83' lang='lat' dir='ltr'><strong>enim</strong></span> <span class='ocrx_word' id='word_1_476' title='bbox 3173 1828 3334 1898; x_wconf 87' lang='lat' dir='ltr'><strong>hujus</strong></span> <span class='ocrx_word' id='word_1_477' title='bbox 3362 1828 3470 1885; x_wconf 88' lang='lat' dir='ltr'><strong>las-</strong></span> 
     </span>
    </p>
   </div>
   <div class='ocr_carea' id='block_1_66' title="bbox 1867 1916 2466 1973">
    <p class='ocr_par' dir='ltr' id='par_1_66' title="bbox 1867 1916 2466 1973">
     <span class='ocr_line' id='line_1_66' title="bbox 1867 1916 2466 1973; baseline -0.003 0"><span class='ocrx_word' id='word_1_478' title='bbox 1867 1916 2104 1973; x_wconf 89' lang='lat' dir='ltr'><strong>civitatis</strong></span> <span class='ocrx_word' id='word_1_479' title='bbox 2130 1928 2215 1972; x_wconf 87' lang='lat' dir='ltr'><strong>est</strong></span> <span class='ocrx_word' id='word_1_480' title='bbox 2238 1917 2466 1972; x_wconf 82' lang='lat' dir='ltr'><strong>fructus.</strong></span> 
     </span>
    </p>
   </div>
   <div class='ocr_carea' id='block_1_67' title="bbox 1943 2009 3474 2069">
    <p class='ocr_par' dir='ltr' id='par_1_67' title="bbox 1943 2009 3474 2069">
     <span class='ocr_line' id='line_1_67' title="bbox 1943 2009 3474 2069; baseline 0.003 -5"><span class='ocrx_word' id='word_1_481' title='bbox 1943 2009 2065 2064; x_wconf 84' lang='lat' dir='ltr'><strong>Non</strong></span> <span class='ocrx_word' id='word_1_482' title='bbox 2110 2010 2164 2064; x_wconf 88' lang='lat' dir='ltr'><strong>in</strong></span> <span class='ocrx_word' id='word_1_483' title='bbox 2213 2011 2539 2065; x_wconf 80' lang='lat' dir='ltr'><strong>contentione</strong></span> <span class='ocrx_word' id='word_1_484' title='bbox 2591 2020 2636 2064; x_wconf 86' lang='lat' dir='ltr'><strong>et</strong></span> <span class='ocrx_word' id='word_1_485' title='bbox 2683 2010 3034 2068; x_wconf 70' lang='lat' dir='ltr'><strong>a’rnulatione.</strong></span> <span class='ocrx_word' id='word_1_486' title='bbox 3088 2013 3258 2069; x_wconf 78' lang='lat' dir='ltr'><strong>Recte</strong></span> <span class='ocrx_word' id='word_1_487' title='bbox 3288 2013 3474 2069; x_wconf 83' lang='lat' dir='ltr'><strong>abhis</strong></span> 
     </span>
    </p>
   </div>
   <div class='ocr_carea' id='block_1_68' title="bbox 1868 2101 3477 2172">
    <p class='ocr_par' dir='ltr' id='par_1_68' title="bbox 1868 2101 3477 2172">
     <span class='ocr_line' id='line_1_68' title="bbox 1868 2101 3477 2172; baseline 0.004 -19"><span class='ocrx_word' id='word_1_488' title='bbox 1868 2101 2112 2158; x_wconf 88' lang='lat' dir='ltr'><strong>coerceri</strong></span> <span class='ocrx_word' id='word_1_489' title='bbox 2145 2110 2332 2156; x_wconf 88' lang='lat' dir='ltr'><strong>monet</strong></span> <span class='ocrx_word' id='word_1_490' title='bbox 2362 2117 2376 2166; x_wconf 89' lang='lat'><strong>;</strong></span> <span class='ocrx_word' id='word_1_491' title='bbox 2410 2103 2536 2172; x_wconf 90' lang='lat' dir='ltr'><strong>quia</strong></span> <span class='ocrx_word' id='word_1_492' title='bbox 2564 2103 2743 2158; x_wconf 88' lang='lat' dir='ltr'><strong>omnis</strong></span> <span class='ocrx_word' id='word_1_493' title='bbox 2771 2105 3052 2160; x_wconf 85' lang='lat' dir='ltr'><strong>contentio</strong></span> <span class='ocrx_word' id='word_1_494' title='bbox 3100 2116 3154 2160; x_wconf 89' lang='lat' dir='ltr'><strong>et</strong></span> <span class='ocrx_word' id='word_1_495' title='bbox 3175 2107 3322 2160; x_wconf 84' lang='lat' dir='ltr'><strong>zelus</strong></span> <span class='ocrx_word' id='word_1_496' title='bbox 3372 2105 3477 2160; x_wconf 87' lang='lat' dir='ltr'><strong>ini-</strong></span> 
     </span>
    </p>
   </div>
   <div class='ocr_carea' id='block_1_69' title="bbox 1870 2194 3474 2270">
    <p class='ocr_par' dir='ltr' id='par_1_69' title="bbox 1870 2194 3474 2270">
     <span class='ocr_line' id='line_1_69' title="bbox 1870 2194 3474 2270; baseline 0.005 -22"><span class='ocrx_word' id='word_1_497' title='bbox 1870 2194 2130 2249; x_wconf 82' lang='lat' dir='ltr'><strong>micitiam</strong></span> <span class='ocrx_word' id='word_1_498' title='bbox 2159 2195 2326 2266; x_wconf 86' lang='lat' dir='ltr'><strong>parit.</strong></span> <span class='ocrx_word' id='word_1_499' title='bbox 2367 2211 2503 2266; x_wconf 88' lang='lat' dir='ltr'><strong>quas</strong></span> <span class='ocrx_word' id='word_1_500' title='bbox 2550 2195 2808 2252; x_wconf 88' lang='lat' dir='ltr'><strong>tenebras</strong></span> <span class='ocrx_word' id='word_1_501' title='bbox 2833 2209 2991 2254; x_wconf 88' lang='lat' dir='ltr'><strong>vocat</strong></span> <span class='ocrx_word' id='word_1_502' title='bbox 3017 2215 3031 2265; x_wconf 91' lang='lat'><strong>;</strong></span> <span class='ocrx_word' id='word_1_503' title='bbox 3059 2200 3187 2270; x_wconf 89' lang='lat' dir='ltr'><strong>quia</strong></span> <span class='ocrx_word' id='word_1_504' title='bbox 3217 2199 3283 2255; x_wconf 90' lang='lat' dir='ltr'><strong>ad</strong></span> <span class='ocrx_word' id='word_1_505' title='bbox 3335 2199 3474 2256; x_wconf 89' lang='lat' dir='ltr'><strong>lucis</strong></span> 
     </span>
    </p>
   </div>
   <div class='ocr_carea' id='block_1_70' title="bbox 1872 2287 2895 2359">
    <p class='ocr_par' dir='ltr' id='par_1_70' title="bbox 1872 2287 2895 2359">
     <span class='ocr_line' id='line_1_70' title="bbox 1872 2287 2895 2359; baseline 0.007 -21"><span class='ocrx_word' id='word_1_506' title='bbox 1872 2287 2157 2356; x_wconf 56' lang='lat' dir='ltr'><strong>praemium</strong></span> <span class='ocrx_word' id='word_1_507' title='bbox 2190 2287 2478 2357; x_wconf 89' lang='lat' dir='ltr'><strong>pervenire</strong></span> <span class='ocrx_word' id='word_1_508' title='bbox 2509 2305 2618 2344; x_wconf 91' lang='lat' dir='ltr'><strong>non</strong></span> <span class='ocrx_word' id='word_1_509' title='bbox 2651 2299 2895 2359; x_wconf 89' lang='lat' dir='ltr'><strong>possunt.</strong></span> 
     </span>
    </p>
   </div>
   <div class='ocr_carea' id='block_1_71' title="bbox 1949 2379 3476 2452">
    <p class='ocr_par' dir='ltr' id='par_1_71' title="bbox 1949 2379 3476 2452">
     <span class='ocr_line' id='line_1_71' title="bbox 1949 2379 3476 2452; baseline 0.002 -17"><span class='ocrx_word' id='word_1_510' title='bbox 1949 2379 2103 2452; x_wconf 76' lang='lat'><strong>101</strong></span> <span class='ocrx_word' id='word_1_511' title='bbox 2129 2380 2233 2435; x_wconf 72' lang='lat' dir='ltr'><strong>Sed</strong></span> <span class='ocrx_word' id='word_1_512' title='bbox 2251 2380 2450 2434; x_wconf 86' lang='lat' dir='ltr'><strong>induite</strong></span> <span class='ocrx_word' id='word_1_513' title='bbox 2475 2380 2950 2436; x_wconf 77' lang='lat' dir='ltr'><strong>Dominnmlesum</strong></span> <span class='ocrx_word' id='word_1_514' title='bbox 2981 2382 3266 2451; x_wconf 82' lang='lat' dir='ltr'><strong>Christum,</strong></span> <span class='ocrx_word' id='word_1_515' title='bbox 3295 2394 3342 2438; x_wconf 84' lang='lat' dir='ltr'><strong>et</strong></span> <span class='ocrx_word' id='word_1_516' title='bbox 3361 2401 3476 2438; x_wconf 76' lang='lat' dir='ltr'><strong>rar-</strong></span> 
     </span>
    </p>
   </div>
   <div class='ocr_carea' id='block_1_72' title="bbox 1872 2473 3474 2545">
    <p class='ocr_par' dir='ltr' id='par_1_72' title="bbox 1872 2473 3474 2545">
     <span class='ocr_line' id='line_1_72' title="bbox 1872 2473 3474 2545; baseline 0.005 -19"><span class='ocrx_word' id='word_1_517' title='bbox 1872 2473 1952 2526; x_wconf 88' lang='lat' dir='ltr'><strong>nis</strong></span> <span class='ocrx_word' id='word_1_518' title='bbox 1975 2490 2152 2527; x_wconf 88' lang='lat' dir='ltr'><strong>curam</strong></span> <span class='ocrx_word' id='word_1_519' title='bbox 2177 2491 2236 2527; x_wconf 79' lang='lat' dir='ltr'><strong>ne</strong></span> <span class='ocrx_word' id='word_1_520' title='bbox 2257 2476 2482 2545; x_wconf 81' lang='lat' dir='ltr'><strong>feceritis</strong></span> <span class='ocrx_word' id='word_1_521' title='bbox 2505 2477 2558 2529; x_wconf 86' lang='lat' dir='ltr'><strong>in</strong></span> <span class='ocrx_word' id='word_1_522' title='bbox 2590 2477 3041 2544; x_wconf 77' lang='lat' dir='ltr'><strong>concupiscentiis.</strong></span> <span class='ocrx_word' id='word_1_523' title='bbox 3068 2479 3264 2532; x_wconf 79' lang='lat' dir='ltr'><strong>Curam</strong></span> <span class='ocrx_word' id='word_1_524' title='bbox 3289 2481 3474 2534; x_wconf 84' lang='lat' dir='ltr'><strong>carnis</strong></span> 
     </span>
    </p>
   </div>
   <div class='ocr_carea' id='block_1_73' title="bbox 1874 2565 3477 2643">
    <p class='ocr_par' dir='ltr' id='par_1_73' title="bbox 1874 2565 3477 2643">
     <span class='ocr_line' id='line_1_73' title="bbox 1874 2565 3477 2643; baseline 0.005 -24"><span class='ocrx_word' id='word_1_525' title='bbox 1874 2565 2150 2636; x_wconf 88' lang='lat' dir='ltr'><strong>prohibet,</strong></span> <span class='ocrx_word' id='word_1_526' title='bbox 2175 2567 2227 2621; x_wconf 88' lang='lat' dir='ltr'><strong>id</strong></span> <span class='ocrx_word' id='word_1_527' title='bbox 2256 2576 2341 2622; x_wconf 86' lang='lat' dir='ltr'><strong>cst</strong></span> <span class='ocrx_word' id='word_1_528' title='bbox 2372 2569 2737 2639; x_wconf 83' lang='lat' dir='ltr'><strong>voluptatem;</strong></span> <span class='ocrx_word' id='word_1_529' title='bbox 2762 2579 2818 2625; x_wconf 91' lang='lat' dir='ltr'><strong>ut</strong></span> <span class='ocrx_word' id='word_1_530' title='bbox 2851 2585 3020 2626; x_wconf 90' lang='lat' dir='ltr'><strong>omne</strong></span> <span class='ocrx_word' id='word_1_531' title='bbox 3048 2571 3190 2642; x_wconf 88' lang='lat' dir='ltr'><strong>quod</strong></span> <span class='ocrx_word' id='word_1_532' title='bbox 3218 2572 3477 2643; x_wconf 85' lang='lat' dir='ltr'><strong>prohibe-</strong></span> 
     </span>
    </p>
   </div>
   <div class='ocr_carea' id='block_1_74' title="bbox 1875 2658 3480 2732">
    <p class='ocr_par' dir='ltr' id='par_1_74' title="bbox 1875 2658 3480 2732">
     <span class='ocr_line' id='line_1_74' title="bbox 1875 2658 3480 2732; baseline 0.002 -18"><span class='ocrx_word' id='word_1_533' title='bbox 1875 2668 1961 2714; x_wconf 90' lang='lat' dir='ltr'><strong>tur</strong></span> <span class='ocrx_word' id='word_1_534' title='bbox 1990 2675 2088 2732; x_wconf 88' lang='lat' dir='ltr'><strong>per</strong></span> <span class='ocrx_word' id='word_1_535' title='bbox 2114 2658 2340 2730; x_wconf 82' lang='lat' dir='ltr'><strong>Legem,</strong></span> <span class='ocrx_word' id='word_1_536' title='bbox 2373 2677 2478 2716; x_wconf 88' lang='lat' dir='ltr'><strong>non</strong></span> <span class='ocrx_word' id='word_1_537' title='bbox 2507 2661 2871 2729; x_wconf 89' lang='lat' dir='ltr'><strong>desideretur,</strong></span> <span class='ocrx_word' id='word_1_538' title='bbox 2900 2673 2994 2718; x_wconf 88' lang='lat' dir='ltr'><strong>aut</strong></span> <span class='ocrx_word' id='word_1_539' title='bbox 3018 2675 3166 2720; x_wconf 88' lang='lat' dir='ltr'><strong>certe</strong></span> <span class='ocrx_word' id='word_1_540' title='bbox 3197 2665 3480 2721; x_wconf 87' lang='lat' dir='ltr'><strong>desidera-</strong></span> 
     </span>
    </p>
   </div>
   <div class='ocr_carea' id='block_1_75' title="bbox 1877 2751 3480 2832">
    <p class='ocr_par' dir='ltr' id='par_1_75' title="bbox 1877 2751 3480 2832">
     <span class='ocr_line' id='line_1_75' title="bbox 1877 2751 3480 2832; baseline 0.004 -26"><span class='ocrx_word' id='word_1_541' title='bbox 1877 2764 1987 2806; x_wconf 87' lang='lat' dir='ltr'><strong>tum</strong></span> <span class='ocrx_word' id='word_1_542' title='bbox 2030 2754 2300 2832; x_wconf 54' lang='lat' dir='ltr'><strong>vincatur:</strong></span> <span class='ocrx_word' id='word_1_543' title='bbox 2335 2751 2458 2822; x_wconf 89' lang='lat' dir='ltr'><strong>Ipsa</strong></span> <span class='ocrx_word' id='word_1_544' title='bbox 2502 2763 2630 2809; x_wconf 90' lang='lat' dir='ltr'><strong>sunt</strong></span> <span class='ocrx_word' id='word_1_545' title='bbox 2670 2757 2812 2811; x_wconf 88' lang='lat' dir='ltr'><strong>enim</strong></span> <span class='ocrx_word' id='word_1_546' title='bbox 2855 2771 3021 2827; x_wconf 89' lang='lat' dir='ltr'><strong>opera</strong></span> <span class='ocrx_word' id='word_1_547' title='bbox 3055 2757 3271 2823; x_wconf 89' lang='lat' dir='ltr'><strong>carnis;</strong></span> <span class='ocrx_word' id='word_1_548' title='bbox 3301 2767 3361 2814; x_wconf 83' lang='lat' dir='ltr'><strong>ut</strong></span> <span class='ocrx_word' id='word_1_549' title='bbox 3392 2758 3480 2813; x_wconf 91' lang='lat' dir='ltr'><strong>his</strong></span> 
     </span>
    </p>
   </div>
   <div class='ocr_carea' id='block_1_76' title="bbox 1876 2845 3482 2918">
    <p class='ocr_par' dir='ltr' id='par_1_76' title="bbox 1876 2845 3482 2918">
     <span class='ocr_line' id='line_1_76' title="bbox 1876 2845 3482 2918; baseline 0.004 -18"><span class='ocrx_word' id='word_1_550' title='bbox 1876 2846 2024 2901; x_wconf 80' lang='lat' dir='ltr'><strong>exuti</strong></span> <span class='ocrx_word' id='word_1_551' title='bbox 2059 2845 2289 2901; x_wconf 91' lang='lat' dir='ltr'><strong>induant</strong></span> <span class='ocrx_word' id='word_1_552' title='bbox 2317 2845 2607 2902; x_wconf 88' lang='lat' dir='ltr'><strong>Dominum</strong></span> <span class='ocrx_word' id='word_1_553' title='bbox 2636 2847 2821 2903; x_wconf 81' lang='lat' dir='ltr'><strong>Jesum</strong></span> <span class='ocrx_word' id='word_1_554' title='bbox 2846 2849 3146 2918; x_wconf 85' lang='lat' dir='ltr'><strong>Christum,</strong></span> <span class='ocrx_word' id='word_1_555' title='bbox 3181 2849 3236 2905; x_wconf 90' lang='lat' dir='ltr'><strong>id</strong></span> <span class='ocrx_word' id='word_1_556' title='bbox 3259 2859 3367 2918; x_wconf 89' lang='lat' dir='ltr'><strong>est,</strong></span> <span class='ocrx_word' id='word_1_557' title='bbox 3401 2852 3482 2907; x_wconf 87' lang='lat' dir='ltr'><strong>in-</strong></span> 
     </span>
    </p>
   </div>
   <div class='ocr_carea' id='block_1_77' title="bbox 1876 2939 3483 3012">
    <p class='ocr_par' dir='ltr' id='par_1_77' title="bbox 1876 2939 3483 3012">
     <span class='ocr_line' id='line_1_77' title="bbox 1876 2939 3483 3012; baseline 0.003 -16"><span class='ocrx_word' id='word_1_558' title='bbox 1876 2941 2061 2996; x_wconf 90' lang='lat' dir='ltr'><strong>novati</strong></span> <span class='ocrx_word' id='word_1_559' title='bbox 2100 2955 2197 3012; x_wconf 85' lang='lat' dir='ltr'><strong>per</strong></span> <span class='ocrx_word' id='word_1_560' title='bbox 2226 2939 2529 3009; x_wconf 87' lang='lat' dir='ltr'><strong>Christum,</strong></span> <span class='ocrx_word' id='word_1_561' title='bbox 2564 2941 2741 2997; x_wconf 87' lang='lat' dir='ltr'><strong>abhis</strong></span> <span class='ocrx_word' id='word_1_562' title='bbox 2780 2944 2940 3012; x_wconf 89' lang='lat' dir='ltr'><strong>malis</strong></span> <span class='ocrx_word' id='word_1_563' title='bbox 2965 2958 3024 2999; x_wconf 90' lang='lat' dir='ltr'><strong>se</strong></span> <span class='ocrx_word' id='word_1_564' title='bbox 3055 2945 3354 3001; x_wconf 88' lang='lat' dir='ltr'><strong>retineant.</strong></span> <span class='ocrx_word' id='word_1_565' title='bbox 3384 2945 3483 3001; x_wconf 86' lang='lat' dir='ltr'><strong>llic</strong></span> 
     </span>
    </p>
   </div>
   <div class='ocr_carea' id='block_1_78' title="bbox 1877 3031 3482 3104">
    <p class='ocr_par' dir='ltr' id='par_1_78' title="bbox 1877 3031 3482 3104">
     <span class='ocr_line' id='line_1_78' title="bbox 1877 3031 3482 3104; baseline 0.004 -18"><span class='ocrx_word' id='word_1_566' title='bbox 1877 3033 2024 3087; x_wconf 89' lang='lat' dir='ltr'><strong>enim</strong></span> <span class='ocrx_word' id='word_1_567' title='bbox 2055 3031 2232 3089; x_wconf 90' lang='lat' dir='ltr'><strong>induit</strong></span> <span class='ocrx_word' id='word_1_568' title='bbox 2255 3033 2559 3098; x_wconf 76' lang='lat' dir='ltr'><strong>Christum,</strong></span> <span class='ocrx_word' id='word_1_569' title='bbox 2587 3035 2678 3104; x_wconf 91' lang='lat' dir='ltr'><strong>qui</strong></span> <span class='ocrx_word' id='word_1_570' title='bbox 2706 3049 2766 3091; x_wconf 89' lang='lat' dir='ltr'><strong>se</strong></span> <span class='ocrx_word' id='word_1_571' title='bbox 2796 3035 2866 3090; x_wconf 90' lang='lat' dir='ltr'><strong>ab</strong></span> <span class='ocrx_word' id='word_1_572' title='bbox 2892 3037 3040 3092; x_wconf 91' lang='lat' dir='ltr'><strong>omni</strong></span> <span class='ocrx_word' id='word_1_573' title='bbox 3068 3052 3257 3093; x_wconf 85' lang='lat' dir='ltr'><strong>errore</strong></span> <span class='ocrx_word' id='word_1_574' title='bbox 3278 3046 3335 3093; x_wconf 89' lang='lat' dir='ltr'><strong>et</strong></span> <span class='ocrx_word' id='word_1_575' title='bbox 3368 3047 3482 3092; x_wconf 86' lang='lat' dir='ltr'><strong>tur-</strong></span> 
     </span>
    </p>
   </div>
   <div class='ocr_carea' id='block_1_79' title="bbox 1802 3121 3482 3201">
    <p class='ocr_par' dir='ltr' id='par_1_79' title="bbox 1802 3121 3482 3201">
     <span class='ocr_line' id='line_1_79' title="bbox 1802 3121 3482 3201; baseline -0.001 -17"><span class='ocrx_word' id='word_1_576' title='bbox 1802 3121 1846 3184; x_wconf 91' lang='lat' dir='ltr'><strong>C</strong></span> <span class='ocrx_word' id='word_1_577' title='bbox 1882 3125 2127 3196; x_wconf 90' lang='lat' dir='ltr'><strong>pitudine</strong></span> <span class='ocrx_word' id='word_1_578' title='bbox 2169 3123 2539 3196; x_wconf 88' lang='lat' dir='ltr'><strong>separaverit;</strong></span> <span class='ocrx_word' id='word_1_579' title='bbox 2598 3134 2623 3172; x_wconf 80' lang='lat'>8</span> <span class='ocrx_word' id='word_1_580' title='bbox 2671 3141 2738 3182; x_wconf 87' lang='lat' dir='ltr'><strong>ne</strong></span> <span class='ocrx_word' id='word_1_581' title='bbox 2791 3126 2844 3182; x_wconf 91' lang='lat' dir='ltr'><strong>in</strong></span> <span class='ocrx_word' id='word_1_582' title='bbox 2876 3128 3129 3184; x_wconf 91' lang='lat' dir='ltr'><strong>convivio</strong></span> <span class='ocrx_word' id='word_1_583' title='bbox 3166 3129 3482 3201; x_wconf 87' lang='lat' dir='ltr'><strong>nuptiarum</strong></span> 
     </span>
    </p>
   </div>
   <div class='ocr_carea' id='block_1_80' title="bbox 1876 3217 3484 3294">
    <p class='ocr_par' dir='ltr' id='par_1_80' title="bbox 1876 3217 3484 3294">
     <span class='ocr_line' id='line_1_80' title="bbox 1876 3217 3484 3294; baseline 0.004 -20"><span class='ocrx_word' id='word_1_584' title='bbox 1876 3219 1997 3274; x_wconf 89' lang='lat' dir='ltr'><strong>sine</strong></span> <span class='ocrx_word' id='word_1_585' title='bbox 2024 3227 2174 3274; x_wconf 80' lang='lat' dir='ltr'><strong>veste</strong></span> <span class='ocrx_word' id='word_1_586' title='bbox 2220 3234 2358 3273; x_wconf 91' lang='lat' dir='ltr'><strong>nova</strong></span> <span class='ocrx_word' id='word_1_587' title='bbox 2392 3217 2722 3286; x_wconf 87' lang='lat' dir='ltr'><strong>inveniatur,</strong></span> <span class='ocrx_word' id='word_1_588' title='bbox 2759 3223 3097 3293; x_wconf 90' lang='lat' dir='ltr'><strong>turpiterque</strong></span> <span class='ocrx_word' id='word_1_589' title='bbox 3124 3224 3368 3294; x_wconf 89' lang='lat' dir='ltr'><strong>ahjectus</strong></span> <span class='ocrx_word' id='word_1_590' title='bbox 3400 3234 3484 3281; x_wconf 86' lang='lat' dir='ltr'><strong>te-</strong></span> 
     </span>
    </p>
   </div>
   <div class='ocr_carea' id='block_1_81' title="bbox 1877 3310 3482 3388">
    <p class='ocr_par' dir='ltr' id='par_1_81' title="bbox 1877 3310 3482 3388">
     <span class='ocr_line' id='line_1_81' title="bbox 1877 3310 3482 3388; baseline 0.003 -20"><span class='ocrx_word' id='word_1_591' title='bbox 1877 3312 2061 3369; x_wconf 90' lang='lat' dir='ltr'><strong>nebris</strong></span> <span class='ocrx_word' id='word_1_592' title='bbox 2095 3314 2437 3382; x_wconf 89' lang='lat' dir='ltr'><strong>mancipetur</strong></span> <span class='ocrx_word' id='word_1_593' title='bbox 2480 3310 2696 3383; x_wconf 80' lang='lat' dir='ltr'><strong>(Matth.</strong></span> <span class='ocrx_word' id='word_1_594' title='bbox 2732 3328 2866 3380; x_wconf 81' lang='lat' dir='ltr'><strong>xxn,</strong></span> <span class='ocrx_word' id='word_1_595' title='bbox 2903 3312 2991 3384; x_wconf 84' lang='lat' dir='ltr'><strong>ll)</strong></span> <span class='ocrx_word' id='word_1_596' title='bbox 3029 3334 3042 3371; x_wconf 90' lang='lat'><strong>:</strong></span> <span class='ocrx_word' id='word_1_597' title='bbox 3083 3315 3127 3371; x_wconf 88' lang='lat' dir='ltr'><strong>si</strong></span> <span class='ocrx_word' id='word_1_598' title='bbox 3155 3316 3482 3388; x_wconf 88' lang='lat' dir='ltr'><strong>quominus,</strong></span> 
     </span>
    </p>
   </div>
   <div class='ocr_carea' id='block_1_82' title="bbox 1881 3401 3489 3479">
    <p class='ocr_par' dir='ltr' id='par_1_82' title="bbox 1881 3401 3489 3479">
     <span class='ocr_line' id='line_1_82' title="bbox 1881 3401 3489 3479; baseline 0.004 -20"><span class='ocrx_word' id='word_1_599' title='bbox 1881 3419 1989 3460; x_wconf 92' lang='lat' dir='ltr'><strong>non</strong></span> <span class='ocrx_word' id='word_1_600' title='bbox 2032 3413 2161 3459; x_wconf 90' lang='lat' dir='ltr'><strong>sunt</strong></span> <span class='ocrx_word' id='word_1_601' title='bbox 2188 3403 2363 3459; x_wconf 90' lang='lat' dir='ltr'><strong>induti</strong></span> <span class='ocrx_word' id='word_1_602' title='bbox 2401 3402 2587 3458; x_wconf 83' lang='lat' dir='ltr'><strong>Jesum</strong></span> <span class='ocrx_word' id='word_1_603' title='bbox 2635 3401 2912 3460; x_wconf 90' lang='lat' dir='ltr'><strong>Christum</strong></span> <span class='ocrx_word' id='word_1_604' title='bbox 2961 3403 3286 3474; x_wconf 90' lang='lat' dir='ltr'><strong>Dominum,</strong></span> <span class='ocrx_word' id='word_1_605' title='bbox 3324 3424 3489 3479; x_wconf 84' lang='lat' dir='ltr'><strong>super</strong></span> 
     </span>
    </p>
   </div>
   <div class='ocr_carea' id='block_1_83' title="bbox 1880 3499 3486 3570">
    <p class='ocr_par' dir='ltr' id='par_1_83' title="bbox 1880 3499 3486 3570">
     <span class='ocr_line' id='line_1_83' title="bbox 1880 3499 3486 3570; baseline 0.002 -14"><span class='ocrx_word' id='word_1_606' title='bbox 1880 3499 2037 3570; x_wconf 85' lang='lat' dir='ltr'><strong>cujus</strong></span> <span class='ocrx_word' id='word_1_607' title='bbox 2066 3513 2261 3554; x_wconf 89' lang='lat' dir='ltr'><strong>novam</strong></span> <span class='ocrx_word' id='word_1_608' title='bbox 2286 3506 2490 3553; x_wconf 89' lang='lat' dir='ltr'><strong>vestem</strong></span> <span class='ocrx_word' id='word_1_609' title='bbox 2524 3509 2739 3554; x_wconf 90' lang='lat' dir='ltr'><strong>veteres</strong></span> <span class='ocrx_word' id='word_1_610' title='bbox 2768 3514 2976 3570; x_wconf 91' lang='lat' dir='ltr'><strong>pannos</strong></span> <span class='ocrx_word' id='word_1_611' title='bbox 3004 3501 3268 3567; x_wconf 91' lang='lat' dir='ltr'><strong>induunt;</strong></span> <span class='ocrx_word' id='word_1_612' title='bbox 3301 3505 3486 3561; x_wconf 82' lang='lat' dir='ltr'><strong>exutis</strong></span> 
     </span>
    </p>
   </div>
   <div class='ocr_carea' id='block_1_84' title="bbox 1881 3591 3486 3653">
    <p class='ocr_par' dir='ltr' id='par_1_84' title="bbox 1881 3591 3486 3653">
     <span class='ocr_line' id='line_1_84' title="bbox 1881 3591 3486 3653; baseline 0.002 -4"><span class='ocrx_word' id='word_1_613' title='bbox 1881 3594 2026 3650; x_wconf 92' lang='lat' dir='ltr'><strong>enim</strong></span> <span class='ocrx_word' id='word_1_614' title='bbox 2051 3605 2294 3651; x_wconf 88' lang='lat' dir='ltr'><strong>veterem</strong></span> <span class='ocrx_word' id='word_1_615' title='bbox 2316 3592 2594 3648; x_wconf 89' lang='lat' dir='ltr'><strong>hominem</strong></span> <span class='ocrx_word' id='word_1_616' title='bbox 2611 3591 2638 3630; x_wconf 74' lang='grc' dir='ltr'><strong>ιι</strong></span> <span class='ocrx_word' id='word_1_617' title='bbox 2656 3593 2713 3648; x_wconf 91' lang='lat' dir='ltr'><strong>in</strong></span> <span class='ocrx_word' id='word_1_618' title='bbox 2737 3595 2978 3650; x_wconf 89' lang='lat' dir='ltr'><strong>novitate</strong></span> <span class='ocrx_word' id='word_1_619' title='bbox 3002 3595 3126 3651; x_wconf 83' lang='lat' dir='ltr'><strong>vita:</strong></span> <span class='ocrx_word' id='word_1_620' title='bbox 3152 3596 3486 3653; x_wconf 91' lang='lat' dir='ltr'><strong>manendum</strong></span> 
     </span>
    </p>
   </div>
   <div class='ocr_carea' id='block_1_85' title="bbox 1884 3696 1990 3742">
    <p class='ocr_par' dir='ltr' id='par_1_85' title="bbox 1884 3696 1990 3742">
     <span class='ocr_line' id='line_1_85' title="bbox 1884 3696 1990 3742; baseline 0.019 -2"><span class='ocrx_word' id='word_1_621' title='bbox 1884 3696 1990 3742; x_wconf 85' lang='grc' dir='ltr'>εει.</span> 
     </span>
    </p>
   </div>
   <div class='ocr_carea' id='block_1_86' title="bbox 2469 3780 2879 3838">
    <p class='ocr_par' dir='ltr' id='par_1_86' title="bbox 2469 3780 2879 3838">
     <span class='ocr_line' id='line_1_86' title="bbox 2469 3780 2879 3838; baseline -0.007 -1"><span class='ocrx_word' id='word_1_622' title='bbox 2469 3780 2700 3838; x_wconf 83' lang='lat' dir='ltr'><strong>CAPUT</strong></span> <span class='ocrx_word' id='word_1_623' title='bbox 2741 3781 2879 3836; x_wconf 80' lang='lat' dir='ltr'><strong>XIV.</strong></span> 
     </span>
    </p>
   </div>
   <div class='ocr_carea' id='block_1_87' title="bbox 1957 3871 3490 3948">
    <p class='ocr_par' dir='ltr' id='par_1_87' title="bbox 1957 3871 3490 3948">
     <span class='ocr_line' id='line_1_87' title="bbox 1957 3871 3490 3948; baseline 0.002 -16"><span class='ocrx_word' id='word_1_624' title='bbox 1957 3875 2137 3948; x_wconf 84' lang='lat' dir='ltr'><strong>(Vers.</strong></span> <span class='ocrx_word' id='word_1_625' title='bbox 2169 3873 2246 3948; x_wconf 82' lang='grc'><strong>1.)</strong></span> <span class='ocrx_word' id='word_1_626' title='bbox 2271 3871 2549 3944; x_wconf 74' lang='lat' dir='ltr'><strong>Inﬁrmum</strong></span> <span class='ocrx_word' id='word_1_627' title='bbox 2575 3886 2745 3930; x_wconf 88' lang='lat' dir='ltr'><strong>autem</strong></span> <span class='ocrx_word' id='word_1_628' title='bbox 2783 3877 2836 3930; x_wconf 90' lang='lat' dir='ltr'><strong>in</strong></span> <span class='ocrx_word' id='word_1_629' title='bbox 2866 3875 2971 3946; x_wconf 80' lang='lat' dir='ltr'><strong>ﬁde</strong></span> <span class='ocrx_word' id='word_1_630' title='bbox 3000 3875 3269 3943; x_wconf 83' lang='lat' dir='ltr'><strong>assumite,</strong></span> <span class='ocrx_word' id='word_1_631' title='bbox 3295 3893 3401 3933; x_wconf 89' lang='lat' dir='ltr'><strong>non</strong></span> <span class='ocrx_word' id='word_1_632' title='bbox 3433 3879 3490 3935; x_wconf 86' lang='lat' dir='ltr'><strong>in</strong></span> 
     </span>
    </p>
   </div>
   <div class='ocr_carea' id='block_1_88' title="bbox 1887 3969 3488 4044">
    <p class='ocr_par' dir='ltr' id='par_1_88' title="bbox 1887 3969 3488 4044">
     <span class='ocr_line' id='line_1_88' title="bbox 1887 3969 3488 4044; baseline 0.004 -20"><span class='ocrx_word' id='word_1_633' title='bbox 1887 3969 2262 4039; x_wconf 86' lang='lat' dir='ltr'><strong>disceptatione</strong></span> <span class='ocrx_word' id='word_1_634' title='bbox 2285 3971 2677 4044; x_wconf 73' lang='lat' dir='ltr'><strong>coyitationum.</strong></span> <span class='ocrx_word' id='word_1_635' title='bbox 2698 3971 2963 4039; x_wconf 84' lang='lat' dir='ltr'><strong>Quoniam</strong></span> <span class='ocrx_word' id='word_1_636' title='bbox 2989 3987 3050 4026; x_wconf 78' lang='lat' dir='ltr'><strong>ex</strong></span> <span class='ocrx_word' id='word_1_637' title='bbox 3072 3971 3278 4028; x_wconf 73' lang='lat' dir='ltr'><strong>Judmis</strong></span> <span class='ocrx_word' id='word_1_638' title='bbox 3309 3983 3488 4044; x_wconf 87' lang='lat' dir='ltr'><strong>erant,</strong></span> 
     </span>
    </p>
   </div>
   <div class='ocr_carea' id='block_1_89' title="bbox 1889 4063 3493 4136">
    <p class='ocr_par' dir='ltr' id='par_1_89' title="bbox 1889 4063 3493 4136">
     <span class='ocr_line' id='line_1_89' title="bbox 1889 4063 3493 4136; baseline 0.005 -20"><span class='ocrx_word' id='word_1_639' title='bbox 1889 4064 1981 4135; x_wconf 88' lang='lat' dir='ltr'><strong>qui</strong></span> <span class='ocrx_word' id='word_1_640' title='bbox 2010 4065 2290 4120; x_wconf 80' lang='lat' dir='ltr'><strong>Romanos</strong></span> <span class='ocrx_word' id='word_1_641' title='bbox 2325 4063 2339 4101; x_wconf 78' lang='grc' dir='ltr'><strong>ί</strong></span> <span class='ocrx_word' id='word_1_642' title='bbox 2374 4064 2440 4119; x_wconf 90' lang='lat' dir='ltr'><strong>ad</strong></span> <span class='ocrx_word' id='word_1_643' title='bbox 2475 4080 2669 4121; x_wconf 89' lang='lat' dir='ltr'><strong>nomen</strong></span> <span class='ocrx_word' id='word_1_644' title='bbox 2697 4064 2894 4120; x_wconf 75' lang='lat' dir='ltr'><strong>Christi</strong></span> <span class='ocrx_word' id='word_1_645' title='bbox 2923 4075 3366 4136; x_wconf 83' lang='lat' dir='ltr'><strong>assumpserant,</strong></span> <span class='ocrx_word' id='word_1_646' title='bbox 3394 4067 3493 4125; x_wconf 86' lang='lat' dir='ltr'><strong>ad-</strong></span> 
     </span>
    </p>
   </div>
   <div class='ocr_carea' id='block_1_90' title="bbox 1892 4157 3490 4229">
    <p class='ocr_par' dir='ltr' id='par_1_90' title="bbox 1892 4157 3490 4229">
     <span class='ocr_line' id='line_1_90' title="bbox 1892 4157 3490 4229; baseline 0.003 -18"><span class='ocrx_word' id='word_1_647' title='bbox 1892 4158 2058 4212; x_wconf 77' lang='lat' dir='ltr'><strong>mixta</strong></span> <span class='ocrx_word' id='word_1_648' title='bbox 2091 4157 2252 4228; x_wconf 81' lang='lat' dir='ltr'><strong>Lege,</strong></span> <span class='ocrx_word' id='word_1_649' title='bbox 2281 4157 2423 4213; x_wconf 88' lang='lat' dir='ltr'><strong>sicut</strong></span> <span class='ocrx_word' id='word_1_650' title='bbox 2452 4157 2502 4212; x_wconf 91' lang='lat' dir='ltr'><strong>in</strong></span> <span class='ocrx_word' id='word_1_651' title='bbox 2547 4157 2845 4226; x_wconf 89' lang='lat' dir='ltr'><strong>primordio</strong></span> <span class='ocrx_word' id='word_1_652' title='bbox 2869 4158 3120 4228; x_wconf 75' lang='lat' dir='ltr'><strong>epistolae</strong></span> <span class='ocrx_word' id='word_1_653' title='bbox 3149 4161 3490 4229; x_wconf 88' lang='lat' dir='ltr'><strong>memoravi;</strong></span> 
     </span>
    </p>
   </div>
   <div class='ocr_carea' id='block_1_91' title="bbox 1892 4249 3493 4322">
    <p class='ocr_par' dir='ltr' id='par_1_91' title="bbox 1892 4249 3493 4322">
     <span class='ocr_line' id='line_1_91' title="bbox 1892 4249 3493 4322; baseline 0.002 -17"><span class='ocrx_word' id='word_1_654' title='bbox 1892 4250 2013 4306; x_wconf 88' lang='lat' dir='ltr'><strong>ideo</strong></span> <span class='ocrx_word' id='word_1_655' title='bbox 2044 4250 2365 4320; x_wconf 87' lang='lat' dir='ltr'><strong>quibusdam</strong></span> <span class='ocrx_word' id='word_1_656' title='bbox 2397 4249 2683 4306; x_wconf 88' lang='lat' dir='ltr'><strong>videbatur</strong></span> <span class='ocrx_word' id='word_1_657' title='bbox 2714 4251 3042 4322; x_wconf 86' lang='lat' dir='ltr'><strong>prohibitam</strong></span> <span class='ocrx_word' id='word_1_658' title='bbox 3072 4267 3294 4308; x_wconf 91' lang='lat' dir='ltr'><strong>carnem</strong></span> <span class='ocrx_word' id='word_1_659' title='bbox 3324 4252 3493 4310; x_wconf 88' lang='lat' dir='ltr'><strong>edere</strong></span> 
     </span>
    </p>
   </div>
   <div class='ocr_carea' id='block_1_92' title="bbox 1893 4342 3498 4416">
    <p class='ocr_par' dir='ltr' id='par_1_92' title="bbox 1893 4342 3498 4416">
     <span class='ocr_line' id='line_1_92' title="bbox 1893 4342 3498 4416; baseline 0.002 -17"><span class='ocrx_word' id='word_1_660' title='bbox 1893 4360 2000 4399; x_wconf 92' lang='lat' dir='ltr'><strong>non</strong></span> <span class='ocrx_word' id='word_1_661' title='bbox 2032 4342 2238 4399; x_wconf 89' lang='lat' dir='ltr'><strong>debere</strong></span> <span class='ocrx_word' id='word_1_662' title='bbox 2268 4361 2281 4397; x_wconf 90' lang='lat'>:</span> <span class='ocrx_word' id='word_1_663' title='bbox 2317 4342 2589 4414; x_wconf 84' lang='lat' dir='ltr'><strong>aliquibus</strong></span> <span class='ocrx_word' id='word_1_664' title='bbox 2615 4353 2796 4400; x_wconf 90' lang='lat' dir='ltr'><strong>autem</strong></span> <span class='ocrx_word' id='word_1_665' title='bbox 2829 4343 2924 4416; x_wconf 87' lang='lat' dir='ltr'><strong>qui</strong></span> <span class='ocrx_word' id='word_1_666' title='bbox 2967 4345 3088 4400; x_wconf 91' lang='lat' dir='ltr'><strong>sine</strong></span> <span class='ocrx_word' id='word_1_667' title='bbox 3126 4343 3272 4416; x_wconf 79' lang='lat' dir='ltr'><strong>Lege</strong></span> <span class='ocrx_word' id='word_1_668' title='bbox 3308 4343 3498 4403; x_wconf 86' lang='lat' dir='ltr'><strong>Chris-</strong></span> 
     </span>
    </p>
   </div>
   <div class='ocr_carea' id='block_1_93' title="bbox 1897 4437 3500 4510">
    <p class='ocr_par' dir='ltr' id='par_1_93' title="bbox 1897 4437 3500 4510">
     <span class='ocr_line' id='line_1_93' title="bbox 1897 4437 3500 4510; baseline 0.002 -17"><span class='ocrx_word' id='word_1_669' title='bbox 1897 4447 2009 4494; x_wconf 92' lang='lat' dir='ltr'><strong>tum</strong></span> <span class='ocrx_word' id='word_1_670' title='bbox 2060 4438 2460 4508; x_wconf 88' lang='lat' dir='ltr'><strong>sequebantur,</strong></span> <span class='ocrx_word' id='word_1_671' title='bbox 2507 4437 2798 4495; x_wconf 81' lang='lat' dir='ltr'><strong>videbatur</strong></span> <span class='ocrx_word' id='word_1_672' title='bbox 2843 4449 3034 4494; x_wconf 92' lang='lat' dir='ltr'><strong>contra</strong></span> <span class='ocrx_word' id='word_1_673' title='bbox 3082 4439 3284 4510; x_wconf 82' lang='lat' dir='ltr'><strong>Legem</strong></span> <span class='ocrx_word' id='word_1_674' title='bbox 3334 4440 3500 4497; x_wconf 88' lang='lat' dir='ltr'><strong>licere</strong></span> 
     </span>
    </p>
   </div>
   <div class='ocr_carea' id='block_1_94' title="bbox 166 4515 3505 4609">
    <p class='ocr_par' dir='ltr' id='par_1_94' title="bbox 166 4515 3505 4609">
     <span class='ocr_line' id='line_1_94' title="bbox 166 4515 3505 4609; baseline 0.001 -25"><span class='ocrx_word' id='word_1_675' title='bbox 166 4539 326 4596; x_wconf 76' lang='lat' dir='ltr'><strong>bona</strong></span> <span class='ocrx_word' id='word_1_676' title='bbox 356 4554 382 4605; x_wconf 72' lang='lat'><strong>-,</strong></span> <span class='ocrx_word' id='word_1_677' title='bbox 405 4539 528 4609; x_wconf 83' lang='lat' dir='ltr'><strong>quia</strong></span> <span class='ocrx_word' id='word_1_678' title='bbox 573 4539 718 4594; x_wconf 80' lang='lat' dir='ltr'><strong>sicut</strong></span> <span class='ocrx_word' id='word_1_679' title='bbox 767 4539 896 4594; x_wconf 80' lang='lat' dir='ltr'><strong>mali</strong></span> <span class='ocrx_word' id='word_1_680' title='bbox 942 4547 1095 4594; x_wconf 88' lang='lat' dir='ltr'><strong>actus</strong></span> <span class='ocrx_word' id='word_1_681' title='bbox 1149 4537 1393 4594; x_wconf 86' lang='lat' dir='ltr'><strong>tenebris</strong></span> <span class='ocrx_word' id='word_1_682' title='bbox 1436 4537 1786 4609; x_wconf 89' lang='lat' dir='ltr'><strong>deputantur,</strong></span> <span class='ocrx_word' id='word_1_683' title='bbox 1819 4515 1868 4576; x_wconf 81' lang='grc' dir='ltr'><strong>Ῑ)</strong></span> <span class='ocrx_word' id='word_1_684' title='bbox 1896 4531 2080 4587; x_wconf 87' lang='lat' dir='ltr'><strong>edere.</strong></span> <span class='ocrx_word' id='word_1_685' title='bbox 2114 4531 2182 4586; x_wconf 91' lang='lat' dir='ltr'><strong>Et</strong></span> <span class='ocrx_word' id='word_1_686' title='bbox 2212 4547 2309 4602; x_wconf 89' lang='lat' dir='ltr'><strong>per</strong></span> <span class='ocrx_word' id='word_1_687' title='bbox 2339 4527 2444 4586; x_wconf 89' lang='lat' dir='ltr'><strong>hoc</strong></span> <span class='ocrx_word' id='word_1_688' title='bbox 2491 4531 2665 4600; x_wconf 90' lang='lat' dir='ltr'><strong>ipsum</strong></span> <span class='ocrx_word' id='word_1_689' title='bbox 2709 4530 3142 4602; x_wconf 88' lang='lat' dir='ltr'><strong>disceptationes</strong></span> <span class='ocrx_word' id='word_1_690' title='bbox 3173 4541 3330 4588; x_wconf 88' lang='lat' dir='ltr'><strong>erant</strong></span> <span class='ocrx_word' id='word_1_691' title='bbox 3361 4533 3505 4590; x_wconf 86' lang='lat' dir='ltr'><strong>inter</strong></span> 
     </span>
    </p>
   </div>
   <div class='ocr_carea' id='block_1_95' title="bbox 168 4623 1786 4703">
    <p class='ocr_par' dir='ltr' id='par_1_95' title="bbox 168 4623 1786 4703">
     <span class='ocr_line' id='line_1_95' title="bbox 168 4623 1786 4703; baseline -0.001 -17"><span class='ocrx_word' id='word_1_692' title='bbox 168 4631 311 4703; x_wconf 87' lang='lat' dir='ltr'><strong>quia</strong></span> <span class='ocrx_word' id='word_1_693' title='bbox 339 4631 558 4687; x_wconf 89' lang='lat' dir='ltr'><strong>occulte</strong></span> <span class='ocrx_word' id='word_1_694' title='bbox 588 4631 725 4686; x_wconf 87' lang='lat' dir='ltr'><strong>liunt</strong></span> <span class='ocrx_word' id='word_1_695' title='bbox 762 4630 830 4686; x_wconf 88' lang='lat' dir='ltr'><strong>ab</strong></span> <span class='ocrx_word' id='word_1_696' title='bbox 862 4629 931 4686; x_wconf 88' lang='lat' dir='ltr'><strong>iis</strong></span> <span class='ocrx_word' id='word_1_697' title='bbox 977 4627 1068 4702; x_wconf 85' lang='lat' dir='ltr'><strong>qui</strong></span> <span class='ocrx_word' id='word_1_698' title='bbox 1095 4623 1234 4686; x_wconf 85' lang='lat' dir='ltr'><strong>male</strong></span> <span class='ocrx_word' id='word_1_699' title='bbox 1265 4641 1432 4702; x_wconf 83' lang='lat' dir='ltr'><strong>agunt</strong></span> <span class='ocrx_word' id='word_1_700' title='bbox 1466 4649 1477 4683; x_wconf 88' lang='lat'>:</span> <span class='ocrx_word' id='word_1_701' title='bbox 1513 4629 1587 4685; x_wconf 90' lang='lat' dir='ltr'><strong>ita</strong></span> <span class='ocrx_word' id='word_1_702' title='bbox 1616 4640 1670 4685; x_wconf 89' lang='lat' dir='ltr'><strong>et</strong></span> <span class='ocrx_word' id='word_1_703' title='bbox 1697 4631 1786 4700; x_wconf 88' lang='lat' dir='ltr'><strong>qui</strong></span> 
     </span>
    </p>
   </div>
   <div class='ocr_carea' id='block_1_96' title="bbox 168 4722 1791 4798">
    <p class='ocr_par' dir='ltr' id='par_1_96' title="bbox 168 4722 1791 4798">
     <span class='ocr_line' id='line_1_96' title="bbox 168 4722 1791 4798; baseline -0.001 -18"><span class='ocrx_word' id='word_1_704' title='bbox 168 4725 332 4782; x_wconf 86' lang='lat' dir='ltr'><strong>bene</strong></span> <span class='ocrx_word' id='word_1_705' title='bbox 363 4733 554 4797; x_wconf 87' lang='lat' dir='ltr'><strong>agunt,</strong></span> <span class='ocrx_word' id='word_1_706' title='bbox 607 4725 787 4797; x_wconf 85' lang='lat' dir='ltr'><strong>palam</strong></span> <span class='ocrx_word' id='word_1_707' title='bbox 834 4733 1039 4798; x_wconf 85' lang='lat' dir='ltr'><strong>agunt;</strong></span> <span class='ocrx_word' id='word_1_708' title='bbox 1070 4723 1196 4797; x_wconf 89' lang='lat' dir='ltr'><strong>quia</strong></span> <span class='ocrx_word' id='word_1_709' title='bbox 1229 4740 1340 4780; x_wconf 90' lang='lat' dir='ltr'><strong>non</strong></span> <span class='ocrx_word' id='word_1_710' title='bbox 1380 4733 1662 4791; x_wconf 90' lang='lat' dir='ltr'><strong>verentur,</strong></span> <span class='ocrx_word' id='word_1_711' title='bbox 1696 4722 1791 4779; x_wconf 90' lang='lat' dir='ltr'><strong>sed</strong></span> 
     </span>
    </p>
   </div>
   <div class='ocr_carea' id='block_1_97' title="bbox 169 4813 1791 4893">
    <p class='ocr_par' dir='ltr' id='par_1_97' title="bbox 169 4813 1791 4893">
     <span class='ocr_line' id='line_1_97' title="bbox 169 4813 1791 4893; baseline 0 -18"><span class='ocrx_word' id='word_1_712' title='bbox 169 4813 453 4892; x_wconf 81' lang='lat' dir='ltr'><strong>gaudent.</strong></span> <span class='ocrx_word' id='word_1_713' title='bbox 478 4813 613 4876; x_wconf 87' lang='lat' dir='ltr'><strong>Boni</strong></span> <span class='ocrx_word' id='word_1_714' title='bbox 637 4836 768 4893; x_wconf 87' lang='lat' dir='ltr'><strong>ergo</strong></span> <span class='ocrx_word' id='word_1_715' title='bbox 791 4831 945 4877; x_wconf 90' lang='lat' dir='ltr'><strong>actus</strong></span> <span class='ocrx_word' id='word_1_716' title='bbox 959 4835 1108 4877; x_wconf 89' lang='lat' dir='ltr'><strong>arma</strong></span> <span class='ocrx_word' id='word_1_717' title='bbox 1130 4820 1268 4878; x_wconf 90' lang='lat' dir='ltr'><strong>lucis</strong></span> <span class='ocrx_word' id='word_1_718' title='bbox 1297 4827 1444 4888; x_wconf 91' lang='lat' dir='ltr'><strong>sunt,</strong></span> <span class='ocrx_word' id='word_1_719' title='bbox 1471 4819 1791 4892; x_wconf 86' lang='lat' dir='ltr'><strong>impugnan-</strong></span> 
     </span>
    </p>
   </div>
   <div class='ocr_carea' id='block_1_98' title="bbox 173 4905 1289 4985">
    <p class='ocr_par' dir='ltr' id='par_1_98' title="bbox 173 4905 1289 4985">
     <span class='ocr_line' id='line_1_98' title="bbox 173 4905 1289 4985; baseline -0.002 -15"><span class='ocrx_word' id='word_1_720' title='bbox 173 4925 267 4972; x_wconf 88' lang='lat' dir='ltr'><strong>tes</strong></span> <span class='ocrx_word' id='word_1_721' title='bbox 299 4905 586 4984; x_wconf 84' lang='lat' dir='ltr'><strong>tenebras,</strong></span> <span class='ocrx_word' id='word_1_722' title='bbox 614 4930 738 4985; x_wconf 86' lang='lat' dir='ltr'><strong>quae</strong></span> <span class='ocrx_word' id='word_1_723' title='bbox 768 4923 898 4972; x_wconf 89' lang='lat' dir='ltr'><strong>sunt</strong></span> <span class='ocrx_word' id='word_1_724' title='bbox 927 4914 1055 4970; x_wconf 91' lang='lat' dir='ltr'><strong>vitia</strong></span> <span class='ocrx_word' id='word_1_725' title='bbox 1085 4913 1289 4971; x_wconf 77' lang='lat' dir='ltr'><strong>Carnis.</strong></span> 
     </span>
    </p>
   </div>
   <div class='ocr_carea' id='block_1_99' title="bbox 257 5049 1452 5123">
    <p class='ocr_par' dir='ltr' id='par_1_99' title="bbox 257 5049 1452 5123">
     <span class='ocr_line' id='line_1_99' title="bbox 257 5049 1452 5123; baseline -0.004 -15"><span class='ocrx_word' id='word_1_726' title='bbox 257 5065 285 5092; x_wconf 77' lang='grc' dir='ltr'>α</span> <span class='ocrx_word' id='word_1_727' title='bbox 327 5052 461 5108; x_wconf 73' lang='lat' dir='ltr'><strong>Mss.</strong></span> <span class='ocrx_word' id='word_1_728' title='bbox 493 5053 719 5123; x_wconf 86' lang='lat' dir='ltr'><strong>aliquot,</strong></span> <span class='ocrx_word' id='word_1_729' title='bbox 745 5051 883 5121; x_wconf 91' lang='lat' dir='ltr'><strong>quod</strong></span> <span class='ocrx_word' id='word_1_730' title='bbox 910 5060 984 5106; x_wconf 84' lang='lat' dir='ltr'><strong>est</strong></span> <span class='ocrx_word' id='word_1_731' title='bbox 1012 5051 1304 5106; x_wconf 87' lang='lat' dir='ltr'><strong>innocentia</strong></span> <span class='ocrx_word' id='word_1_732' title='bbox 1335 5049 1452 5104; x_wconf 90' lang='lat' dir='ltr'><strong>Dei.</strong></span> 
     </span>
    </p>
   </div>
   <div class='ocr_carea' id='block_1_100' title="bbox 257 5120 1793 5247">
    <p class='ocr_par' dir='ltr' id='par_1_100' title="bbox 257 5120 1793 5247">
     <span class='ocr_line' id='line_1_100' title="bbox 257 5120 1793 5247; baseline -0.004 -68"><span class='ocrx_word' id='word_1_733' title='bbox 257 5126 289 5164; x_wconf 66' lang='grc' dir='ltr'>δ</span> <span class='ocrx_word' id='word_1_734' title='bbox 323 5123 479 5180; x_wconf 78' lang='lat' dir='ltr'><strong>[laud</strong></span> <span class='ocrx_word' id='word_1_735' title='bbox 495 5120 650 5192; x_wconf 78' lang='lat' dir='ltr'><strong>pauci</strong></span> <span class='ocrx_word' id='word_1_736' title='bbox 670 5120 801 5178; x_wconf 87' lang='lat' dir='ltr'><strong>mss.</strong></span> <span class='ocrx_word' id='word_1_737' title='bbox 820 5123 1061 5187; x_wconf 74' lang='lat' dir='ltr'><strong>vocibus,</strong></span> <span class='ocrx_word' id='word_1_738' title='bbox 1078 5124 1464 5247; x_wconf 56' lang='lat' dir='ltr'><strong>salutiJutura’,</strong></span> <span class='ocrx_word' id='word_1_739' title='bbox 1480 5120 1793 5176; x_wconf 80' lang='lat' dir='ltr'><strong>subtexunt:</strong></span> 
     </span>
     <span class='ocr_line' id='line_1_101' title="bbox 257 5191 1793 5247; baseline 0 0"><span class='ocrx_word' id='word_1_740' title='bbox 257 5211 326 5247; x_wconf 63' lang='lat' dir='ltr'><strong>im</strong></span> <span class='ocrx_word' id='word_1_741' title='bbox 357 5191 654 5247; x_wconf 62' lang='lat' dir='ltr'><strong>baptizatur</strong></span> <span class='ocrx_word' id='word_1_742' title='bbox 679 5208 800 5247; x_wconf 80' lang='lat' dir='ltr'><strong>eruo</strong></span> <span class='ocrx_word' id='word_1_743' title='bbox 821 5195 1166 5247; x_wconf 81' lang='lat' dir='ltr'><strong>unusmtlsaue</strong></span> <span class='ocrx_word' id='word_1_744' title='bbox 1195 5197 1249 5246; x_wconf 41' lang='lat' dir='ltr'><strong>a‘</strong></span> <span class='ocrx_word' id='word_1_745' title='bbox 1298 5194 1497 5247; x_wconf 81' lang='lat' dir='ltr'><strong>veniam</strong></span> <span class='ocrx_word' id='word_1_746' title='bbox 1552 5193 1793 5247; x_wconf 67' lang='lat' dir='ltr'><strong>pertinet.</strong></span> 
     </span>
    </p>
   </div>
   <div class='ocr_carea' id='block_1_101' title="bbox 179 5191 1794 5266">
    <p class='ocr_par' dir='ltr' id='par_1_101' title="bbox 179 5191 1794 5266">
     <span class='ocr_line' id='line_1_102' title="bbox 179 5191 1794 5266; baseline -0.007 -11"><span class='ocrx_word' id='word_1_747' title='bbox 179 5199 326 5255; x_wconf 84' lang='lat' dir='ltr'><strong>Cum</strong></span> <span class='ocrx_word' id='word_1_748' title='bbox 357 5191 654 5265; x_wconf 72' lang='lat' dir='ltr'><strong>baptizatur</strong></span> <span class='ocrx_word' id='word_1_749' title='bbox 679 5208 800 5266; x_wconf 85' lang='lat' dir='ltr'><strong>ergo</strong></span> <span class='ocrx_word' id='word_1_750' title='bbox 821 5195 1166 5266; x_wconf 84' lang='lat' dir='ltr'><strong>unusquisque</strong></span> <span class='ocrx_word' id='word_1_751' title='bbox 1195 5191 1263 5247; x_wconf 85' lang='lat' dir='ltr'><strong>ad</strong></span> <span class='ocrx_word' id='word_1_752' title='bbox 1298 5194 1497 5266; x_wconf 74' lang='lat' dir='ltr'><strong>veniam</strong></span> <span class='ocrx_word' id='word_1_753' title='bbox 1552 5193 1794 5266; x_wconf 79' lang='lat' dir='ltr'><strong>pertinet,</strong></span> 
     </span>
    </p>
   </div>
   <div class='ocr_carea' id='block_1_102' title="bbox 179 5263 1797 5335">
    <p class='ocr_par' dir='ltr' id='par_1_102' title="bbox 179 5263 1797 5335">
     <span class='ocr_line' id='line_1_103' title="bbox 179 5263 1797 5335; baseline -0.006 -8"><span class='ocrx_word' id='word_1_754' title='bbox 179 5283 295 5327; x_wconf 83' lang='lat' dir='ltr'><strong>nan</strong></span> <span class='ocrx_word' id='word_1_755' title='bbox 324 5267 399 5321; x_wconf 88' lang='lat' dir='ltr'><strong>ad</strong></span> <span class='ocrx_word' id='word_1_756' title='bbox 427 5263 695 5332; x_wconf 80' lang='lat' dir='ltr'><strong>coronam;</strong></span> <span class='ocrx_word' id='word_1_757' title='bbox 720 5263 776 5319; x_wconf 76' lang='lat' dir='ltr'><strong>rit</strong></span> <span class='ocrx_word' id='word_1_758' title='bbox 809 5263 982 5335; x_wconf 81' lang='lat' dir='ltr'><strong>postea</strong></span> <span class='ocrx_word' id='word_1_759' title='bbox 1002 5267 1057 5320; x_wconf 86' lang='lat' dir='ltr'><strong>in</strong></span> <span class='ocrx_word' id='word_1_760' title='bbox 1084 5263 1329 5319; x_wconf 81' lang='lat' dir='ltr'><strong>novitate</strong></span> <span class='ocrx_word' id='word_1_761' title='bbox 1349 5265 1466 5320; x_wconf 63' lang='lat' dir='ltr'><strong>vita?</strong></span> <span class='ocrx_word' id='word_1_762' title='bbox 1498 5263 1797 5324; x_wconf 84' lang='lat' dir='ltr'><strong>ambulans.</strong></span> 
     </span>
    </p>
   </div>
   <div class='ocr_carea' id='block_1_103' title="bbox 177 5335 1798 5405">
    <p class='ocr_par' dir='ltr' id='par_1_103' title="bbox 177 5335 1798 5405">
     <span class='ocr_line' id='line_1_104' title="bbox 177 5335 1798 5405; baseline -0.006 -8"><span class='ocrx_word' id='word_1_763' title='bbox 177 5343 401 5397; x_wconf 74' lang='lat' dir='ltr'><strong>vicinus</strong></span> <span class='ocrx_word' id='word_1_764' title='bbox 434 5339 500 5394; x_wconf 90' lang='lat' dir='ltr'><strong>sit</strong></span> <span class='ocrx_word' id='word_1_765' title='bbox 537 5339 652 5394; x_wconf 75' lang='lat' dir='ltr'><strong>vita:</strong></span> <span class='ocrx_word' id='word_1_766' title='bbox 694 5347 918 5393; x_wconf 71' lang='lat' dir='ltr'><strong>azternaz.</strong></span> <span class='ocrx_word' id='word_1_767' title='bbox 958 5336 1188 5405; x_wconf 88' lang='lat' dir='ltr'><strong>Quidam</strong></span> <span class='ocrx_word' id='word_1_768' title='bbox 1216 5335 1380 5392; x_wconf 84' lang='lat' dir='ltr'><strong>etiam</strong></span> <span class='ocrx_word' id='word_1_769' title='bbox 1408 5335 1651 5402; x_wconf 86' lang='lat' dir='ltr'><strong>addunt,</strong></span> <span class='ocrx_word' id='word_1_770' title='bbox 1681 5351 1798 5389; x_wconf 91' lang='lat' dir='ltr'><strong>nam</strong></span> 
     </span>
    </p>
   </div>
   <div class='ocr_carea' id='block_1_104' title="bbox 177 5410 1802 5552">
    <p class='ocr_par' dir='ltr' id='par_1_104' title="bbox 177 5410 1802 5552">
     <span class='ocr_line' id='line_1_105' title="bbox 177 5410 536 5486; baseline -0.019 -16"><span class='ocrx_word' id='word_1_771' title='bbox 177 5410 536 5486; x_wconf 74' lang='lat' dir='ltr'><strong>signiﬁcavit.</strong></span> 
     </span>
     <span class='ocr_line' id='line_1_106' title="bbox 264 5475 1802 5552; baseline -0.006 -13"><span class='ocrx_word' id='word_1_772' title='bbox 264 5495 290 5524; x_wconf 74' lang='grc' dir='ltr'><strong>ε</strong></span> <span class='ocrx_word' id='word_1_773' title='bbox 327 5481 596 5538; x_wconf 82' lang='lat' dir='ltr'><strong>Nonnulli</strong></span> <span class='ocrx_word' id='word_1_774' title='bbox 620 5494 778 5548; x_wconf 81' lang='lat' dir='ltr'><strong>mss.,</strong></span> <span class='ocrx_word' id='word_1_775' title='bbox 811 5481 1272 5552; x_wconf 79' lang='lat' dir='ltr'><strong>apprOpinquass&#39;e.</strong></span> <span class='ocrx_word' id='word_1_776' title='bbox 1297 5479 1354 5535; x_wconf 90' lang='lat' dir='ltr'><strong>id</strong></span> <span class='ocrx_word' id='word_1_777' title='bbox 1382 5485 1459 5535; x_wconf 80' lang='lat' dir='ltr'><strong>est</strong></span> <span class='ocrx_word' id='word_1_778' title='bbox 1488 5475 1664 5535; x_wconf 71' lang='lat' dir='ltr'><strong>Solem</strong></span> <span class='ocrx_word' id='word_1_779' title='bbox 1681 5477 1802 5548; x_wconf 82' lang='lat' dir='ltr'><strong>jus-</strong></span> 
     </span>
    </p>
   </div>
   <div class='ocr_carea' id='block_1_105' title="bbox 180 5553 696 5628">
    <p class='ocr_par' dir='ltr' id='par_1_105' title="bbox 180 5553 696 5628">
     <span class='ocr_line' id='line_1_107' title="bbox 180 5553 696 5628; baseline -0.008 -17"><span class='ocrx_word' id='word_1_780' title='bbox 180 5557 349 5628; x_wconf 56' lang='lat' dir='ltr'><strong>tititz,</strong></span> <span class='ocrx_word' id='word_1_781' title='bbox 385 5553 559 5628; x_wconf 73' lang='lat' dir='ltr'><strong>cujus,</strong></span> <span class='ocrx_word' id='word_1_782' title='bbox 590 5561 696 5628; x_wconf 66' lang='lat' dir='ltr'><strong>etc.</strong></span> 
     </span>
    </p>
   </div>
   <div class='ocr_carea' id='block_1_106' title="bbox 259 5622 1798 5690">
    <p class='ocr_par' dir='ltr' id='par_1_106' title="bbox 259 5622 1798 5690">
     <span class='ocr_line' id='line_1_108' title="bbox 259 5622 1798 5690; baseline -0.005 -8"><span class='ocrx_word' id='word_1_783' title='bbox 259 5622 296 5664; x_wconf 69' lang='grc'><strong>(⁸</strong></span> <span class='ocrx_word' id='word_1_784' title='bbox 331 5626 419 5682; x_wconf 77' lang='lat' dir='ltr'><strong>ita</strong></span> <span class='ocrx_word' id='word_1_785' title='bbox 445 5622 561 5681; x_wconf 72' lang='lat' dir='ltr'><strong>&#39;vet.</strong></span> <span class='ocrx_word' id='word_1_786' title='bbox 587 5623 698 5680; x_wconf 77' lang='lat' dir='ltr'><strong>edit</strong></span> <span class='ocrx_word' id='word_1_787' title='bbox 731 5632 785 5679; x_wconf 76' lang='lat' dir='ltr'><strong>et</strong></span> <span class='ocrx_word' id='word_1_788' title='bbox 819 5635 949 5680; x_wconf 79' lang='lat' dir='ltr'><strong>mss.</strong></span> <span class='ocrx_word' id='word_1_789' title='bbox 982 5623 1226 5679; x_wconf 81' lang='lat' dir='ltr'><strong>nonnulli</strong></span> <span class='ocrx_word' id='word_1_790' title='bbox 1247 5665 1260 5690; x_wconf 92' lang='lat'><strong>,</strong></span> <span class='ocrx_word' id='word_1_791' title='bbox 1285 5638 1313 5679; x_wconf 89' lang='lat' dir='ltr'><strong>a</strong></span> <span class='ocrx_word' id='word_1_792' title='bbox 1349 5623 1547 5690; x_wconf 84' lang='lat' dir='ltr'><strong>quibus</strong></span> <span class='ocrx_word' id='word_1_793' title='bbox 1575 5631 1682 5677; x_wconf 86' lang='lat' dir='ltr'><strong>non</strong></span> <span class='ocrx_word' id='word_1_794' title='bbox 1709 5634 1798 5690; x_wconf 89' lang='lat' dir='ltr'><strong>re-</strong></span> 
     </span>
    </p>
   </div>
   <div class='ocr_carea' id='block_1_107' title="bbox 181 5689 1797 5760">
    <p class='ocr_par' dir='ltr' id='par_1_107' title="bbox 181 5689 1797 5760">
     <span class='ocr_line' id='line_1_109' title="bbox 181 5689 1797 5760; baseline -0.006 -4"><span class='ocrx_word' id='word_1_795' title='bbox 181 5697 347 5756; x_wconf 81' lang='lat' dir='ltr'><strong>cedit</strong></span> <span class='ocrx_word' id='word_1_796' title='bbox 379 5697 545 5752; x_wconf 77' lang='lat' dir='ltr'><strong>Rom.</strong></span> <span class='ocrx_word' id='word_1_797' title='bbox 583 5693 712 5752; x_wconf 87' lang='lat' dir='ltr'><strong>edit.</strong></span> <span class='ocrx_word' id='word_1_798' title='bbox 752 5693 856 5750; x_wconf 88' lang='lat' dir='ltr'><strong>nisi</strong></span> <span class='ocrx_word' id='word_1_799' title='bbox 911 5690 1054 5760; x_wconf 80' lang='lat' dir='ltr'><strong>quod</strong></span> <span class='ocrx_word' id='word_1_800' title='bbox 1091 5689 1272 5760; x_wconf 76' lang='lat' dir='ltr'><strong>eﬂ&#39;ert,</strong></span> <span class='ocrx_word' id='word_1_801' title='bbox 1315 5689 1440 5750; x_wconf 62' lang='lat' dir='ltr'><strong>vitia</strong></span> <span class='ocrx_word' id='word_1_802' title='bbox 1465 5694 1652 5749; x_wconf 82' lang='lat' dir='ltr'><strong>carnis:</strong></span> <span class='ocrx_word' id='word_1_803' title='bbox 1703 5689 1797 5747; x_wconf 88' lang='lat' dir='ltr'><strong>alii</strong></span> 
     </span>
    </p>
   </div>
   <div class='ocr_carea' id='block_1_108' title="bbox 183 5763 1803 5837">
    <p class='ocr_par' dir='ltr' id='par_1_108' title="bbox 183 5763 1803 5837">
     <span class='ocr_line' id='line_1_110' title="bbox 183 5763 1803 5837; baseline -0.005 -10"><span class='ocrx_word' id='word_1_804' title='bbox 183 5782 390 5830; x_wconf 85' lang='lat' dir='ltr'><strong>autem</strong></span> <span class='ocrx_word' id='word_1_805' title='bbox 420 5783 556 5824; x_wconf 88' lang='lat' dir='ltr'><strong>mss.</strong></span> <span class='ocrx_word' id='word_1_806' title='bbox 588 5765 717 5823; x_wconf 85' lang='lat' dir='ltr'><strong>satis</strong></span> <span class='ocrx_word' id='word_1_807' title='bbox 742 5765 1072 5837; x_wconf 79' lang='lat' dir='ltr'><strong>frequentes,</strong></span> <span class='ocrx_word' id='word_1_808' title='bbox 1093 5768 1216 5822; x_wconf 84' lang='lat' dir='ltr'><strong>vitia</strong></span> <span class='ocrx_word' id='word_1_809' title='bbox 1245 5766 1496 5834; x_wconf 88' lang='lat' dir='ltr'><strong>carnalia,</strong></span> <span class='ocrx_word' id='word_1_810' title='bbox 1541 5780 1654 5834; x_wconf 77' lang='lat' dir='ltr'><strong>qua:</strong></span> <span class='ocrx_word' id='word_1_811' title='bbox 1683 5763 1803 5819; x_wconf 82' lang='lat' dir='ltr'><strong>ille-</strong></span> 
     </span>
    </p>
   </div>
   <div class='ocr_carea' id='block_1_109' title="bbox 1898 4623 3503 4696">
    <p class='ocr_par' dir='ltr' id='par_1_109' title="bbox 1898 4623 3503 4696">
     <span class='ocr_line' id='line_1_111' title="bbox 1898 4623 3503 4696; baseline 0.002 -16"><span class='ocrx_word' id='word_1_812' title='bbox 1898 4639 2014 4688; x_wconf 89' lang='lat' dir='ltr'><strong>eos,</strong></span> <span class='ocrx_word' id='word_1_813' title='bbox 2044 4639 2177 4696; x_wconf 89' lang='lat' dir='ltr'><strong>quas</strong></span> <span class='ocrx_word' id='word_1_814' title='bbox 2205 4623 2506 4694; x_wconf 80' lang='lat' dir='ltr'><strong>Apostolus</strong></span> <span class='ocrx_word' id='word_1_815' title='bbox 2527 4624 2836 4680; x_wconf 67' lang='lat' dir='ltr'><strong>concordia:</strong></span> <span class='ocrx_word' id='word_1_816' title='bbox 2863 4633 2917 4680; x_wconf 90' lang='lat' dir='ltr'><strong>et</strong></span> <span class='ocrx_word' id='word_1_817' title='bbox 2943 4625 3106 4681; x_wconf 87' lang='lat' dir='ltr'><strong>saluti</strong></span> <span class='ocrx_word' id='word_1_818' title='bbox 3141 4625 3393 4694; x_wconf 89' lang='lat' dir='ltr'><strong>studens,</strong></span> <span class='ocrx_word' id='word_1_819' title='bbox 3416 4625 3503 4682; x_wconf 88' lang='lat' dir='ltr'><strong>di-</strong></span> 
     </span>
    </p>
   </div>
   <div class='ocr_carea' id='block_1_110' title="bbox 1897 4717 3500 4792">
    <p class='ocr_par' dir='ltr' id='par_1_110' title="bbox 1897 4717 3500 4792">
     <span class='ocr_line' id='line_1_112' title="bbox 1897 4717 3500 4792; baseline 0.002 -19"><span class='ocrx_word' id='word_1_820' title='bbox 1897 4719 2020 4774; x_wconf 87' lang='lat' dir='ltr'><strong>vina</strong></span> <span class='ocrx_word' id='word_1_821' title='bbox 2052 4719 2419 4788; x_wconf 87' lang='lat' dir='ltr'><strong>disputatione</strong></span> <span class='ocrx_word' id='word_1_822' title='bbox 2439 4717 2614 4774; x_wconf 81' lang='lat' dir='ltr'><strong>aufert</strong></span> <span class='ocrx_word' id='word_1_823' title='bbox 2635 4719 2933 4776; x_wconf 86' lang='lat' dir='ltr'><strong>ostendens</strong></span> <span class='ocrx_word' id='word_1_824' title='bbox 2956 4735 3132 4792; x_wconf 88' lang='lat' dir='ltr'><strong>neque</strong></span> <span class='ocrx_word' id='word_1_825' title='bbox 3157 4721 3342 4778; x_wconf 86' lang='lat' dir='ltr'><strong>edenti</strong></span> <span class='ocrx_word' id='word_1_826' title='bbox 3373 4735 3500 4792; x_wconf 87' lang='lat' dir='ltr'><strong>pro—</strong></span> 
     </span>
    </p>
   </div>
   <div class='ocr_carea' id='block_1_111' title="bbox 1898 4811 3503 4885">
    <p class='ocr_par' dir='ltr' id='par_1_111' title="bbox 1898 4811 3503 4885">
     <span class='ocr_line' id='line_1_113' title="bbox 1898 4811 3503 4885; baseline -0.001 -14"><span class='ocrx_word' id='word_1_827' title='bbox 1898 4814 2060 4871; x_wconf 90' lang='lat' dir='ltr'><strong>desse</strong></span> <span class='ocrx_word' id='word_1_828' title='bbox 2091 4811 2231 4884; x_wconf 86' lang='lat' dir='ltr'><strong>apud</strong></span> <span class='ocrx_word' id='word_1_829' title='bbox 2267 4814 2463 4881; x_wconf 92' lang='lat' dir='ltr'><strong>Deum,</strong></span> <span class='ocrx_word' id='word_1_830' title='bbox 2508 4829 2684 4885; x_wconf 91' lang='lat' dir='ltr'><strong>neqttc</strong></span> <span class='ocrx_word' id='word_1_831' title='bbox 2716 4829 2822 4868; x_wconf 91' lang='lat' dir='ltr'><strong>non</strong></span> <span class='ocrx_word' id='word_1_832' title='bbox 2866 4813 3051 4870; x_wconf 88' lang='lat' dir='ltr'><strong>edenti</strong></span> <span class='ocrx_word' id='word_1_833' title='bbox 3081 4815 3300 4870; x_wconf 88' lang='lat' dir='ltr'><strong>obesse.</strong></span> <span class='ocrx_word' id='word_1_834' title='bbox 3343 4812 3503 4870; x_wconf 77' lang='lat' dir='ltr'><strong>Inﬁr-</strong></span> 
     </span>
    </p>
   </div>
   <div class='ocr_carea' id='block_1_112' title="bbox 1901 4903 3512 4980">
    <p class='ocr_par' dir='ltr' id='par_1_112' title="bbox 1901 4903 3512 4980">
     <span class='ocr_line' id='line_1_114' title="bbox 1901 4903 3512 4980; baseline -0.001 -14"><span class='ocrx_word' id='word_1_835' title='bbox 1901 4925 2050 4966; x_wconf 91' lang='lat' dir='ltr'><strong>mum</strong></span> <span class='ocrx_word' id='word_1_836' title='bbox 2077 4921 2204 4964; x_wconf 88' lang='lat' dir='ltr'><strong>esse</strong></span> <span class='ocrx_word' id='word_1_837' title='bbox 2230 4903 2384 4974; x_wconf 86' lang='lat' dir='ltr'><strong>dicit,</strong></span> <span class='ocrx_word' id='word_1_838' title='bbox 2418 4906 2508 4979; x_wconf 85' lang='lat' dir='ltr'><strong>qui</strong></span> <span class='ocrx_word' id='word_1_839' title='bbox 2541 4917 2836 4979; x_wconf 72' lang='lat' dir='ltr'><strong>promeres</strong></span> <span class='ocrx_word' id='word_1_840' title='bbox 2873 4908 3020 4980; x_wconf 88' lang='lat' dir='ltr'><strong>quod</strong></span> <span class='ocrx_word' id='word_1_841' title='bbox 3049 4908 3222 4965; x_wconf 56' lang='lat' dir='ltr'><strong>Judaei</strong></span> <span class='ocrx_word' id='word_1_842' title='bbox 3249 4907 3512 4980; x_wconf 85' lang='lat' dir='ltr'><strong>prohibiti</strong></span> 
     </span>
    </p>
   </div>
   <div class='ocr_carea' id='block_1_113' title="bbox 1901 5043 3395 5116">
    <p class='ocr_par' dir='ltr' id='par_1_113' title="bbox 1901 5043 3395 5116">
     <span class='ocr_line' id='line_1_115' title="bbox 1901 5043 3395 5116; baseline -0.004 -16"><span class='ocrx_word' id='word_1_843' title='bbox 1901 5045 2066 5101; x_wconf 88' lang='lat' dir='ltr'><strong>cebris</strong></span> <span class='ocrx_word' id='word_1_844' title='bbox 2098 5053 2260 5115; x_wconf 85' lang='lat' dir='ltr'><strong>agunt</strong></span> <span class='ocrx_word' id='word_1_845' title='bbox 2289 5044 2648 5109; x_wconf 74' lang='lat' dir='ltr'><strong>swcularibus,</strong></span> <span class='ocrx_word' id='word_1_846' title='bbox 2680 5045 2790 5099; x_wconf 74' lang='lat' dir='ltr'><strong>[nec</strong></span> <span class='ocrx_word' id='word_1_847' title='bbox 2823 5045 3045 5098; x_wconf 83' lang='lat' dir='ltr'><strong>tenebris</strong></span> <span class='ocrx_word' id='word_1_848' title='bbox 3071 5043 3231 5116; x_wconf 87' lang='lat' dir='ltr'><strong>digna</strong></span> <span class='ocrx_word' id='word_1_849' title='bbox 3258 5052 3395 5097; x_wconf 87' lang='lat' dir='ltr'><strong>sunt.</strong></span> 
     </span>
    </p>
   </div>
   <div class='ocr_carea' id='block_1_114' title="bbox 1977 5115 3158 5188">
    <p class='ocr_par' dir='ltr' id='par_1_114' title="bbox 1977 5115 3158 5188">
     <span class='ocr_line' id='line_1_116' title="bbox 1977 5115 3158 5188; baseline 0.001 -19"><span class='ocrx_word' id='word_1_850' title='bbox 1977 5127 2000 5188; x_wconf 63' lang='grc' dir='ltr'><strong>ξ·</strong></span> <span class='ocrx_word' id='word_1_851' title='bbox 2025 5117 2183 5188; x_wconf 75' lang='lat' dir='ltr'><strong>Rom.</strong></span> <span class='ocrx_word' id='word_1_852' title='bbox 2213 5117 2376 5188; x_wconf 69' lang='lat' dir='ltr'><strong>edit.,</strong></span> <span class='ocrx_word' id='word_1_853' title='bbox 2399 5115 2509 5170; x_wconf 88' lang='lat' dir='ltr'><strong>illic</strong></span> <span class='ocrx_word' id='word_1_854' title='bbox 2535 5125 2841 5186; x_wconf 87' lang='lat' dir='ltr'><strong>congeratur</strong></span> <span class='ocrx_word' id='word_1_855' title='bbox 2861 5117 3012 5188; x_wconf 85' lang='lat' dir='ltr'><strong>copia</strong></span> <span class='ocrx_word' id='word_1_856' title='bbox 3031 5115 3158 5188; x_wconf 81' lang='lat' dir='ltr'><strong>vini.</strong></span> 
     </span>
    </p>
   </div>
   <div class='ocr_carea' id='block_1_115' title="bbox 1979 5185 3506 5271">
    <p class='ocr_par' dir='ltr' id='par_1_115' title="bbox 1979 5185 3506 5271">
     <span class='ocr_line' id='line_1_117' title="bbox 1979 5185 3506 5271; baseline -0.002 -28"><span class='ocrx_word' id='word_1_857' title='bbox 1979 5185 2000 5271; x_wconf 63' lang='grc' dir='ltr'><em>ξ</em></span> <span class='ocrx_word' id='word_1_858' title='bbox 2045 5187 2293 5271; x_wconf 48' lang='lat' dir='ltr'><strong>Amerbz,</strong></span> <span class='ocrx_word' id='word_1_859' title='bbox 2326 5187 2575 5271; x_wconf 37' lang='lat' dir='ltr'><strong>Eminet</strong></span> <span class='ocrx_word' id='word_1_860' title='bbox 2607 5185 2738 5271; x_wconf 70' lang='lat' dir='ltr'><strong>mss.</strong></span> <span class='ocrx_word' id='word_1_861' title='bbox 2775 5202 2883 5242; x_wconf 91' lang='lat' dir='ltr'><strong>non</strong></span> <span class='ocrx_word' id='word_1_862' title='bbox 2919 5185 3097 5271; x_wconf 43' lang='lat' dir='ltr'><strong>.pauci</strong></span> <span class='ocrx_word' id='word_1_863' title='bbox 3126 5227 3144 5251; x_wconf 91' lang='lat'><strong>,</strong></span> <span class='ocrx_word' id='word_1_864' title='bbox 3199 5185 3293 5271; x_wconf 56' lang='lat' dir='ltr'><strong>liae</strong></span> <span class='ocrx_word' id='word_1_865' title='bbox 3344 5200 3506 5257; x_wconf 80' lang='lat' dir='ltr'><strong>genus</strong></span> 
     </span>
    </p>
   </div>
   <div class='ocr_carea' id='block_1_116' title="bbox 1902 5253 3504 5338">
    <p class='ocr_par' dir='ltr' id='par_1_116' title="bbox 1902 5253 3504 5338">
     <span class='ocr_line' id='line_1_118' title="bbox 1902 5253 3504 5338; baseline -0.001 -25"><span class='ocrx_word' id='word_1_866' title='bbox 1902 5261 2060 5338; x_wconf 71' lang='lat' dir='ltr'><strong>hujus</strong></span> <span class='ocrx_word' id='word_1_867' title='bbox 2086 5253 2549 5338; x_wconf 61' lang='lat' dir='ltr'><strong>_lascivitatis;Gi_Il.</strong></span> <span class='ocrx_word' id='word_1_868' title='bbox 2583 5267 2648 5338; x_wconf 70' lang='lat' dir='ltr'><strong>et</strong></span> <span class='ocrx_word' id='word_1_869' title='bbox 2677 5259 2834 5338; x_wconf 51' lang='lat' dir='ltr'><strong>item.</strong></span> <span class='ocrx_word' id='word_1_870' title='bbox 2866 5253 3000 5338; x_wconf 72' lang='lat' dir='ltr'><strong>edit.</strong></span> <span class='ocrx_word' id='word_1_871' title='bbox 3031 5271 3155 5338; x_wconf 77' lang='lat' dir='ltr'><strong>cum</strong></span> <span class='ocrx_word' id='word_1_872' title='bbox 3183 5253 3303 5311; x_wconf 84' lang='lat' dir='ltr'><strong>aliis</strong></span> <span class='ocrx_word' id='word_1_873' title='bbox 3344 5253 3504 5325; x_wconf 80' lang='lat' dir='ltr'><strong>inss.,</strong></span> 
     </span>
    </p>
   </div>
   <div class='ocr_carea' id='block_1_117' title="bbox 1903 5327 3217 5404">
    <p class='ocr_par' dir='ltr' id='par_1_117' title="bbox 1903 5327 3217 5404">
     <span class='ocr_line' id='line_1_119' title="bbox 1903 5327 3217 5404; baseline -0.004 -18"><span class='ocrx_word' id='word_1_874' title='bbox 1903 5327 1986 5386; x_wconf 66' lang='lat' dir='ltr'><strong>hic</strong></span> <span class='ocrx_word' id='word_1_875' title='bbox 2014 5333 2148 5404; x_wconf 71' lang='lat' dir='ltr'><strong>enim</strong></span> <span class='ocrx_word' id='word_1_876' title='bbox 2178 5330 2337 5404; x_wconf 78' lang='lat' dir='ltr'><strong>hujus</strong></span> <span class='ocrx_word' id='word_1_877' title='bbox 2369 5331 2705 5404; x_wconf 78' lang='lat' dir='ltr'><strong>lascivitatis;</strong></span> <span class='ocrx_word' id='word_1_878' title='bbox 2734 5329 2894 5385; x_wconf 79' lang='lat' dir='ltr'><strong>Rom.</strong></span> <span class='ocrx_word' id='word_1_879' title='bbox 2918 5327 3217 5404; x_wconf 75' lang='lat' dir='ltr'><strong>,_l_ttsriuia:.</strong></span> 
     </span>
    </p>
   </div>
   <div class='ocr_carea' id='block_1_118' title="bbox 1980 5399 3511 5473">
    <p class='ocr_par' dir='ltr' id='par_1_118' title="bbox 1980 5399 3511 5473">
     <span class='ocr_line' id='line_1_120' title="bbox 1980 5399 3511 5473; baseline 0.004 -22"><span class='ocrx_word' id='word_1_880' title='bbox 1980 5412 2005 5451; x_wconf 80' lang='grc' dir='ltr'><strong>ε</strong></span> <span class='ocrx_word' id='word_1_881' title='bbox 2035 5403 2114 5458; x_wconf 89' lang='lat' dir='ltr'><strong>Ita</strong></span> <span class='ocrx_word' id='word_1_882' title='bbox 2138 5399 2268 5455; x_wconf 62' lang='lat' dir='ltr'><strong>mss&#39;.</strong></span> <span class='ocrx_word' id='word_1_883' title='bbox 2290 5402 2470 5473; x_wconf 79' lang='lat' dir='ltr'><strong>plures</strong></span> <span class='ocrx_word' id='word_1_884' title='bbox 2502 5417 2565 5457; x_wconf 88' lang='lat' dir='ltr'><strong>ac</strong></span> <span class='ocrx_word' id='word_1_885' title='bbox 2599 5403 2874 5473; x_wconf 78' lang='lat' dir='ltr'><strong>potiores:</strong></span> <span class='ocrx_word' id='word_1_886' title='bbox 2906 5400 2996 5473; x_wconf 80' lang='lat' dir='ltr'><strong>alii</strong></span> <span class='ocrx_word' id='word_1_887' title='bbox 3040 5407 3330 5473; x_wconf 55' lang='lat' dir='ltr'><strong>autem,“</strong></span> <span class='ocrx_word' id='word_1_888' title='bbox 3348 5399 3511 5468; x_wconf 63' lang='lat' dir='ltr'><strong>edit.,‘</strong></span> 
     </span>
    </p>
   </div>
   <div class='ocr_carea' id='block_1_119' title="bbox 1909 5465 3509 5546">
    <p class='ocr_par' dir='ltr' id='par_1_119' title="bbox 1909 5465 3509 5546">
     <span class='ocr_line' id='line_1_121' title="bbox 1909 5465 3509 5546; baseline -0.001 -17"><span class='ocrx_word' id='word_1_889' title='bbox 1909 5491 1972 5529; x_wconf 91' lang='lat' dir='ltr'><strong>ne</strong></span> <span class='ocrx_word' id='word_1_890' title='bbox 1996 5475 2050 5528; x_wconf 81' lang='lat' dir='ltr'><strong>in</strong></span> <span class='ocrx_word' id='word_1_891' title='bbox 2068 5465 2612 5546; x_wconf 62' lang='lat' dir='ltr'><strong>contvivio&#39;nuptiarnni</strong></span> <span class='ocrx_word' id='word_1_892' title='bbox 2635 5489 2649 5538; x_wconf 88' lang='lat'><strong>;</strong></span> <span class='ocrx_word' id='word_1_893' title='bbox 2682 5471 2841 5526; x_wconf 81' lang='lat' dir='ltr'><strong>Rom.</strong></span> <span class='ocrx_word' id='word_1_894' title='bbox 2873 5470 3003 5546; x_wconf 77' lang='lat' dir='ltr'><strong>edit.</strong></span> <span class='ocrx_word' id='word_1_895' title='bbox 3025 5508 3039 5529; x_wconf 92' lang='lat'><em>.</em></span> <span class='ocrx_word' id='word_1_896' title='bbox 3069 5465 3349 5546; x_wconf 74' lang='lat' dir='ltr'><strong>caelestium</strong></span> <span class='ocrx_word' id='word_1_897' title='bbox 3373 5465 3509 5546; x_wconf 58' lang='lat' dir='ltr'><strong>nup-</strong></span> 
     </span>
    </p>
   </div>
   <div class='ocr_carea' id='block_1_120' title="bbox 1910 5536 3457 5627">
    <p class='ocr_par' dir='ltr' id='par_1_120' title="bbox 1910 5536 3457 5627">
     <span class='ocr_line' id='line_1_122' title="bbox 1910 5536 3457 5627; baseline -0.001 -26"><span class='ocrx_word' id='word_1_898' title='bbox 1910 5548 2118 5627; x_wconf 59' lang='lat' dir='ltr'><strong>narunt,</strong></span> <span class='ocrx_word' id='word_1_899' title='bbox 2143 5545 2252 5598; x_wconf 84' lang='lat' dir='ltr'><strong>sine</strong></span> <span class='ocrx_word' id='word_1_900' title='bbox 2273 5536 2403 5627; x_wconf 71' lang='lat' dir='ltr'><strong>reste</strong></span> <span class='ocrx_word' id='word_1_901' title='bbox 2425 5547 2535 5627; x_wconf 76' lang='lat' dir='ltr'><strong>ejus</strong></span> <span class='ocrx_word' id='word_1_902' title='bbox 2557 5536 3048 5627; x_wconf 44' lang='lat' dir='ltr'><strong>inuentusdurpiter</strong></span> <span class='ocrx_word' id='word_1_903' title='bbox 3073 5536 3323 5627; x_wconf 60' lang='lat' dir='ltr'><strong>fibjectus,</strong></span> <span class='ocrx_word' id='word_1_904' title='bbox 3351 5536 3457 5602; x_wconf 53' lang='lat' dir='ltr'><strong>etc:</strong></span> 
     </span>
    </p>
   </div>
   <div class='ocr_carea' id='block_1_121' title="bbox 1982 5609 3413 5680">
    <p class='ocr_par' dir='ltr' id='par_1_121' title="bbox 1982 5609 3413 5680">
     <span class='ocr_line' id='line_1_123' title="bbox 1982 5609 3413 5680; baseline -0.002 -7"><span class='ocrx_word' id='word_1_905' title='bbox 1982 5617 2006 5654; x_wconf 65' lang='grc' dir='ltr'>δ</span> <span class='ocrx_word' id='word_1_906' title='bbox 2038 5615 2222 5680; x_wconf 78' lang='lat' dir='ltr'><strong>Rom.,</strong></span> <span class='ocrx_word' id='word_1_907' title='bbox 2257 5615 2412 5680; x_wconf 84' lang='lat' dir='ltr'><strong>edit.,</strong></span> <span class='ocrx_word' id='word_1_908' title='bbox 2442 5609 2495 5668; x_wconf 84' lang='lat' dir='ltr'><strong>in</strong></span> <span class='ocrx_word' id='word_1_909' title='bbox 2523 5610 2882 5680; x_wconf 71' lang='lat' dir='ltr'><strong>novitatevitte</strong></span> <span class='ocrx_word' id='word_1_910' title='bbox 2911 5609 3286 5680; x_wconf 76' lang='lat' dir='ltr'><strong>ambulandum</strong></span> <span class='ocrx_word' id='word_1_911' title='bbox 3310 5609 3413 5674; x_wconf 79' lang='lat' dir='ltr'><strong>est.</strong></span> 
     </span>
    </p>
   </div>
   <div class='ocr_carea' id='block_1_122' title="bbox 1987 5677 3109 5751">
    <p class='ocr_par' dir='ltr' id='par_1_122' title="bbox 1987 5677 3109 5751">
     <span class='ocr_line' id='line_1_124' title="bbox 1987 5677 3109 5751; baseline -0.007 -7"><span class='ocrx_word' id='word_1_912' title='bbox 1987 5688 1998 5725; x_wconf 75' lang='grc' dir='ltr'><strong>ί</strong></span> <span class='ocrx_word' id='word_1_913' title='bbox 2041 5677 2238 5744; x_wconf 76' lang='lat' dir='ltr'><strong>Eadem</strong></span> <span class='ocrx_word' id='word_1_914' title='bbox 2258 5677 2415 5744; x_wconf 68' lang='lat' dir='ltr'><strong>Rom.</strong></span> <span class='ocrx_word' id='word_1_915' title='bbox 2446 5686 2602 5751; x_wconf 90' lang='lat' dir='ltr'><strong>edit.,</strong></span> <span class='ocrx_word' id='word_1_916' title='bbox 2629 5683 2697 5738; x_wconf 85' lang='lat' dir='ltr'><strong>ad</strong></span> <span class='ocrx_word' id='word_1_917' title='bbox 2718 5679 2871 5751; x_wconf 77' lang='lat' dir='ltr'><strong>ﬁdem</strong></span> <span class='ocrx_word' id='word_1_918' title='bbox 2896 5677 3109 5738; x_wconf 67' lang='lat' dir='ltr'><strong>Christi.</strong></span> 
     </span>
    </p>
   </div>
  </div>
