  <div class='ocr_page' id='page_1' title='image "/cluster/home/n/w/nwhite01/storage/ocr_20150623/17/hvd.32044015471329/089.png"; bbox 0 0 4082 6306; ppageno 0'>
   <div class='ocr_carea' id='block_1_1' title="bbox 658 214 3916 282">
    <p class='ocr_par' dir='ltr' id='par_1_1' title="bbox 658 214 3916 282">
     <span class='ocr_line' id='line_1_1' title="bbox 658 214 3916 282; baseline 0.002 -7"><span class='ocrx_word' id='word_1_1' title='bbox 658 217 764 276; x_wconf 72' lang='grc'><strong>167</strong></span> <span class='ocrx_word' id='word_1_2' title='bbox 1703 215 1797 275; x_wconf 79' lang='grc' dir='ltr'><strong>ΑΙ)</strong></span> <span class='ocrx_word' id='word_1_3' title='bbox 1835 216 2068 277; x_wconf 83' lang='lat' dir='ltr'><strong>OPERA</strong></span> <span class='ocrx_word' id='word_1_4' title='bbox 2112 215 2360 277; x_wconf 79' lang='lat' dir='ltr'><strong>SANCTI</strong></span> <span class='ocrx_word' id='word_1_5' title='bbox 2398 216 2724 280; x_wconf 78' lang='lat' dir='ltr'><strong>AMBROSII</strong></span> <span class='ocrx_word' id='word_1_6' title='bbox 2763 214 3129 281; x_wconf 78' lang='lat' dir='ltr'><strong>APPENDIX.</strong></span> <span class='ocrx_word' id='word_1_7' title='bbox 3845 224 3916 282; x_wconf 64' lang='lat'><strong>168</strong></span> 
     </span>
    </p>
   </div>
   <div class='ocr_carea' id='block_1_2' title="bbox 656 335 3918 411">
    <p class='ocr_par' dir='ltr' id='par_1_2' title="bbox 656 335 3918 411">
     <span class='ocr_line' id='line_1_2' title="bbox 656 335 3918 411; baseline 0.001 -17"><span class='ocrx_word' id='word_1_8' title='bbox 656 347 786 394; x_wconf 91' lang='lat' dir='ltr'><strong>sunt</strong></span> <span class='ocrx_word' id='word_1_9' title='bbox 812 382 825 403; x_wconf 91' lang='lat'><strong>,</strong></span> <span class='ocrx_word' id='word_1_10' title='bbox 859 337 1012 393; x_wconf 88' lang='lat' dir='ltr'><strong>timet</strong></span> <span class='ocrx_word' id='word_1_11' title='bbox 1042 335 1229 394; x_wconf 88' lang='lat' dir='ltr'><strong>edere.</strong></span> <span class='ocrx_word' id='word_1_12' title='bbox 1276 335 1431 392; x_wconf 80' lang='lat' dir='ltr'><strong>Hunc</strong></span> <span class='ocrx_word' id='word_1_13' title='bbox 1478 350 1613 408; x_wconf 92' lang='lat' dir='ltr'><strong>ergo</strong></span> <span class='ocrx_word' id='word_1_14' title='bbox 1645 337 1763 392; x_wconf 99' lang='lat' dir='ltr'><strong>vult</strong></span> <span class='ocrx_word' id='word_1_15' title='bbox 1800 337 2002 393; x_wconf 90' lang='lat' dir='ltr'><strong>remitti</strong></span> <span class='ocrx_word' id='word_1_16' title='bbox 2056 336 2260 408; x_wconf 91' lang='lat' dir='ltr'><strong>judicio</strong></span> <span class='ocrx_word' id='word_1_17' title='bbox 2287 349 2343 410; x_wconf 72' lang='grc' dir='ltr'><strong>Α</strong></span> <span class='ocrx_word' id='word_1_18' title='bbox 2365 338 2563 409; x_wconf 85' lang='lat' dir='ltr'><strong>gratias</strong></span> <span class='ocrx_word' id='word_1_19' title='bbox 2592 339 2702 410; x_wconf 86' lang='lat' dir='ltr'><strong>agit</strong></span> <span class='ocrx_word' id='word_1_20' title='bbox 2731 337 2860 394; x_wconf 85' lang='lat' dir='ltr'><strong>Deo.</strong></span> <span class='ocrx_word' id='word_1_21' title='bbox 2907 339 3121 397; x_wconf 77' lang='lat' dir='ltr'><strong>Gratias</strong></span> <span class='ocrx_word' id='word_1_22' title='bbox 3146 338 3289 411; x_wconf 91' lang='lat' dir='ltr'><strong>agit,</strong></span> <span class='ocrx_word' id='word_1_23' title='bbox 3320 338 3452 396; x_wconf 88' lang='lat' dir='ltr'><strong>dum</strong></span> <span class='ocrx_word' id='word_1_24' title='bbox 3494 337 3694 396; x_wconf 80' lang='lat' dir='ltr'><strong>fatetur</strong></span> <span class='ocrx_word' id='word_1_25' title='bbox 3722 337 3807 394; x_wconf 88' lang='lat' dir='ltr'><strong>Dei</strong></span> <span class='ocrx_word' id='word_1_26' title='bbox 3831 355 3918 398; x_wconf 70' lang='lat' dir='ltr'><strong>esse</strong></span> 
     </span>
    </p>
   </div>
   <div class='ocr_carea' id='block_1_3' title="bbox 653 429 3919 502">
    <p class='ocr_par' dir='ltr' id='par_1_3' title="bbox 653 429 3919 502">
     <span class='ocr_line' id='line_1_3' title="bbox 653 429 3919 502; baseline 0 -13"><span class='ocrx_word' id='word_1_27' title='bbox 653 447 778 499; x_wconf 85' lang='lat' dir='ltr'><strong>suo,</strong></span> <span class='ocrx_word' id='word_1_28' title='bbox 798 447 865 488; x_wconf 93' lang='lat' dir='ltr'><strong>ne</strong></span> <span class='ocrx_word' id='word_1_29' title='bbox 886 430 1201 487; x_wconf 83' lang='lat' dir='ltr'><strong>scandalum</strong></span> <span class='ocrx_word' id='word_1_30' title='bbox 1227 445 1487 502; x_wconf 77' lang='lat' dir='ltr'><strong>passus,a</strong></span> <span class='ocrx_word' id='word_1_31' title='bbox 1509 429 1797 499; x_wconf 86' lang='lat' dir='ltr'><strong>charitate,</strong></span> <span class='ocrx_word' id='word_1_32' title='bbox 1817 445 1939 502; x_wconf 69' lang='lat' dir='ltr'><strong>qua:</strong></span> <span class='ocrx_word' id='word_1_33' title='bbox 1967 435 2121 502; x_wconf 90' lang='lat' dir='ltr'><strong>quasi</strong></span> <span class='ocrx_word' id='word_1_34' title='bbox 2146 445 2258 485; x_wconf 82' lang='lat' dir='ltr'><strong>ma-</strong></span> <span class='ocrx_word' id='word_1_35' title='bbox 2363 443 2694 498; x_wconf 78' lang='lat' dir='ltr'><strong>creaturam,</strong></span> <span class='ocrx_word' id='word_1_36' title='bbox 2717 431 2746 471; x_wconf 69' lang='grc' dir='ltr'><strong>ι’</strong></span> <span class='ocrx_word' id='word_1_37' title='bbox 2772 442 2827 489; x_wconf 80' lang='lat' dir='ltr'><strong>et</strong></span> <span class='ocrx_word' id='word_1_38' title='bbox 2857 433 3054 489; x_wconf 90' lang='lat' dir='ltr'><strong>bonam</strong></span> <span class='ocrx_word' id='word_1_39' title='bbox 3094 444 3366 501; x_wconf 89' lang='lat' dir='ltr'><strong>creatam;</strong></span> <span class='ocrx_word' id='word_1_40' title='bbox 3401 433 3498 491; x_wconf 93' lang='lat' dir='ltr'><strong>sed</strong></span> <span class='ocrx_word' id='word_1_41' title='bbox 3528 449 3589 492; x_wconf 89' lang='lat' dir='ltr'><strong>se</strong></span> <span class='ocrx_word' id='word_1_42' title='bbox 3616 433 3919 490; x_wconf 80' lang='lat' dir='ltr'><strong>dissimulare</strong></span> 
     </span>
    </p>
   </div>
   <div class='ocr_carea' id='block_1_4' title="bbox 657 525 3096 596">
    <p class='ocr_par' dir='ltr' id='par_1_4' title="bbox 657 525 3096 596">
     <span class='ocr_line' id='line_1_4' title="bbox 657 525 3096 596; baseline 0.002 -14"><span class='ocrx_word' id='word_1_43' title='bbox 657 535 741 583; x_wconf 92' lang='lat' dir='ltr'><strong>ter</strong></span> <span class='ocrx_word' id='word_1_44' title='bbox 763 537 843 582; x_wconf 88' lang='lat' dir='ltr'><strong>est</strong></span> <span class='ocrx_word' id='word_1_45' title='bbox 869 526 1197 594; x_wconf 87' lang='lat' dir='ltr'><strong>animarum,</strong></span> <span class='ocrx_word' id='word_1_46' title='bbox 1213 525 1434 582; x_wconf 84' lang='lat' dir='ltr'><strong>recedat</strong></span> <span class='ocrx_word' id='word_1_47' title='bbox 1457 539 1579 580; x_wconf 90' lang='lat' dir='ltr'><strong>cum</strong></span> <span class='ocrx_word' id='word_1_48' title='bbox 1595 525 1794 580; x_wconf 92' lang='lat' dir='ltr'><strong>mentis</strong></span> <span class='ocrx_word' id='word_1_49' title='bbox 1817 525 2256 596; x_wconf 84' lang='lat' dir='ltr'><strong>perturbatione;</strong></span> <span class='ocrx_word' id='word_1_50' title='bbox 2361 527 2432 583; x_wconf 89' lang='lat' dir='ltr'><strong>ab</strong></span> <span class='ocrx_word' id='word_1_51' title='bbox 2459 543 2543 596; x_wconf 91' lang='lat' dir='ltr'><strong>ea,</strong></span> <span class='ocrx_word' id='word_1_52' title='bbox 2578 543 2683 583; x_wconf 93' lang='lat' dir='ltr'><strong>non</strong></span> <span class='ocrx_word' id='word_1_53' title='bbox 2710 528 3096 586; x_wconf 86' lang='lat' dir='ltr'><strong>condemnare.</strong></span> 
     </span>
    </p>
   </div>
   <div class='ocr_carea' id='block_1_5' title="bbox 654 621 3920 696">
    <p class='ocr_par' dir='ltr' id='par_1_5' title="bbox 654 621 3920 696">
     <span class='ocr_line' id='line_1_5' title="bbox 654 621 3920 696; baseline -0 -17"><span class='ocrx_word' id='word_1_54' title='bbox 654 638 780 679; x_wconf 88' lang='lat' dir='ltr'><strong>cum</strong></span> <span class='ocrx_word' id='word_1_55' title='bbox 809 622 1094 678; x_wconf 80' lang='lat' dir='ltr'><strong>christiani</strong></span> <span class='ocrx_word' id='word_1_56' title='bbox 1129 621 1340 692; x_wconf 81' lang='lat' dir='ltr'><strong>paciﬁci</strong></span> <span class='ocrx_word' id='word_1_57' title='bbox 1374 621 1613 676; x_wconf 83' lang='lat' dir='ltr'><strong>debeant</strong></span> <span class='ocrx_word' id='word_1_58' title='bbox 1637 635 1760 677; x_wconf 91' lang='lat' dir='ltr'><strong>esse</strong></span> <span class='ocrx_word' id='word_1_59' title='bbox 1784 630 1835 675; x_wconf 91' lang='lat' dir='ltr'><strong>et</strong></span> <span class='ocrx_word' id='word_1_60' title='bbox 1867 621 2057 691; x_wconf 91' lang='lat' dir='ltr'><strong>quieti.</strong></span> <span class='ocrx_word' id='word_1_61' title='bbox 2434 623 2616 696; x_wconf 88' lang='lat' dir='ltr'><strong>(Vers.</strong></span> <span class='ocrx_word' id='word_1_62' title='bbox 2651 621 2730 695; x_wconf 91' lang='lat'><strong>7.)</strong></span> <span class='ocrx_word' id='word_1_63' title='bbox 2773 623 2944 679; x_wconf 83' lang='lat' dir='ltr'><strong>Nemo</strong></span> <span class='ocrx_word' id='word_1_64' title='bbox 2971 625 3108 680; x_wconf 86' lang='lat' dir='ltr'><strong>enim</strong></span> <span class='ocrx_word' id='word_1_65' title='bbox 3144 633 3382 680; x_wconf 86' lang='lat' dir='ltr'><strong>nostrum</strong></span> <span class='ocrx_word' id='word_1_66' title='bbox 3431 624 3531 680; x_wconf 88' lang='lat' dir='ltr'><strong>sibi</strong></span> <span class='ocrx_word' id='word_1_67' title='bbox 3559 625 3708 691; x_wconf 76' lang='lat' dir='ltr'><strong>vicit,</strong></span> <span class='ocrx_word' id='word_1_68' title='bbox 3740 635 3784 680; x_wconf 89' lang='lat' dir='ltr'><strong>et</strong></span> <span class='ocrx_word' id='word_1_69' title='bbox 3810 641 3920 678; x_wconf 78' lang='lat' dir='ltr'><strong>nemo</strong></span> 
     </span>
    </p>
   </div>
   <div class='ocr_carea' id='block_1_6' title="bbox 725 715 3921 791">
    <p class='ocr_par' dir='ltr' id='par_1_6' title="bbox 725 715 3921 791">
     <span class='ocr_line' id='line_1_6' title="bbox 725 715 3921 791; baseline 0 -19"><span class='ocrx_word' id='word_1_70' title='bbox 725 717 912 791; x_wconf 76' lang='lat' dir='ltr'><strong>(Vers.</strong></span> <span class='ocrx_word' id='word_1_71' title='bbox 935 717 1020 791; x_wconf 75' lang='lat'><strong>2.)</strong></span> <span class='ocrx_word' id='word_1_72' title='bbox 1052 718 1202 773; x_wconf 82' lang='lat' dir='ltr'><strong>Atius</strong></span> <span class='ocrx_word' id='word_1_73' title='bbox 1233 719 1370 772; x_wconf 88' lang='lat' dir='ltr'><strong>enim</strong></span> <span class='ocrx_word' id='word_1_74' title='bbox 1400 717 1565 772; x_wconf 79' lang='lat' dir='ltr'><strong>credit</strong></span> <span class='ocrx_word' id='word_1_75' title='bbox 1588 716 1740 772; x_wconf 88' lang='lat' dir='ltr'><strong>edere</strong></span> <span class='ocrx_word' id='word_1_76' title='bbox 1765 717 1957 772; x_wconf 88' lang='lat' dir='ltr'><strong>omnia.</strong></span> <span class='ocrx_word' id='word_1_77' title='bbox 1992 716 2087 772; x_wconf 90' lang='lat' dir='ltr'><strong>llic</strong></span> <span class='ocrx_word' id='word_1_78' title='bbox 2117 715 2257 771; x_wconf 82' lang='lat' dir='ltr'><strong>ﬁdu-</strong></span> <span class='ocrx_word' id='word_1_79' title='bbox 2359 717 2456 773; x_wconf 88' lang='lat' dir='ltr'><strong>sibi</strong></span> <span class='ocrx_word' id='word_1_80' title='bbox 2485 720 2724 772; x_wconf 85' lang='lat' dir='ltr'><strong>moritur.</strong></span> <span class='ocrx_word' id='word_1_81' title='bbox 2755 718 2871 774; x_wconf 89' lang='lat' dir='ltr'><strong>Sibi</strong></span> <span class='ocrx_word' id='word_1_82' title='bbox 2899 719 3058 790; x_wconf 71' lang='lat'><strong>102</strong></span> <span class='ocrx_word' id='word_1_83' title='bbox 3086 719 3296 774; x_wconf 76' lang='lat' dir='ltr'><strong>viveret</strong></span> <span class='ocrx_word' id='word_1_84' title='bbox 3321 718 3543 789; x_wconf 88' lang='lat' dir='ltr'><strong>aliquis,</strong></span> <span class='ocrx_word' id='word_1_85' title='bbox 3563 719 3610 774; x_wconf 88' lang='lat' dir='ltr'><strong>si</strong></span> <span class='ocrx_word' id='word_1_86' title='bbox 3640 732 3748 772; x_wconf 88' lang='lat' dir='ltr'><strong>non</strong></span> <span class='ocrx_word' id='word_1_87' title='bbox 3777 728 3921 789; x_wconf 84' lang='lat' dir='ltr'><strong>ageret</strong></span> 
     </span>
    </p>
   </div>
   <div class='ocr_carea' id='block_1_7' title="bbox 652 808 3919 884">
    <p class='ocr_par' dir='ltr' id='par_1_7' title="bbox 652 808 3919 884">
     <span class='ocr_line' id='line_1_7' title="bbox 652 808 3919 884; baseline -0.001 -16"><span class='ocrx_word' id='word_1_88' title='bbox 652 813 735 868; x_wconf 88' lang='lat' dir='ltr'><strong>cia</strong></span> <span class='ocrx_word' id='word_1_89' title='bbox 764 813 1020 868; x_wconf 87' lang='lat' dir='ltr'><strong>lectionis</strong></span> <span class='ocrx_word' id='word_1_90' title='bbox 1069 828 1176 867; x_wconf 91' lang='lat' dir='ltr'><strong>non</strong></span> <span class='ocrx_word' id='word_1_91' title='bbox 1205 811 1421 867; x_wconf 89' lang='lat' dir='ltr'><strong>dubitat</strong></span> <span class='ocrx_word' id='word_1_92' title='bbox 1467 812 1650 866; x_wconf 90' lang='lat' dir='ltr'><strong>omnia</strong></span> <span class='ocrx_word' id='word_1_93' title='bbox 1695 810 1939 878; x_wconf 90' lang='lat' dir='ltr'><strong>edenda,</strong></span> <span class='ocrx_word' id='word_1_94' title='bbox 1984 823 2108 881; x_wconf 86' lang='lat' dir='ltr'><strong>quae</strong></span> <span class='ocrx_word' id='word_1_95' title='bbox 2135 808 2257 864; x_wconf 90' lang='lat' dir='ltr'><strong>data</strong></span> <span class='ocrx_word' id='word_1_96' title='bbox 2361 811 2464 868; x_wconf 90' lang='lat' dir='ltr'><strong>sub</strong></span> <span class='ocrx_word' id='word_1_97' title='bbox 2502 811 2646 883; x_wconf 84' lang='lat' dir='ltr'><strong>Lege</strong></span> <span class='ocrx_word' id='word_1_98' title='bbox 2676 830 2688 866; x_wconf 92' lang='lat'><strong>:</strong></span> <span class='ocrx_word' id='word_1_99' title='bbox 2723 822 2776 866; x_wconf 91' lang='lat' dir='ltr'><strong>at</strong></span> <span class='ocrx_word' id='word_1_100' title='bbox 2818 813 2910 884; x_wconf 89' lang='lat' dir='ltr'><strong>qui</strong></span> <span class='ocrx_word' id='word_1_101' title='bbox 2943 812 3098 868; x_wconf 81' lang='lat' dir='ltr'><strong>freno</strong></span> <span class='ocrx_word' id='word_1_102' title='bbox 3145 811 3303 884; x_wconf 86' lang='lat' dir='ltr'><strong>Legis</strong></span> <span class='ocrx_word' id='word_1_103' title='bbox 3329 811 3692 883; x_wconf 74' lang='lat' dir='ltr'><strong>gubernatur,</strong></span> <span class='ocrx_word' id='word_1_104' title='bbox 3724 826 3820 866; x_wconf 87' lang='lat' dir='ltr'><strong>non</strong></span> <span class='ocrx_word' id='word_1_105' title='bbox 3846 810 3919 865; x_wconf 86' lang='lat' dir='ltr'><strong>sibi</strong></span> 
     </span>
    </p>
   </div>
   <div class='ocr_carea' id='block_1_8' title="bbox 651 902 3917 977">
    <p class='ocr_par' dir='ltr' id='par_1_8' title="bbox 651 902 3917 977">
     <span class='ocr_line' id='line_1_8' title="bbox 651 902 3917 977; baseline -0.001 -14"><span class='ocrx_word' id='word_1_106' title='bbox 651 918 781 963; x_wconf 90' lang='lat' dir='ltr'><strong>sunt</strong></span> <span class='ocrx_word' id='word_1_107' title='bbox 809 904 1064 962; x_wconf 85' lang='lat' dir='ltr'><strong>humanis</strong></span> <span class='ocrx_word' id='word_1_108' title='bbox 1115 904 1322 960; x_wconf 88' lang='lat' dir='ltr'><strong>usibus.</strong></span> <span class='ocrx_word' id='word_1_109' title='bbox 1354 904 1510 976; x_wconf 83' lang='lat' dir='ltr'><strong>Legit</strong></span> <span class='ocrx_word' id='word_1_110' title='bbox 1533 903 1678 960; x_wconf 93' lang='lat' dir='ltr'><strong>enim</strong></span> <span class='ocrx_word' id='word_1_111' title='bbox 1728 903 1782 958; x_wconf 92' lang='lat' dir='ltr'><strong>in</strong></span> <span class='ocrx_word' id='word_1_112' title='bbox 1830 902 2030 959; x_wconf 88' lang='lat' dir='ltr'><strong>Genesi</strong></span> <span class='ocrx_word' id='word_1_113' title='bbox 2076 902 2256 958; x_wconf 88' lang='lat' dir='ltr'><strong>omnia</strong></span> <span class='ocrx_word' id='word_1_114' title='bbox 2362 906 2548 974; x_wconf 88' lang='lat' dir='ltr'><strong>utique</strong></span> <span class='ocrx_word' id='word_1_115' title='bbox 2585 905 2744 971; x_wconf 84' lang='lat' dir='ltr'><strong>vivit,</strong></span> <span class='ocrx_word' id='word_1_116' title='bbox 2769 906 2864 961; x_wconf 89' lang='lat' dir='ltr'><strong>sed</strong></span> <span class='ocrx_word' id='word_1_117' title='bbox 2895 905 3005 962; x_wconf 91' lang='lat' dir='ltr'><strong>Deo</strong></span> <span class='ocrx_word' id='word_1_118' title='bbox 3036 907 3124 977; x_wconf 90' lang='lat' dir='ltr'><strong>qui</strong></span> <span class='ocrx_word' id='word_1_119' title='bbox 3152 906 3350 976; x_wconf 85' lang='lat' dir='ltr'><strong>Legem</strong></span> <span class='ocrx_word' id='word_1_120' title='bbox 3377 905 3552 974; x_wconf 91' lang='lat' dir='ltr'><strong>dedit,</strong></span> <span class='ocrx_word' id='word_1_121' title='bbox 3577 914 3636 960; x_wconf 92' lang='lat' dir='ltr'><strong>ut</strong></span> <span class='ocrx_word' id='word_1_122' title='bbox 3662 903 3917 960; x_wconf 85' lang='lat' dir='ltr'><strong>secundum</strong></span> 
     </span>
    </p>
   </div>
   <div class='ocr_carea' id='block_1_9' title="bbox 652 996 3920 1076">
    <p class='ocr_par' dir='ltr' id='par_1_9' title="bbox 652 996 3920 1076">
     <span class='ocr_line' id='line_1_9' title="bbox 652 996 3920 1076; baseline 0 -24"><span class='ocrx_word' id='word_1_123' title='bbox 652 997 796 1054; x_wconf 88' lang='lat' dir='ltr'><strong>bona</strong></span> <span class='ocrx_word' id='word_1_124' title='bbox 826 997 989 1053; x_wconf 89' lang='lat' dir='ltr'><strong>valde</strong></span> <span class='ocrx_word' id='word_1_125' title='bbox 1015 1013 1140 1054; x_wconf 90' lang='lat' dir='ltr'><strong>esse</strong></span> <span class='ocrx_word' id='word_1_126' title='bbox 1162 996 1318 1067; x_wconf 85' lang='lat' dir='ltr'><strong>(Gen.</strong></span> <span class='ocrx_word' id='word_1_127' title='bbox 1347 1013 1386 1063; x_wconf 84' lang='grc' dir='ltr'><strong>ι,</strong></span> <span class='ocrx_word' id='word_1_128' title='bbox 1416 997 1530 1069; x_wconf 77' lang='lat' dir='ltr'><strong>5t),</strong></span> <span class='ocrx_word' id='word_1_129' title='bbox 1555 1013 1675 1069; x_wconf 70' lang='lat' dir='ltr'><strong>qua:</strong></span> <span class='ocrx_word' id='word_1_130' title='bbox 1703 997 1910 1053; x_wconf 69' lang='lat' dir='ltr'><strong>creavit</strong></span> <span class='ocrx_word' id='word_1_131' title='bbox 1946 997 2114 1062; x_wconf 78' lang='lat' dir='ltr'><strong>Deus;</strong></span> <span class='ocrx_word' id='word_1_132' title='bbox 2136 997 2259 1052; x_wconf 78' lang='lat' dir='ltr'><strong>ideo</strong></span> <span class='ocrx_word' id='word_1_133' title='bbox 2359 1004 2699 1060; x_wconf 83' lang='lat' dir='ltr'><strong>voluntatem</strong></span> <span class='ocrx_word' id='word_1_134' title='bbox 2731 1004 2852 1076; x_wconf 86' lang='lat' dir='ltr'><strong>ejus</strong></span> <span class='ocrx_word' id='word_1_135' title='bbox 2882 1005 3046 1060; x_wconf 87' lang='lat' dir='ltr'><strong>vivat.</strong></span> <span class='ocrx_word' id='word_1_136' title='bbox 3092 1004 3160 1059; x_wconf 88' lang='lat' dir='ltr'><strong>Et</strong></span> <span class='ocrx_word' id='word_1_137' title='bbox 3189 1004 3278 1075; x_wconf 92' lang='lat' dir='ltr'><strong>qui</strong></span> <span class='ocrx_word' id='word_1_138' title='bbox 3309 1003 3564 1070; x_wconf 90' lang='lat' dir='ltr'><strong>moritur,</strong></span> <span class='ocrx_word' id='word_1_139' title='bbox 3611 1001 3775 1057; x_wconf 87' lang='lat' dir='ltr'><strong>simili</strong></span> <span class='ocrx_word' id='word_1_140' title='bbox 3797 1001 3920 1054; x_wconf 84' lang='lat' dir='ltr'><strong>modo</strong></span> 
     </span>
    </p>
   </div>
   <div class='ocr_carea' id='block_1_10' title="bbox 654 1091 3920 1170">
    <p class='ocr_par' dir='ltr' id='par_1_10' title="bbox 654 1091 3920 1170">
     <span class='ocr_line' id='line_1_10' title="bbox 654 1091 3920 1170; baseline 0 -23"><span class='ocrx_word' id='word_1_141' title='bbox 654 1091 794 1147; x_wconf 87' lang='lat' dir='ltr'><strong>nihil</strong></span> <span class='ocrx_word' id='word_1_142' title='bbox 836 1091 1231 1162; x_wconf 87' lang='lat' dir='ltr'><strong>rejiciendum,</strong></span> <span class='ocrx_word' id='word_1_143' title='bbox 1281 1092 1403 1162; x_wconf 89' lang='lat' dir='ltr'><strong>quia</strong></span> <span class='ocrx_word' id='word_1_144' title='bbox 1449 1107 1626 1163; x_wconf 90' lang='lat' dir='ltr'><strong>neque</strong></span> <span class='ocrx_word' id='word_1_145' title='bbox 1667 1092 1848 1148; x_wconf 89' lang='lat' dir='ltr'><strong>Enoeh</strong></span> <span class='ocrx_word' id='word_1_146' title='bbox 1873 1133 1887 1158; x_wconf 92' lang='lat'><strong>,</strong></span> <span class='ocrx_word' id='word_1_147' title='bbox 1919 1092 2011 1163; x_wconf 89' lang='lat' dir='ltr'><strong>qui</strong></span> <span class='ocrx_word' id='word_1_148' title='bbox 2054 1093 2260 1163; x_wconf 90' lang='lat' dir='ltr'><strong>primus</strong></span> <span class='ocrx_word' id='word_1_149' title='bbox 2363 1097 2474 1154; x_wconf 82' lang='lat' dir='ltr'><strong>Deo</strong></span> <span class='ocrx_word' id='word_1_150' title='bbox 2514 1099 2777 1166; x_wconf 87' lang='lat' dir='ltr'><strong>moritur,</strong></span> <span class='ocrx_word' id='word_1_151' title='bbox 2806 1113 2914 1170; x_wconf 91' lang='lat' dir='ltr'><strong>quo</strong></span> <span class='ocrx_word' id='word_1_152' title='bbox 2953 1096 3138 1168; x_wconf 87' lang='lat' dir='ltr'><strong>judice</strong></span> <span class='ocrx_word' id='word_1_153' title='bbox 3184 1106 3276 1151; x_wconf 90' lang='lat' dir='ltr'><strong>aut</strong></span> <span class='ocrx_word' id='word_1_154' title='bbox 3316 1095 3678 1152; x_wconf 88' lang='lat' dir='ltr'><strong>coronabitur</strong></span> <span class='ocrx_word' id='word_1_155' title='bbox 3707 1100 3796 1149; x_wconf 89' lang='lat' dir='ltr'><strong>aut</strong></span> <span class='ocrx_word' id='word_1_156' title='bbox 3826 1107 3920 1148; x_wconf 87' lang='lat' dir='ltr'><strong>con-</strong></span> 
     </span>
    </p>
   </div>
   <div class='ocr_carea' id='block_1_11' title="bbox 657 1185 2725 1258">
    <p class='ocr_par' dir='ltr' id='par_1_11' title="bbox 657 1185 2725 1258">
     <span class='ocr_line' id='line_1_11' title="bbox 657 1185 2725 1258; baseline 0.001 -18"><span class='ocrx_word' id='word_1_157' title='bbox 657 1185 771 1241; x_wconf 87' lang='lat' dir='ltr'><strong>Deo</strong></span> <span class='ocrx_word' id='word_1_158' title='bbox 810 1185 1015 1255; x_wconf 83' lang='lat' dir='ltr'><strong>placuit</strong></span> <span class='ocrx_word' id='word_1_159' title='bbox 1042 1203 1056 1239; x_wconf 90' lang='lat'><strong>:</strong></span> <span class='ocrx_word' id='word_1_160' title='bbox 1089 1201 1264 1258; x_wconf 88' lang='lat' dir='ltr'><strong>neque</strong></span> <span class='ocrx_word' id='word_1_161' title='bbox 1304 1185 1441 1252; x_wconf 87' lang='lat' dir='ltr'><strong>Noe,</strong></span> <span class='ocrx_word' id='word_1_162' title='bbox 1466 1187 1557 1257; x_wconf 91' lang='lat' dir='ltr'><strong>qui</strong></span> <span class='ocrx_word' id='word_1_163' title='bbox 1589 1187 1642 1242; x_wconf 91' lang='lat' dir='ltr'><strong>in</strong></span> <span class='ocrx_word' id='word_1_164' title='bbox 1669 1185 1882 1241; x_wconf 86' lang='lat' dir='ltr'><strong>diluvio</strong></span> <span class='ocrx_word' id='word_1_165' title='bbox 1911 1185 2258 1256; x_wconf 84' lang='lat' dir='ltr'><strong>solusjustus</strong></span> <span class='ocrx_word' id='word_1_166' title='bbox 2359 1192 2725 1248; x_wconf 69' lang='lat' dir='ltr'><strong>damnabitur.</strong></span> 
     </span>
    </p>
   </div>
   <div class='ocr_carea' id='block_1_12' title="bbox 654 1279 3922 1360">
    <p class='ocr_par' dir='ltr' id='par_1_12' title="bbox 654 1279 3922 1360">
     <span class='ocr_line' id='line_1_12' title="bbox 654 1279 3922 1360; baseline 0 -26"><span class='ocrx_word' id='word_1_167' title='bbox 654 1279 916 1334; x_wconf 88' lang='lat' dir='ltr'><strong>iuventus</strong></span> <span class='ocrx_word' id='word_1_168' title='bbox 937 1289 1022 1336; x_wconf 91' lang='lat' dir='ltr'><strong>est</strong></span> <span class='ocrx_word' id='word_1_169' title='bbox 1047 1299 1060 1336; x_wconf 89' lang='lat'><strong>:</strong></span> <span class='ocrx_word' id='word_1_170' title='bbox 1097 1296 1270 1352; x_wconf 90' lang='lat' dir='ltr'><strong>neque</strong></span> <span class='ocrx_word' id='word_1_171' title='bbox 1316 1281 1591 1336; x_wconf 88' lang='lat' dir='ltr'><strong>Abraham</strong></span> <span class='ocrx_word' id='word_1_172' title='bbox 1639 1281 1730 1336; x_wconf 90' lang='lat' dir='ltr'><strong>ille</strong></span> <span class='ocrx_word' id='word_1_173' title='bbox 1761 1282 1972 1337; x_wconf 91' lang='lat' dir='ltr'><strong>amicus</strong></span> <span class='ocrx_word' id='word_1_174' title='bbox 2003 1281 2138 1349; x_wconf 89' lang='lat' dir='ltr'><strong>Dei,</strong></span> <span class='ocrx_word' id='word_1_175' title='bbox 2167 1292 2260 1335; x_wconf 89' lang='lat' dir='ltr'><strong>aut</strong></span> <span class='ocrx_word' id='word_1_176' title='bbox 2433 1286 2615 1360; x_wconf 79' lang='lat' dir='ltr'><strong>(vers.</strong></span> <span class='ocrx_word' id='word_1_177' title='bbox 2641 1285 2754 1357; x_wconf 85' lang='lat' dir='ltr'><strong>8.)c</strong></span> <span class='ocrx_word' id='word_1_178' title='bbox 2777 1285 2898 1342; x_wconf 62' lang='lat' dir='ltr'><strong>Sive</strong></span> <span class='ocrx_word' id='word_1_179' title='bbox 2912 1286 3047 1340; x_wconf 82' lang='lat' dir='ltr'><strong>enim</strong></span> <span class='ocrx_word' id='word_1_180' title='bbox 3071 1285 3307 1351; x_wconf 70' lang='lat' dir='ltr'><strong>risimus,</strong></span> <span class='ocrx_word' id='word_1_181' title='bbox 3335 1281 3562 1338; x_wconf 84' lang='lat' dir='ltr'><strong>Domino</strong></span> <span class='ocrx_word' id='word_1_182' title='bbox 3588 1279 3922 1346; x_wconf 74' lang='lat' dir='ltr'><strong>vivimus;tite</strong></span> 
     </span>
    </p>
   </div>
   <div class='ocr_carea' id='block_1_13' title="bbox 655 1374 3921 1448">
    <p class='ocr_par' dir='ltr' id='par_1_13' title="bbox 655 1374 3921 1448">
     <span class='ocr_line' id='line_1_13' title="bbox 655 1374 3921 1448; baseline -0 -19"><span class='ocrx_word' id='word_1_183' title='bbox 655 1374 828 1440; x_wconf 84' lang='lat' dir='ltr'><strong>Isaac,</strong></span> <span class='ocrx_word' id='word_1_184' title='bbox 855 1386 944 1430; x_wconf 90' lang='lat' dir='ltr'><strong>aut</strong></span> <span class='ocrx_word' id='word_1_185' title='bbox 966 1375 1282 1448; x_wconf 84' lang='lat' dir='ltr'><strong>Jacobjusti</strong></span> <span class='ocrx_word' id='word_1_186' title='bbox 1307 1389 1360 1432; x_wconf 92' lang='lat' dir='ltr'><strong>et</strong></span> <span class='ocrx_word' id='word_1_187' title='bbox 1386 1378 1478 1433; x_wconf 89' lang='lat' dir='ltr'><strong>Dei</strong></span> <span class='ocrx_word' id='word_1_188' title='bbox 1502 1377 1684 1441; x_wconf 88' lang='lat' dir='ltr'><strong>amici,</strong></span> <span class='ocrx_word' id='word_1_189' title='bbox 1711 1377 1854 1432; x_wconf 88' lang='lat' dir='ltr'><strong>inter</strong></span> <span class='ocrx_word' id='word_1_190' title='bbox 1875 1391 2015 1447; x_wconf 89' lang='lat' dir='ltr'><strong>quos</strong></span> <span class='ocrx_word' id='word_1_191' title='bbox 2041 1387 2096 1432; x_wconf 92' lang='lat' dir='ltr'><strong>et</strong></span> <span class='ocrx_word' id='word_1_192' title='bbox 2117 1375 2260 1432; x_wconf 89' lang='lat' dir='ltr'><strong>Loth</strong></span> <span class='ocrx_word' id='word_1_193' title='bbox 2361 1381 2641 1448; x_wconf 83' lang='lat' dir='ltr'><strong>morimur,</strong></span> <span class='ocrx_word' id='word_1_194' title='bbox 2674 1379 2902 1436; x_wconf 86' lang='lat' dir='ltr'><strong>Domino</strong></span> <span class='ocrx_word' id='word_1_195' title='bbox 2941 1380 3210 1434; x_wconf 83' lang='lat' dir='ltr'><strong>morimur.</strong></span> <span class='ocrx_word' id='word_1_196' title='bbox 3262 1377 3409 1434; x_wconf 92' lang='lat' dir='ltr'><strong>ldem</strong></span> <span class='ocrx_word' id='word_1_197' title='bbox 3441 1387 3529 1433; x_wconf 89' lang='lat' dir='ltr'><strong>est</strong></span> <span class='ocrx_word' id='word_1_198' title='bbox 3573 1392 3792 1433; x_wconf 88' lang='lat' dir='ltr'><strong>sensus.</strong></span> <span class='ocrx_word' id='word_1_199' title='bbox 3835 1375 3921 1430; x_wconf 72' lang='lat' dir='ltr'><strong>Sict</strong></span> 
     </span>
    </p>
   </div>
   <div class='ocr_carea' id='block_1_14' title="bbox 655 1464 3923 1546">
    <p class='ocr_par' dir='ltr' id='par_1_14' title="bbox 655 1464 3923 1546">
     <span class='ocr_line' id='line_1_14' title="bbox 655 1464 3923 1546; baseline 0.001 -26"><span class='ocrx_word' id='word_1_200' title='bbox 655 1464 774 1534; x_wconf 78' lang='lat' dir='ltr'><strong>fuit,</strong></span> <span class='ocrx_word' id='word_1_201' title='bbox 809 1477 900 1522; x_wconf 87' lang='lat' dir='ltr'><strong>aut</strong></span> <span class='ocrx_word' id='word_1_202' title='bbox 923 1470 1106 1524; x_wconf 83' lang='lat' dir='ltr'><strong>caeteri</strong></span> <span class='ocrx_word' id='word_1_203' title='bbox 1132 1468 1269 1538; x_wconf 89' lang='lat' dir='ltr'><strong>justi</strong></span> <span class='ocrx_word' id='word_1_204' title='bbox 1293 1469 1360 1522; x_wconf 90' lang='lat' dir='ltr'><strong>ab</strong></span> <span class='ocrx_word' id='word_1_205' title='bbox 1400 1468 1487 1524; x_wconf 91' lang='lat' dir='ltr'><strong>his</strong></span> <span class='ocrx_word' id='word_1_206' title='bbox 1515 1469 1844 1524; x_wconf 86' lang='lat' dir='ltr'><strong>abstinuisse</strong></span> <span class='ocrx_word' id='word_1_207' title='bbox 1873 1469 2148 1539; x_wconf 89' lang='lat' dir='ltr'><strong>leguntur.</strong></span> <span class='ocrx_word' id='word_1_208' title='bbox 2359 1491 2478 1546; x_wconf 80' lang='lat' dir='ltr'><strong>ergo</strong></span> <span class='ocrx_word' id='word_1_209' title='bbox 2500 1475 2734 1538; x_wconf 72' lang='lat' dir='ltr'><strong>vivimus,</strong></span> <span class='ocrx_word' id='word_1_210' title='bbox 2767 1475 2872 1528; x_wconf 80' lang='lat' dir='ltr'><strong>sive</strong></span> <span class='ocrx_word' id='word_1_211' title='bbox 2899 1474 3168 1540; x_wconf 76' lang='lat' dir='ltr'><strong>morimur,</strong></span> <span class='ocrx_word' id='word_1_212' title='bbox 3202 1472 3412 1527; x_wconf 77' lang='lat' dir='ltr'><strong>Domini</strong></span> <span class='ocrx_word' id='word_1_213' title='bbox 3441 1470 3846 1527; x_wconf 73' lang='lat' dir='ltr'><strong>sumus.Vewm</strong></span> <span class='ocrx_word' id='word_1_214' title='bbox 3865 1478 3923 1525; x_wconf 83' lang='lat' dir='ltr'><strong>est</strong></span> 
     </span>
    </p>
   </div>
   <div class='ocr_carea' id='block_1_15' title="bbox 731 1557 3922 1638">
    <p class='ocr_par' dir='ltr' id='par_1_15' title="bbox 731 1557 3922 1638">
     <span class='ocr_line' id='line_1_15' title="bbox 731 1557 3922 1638; baseline 0.001 -24"><span class='ocrx_word' id='word_1_215' title='bbox 731 1557 788 1614; x_wconf 97' lang='lat' dir='ltr'><strong>Is</strong></span> <span class='ocrx_word' id='word_1_216' title='bbox 820 1576 938 1615; x_wconf 88' lang='lat' dir='ltr'><strong>vero</strong></span> <span class='ocrx_word' id='word_1_217' title='bbox 985 1562 1072 1632; x_wconf 87' lang='lat' dir='ltr'><strong>qui</strong></span> <span class='ocrx_word' id='word_1_218' title='bbox 1120 1562 1362 1631; x_wconf 80' lang='lat' dir='ltr'><strong>inﬁrmus</strong></span> <span class='ocrx_word' id='word_1_219' title='bbox 1414 1572 1528 1628; x_wconf 86' lang='lat' dir='ltr'><strong>est,</strong></span> <span class='ocrx_word' id='word_1_220' title='bbox 1580 1562 1722 1617; x_wconf 84' lang='lat' dir='ltr'><strong>olera</strong></span> <span class='ocrx_word' id='word_1_221' title='bbox 1762 1562 2057 1616; x_wconf 84' lang='lat' dir='ltr'><strong>manducet.</strong></span> <span class='ocrx_word' id='word_1_222' title='bbox 2092 1559 2260 1632; x_wconf 74' lang='lat' dir='ltr'><strong>Igitur</strong></span> <span class='ocrx_word' id='word_1_223' title='bbox 2360 1583 2552 1623; x_wconf 88' lang='lat' dir='ltr'><strong>omnes</strong></span> <span class='ocrx_word' id='word_1_224' title='bbox 2596 1583 2696 1622; x_wconf 87' lang='lat' dir='ltr'><strong>nos</strong></span> <span class='ocrx_word' id='word_1_225' title='bbox 2747 1567 2960 1622; x_wconf 86' lang='lat' dir='ltr'><strong>Domini</strong></span> <span class='ocrx_word' id='word_1_226' title='bbox 3010 1583 3130 1623; x_wconf 87' lang='lat' dir='ltr'><strong>esse</strong></span> <span class='ocrx_word' id='word_1_227' title='bbox 3160 1567 3311 1638; x_wconf 90' lang='lat' dir='ltr'><strong>quasi</strong></span> <span class='ocrx_word' id='word_1_228' title='bbox 3343 1581 3534 1623; x_wconf 78' lang='lat' dir='ltr'><strong>servos</strong></span> <span class='ocrx_word' id='word_1_229' title='bbox 3561 1567 3621 1622; x_wconf 91' lang='lat' dir='ltr'><strong>in</strong></span> <span class='ocrx_word' id='word_1_230' title='bbox 3651 1564 3922 1622; x_wconf 82' lang='lat' dir='ltr'><strong>conditione</strong></span> 
     </span>
    </p>
   </div>
   <div class='ocr_carea' id='block_1_16' title="bbox 656 1653 3924 1732">
    <p class='ocr_par' dir='ltr' id='par_1_16' title="bbox 656 1653 3924 1732">
     <span class='ocr_line' id='line_1_16' title="bbox 656 1653 3924 1732; baseline 0.002 -25"><span class='ocrx_word' id='word_1_231' title='bbox 656 1653 781 1724; x_wconf 84' lang='lat' dir='ltr'><strong>quia</strong></span> <span class='ocrx_word' id='word_1_232' title='bbox 822 1654 926 1709; x_wconf 88' lang='lat' dir='ltr'><strong>hoc</strong></span> <span class='ocrx_word' id='word_1_233' title='bbox 969 1661 1148 1725; x_wconf 89' lang='lat' dir='ltr'><strong>putat,</strong></span> <span class='ocrx_word' id='word_1_234' title='bbox 1181 1663 1239 1710; x_wconf 91' lang='lat' dir='ltr'><strong>ut</strong></span> <span class='ocrx_word' id='word_1_235' title='bbox 1281 1655 1370 1710; x_wconf 89' lang='lat' dir='ltr'><strong>ille</strong></span> <span class='ocrx_word' id='word_1_236' title='bbox 1401 1655 1551 1710; x_wconf 89' lang='lat' dir='ltr'><strong>olera</strong></span> <span class='ocrx_word' id='word_1_237' title='bbox 1580 1655 1705 1710; x_wconf 86' lang='lat' dir='ltr'><strong>edat</strong></span> <span class='ocrx_word' id='word_1_238' title='bbox 1737 1672 1749 1708; x_wconf 90' lang='lat'>:</span> <span class='ocrx_word' id='word_1_239' title='bbox 1775 1655 1898 1711; x_wconf 89' lang='lat' dir='ltr'><strong>ideo</strong></span> <span class='ocrx_word' id='word_1_240' title='bbox 1921 1653 2258 1711; x_wconf 88' lang='lat' dir='ltr'><strong>suadendum</strong></span> <span class='ocrx_word' id='word_1_241' title='bbox 2362 1672 2415 1718; x_wconf 83' lang='lat' dir='ltr'><strong>et</strong></span> <span class='ocrx_word' id='word_1_242' title='bbox 2440 1661 2825 1732; x_wconf 79' lang='lat' dir='ltr'><strong>Redemptoris</strong></span> <span class='ocrx_word' id='word_1_243' title='bbox 2855 1660 3116 1725; x_wconf 86' lang='lat' dir='ltr'><strong>dominio,</strong></span> <span class='ocrx_word' id='word_1_244' title='bbox 3167 1669 3223 1716; x_wconf 83' lang='lat' dir='ltr'><strong>et</strong></span> <span class='ocrx_word' id='word_1_245' title='bbox 3249 1674 3700 1731; x_wconf 90' lang='lat' dir='ltr'><strong>unumquemque</strong></span> <span class='ocrx_word' id='word_1_246' title='bbox 3727 1673 3822 1730; x_wconf 90' lang='lat' dir='ltr'><strong>pro</strong></span> <span class='ocrx_word' id='word_1_247' title='bbox 3842 1672 3924 1712; x_wconf 80' lang='lat' dir='ltr'><strong>nte-</strong></span> 
     </span>
    </p>
   </div>
   <div class='ocr_carea' id='block_1_17' title="bbox 655 1750 2860 1822">
    <p class='ocr_par' dir='ltr' id='par_1_17' title="bbox 655 1750 2860 1822">
     <span class='ocr_line' id='line_1_17' title="bbox 655 1750 2860 1822; baseline 0 -16"><span class='ocrx_word' id='word_1_248' title='bbox 655 1765 765 1806; x_wconf 89' lang='lat' dir='ltr'><strong>nou</strong></span> <span class='ocrx_word' id='word_1_249' title='bbox 797 1758 901 1818; x_wconf 90' lang='lat' dir='ltr'><strong>est,</strong></span> <span class='ocrx_word' id='word_1_250' title='bbox 930 1761 988 1806; x_wconf 93' lang='lat' dir='ltr'><strong>ut</strong></span> <span class='ocrx_word' id='word_1_251' title='bbox 1017 1766 1235 1806; x_wconf 87' lang='lat' dir='ltr'><strong>carnem</strong></span> <span class='ocrx_word' id='word_1_252' title='bbox 1267 1751 1415 1819; x_wconf 89' lang='lat' dir='ltr'><strong>edat,</strong></span> <span class='ocrx_word' id='word_1_253' title='bbox 1447 1767 1516 1806; x_wconf 90' lang='lat' dir='ltr'><strong>ne</strong></span> <span class='ocrx_word' id='word_1_254' title='bbox 1562 1766 1686 1806; x_wconf 89' lang='lat' dir='ltr'><strong>eum</strong></span> <span class='ocrx_word' id='word_1_255' title='bbox 1719 1751 1974 1822; x_wconf 90' lang='lat' dir='ltr'><strong>scrupulo</strong></span> <span class='ocrx_word' id='word_1_256' title='bbox 2003 1750 2166 1819; x_wconf 90' lang='lat' dir='ltr'><strong>edat,</strong></span> <span class='ocrx_word' id='word_1_257' title='bbox 2199 1759 2254 1806; x_wconf 91' lang='lat' dir='ltr'><strong>et</strong></span> <span class='ocrx_word' id='word_1_258' title='bbox 2283 1753 2329 1814; x_wconf 90' lang='lat' dir='ltr'><strong>B</strong></span> <span class='ocrx_word' id='word_1_259' title='bbox 2359 1755 2462 1810; x_wconf 88' lang='lat' dir='ltr'><strong>rito</strong></span> <span class='ocrx_word' id='word_1_260' title='bbox 2494 1770 2594 1810; x_wconf 87' lang='lat' dir='ltr'><strong>suo</strong></span> <span class='ocrx_word' id='word_1_261' title='bbox 2622 1754 2860 1810; x_wconf 88' lang='lat' dir='ltr'><strong>tractari.</strong></span> 
     </span>
    </p>
   </div>
   <div class='ocr_carea' id='block_1_18' title="bbox 654 1842 3926 1923">
    <p class='ocr_par' dir='ltr' id='par_1_18' title="bbox 654 1842 3926 1923">
     <span class='ocr_line' id='line_1_18' title="bbox 654 1842 3926 1923; baseline -0.001 -24"><span class='ocrx_word' id='word_1_262' title='bbox 654 1842 908 1900; x_wconf 87' lang='lat' dir='ltr'><strong>videatur</strong></span> <span class='ocrx_word' id='word_1_263' title='bbox 938 1858 1196 1916; x_wconf 88' lang='lat' dir='ltr'><strong>peccare;</strong></span> <span class='ocrx_word' id='word_1_264' title='bbox 1225 1846 1351 1915; x_wconf 89' lang='lat' dir='ltr'><strong>quia</strong></span> <span class='ocrx_word' id='word_1_265' title='bbox 1381 1845 1728 1917; x_wconf 90' lang='lat' dir='ltr'><strong>propositum</strong></span> <span class='ocrx_word' id='word_1_266' title='bbox 1758 1859 1914 1900; x_wconf 90' lang='lat' dir='ltr'><strong>suum</strong></span> <span class='ocrx_word' id='word_1_267' title='bbox 1941 1859 2049 1901; x_wconf 90' lang='lat' dir='ltr'><strong>non</strong></span> <span class='ocrx_word' id='word_1_268' title='bbox 2075 1853 2259 1901; x_wconf 85' lang='lat' dir='ltr'><strong>custo-</strong></span> <span class='ocrx_word' id='word_1_269' title='bbox 2435 1849 2620 1923; x_wconf 79' lang='lat' dir='ltr'><strong>(Vers.</strong></span> <span class='ocrx_word' id='word_1_270' title='bbox 2643 1847 2725 1920; x_wconf 91' lang='lat'><strong>9.)</strong></span> <span class='ocrx_word' id='word_1_271' title='bbox 2771 1847 2838 1902; x_wconf 89' lang='lat' dir='ltr'><strong>In</strong></span> <span class='ocrx_word' id='word_1_272' title='bbox 2871 1849 2965 1903; x_wconf 83' lang='lat' dir='ltr'><strong>hoc</strong></span> <span class='ocrx_word' id='word_1_273' title='bbox 2993 1848 3126 1902; x_wconf 82' lang='lat' dir='ltr'><strong>enim</strong></span> <span class='ocrx_word' id='word_1_274' title='bbox 3154 1846 3390 1903; x_wconf 87' lang='lat' dir='ltr'><strong>Christus</strong></span> <span class='ocrx_word' id='word_1_275' title='bbox 3416 1857 3658 1902; x_wconf 85' lang='lat' dir='ltr'><strong>mortuus</strong></span> <span class='ocrx_word' id='word_1_276' title='bbox 3681 1854 3779 1911; x_wconf 86' lang='lat' dir='ltr'><strong>est,</strong></span> <span class='ocrx_word' id='word_1_277' title='bbox 3807 1855 3848 1900; x_wconf 82' lang='lat' dir='ltr'><strong>ct</strong></span> <span class='ocrx_word' id='word_1_278' title='bbox 3869 1861 3926 1898; x_wconf 78' lang='lat' dir='ltr'><strong>re-</strong></span> 
     </span>
    </p>
   </div>
   <div class='ocr_carea' id='block_1_19' title="bbox 659 1936 3925 2012">
    <p class='ocr_par' dir='ltr' id='par_1_19' title="bbox 659 1936 3925 2012">
     <span class='ocr_line' id='line_1_19' title="bbox 659 1936 3925 2012; baseline -0.004 -8"><span class='ocrx_word' id='word_1_279' title='bbox 659 1939 759 1995; x_wconf 76' lang='grc' dir='ltr'><strong>ἀίιο</strong></span> <span class='ocrx_word' id='word_1_280' title='bbox 2361 1945 2624 2012; x_wconf 76' lang='lat' dir='ltr'><strong>surrexit;</strong></span> <span class='ocrx_word' id='word_1_281' title='bbox 2654 1954 2711 1998; x_wconf 89' lang='lat' dir='ltr'><strong>ut</strong></span> <span class='ocrx_word' id='word_1_282' title='bbox 2738 1953 2786 1998; x_wconf 90' lang='lat' dir='ltr'><strong>et</strong></span> <span class='ocrx_word' id='word_1_283' title='bbox 2815 1953 3136 1998; x_wconf 83' lang='lat' dir='ltr'><strong>mortuorum</strong></span> <span class='ocrx_word' id='word_1_284' title='bbox 3166 1953 3212 1996; x_wconf 86' lang='lat' dir='ltr'><strong>et</strong></span> <span class='ocrx_word' id='word_1_285' title='bbox 3256 1942 3484 1996; x_wconf 80' lang='lat' dir='ltr'><strong>vivorum</strong></span> <span class='ocrx_word' id='word_1_286' title='bbox 3510 1941 3822 1996; x_wconf 78' lang='lat' dir='ltr'><strong>dominetur.</strong></span> <span class='ocrx_word' id='word_1_287' title='bbox 3850 1936 3925 1992; x_wconf 84' lang='lat' dir='ltr'><strong>Per</strong></span> 
     </span>
    </p>
   </div>
   <div class='ocr_carea' id='block_1_20' title="bbox 729 2033 3926 2108">
    <p class='ocr_par' dir='ltr' id='par_1_20' title="bbox 729 2033 3926 2108">
     <span class='ocr_line' id='line_1_20' title="bbox 729 2033 3926 2108; baseline -0.001 -18"><span class='ocrx_word' id='word_1_288' title='bbox 729 2033 913 2106; x_wconf 87' lang='lat' dir='ltr'><strong>(Vers.</strong></span> <span class='ocrx_word' id='word_1_289' title='bbox 948 2033 1029 2108; x_wconf 78' lang='lat'><strong>3.)</strong></span> <span class='ocrx_word' id='word_1_290' title='bbox 1058 2035 1244 2107; x_wconf 79' lang='lat' dir='ltr'><strong>Itaque</strong></span> <span class='ocrx_word' id='word_1_291' title='bbox 1267 2035 1357 2107; x_wconf 85' lang='lat' dir='ltr'><strong>qui</strong></span> <span class='ocrx_word' id='word_1_292' title='bbox 1400 2035 1503 2090; x_wconf 85' lang='lat' dir='ltr'><strong>edit</strong></span> <span class='ocrx_word' id='word_1_293' title='bbox 1529 2079 1544 2103; x_wconf 91' lang='lat'><strong>,</strong></span> <span class='ocrx_word' id='word_1_294' title='bbox 1580 2051 1684 2089; x_wconf 90' lang='lat' dir='ltr'><strong>non</strong></span> <span class='ocrx_word' id='word_1_295' title='bbox 1725 2035 1954 2090; x_wconf 83' lang='lat' dir='ltr'><strong>edentem</strong></span> <span class='ocrx_word' id='word_1_296' title='bbox 1981 2051 2084 2090; x_wconf 88' lang='lat' dir='ltr'><strong>non</strong></span> <span class='ocrx_word' id='word_1_297' title='bbox 2113 2050 2258 2105; x_wconf 83' lang='lat' dir='ltr'><strong>sper—</strong></span> <span class='ocrx_word' id='word_1_298' title='bbox 2359 2038 2638 2094; x_wconf 87' lang='lat' dir='ltr'><strong>Christum</strong></span> <span class='ocrx_word' id='word_1_299' title='bbox 2665 2039 2951 2094; x_wconf 89' lang='lat' dir='ltr'><strong>Dominum</strong></span> <span class='ocrx_word' id='word_1_300' title='bbox 2982 2037 3123 2093; x_wconf 82' lang='lat' dir='ltr'><strong>facta</strong></span> <span class='ocrx_word' id='word_1_301' title='bbox 3152 2045 3237 2092; x_wconf 91' lang='lat' dir='ltr'><strong>est</strong></span> <span class='ocrx_word' id='word_1_302' title='bbox 3257 2045 3534 2104; x_wconf 87' lang='lat' dir='ltr'><strong>creatura,</strong></span> <span class='ocrx_word' id='word_1_303' title='bbox 3563 2051 3692 2107; x_wconf 67' lang='lat' dir='ltr'><strong>qua:</strong></span> <span class='ocrx_word' id='word_1_304' title='bbox 3716 2048 3808 2104; x_wconf 89' lang='lat' dir='ltr'><strong>per</strong></span> <span class='ocrx_word' id='word_1_305' title='bbox 3831 2044 3926 2102; x_wconf 82' lang='lat' dir='ltr'><strong>pec-</strong></span> 
     </span>
    </p>
   </div>
   <div class='ocr_carea' id='block_1_21' title="bbox 654 2128 3921 2201">
    <p class='ocr_par' dir='ltr' id='par_1_21' title="bbox 654 2128 3921 2201">
     <span class='ocr_line' id='line_1_21' title="bbox 654 2128 3921 2201; baseline -0.002 -17"><span class='ocrx_word' id='word_1_306' title='bbox 654 2137 744 2184; x_wconf 87' lang='lat' dir='ltr'><strong>nat</strong></span> <span class='ocrx_word' id='word_1_307' title='bbox 769 2145 789 2183; x_wconf 90' lang='lat'><strong><em>:</em></strong></span> <span class='ocrx_word' id='word_1_308' title='bbox 819 2139 866 2183; x_wconf 91' lang='lat' dir='ltr'><strong>et</strong></span> <span class='ocrx_word' id='word_1_309' title='bbox 891 2128 981 2195; x_wconf 88' lang='lat' dir='ltr'><strong>qui</strong></span> <span class='ocrx_word' id='word_1_310' title='bbox 1020 2145 1122 2184; x_wconf 87' lang='lat' dir='ltr'><strong>non</strong></span> <span class='ocrx_word' id='word_1_311' title='bbox 1153 2128 1287 2198; x_wconf 87' lang='lat' dir='ltr'><strong>edit,</strong></span> <span class='ocrx_word' id='word_1_312' title='bbox 1321 2129 1557 2183; x_wconf 81' lang='lat' dir='ltr'><strong>edentem</strong></span> <span class='ocrx_word' id='word_1_313' title='bbox 1596 2145 1696 2182; x_wconf 84' lang='lat' dir='ltr'><strong>non</strong></span> <span class='ocrx_word' id='word_1_314' title='bbox 1717 2129 1941 2201; x_wconf 86' lang='lat' dir='ltr'><strong>judicet.</strong></span> <span class='ocrx_word' id='word_1_315' title='bbox 1989 2128 2124 2197; x_wconf 87' lang='lat' dir='ltr'><strong>Quia</strong></span> <span class='ocrx_word' id='word_1_316' title='bbox 2155 2142 2254 2183; x_wconf 89' lang='lat' dir='ltr'><strong>vo-</strong></span> <span class='ocrx_word' id='word_1_317' title='bbox 2360 2144 2540 2188; x_wconf 84' lang='lat' dir='ltr'><strong>catum</strong></span> <span class='ocrx_word' id='word_1_318' title='bbox 2574 2133 2811 2187; x_wconf 89' lang='lat' dir='ltr'><strong>alienata</strong></span> <span class='ocrx_word' id='word_1_319' title='bbox 2853 2142 2937 2188; x_wconf 89' lang='lat' dir='ltr'><strong>est</strong></span> <span class='ocrx_word' id='word_1_320' title='bbox 2967 2131 3036 2186; x_wconf 91' lang='lat' dir='ltr'><strong>ab</strong></span> <span class='ocrx_word' id='word_1_321' title='bbox 3065 2140 3304 2196; x_wconf 86' lang='lat' dir='ltr'><strong>auctore,</strong></span> <span class='ocrx_word' id='word_1_322' title='bbox 3334 2129 3473 2185; x_wconf 82' lang='lat' dir='ltr'><strong>facta</strong></span> <span class='ocrx_word' id='word_1_323' title='bbox 3519 2129 3772 2199; x_wconf 84' lang='lat' dir='ltr'><strong>captiva:</strong></span> <span class='ocrx_word' id='word_1_324' title='bbox 3799 2138 3921 2196; x_wconf 85' lang='lat' dir='ltr'><strong>quam</strong></span> 
     </span>
    </p>
   </div>
   <div class='ocr_carea' id='block_1_22' title="bbox 655 2219 3924 2297">
    <p class='ocr_par' dir='ltr' id='par_1_22' title="bbox 655 2219 3924 2297">
     <span class='ocr_line' id='line_1_22' title="bbox 655 2219 3924 2297; baseline -0.004 -11"><span class='ocrx_word' id='word_1_325' title='bbox 655 2221 876 2277; x_wconf 77' lang='lat' dir='ltr'><strong>lunlalis</strong></span> <span class='ocrx_word' id='word_1_326' title='bbox 903 2231 988 2278; x_wconf 81' lang='lat' dir='ltr'><strong>est</strong></span> <span class='ocrx_word' id='word_1_327' title='bbox 1013 2221 1195 2288; x_wconf 82' lang='lat' dir='ltr'><strong>edere,</strong></span> <span class='ocrx_word' id='word_1_328' title='bbox 1223 2231 1313 2276; x_wconf 77' lang='lat' dir='ltr'><strong>aut</strong></span> <span class='ocrx_word' id='word_1_329' title='bbox 1342 2236 1448 2276; x_wconf 82' lang='lat' dir='ltr'><strong>non</strong></span> <span class='ocrx_word' id='word_1_330' title='bbox 1475 2220 1668 2286; x_wconf 78' lang='lat' dir='ltr'><strong>cdere;</strong></span> <span class='ocrx_word' id='word_1_331' title='bbox 1692 2235 1756 2276; x_wconf 85' lang='lat' dir='ltr'><strong>ac</strong></span> <span class='ocrx_word' id='word_1_332' title='bbox 1787 2235 1882 2292; x_wconf 84' lang='lat' dir='ltr'><strong>per</strong></span> <span class='ocrx_word' id='word_1_333' title='bbox 1903 2220 2004 2276; x_wconf 88' lang='lat' dir='ltr'><strong>hoc</strong></span> <span class='ocrx_word' id='word_1_334' title='bbox 2029 2219 2256 2292; x_wconf 69' lang='lat' dir='ltr'><strong>quaestio</strong></span> <span class='ocrx_word' id='word_1_335' title='bbox 2362 2227 2506 2283; x_wconf 87' lang='lat' dir='ltr'><strong>Deus</strong></span> <span class='ocrx_word' id='word_1_336' title='bbox 2525 2228 2706 2292; x_wconf 89' lang='lat' dir='ltr'><strong>Pater,</strong></span> <span class='ocrx_word' id='word_1_337' title='bbox 2737 2243 2806 2282; x_wconf 91' lang='lat' dir='ltr'><strong>ne</strong></span> <span class='ocrx_word' id='word_1_338' title='bbox 2832 2242 2970 2297; x_wconf 80' lang='lat' dir='ltr'><strong>Opus</strong></span> <span class='ocrx_word' id='word_1_339' title='bbox 2995 2226 3113 2297; x_wconf 89' lang='lat' dir='ltr'><strong>ejus</strong></span> <span class='ocrx_word' id='word_1_340' title='bbox 3146 2227 3368 2296; x_wconf 78' lang='lat' dir='ltr'><strong>periret,</strong></span> <span class='ocrx_word' id='word_1_341' title='bbox 3399 2225 3568 2280; x_wconf 91' lang='lat' dir='ltr'><strong>misso</strong></span> <span class='ocrx_word' id='word_1_342' title='bbox 3598 2223 3744 2280; x_wconf 88' lang='lat' dir='ltr'><strong>Filio</strong></span> <span class='ocrx_word' id='word_1_343' title='bbox 3768 2235 3854 2276; x_wconf 87' lang='lat' dir='ltr'><strong>suo</strong></span> <span class='ocrx_word' id='word_1_344' title='bbox 3876 2219 3924 2274; x_wconf 87' lang='lat' dir='ltr'><strong>de</strong></span> 
     </span>
    </p>
   </div>
   <div class='ocr_carea' id='block_1_23' title="bbox 651 2317 3921 2391">
    <p class='ocr_par' dir='ltr' id='par_1_23' title="bbox 651 2317 3921 2391">
     <span class='ocr_line' id='line_1_23' title="bbox 651 2317 3921 2391; baseline -0.001 -21"><span class='ocrx_word' id='word_1_345' title='bbox 651 2318 777 2374; x_wconf 90' lang='lat' dir='ltr'><strong>hinc</strong></span> <span class='ocrx_word' id='word_1_346' title='bbox 808 2317 925 2374; x_wconf 81' lang='lat' dir='ltr'><strong>ﬁeri</strong></span> <span class='ocrx_word' id='word_1_347' title='bbox 956 2334 1065 2373; x_wconf 93' lang='lat' dir='ltr'><strong>non</strong></span> <span class='ocrx_word' id='word_1_348' title='bbox 1089 2318 1272 2374; x_wconf 83' lang='lat' dir='ltr'><strong>debet.</strong></span> <span class='ocrx_word' id='word_1_349' title='bbox 1303 2318 1379 2373; x_wconf 81' lang='lat' dir='ltr'><strong>Ad</strong></span> <span class='ocrx_word' id='word_1_350' title='bbox 1411 2317 1518 2373; x_wconf 90' lang='lat' dir='ltr'><strong>hoc</strong></span> <span class='ocrx_word' id='word_1_351' title='bbox 1547 2317 1693 2373; x_wconf 91' lang='lat' dir='ltr'><strong>enim</strong></span> <span class='ocrx_word' id='word_1_352' title='bbox 1723 2317 1862 2372; x_wconf 78' lang='lat' dir='ltr'><strong>facta</strong></span> <span class='ocrx_word' id='word_1_353' title='bbox 1889 2326 2020 2372; x_wconf 90' lang='lat' dir='ltr'><strong>sunt</strong></span> <span class='ocrx_word' id='word_1_354' title='bbox 2046 2318 2250 2384; x_wconf 84' lang='lat' dir='ltr'><strong>omnia,</strong></span> <span class='ocrx_word' id='word_1_355' title='bbox 2359 2322 2516 2379; x_wconf 66' lang='lat' dir='ltr'><strong>cmlis</strong></span> <span class='ocrx_word' id='word_1_356' title='bbox 2541 2322 2606 2378; x_wconf 81' lang='lat' dir='ltr'><strong>ad</strong></span> <span class='ocrx_word' id='word_1_357' title='bbox 2641 2332 2836 2391; x_wconf 64' lang='lat' dir='ltr'><strong>terras,</strong></span> <span class='ocrx_word' id='word_1_358' title='bbox 2865 2321 3049 2378; x_wconf 83' lang='lat' dir='ltr'><strong>docuit</strong></span> <span class='ocrx_word' id='word_1_359' title='bbox 3089 2320 3216 2391; x_wconf 82' lang='lat' dir='ltr'><strong>quid</strong></span> <span class='ocrx_word' id='word_1_360' title='bbox 3249 2319 3502 2375; x_wconf 81' lang='lat' dir='ltr'><strong>faciendo</strong></span> <span class='ocrx_word' id='word_1_361' title='bbox 3541 2333 3740 2374; x_wconf 86' lang='lat' dir='ltr'><strong>manus</strong></span> <span class='ocrx_word' id='word_1_362' title='bbox 3761 2317 3921 2388; x_wconf 82' lang='lat' dir='ltr'><strong>pirata-</strong></span> 
     </span>
    </p>
   </div>
   <div class='ocr_carea' id='block_1_24' title="bbox 649 2409 3921 2485">
    <p class='ocr_par' dir='ltr' id='par_1_24' title="bbox 649 2409 3921 2485">
     <span class='ocr_line' id='line_1_24' title="bbox 649 2409 3921 2485; baseline -0.003 -18"><span class='ocrx_word' id='word_1_363' title='bbox 649 2421 707 2467; x_wconf 88' lang='lat' dir='ltr'><strong>ut</strong></span> <span class='ocrx_word' id='word_1_364' title='bbox 734 2413 996 2469; x_wconf 89' lang='lat' dir='ltr'><strong>voluntati</strong></span> <span class='ocrx_word' id='word_1_365' title='bbox 1029 2411 1380 2485; x_wconf 87' lang='lat' dir='ltr'><strong>suhjaceant;</strong></span> <span class='ocrx_word' id='word_1_366' title='bbox 1415 2412 1539 2484; x_wconf 90' lang='lat' dir='ltr'><strong>quia</strong></span> <span class='ocrx_word' id='word_1_367' title='bbox 1565 2411 1809 2468; x_wconf 90' lang='lat' dir='ltr'><strong>dominio</strong></span> <span class='ocrx_word' id='word_1_368' title='bbox 1846 2410 2086 2468; x_wconf 88' lang='lat' dir='ltr'><strong>humano</strong></span> <span class='ocrx_word' id='word_1_369' title='bbox 2125 2410 2254 2467; x_wconf 83' lang='lat' dir='ltr'><strong>sub—</strong></span> <span class='ocrx_word' id='word_1_370' title='bbox 2357 2431 2476 2470; x_wconf 88' lang='lat' dir='ltr'><strong>rum</strong></span> <span class='ocrx_word' id='word_1_371' title='bbox 2503 2414 2793 2485; x_wconf 77' lang='lat' dir='ltr'><strong>effugeret.</strong></span> <span class='ocrx_word' id='word_1_372' title='bbox 2826 2413 3056 2484; x_wconf 82' lang='lat' dir='ltr'><strong>Propter</strong></span> <span class='ocrx_word' id='word_1_373' title='bbox 3096 2411 3239 2483; x_wconf 90' lang='lat' dir='ltr'><strong>quod</strong></span> <span class='ocrx_word' id='word_1_374' title='bbox 3277 2421 3329 2468; x_wconf 92' lang='lat' dir='ltr'><strong>et</strong></span> <span class='ocrx_word' id='word_1_375' title='bbox 3359 2409 3536 2466; x_wconf 88' lang='lat' dir='ltr'><strong>occidi</strong></span> <span class='ocrx_word' id='word_1_376' title='bbox 3567 2426 3630 2466; x_wconf 90' lang='lat' dir='ltr'><strong>se</strong></span> <span class='ocrx_word' id='word_1_377' title='bbox 3661 2422 3840 2480; x_wconf 88' lang='lat' dir='ltr'><strong>passus</strong></span> <span class='ocrx_word' id='word_1_378' title='bbox 3863 2414 3921 2460; x_wconf 85' lang='lat' dir='ltr'><strong>est</strong></span> 
     </span>
    </p>
   </div>
   <div class='ocr_carea' id='block_1_25' title="bbox 643 2503 3919 2578">
    <p class='ocr_par' dir='ltr' id='par_1_25' title="bbox 643 2503 3919 2578">
     <span class='ocr_line' id='line_1_25' title="bbox 643 2503 3919 2578; baseline -0.004 -14"><span class='ocrx_word' id='word_1_379' title='bbox 643 2506 787 2578; x_wconf 87' lang='lat' dir='ltr'><strong>jecta</strong></span> <span class='ocrx_word' id='word_1_380' title='bbox 819 2518 966 2565; x_wconf 92' lang='lat' dir='ltr'><strong>sunt.</strong></span> <span class='ocrx_word' id='word_1_381' title='bbox 2357 2509 2426 2564; x_wconf 90' lang='lat' dir='ltr'><strong>ab</strong></span> <span class='ocrx_word' id='word_1_382' title='bbox 2451 2509 2704 2575; x_wconf 90' lang='lat' dir='ltr'><strong>inimicis;</strong></span> <span class='ocrx_word' id='word_1_383' title='bbox 2735 2518 2792 2563; x_wconf 90' lang='lat' dir='ltr'><strong>ut</strong></span> <span class='ocrx_word' id='word_1_384' title='bbox 2815 2506 3156 2564; x_wconf 84' lang='lat' dir='ltr'><strong>descendens</strong></span> <span class='ocrx_word' id='word_1_385' title='bbox 3185 2505 3250 2561; x_wconf 89' lang='lat' dir='ltr'><strong>ad</strong></span> <span class='ocrx_word' id='word_1_386' title='bbox 3282 2504 3506 2568; x_wconf 82' lang='lat' dir='ltr'><strong>inferos,</strong></span> <span class='ocrx_word' id='word_1_387' title='bbox 3539 2504 3668 2576; x_wconf 87' lang='lat' dir='ltr'><strong>quia</strong></span> <span class='ocrx_word' id='word_1_388' title='bbox 3698 2503 3919 2558; x_wconf 82' lang='lat' dir='ltr'><strong>innocens</strong></span> 
     </span>
    </p>
   </div>
   <div class='ocr_carea' id='block_1_26' title="bbox 721 2599 3919 2673">
    <p class='ocr_par' dir='ltr' id='par_1_26' title="bbox 721 2599 3919 2673">
     <span class='ocr_line' id='line_1_26' title="bbox 721 2599 3919 2673; baseline -0.003 -18"><span class='ocrx_word' id='word_1_389' title='bbox 721 2600 860 2656; x_wconf 87' lang='lat' dir='ltr'><strong>Deus</strong></span> <span class='ocrx_word' id='word_1_390' title='bbox 887 2603 1024 2658; x_wconf 88' lang='lat' dir='ltr'><strong>enim</strong></span> <span class='ocrx_word' id='word_1_391' title='bbox 1055 2602 1209 2658; x_wconf 86' lang='lat' dir='ltr'><strong>illum</strong></span> <span class='ocrx_word' id='word_1_392' title='bbox 1250 2601 1552 2673; x_wconf 83' lang='lat' dir='ltr'><strong>assumpsit.</strong></span> <span class='ocrx_word' id='word_1_393' title='bbox 1580 2601 1912 2672; x_wconf 79' lang='lat' dir='ltr'><strong>Assumptus</strong></span> <span class='ocrx_word' id='word_1_394' title='bbox 1941 2609 2027 2657; x_wconf 89' lang='lat' dir='ltr'><strong>est</strong></span> <span class='ocrx_word' id='word_1_395' title='bbox 2054 2614 2084 2655; x_wconf 89' lang='lat' dir='ltr'><strong>a</strong></span> <span class='ocrx_word' id='word_1_396' title='bbox 2112 2599 2249 2668; x_wconf 86' lang='lat' dir='ltr'><strong>Deo,</strong></span> <span class='ocrx_word' id='word_1_397' title='bbox 2355 2610 2478 2657; x_wconf 89' lang='lat' dir='ltr'><strong>erat</strong></span> <span class='ocrx_word' id='word_1_398' title='bbox 2503 2602 2737 2666; x_wconf 91' lang='lat' dir='ltr'><strong>occisus,</strong></span> <span class='ocrx_word' id='word_1_399' title='bbox 2766 2616 2918 2656; x_wconf 86' lang='lat' dir='ltr'><strong>reum</strong></span> <span class='ocrx_word' id='word_1_400' title='bbox 2962 2600 3166 2654; x_wconf 76' lang='lat' dir='ltr'><strong>faceret</strong></span> <span class='ocrx_word' id='word_1_401' title='bbox 3203 2605 3518 2670; x_wconf 88' lang='lat' dir='ltr'><strong>peccatum;</strong></span> <span class='ocrx_word' id='word_1_402' title='bbox 3555 2605 3612 2651; x_wconf 93' lang='lat' dir='ltr'><strong>ut</strong></span> <span class='ocrx_word' id='word_1_403' title='bbox 3639 2609 3776 2667; x_wconf 91' lang='lat' dir='ltr'><strong>quos</strong></span> <span class='ocrx_word' id='word_1_404' title='bbox 3805 2601 3919 2648; x_wconf 82' lang='lat' dir='ltr'><strong>tene-</strong></span> 
     </span>
    </p>
   </div>
   <div class='ocr_carea' id='block_1_27' title="bbox 645 2687 3919 2765">
    <p class='ocr_par' dir='ltr' id='par_1_27' title="bbox 645 2687 3919 2765">
     <span class='ocr_line' id='line_1_27' title="bbox 645 2687 3919 2765; baseline -0.003 -15"><span class='ocrx_word' id='word_1_405' title='bbox 645 2694 775 2750; x_wconf 92' lang='lat' dir='ltr'><strong>dnm</strong></span> <span class='ocrx_word' id='word_1_406' title='bbox 803 2695 868 2749; x_wconf 87' lang='lat' dir='ltr'><strong>ad</strong></span> <span class='ocrx_word' id='word_1_407' title='bbox 900 2695 1131 2765; x_wconf 89' lang='lat' dir='ltr'><strong>gratiam</strong></span> <span class='ocrx_word' id='word_1_408' title='bbox 1157 2703 1387 2748; x_wconf 89' lang='lat' dir='ltr'><strong>vocatus</strong></span> <span class='ocrx_word' id='word_1_409' title='bbox 1409 2701 1511 2748; x_wconf 90' lang='lat' dir='ltr'><strong>est.</strong></span> <span class='ocrx_word' id='word_1_410' title='bbox 2359 2692 2450 2748; x_wconf 90' lang='lat' dir='ltr'><strong>bat</strong></span> <span class='ocrx_word' id='word_1_411' title='bbox 2479 2693 2622 2763; x_wconf 89' lang='lat' dir='ltr'><strong>apud</strong></span> <span class='ocrx_word' id='word_1_412' title='bbox 2665 2691 2887 2760; x_wconf 79' lang='lat' dir='ltr'><strong>inferos,</strong></span> <span class='ocrx_word' id='word_1_413' title='bbox 2915 2691 3210 2748; x_wconf 90' lang='lat' dir='ltr'><strong>amitteret.</strong></span> <span class='ocrx_word' id='word_1_414' title='bbox 3245 2691 3516 2758; x_wconf 89' lang='lat' dir='ltr'><strong>Quoniam</strong></span> <span class='ocrx_word' id='word_1_415' title='bbox 3539 2703 3676 2760; x_wconf 88' lang='lat' dir='ltr'><strong>ergo</strong></span> <span class='ocrx_word' id='word_1_416' title='bbox 3703 2687 3831 2743; x_wconf 81' lang='lat' dir='ltr'><strong>vivis</strong></span> <span class='ocrx_word' id='word_1_417' title='bbox 3855 2699 3919 2739; x_wconf 82' lang='lat' dir='ltr'><strong>os-</strong></span> 
     </span>
    </p>
   </div>
   <div class='ocr_carea' id='block_1_28' title="bbox 720 2784 3918 2860">
    <p class='ocr_par' dir='ltr' id='par_1_28' title="bbox 720 2784 3918 2860">
     <span class='ocr_line' id='line_1_28' title="bbox 720 2784 3918 2860; baseline -0.003 -16"><span class='ocrx_word' id='word_1_418' title='bbox 720 2786 902 2860; x_wconf 85' lang='lat' dir='ltr'><strong>(Vers.</strong></span> <span class='ocrx_word' id='word_1_419' title='bbox 937 2789 1023 2857; x_wconf 71' lang='lat'><strong>4.)</strong></span> <span class='ocrx_word' id='word_1_420' title='bbox 1049 2786 1130 2842; x_wconf 86' lang='lat' dir='ltr'><strong>Tu</strong></span> <span class='ocrx_word' id='word_1_421' title='bbox 1160 2788 1276 2857; x_wconf 85' lang='lat' dir='ltr'><strong>quis</strong></span> <span class='ocrx_word' id='word_1_422' title='bbox 1307 2803 1378 2853; x_wconf 88' lang='lat' dir='ltr'><strong>es,</strong></span> <span class='ocrx_word' id='word_1_423' title='bbox 1407 2787 1494 2857; x_wconf 87' lang='lat' dir='ltr'><strong>qui</strong></span> <span class='ocrx_word' id='word_1_424' title='bbox 1512 2785 1727 2859; x_wconf 87' lang='lat' dir='ltr'><strong>judicas</strong></span> <span class='ocrx_word' id='word_1_425' title='bbox 1754 2785 1982 2841; x_wconf 82' lang='lat' dir='ltr'><strong>alienum</strong></span> <span class='ocrx_word' id='word_1_426' title='bbox 2007 2786 2250 2841; x_wconf 84' lang='lat' dir='ltr'><strong>servum?</strong></span> <span class='ocrx_word' id='word_1_427' title='bbox 2359 2788 2527 2843; x_wconf 91' lang='lat' dir='ltr'><strong>tendit</strong></span> <span class='ocrx_word' id='word_1_428' title='bbox 2562 2787 2705 2842; x_wconf 88' lang='lat' dir='ltr'><strong>viam</strong></span> <span class='ocrx_word' id='word_1_429' title='bbox 2748 2787 2969 2854; x_wconf 89' lang='lat' dir='ltr'><strong>salutis,</strong></span> <span class='ocrx_word' id='word_1_430' title='bbox 3003 2801 3066 2841; x_wconf 92' lang='lat' dir='ltr'><strong>ac</strong></span> <span class='ocrx_word' id='word_1_431' title='bbox 3109 2801 3168 2842; x_wconf 92' lang='lat' dir='ltr'><strong>se</strong></span> <span class='ocrx_word' id='word_1_432' title='bbox 3206 2785 3404 2841; x_wconf 92' lang='lat' dir='ltr'><strong>obtulit</strong></span> <span class='ocrx_word' id='word_1_433' title='bbox 3437 2799 3536 2854; x_wconf 87' lang='lat' dir='ltr'><strong>pro</strong></span> <span class='ocrx_word' id='word_1_434' title='bbox 3561 2784 3676 2850; x_wconf 92' lang='lat' dir='ltr'><strong>eis,</strong></span> <span class='ocrx_word' id='word_1_435' title='bbox 3711 2789 3918 2837; x_wconf 82' lang='lat' dir='ltr'><strong>mortuos</strong></span> 
     </span>
    </p>
   </div>
   <div class='ocr_carea' id='block_1_29' title="bbox 645 2877 3917 2951">
    <p class='ocr_par' dir='ltr' id='par_1_29' title="bbox 645 2877 3917 2951">
     <span class='ocr_line' id='line_1_29' title="bbox 645 2877 3917 2951; baseline -0.001 -16"><span class='ocrx_word' id='word_1_436' title='bbox 645 2877 756 2935; x_wconf 91' lang='lat' dir='ltr'><strong>Suo</strong></span> <span class='ocrx_word' id='word_1_437' title='bbox 784 2879 995 2934; x_wconf 88' lang='lat' dir='ltr'><strong>domino</strong></span> <span class='ocrx_word' id='word_1_438' title='bbox 1022 2890 1114 2934; x_wconf 89' lang='lat' dir='ltr'><strong>aut</strong></span> <span class='ocrx_word' id='word_1_439' title='bbox 1153 2889 1282 2945; x_wconf 86' lang='lat' dir='ltr'><strong>stat,</strong></span> <span class='ocrx_word' id='word_1_440' title='bbox 1313 2889 1403 2933; x_wconf 86' lang='lat' dir='ltr'><strong>aut</strong></span> <span class='ocrx_word' id='word_1_441' title='bbox 1432 2878 1593 2934; x_wconf 85' lang='lat' dir='ltr'><strong>cadit.</strong></span> <span class='ocrx_word' id='word_1_442' title='bbox 1626 2879 1969 2936; x_wconf 85' lang='lat' dir='ltr'><strong>Manifestum</strong></span> <span class='ocrx_word' id='word_1_443' title='bbox 2001 2888 2085 2936; x_wconf 90' lang='lat' dir='ltr'><strong>est</strong></span> <span class='ocrx_word' id='word_1_444' title='bbox 2124 2893 2244 2934; x_wconf 84' lang='lat' dir='ltr'><strong>ser-</strong></span> <span class='ocrx_word' id='word_1_445' title='bbox 2356 2899 2486 2940; x_wconf 85' lang='lat' dir='ltr'><strong>vero</strong></span> <span class='ocrx_word' id='word_1_446' title='bbox 2515 2884 2768 2940; x_wconf 80' lang='lat' dir='ltr'><strong>liberavit</strong></span> <span class='ocrx_word' id='word_1_447' title='bbox 2803 2883 2872 2939; x_wconf 93' lang='lat' dir='ltr'><strong>de</strong></span> <span class='ocrx_word' id='word_1_448' title='bbox 2905 2882 3149 2948; x_wconf 79' lang='lat' dir='ltr'><strong>inferno,</strong></span> <span class='ocrx_word' id='word_1_449' title='bbox 3180 2892 3287 2937; x_wconf 91' lang='lat' dir='ltr'><strong>tam</strong></span> <span class='ocrx_word' id='word_1_450' title='bbox 3327 2882 3578 2938; x_wconf 89' lang='lat' dir='ltr'><strong>vivorum</strong></span> <span class='ocrx_word' id='word_1_451' title='bbox 3618 2895 3780 2951; x_wconf 86' lang='lat' dir='ltr'><strong>quam</strong></span> <span class='ocrx_word' id='word_1_452' title='bbox 3805 2890 3917 2933; x_wconf 86' lang='lat' dir='ltr'><strong>mor-</strong></span> 
     </span>
    </p>
   </div>
   <div class='ocr_carea' id='block_1_30' title="bbox 645 2968 3915 3046">
    <p class='ocr_par' dir='ltr' id='par_1_30' title="bbox 645 2968 3915 3046">
     <span class='ocr_line' id='line_1_30' title="bbox 645 2968 3915 3046; baseline 0 -18"><span class='ocrx_word' id='word_1_453' title='bbox 645 2988 771 3029; x_wconf 90' lang='lat' dir='ltr'><strong>vum</strong></span> <span class='ocrx_word' id='word_1_454' title='bbox 813 2989 921 3030; x_wconf 91' lang='lat' dir='ltr'><strong>non</strong></span> <span class='ocrx_word' id='word_1_455' title='bbox 951 2968 1157 3030; x_wconf 64' lang='lat' dir='ltr'><strong>debere</strong></span> <span class='ocrx_word' id='word_1_456' title='bbox 1200 2974 1452 3030; x_wconf 76' lang='lat' dir='ltr'><strong>conservi</strong></span> <span class='ocrx_word' id='word_1_457' title='bbox 1484 2975 1821 3030; x_wconf 86' lang='lat' dir='ltr'><strong>voluntatem</strong></span> <span class='ocrx_word' id='word_1_458' title='bbox 1847 2973 2128 3045; x_wconf 90' lang='lat' dir='ltr'><strong>judicare,</strong></span> <span class='ocrx_word' id='word_1_459' title='bbox 2159 2972 2246 3028; x_wconf 91' lang='lat' dir='ltr'><strong>cui</strong></span> <span class='ocrx_word' id='word_1_460' title='bbox 2357 2986 2569 3033; x_wconf 85' lang='lat' dir='ltr'><strong>tuorum</strong></span> <span class='ocrx_word' id='word_1_461' title='bbox 2603 2977 2948 3044; x_wconf 87' lang='lat' dir='ltr'><strong>dominatur;</strong></span> <span class='ocrx_word' id='word_1_462' title='bbox 2993 2992 3057 3032; x_wconf 84' lang='lat' dir='ltr'><strong>ex</strong></span> <span class='ocrx_word' id='word_1_463' title='bbox 3105 2974 3336 3046; x_wconf 85' lang='lat' dir='ltr'><strong>perditis</strong></span> <span class='ocrx_word' id='word_1_464' title='bbox 3364 2976 3513 3032; x_wconf 91' lang='lat' dir='ltr'><strong>enim</strong></span> <span class='ocrx_word' id='word_1_465' title='bbox 3547 2975 3745 3031; x_wconf 89' lang='lat' dir='ltr'><strong>iterum</strong></span> <span class='ocrx_word' id='word_1_466' title='bbox 3774 2969 3915 3028; x_wconf 78' lang='lat' dir='ltr'><strong>refor-</strong></span> 
     </span>
    </p>
   </div>
   <div class='ocr_carea' id='block_1_31' title="bbox 643 3065 3137 3140">
    <p class='ocr_par' dir='ltr' id='par_1_31' title="bbox 643 3065 3137 3140">
     <span class='ocr_line' id='line_1_31' title="bbox 643 3065 3137 3140; baseline 0 -19"><span class='ocrx_word' id='word_1_467' title='bbox 643 3065 728 3123; x_wconf 85' lang='lat' dir='ltr'><strong>lex</strong></span> <span class='ocrx_word' id='word_1_468' title='bbox 760 3068 812 3122; x_wconf 92' lang='lat' dir='ltr'><strong>in</strong></span> <span class='ocrx_word' id='word_1_469' title='bbox 850 3066 953 3122; x_wconf 90' lang='lat' dir='ltr'><strong>hac</strong></span> <span class='ocrx_word' id='word_1_470' title='bbox 982 3077 1139 3138; x_wconf 88' lang='lat' dir='ltr'><strong>parte</strong></span> <span class='ocrx_word' id='word_1_471' title='bbox 1173 3065 1372 3122; x_wconf 89' lang='lat' dir='ltr'><strong>tradita</strong></span> <span class='ocrx_word' id='word_1_472' title='bbox 1404 3082 1509 3122; x_wconf 89' lang='lat' dir='ltr'><strong>non</strong></span> <span class='ocrx_word' id='word_1_473' title='bbox 1538 3077 1651 3135; x_wconf 91' lang='lat' dir='ltr'><strong>est;</strong></span> <span class='ocrx_word' id='word_1_474' title='bbox 1681 3083 1805 3123; x_wconf 87' lang='lat' dir='ltr'><strong>nam</strong></span> <span class='ocrx_word' id='word_1_475' title='bbox 1829 3083 1935 3140; x_wconf 88' lang='lat' dir='ltr'><strong>qua</strong></span> <span class='ocrx_word' id='word_1_476' title='bbox 1962 3066 2246 3124; x_wconf 88' lang='lat' dir='ltr'><strong>conscien-</strong></span> <span class='ocrx_word' id='word_1_477' title='bbox 2355 3071 2526 3127; x_wconf 87' lang='lat' dir='ltr'><strong>mavit</strong></span> <span class='ocrx_word' id='word_1_478' title='bbox 2559 3071 2661 3126; x_wconf 89' lang='lat' dir='ltr'><strong>sibi</strong></span> <span class='ocrx_word' id='word_1_479' title='bbox 2689 3072 2815 3127; x_wconf 76' lang='lat' dir='ltr'><strong>illos</strong></span> <span class='ocrx_word' id='word_1_480' title='bbox 2846 3071 2897 3126; x_wconf 90' lang='lat' dir='ltr'><strong>in</strong></span> <span class='ocrx_word' id='word_1_481' title='bbox 2928 3085 3137 3127; x_wconf 85' lang='lat' dir='ltr'><strong>servos.</strong></span> 
     </span>
    </p>
   </div>
   <div class='ocr_carea' id='block_1_32' title="bbox 644 3157 3919 3235">
    <p class='ocr_par' dir='ltr' id='par_1_32' title="bbox 644 3157 3919 3235">
     <span class='ocr_line' id='line_1_32' title="bbox 644 3157 3919 3235; baseline -0.002 -19"><span class='ocrx_word' id='word_1_482' title='bbox 644 3161 717 3216; x_wconf 86' lang='lat' dir='ltr'><strong>tia</strong></span> <span class='ocrx_word' id='word_1_483' title='bbox 741 3161 898 3228; x_wconf 89' lang='lat' dir='ltr'><strong>edat,</strong></span> <span class='ocrx_word' id='word_1_484' title='bbox 927 3171 1020 3217; x_wconf 90' lang='lat' dir='ltr'><strong>aut</strong></span> <span class='ocrx_word' id='word_1_485' title='bbox 1049 3177 1161 3218; x_wconf 91' lang='lat' dir='ltr'><strong>non</strong></span> <span class='ocrx_word' id='word_1_486' title='bbox 1199 3160 1346 3227; x_wconf 82' lang='lat' dir='ltr'><strong>edat,</strong></span> <span class='ocrx_word' id='word_1_487' title='bbox 1378 3162 1521 3217; x_wconf 90' lang='lat' dir='ltr'><strong>Deus</strong></span> <span class='ocrx_word' id='word_1_488' title='bbox 1561 3161 1730 3232; x_wconf 81' lang='lat' dir='ltr'><strong>judex</strong></span> <span class='ocrx_word' id='word_1_489' title='bbox 1751 3171 1838 3218; x_wconf 85' lang='lat' dir='ltr'><strong>est</strong></span> <span class='ocrx_word' id='word_1_490' title='bbox 1874 3162 2035 3232; x_wconf 87' lang='lat' dir='ltr'><strong>cujus</strong></span> <span class='ocrx_word' id='word_1_491' title='bbox 2061 3173 2250 3216; x_wconf 88' lang='lat' dir='ltr'><strong>servus</strong></span> <span class='ocrx_word' id='word_1_492' title='bbox 2280 3157 2324 3219; x_wconf 88' lang='lat' dir='ltr'>C</span> <span class='ocrx_word' id='word_1_493' title='bbox 2428 3162 2609 3234; x_wconf 86' lang='lat' dir='ltr'><strong>(Vers.</strong></span> <span class='ocrx_word' id='word_1_494' title='bbox 2639 3161 2755 3235; x_wconf 75' lang='lat'><strong>10.)</strong></span> <span class='ocrx_word' id='word_1_495' title='bbox 2806 3162 2888 3218; x_wconf 87' lang='lat' dir='ltr'><strong>Tu</strong></span> <span class='ocrx_word' id='word_1_496' title='bbox 2937 3174 3108 3218; x_wconf 85' lang='lat' dir='ltr'><strong>autem</strong></span> <span class='ocrx_word' id='word_1_497' title='bbox 3148 3162 3274 3234; x_wconf 87' lang='lat' dir='ltr'><strong>quid</strong></span> <span class='ocrx_word' id='word_1_498' title='bbox 3313 3162 3527 3232; x_wconf 87' lang='lat' dir='ltr'><strong>judicas</strong></span> <span class='ocrx_word' id='word_1_499' title='bbox 3567 3165 3781 3234; x_wconf 78' lang='lat' dir='ltr'><strong>fratrem</strong></span> <span class='ocrx_word' id='word_1_500' title='bbox 3806 3168 3919 3212; x_wconf 73' lang='lat' dir='ltr'><strong>tuam</strong></span> 
     </span>
    </p>
   </div>
   <div class='ocr_carea' id='block_1_33' title="bbox 642 3251 3916 3327">
    <p class='ocr_par' dir='ltr' id='par_1_33' title="bbox 642 3251 3916 3327">
     <span class='ocr_line' id='line_1_33' title="bbox 642 3251 3916 3327; baseline -0.003 -17"><span class='ocrx_word' id='word_1_501' title='bbox 642 3263 753 3310; x_wconf 90' lang='lat' dir='ltr'><strong>est.</strong></span> <span class='ocrx_word' id='word_1_502' title='bbox 2351 3255 2375 3291; x_wconf 75' lang='grc' dir='ltr'><em>ά</em></span> <span class='ocrx_word' id='word_1_503' title='bbox 2397 3257 2450 3310; x_wconf 89' lang='lat' dir='ltr'><strong>in</strong></span> <span class='ocrx_word' id='word_1_504' title='bbox 2481 3273 2584 3310; x_wconf 89' lang='lat' dir='ltr'><strong>non</strong></span> <span class='ocrx_word' id='word_1_505' title='bbox 2607 3257 2845 3311; x_wconf 87' lang='lat' dir='ltr'><strong>edendo?</strong></span> <span class='ocrx_word' id='word_1_506' title='bbox 2873 3267 2963 3312; x_wconf 89' lang='lat' dir='ltr'><strong>aut</strong></span> <span class='ocrx_word' id='word_1_507' title='bbox 2990 3267 3045 3312; x_wconf 88' lang='lat' dir='ltr'><strong>tu</strong></span> <span class='ocrx_word' id='word_1_508' title='bbox 3070 3273 3231 3327; x_wconf 85' lang='lat' dir='ltr'><strong>quare</strong></span> <span class='ocrx_word' id='word_1_509' title='bbox 3259 3257 3462 3327; x_wconf 87' lang='lat' dir='ltr'><strong>spernis</strong></span> <span class='ocrx_word' id='word_1_510' title='bbox 3488 3257 3706 3327; x_wconf 76' lang='lat' dir='ltr'><strong>fratrem</strong></span> <span class='ocrx_word' id='word_1_511' title='bbox 3729 3265 3857 3309; x_wconf 81' lang='lat' dir='ltr'><strong>tuum</strong></span> <span class='ocrx_word' id='word_1_512' title='bbox 3876 3251 3916 3303; x_wconf 78' lang='lat' dir='ltr'><strong>in</strong></span> 
     </span>
    </p>
   </div>
   <div class='ocr_carea' id='block_1_34' title="bbox 716 3343 3915 3420">
    <p class='ocr_par' dir='ltr' id='par_1_34' title="bbox 716 3343 3915 3420">
     <span class='ocr_line' id='line_1_34' title="bbox 716 3343 3915 3420; baseline -0.002 -18"><span class='ocrx_word' id='word_1_513' title='bbox 716 3348 886 3405; x_wconf 86' lang='lat' dir='ltr'><strong>Stabit</strong></span> <span class='ocrx_word' id='word_1_514' title='bbox 916 3361 1121 3415; x_wconf 87' lang='lat' dir='ltr'><strong>autem,</strong></span> <span class='ocrx_word' id='word_1_515' title='bbox 1148 3357 1331 3420; x_wconf 83' lang='lat' dir='ltr'><strong>potens</strong></span> <span class='ocrx_word' id='word_1_516' title='bbox 1357 3355 1433 3404; x_wconf 87' lang='lat' dir='ltr'><strong>est</strong></span> <span class='ocrx_word' id='word_1_517' title='bbox 1463 3350 1598 3403; x_wconf 84' lang='lat' dir='ltr'><strong>enim</strong></span> <span class='ocrx_word' id='word_1_518' title='bbox 1643 3347 1780 3403; x_wconf 86' lang='lat' dir='ltr'><strong>Deus</strong></span> <span class='ocrx_word' id='word_1_519' title='bbox 1809 3355 2031 3402; x_wconf 86' lang='lat' dir='ltr'><strong>statuere</strong></span> <span class='ocrx_word' id='word_1_520' title='bbox 2069 3345 2242 3400; x_wconf 80' lang='lat' dir='ltr'><strong>illum.</strong></span> <span class='ocrx_word' id='word_1_521' title='bbox 2350 3349 2593 3405; x_wconf 80' lang='lat' dir='ltr'><strong>edendo?</strong></span> <span class='ocrx_word' id='word_1_522' title='bbox 2627 3351 2815 3406; x_wconf 84' lang='lat' dir='ltr'><strong>Omnes</strong></span> <span class='ocrx_word' id='word_1_523' title='bbox 2861 3352 2999 3406; x_wconf 87' lang='lat' dir='ltr'><strong>enim</strong></span> <span class='ocrx_word' id='word_1_524' title='bbox 3035 3351 3286 3406; x_wconf 83' lang='lat' dir='ltr'><strong>stabimus</strong></span> <span class='ocrx_word' id='word_1_525' title='bbox 3324 3362 3446 3406; x_wconf 87' lang='lat' dir='ltr'><strong>ante</strong></span> <span class='ocrx_word' id='word_1_526' title='bbox 3481 3350 3716 3406; x_wconf 80' lang='lat' dir='ltr'><strong>tribunal</strong></span> <span class='ocrx_word' id='word_1_527' title='bbox 3736 3343 3915 3404; x_wconf 82' lang='lat' dir='ltr'><strong>Christi.</strong></span> 
     </span>
    </p>
   </div>
   <div class='ocr_carea' id='block_1_35' title="bbox 642 3437 3913 3516">
    <p class='ocr_par' dir='ltr' id='par_1_35' title="bbox 642 3437 3913 3516">
     <span class='ocr_line' id='line_1_35' title="bbox 642 3437 3913 3516; baseline -0.002 -19"><span class='ocrx_word' id='word_1_528' title='bbox 642 3441 843 3510; x_wconf 86' lang='lat' dir='ltr'><strong>Stabit,</strong></span> <span class='ocrx_word' id='word_1_529' title='bbox 869 3440 1065 3511; x_wconf 89' lang='lat' dir='ltr'><strong>inquit,</strong></span> <span class='ocrx_word' id='word_1_530' title='bbox 1096 3437 1319 3494; x_wconf 87' lang='lat' dir='ltr'><strong>domino</strong></span> <span class='ocrx_word' id='word_1_531' title='bbox 1345 3456 1464 3507; x_wconf 88' lang='lat' dir='ltr'><strong>suo,</strong></span> <span class='ocrx_word' id='word_1_532' title='bbox 1497 3450 1786 3512; x_wconf 82' lang='lat' dir='ltr'><strong>prapterea</strong></span> <span class='ocrx_word' id='word_1_533' title='bbox 1827 3438 1954 3510; x_wconf 87' lang='lat' dir='ltr'><strong>quia</strong></span> <span class='ocrx_word' id='word_1_534' title='bbox 1994 3452 2172 3508; x_wconf 91' lang='lat' dir='ltr'><strong>neque</strong></span> <span class='ocrx_word' id='word_1_535' title='bbox 2198 3437 2244 3492; x_wconf 91' lang='lat' dir='ltr'><strong>si</strong></span> <span class='ocrx_word' id='word_1_536' title='bbox 2354 3445 2522 3501; x_wconf 87' lang='lat' dir='ltr'><strong>Docet</strong></span> <span class='ocrx_word' id='word_1_537' title='bbox 2547 3460 2656 3501; x_wconf 92' lang='lat' dir='ltr'><strong>non</strong></span> <span class='ocrx_word' id='word_1_538' title='bbox 2679 3445 3197 3516; x_wconf 85' lang='lat' dir='ltr'><strong>oporterejudicare</strong></span> <span class='ocrx_word' id='word_1_539' title='bbox 3221 3444 3275 3499; x_wconf 93' lang='lat' dir='ltr'><strong>in</strong></span> <span class='ocrx_word' id='word_1_540' title='bbox 3301 3444 3404 3499; x_wconf 90' lang='lat' dir='ltr'><strong>hac</strong></span> <span class='ocrx_word' id='word_1_541' title='bbox 3425 3459 3516 3510; x_wconf 90' lang='lat' dir='ltr'><strong>re;</strong></span> <span class='ocrx_word' id='word_1_542' title='bbox 3551 3453 3664 3498; x_wconf 93' lang='lat' dir='ltr'><strong>tum</strong></span> <span class='ocrx_word' id='word_1_543' title='bbox 3690 3441 3811 3513; x_wconf 87' lang='lat' dir='ltr'><strong>quia</strong></span> <span class='ocrx_word' id='word_1_544' title='bbox 3831 3451 3913 3494; x_wconf 89' lang='lat' dir='ltr'><strong>non</strong></span> 
     </span>
    </p>
   </div>
   <div class='ocr_carea' id='block_1_36' title="bbox 640 3529 2252 3612">
    <p class='ocr_par' dir='ltr' id='par_1_36' title="bbox 640 3529 2247 3610">
     <span class='ocr_line' id='line_1_36' title="bbox 640 3529 2247 3610; baseline -0.007 -15"><span class='ocrx_word' id='word_1_545' title='bbox 640 3537 805 3604; x_wconf 88' lang='lat' dir='ltr'><strong>edat,</strong></span> <span class='ocrx_word' id='word_1_546' title='bbox 859 3552 986 3594; x_wconf 87' lang='lat' dir='ltr'><strong>reus</strong></span> <span class='ocrx_word' id='word_1_547' title='bbox 1038 3539 1178 3606; x_wconf 90' lang='lat' dir='ltr'><strong>crit;</strong></span> <span class='ocrx_word' id='word_1_548' title='bbox 1233 3553 1407 3610; x_wconf 87' lang='lat' dir='ltr'><strong>neque</strong></span> <span class='ocrx_word' id='word_1_549' title='bbox 1437 3538 1481 3592; x_wconf 91' lang='lat' dir='ltr'><strong>si</strong></span> <span class='ocrx_word' id='word_1_550' title='bbox 1513 3552 1620 3592; x_wconf 91' lang='lat' dir='ltr'><strong>non</strong></span> <span class='ocrx_word' id='word_1_551' title='bbox 1650 3535 1811 3600; x_wconf 85' lang='lat' dir='ltr'><strong>edat,</strong></span> <span class='ocrx_word' id='word_1_552' title='bbox 1844 3532 2168 3602; x_wconf 89' lang='lat' dir='ltr'><strong>culpabilis;</strong></span> <span class='ocrx_word' id='word_1_553' title='bbox 2199 3529 2247 3584; x_wconf 89' lang='lat' dir='ltr'><strong>si</strong></span> 
     </span>
    </p>
   </div>
   <div class='ocr_carea' id='block_1_37' title="bbox 2303 3529 3915 3612">
    <p class='ocr_par' dir='ltr' id='par_1_37' title="bbox 2350 3535 3915 3612">
     <span class='ocr_line' id='line_1_37' title="bbox 2350 3535 3915 3612; baseline -0.006 -17"><span class='ocrx_word' id='word_1_554' title='bbox 2350 3541 2659 3595; x_wconf 82' lang='lat' dir='ltr'><strong>continetur</strong></span> <span class='ocrx_word' id='word_1_555' title='bbox 2689 3540 2741 3595; x_wconf 92' lang='lat' dir='ltr'><strong>in</strong></span> <span class='ocrx_word' id='word_1_556' title='bbox 2764 3538 2930 3612; x_wconf 90' lang='lat' dir='ltr'><strong>Lege,</strong></span> <span class='ocrx_word' id='word_1_557' title='bbox 2957 3548 3222 3606; x_wconf 66' lang='lat' dir='ltr'><strong>praeterea</strong></span> <span class='ocrx_word' id='word_1_558' title='bbox 3251 3553 3374 3594; x_wconf 92' lang='lat' dir='ltr'><strong>cum</strong></span> <span class='ocrx_word' id='word_1_559' title='bbox 3399 3538 3570 3593; x_wconf 93' lang='lat' dir='ltr'><strong>Deum</strong></span> <span class='ocrx_word' id='word_1_560' title='bbox 3595 3535 3826 3608; x_wconf 89' lang='lat' dir='ltr'><strong>judicem</strong></span> <span class='ocrx_word' id='word_1_561' title='bbox 3845 3546 3915 3588; x_wconf 81' lang='lat' dir='ltr'><strong>es-</strong></span> 
     </span>
    </p>
   </div>
   <div class='ocr_carea' id='block_1_38' title="bbox 635 3627 2678 3707">
    <p class='ocr_par' dir='ltr' id='par_1_38' title="bbox 635 3627 2678 3707">
     <span class='ocr_line' id='line_1_38' title="bbox 635 3627 2678 3707; baseline 0 -21"><span class='ocrx_word' id='word_1_562' title='bbox 635 3640 820 3689; x_wconf 89' lang='lat' dir='ltr'><strong>tamen</strong></span> <span class='ocrx_word' id='word_1_563' title='bbox 849 3632 1143 3691; x_wconf 89' lang='lat' dir='ltr'><strong>devotione</strong></span> <span class='ocrx_word' id='word_1_564' title='bbox 1167 3632 1292 3707; x_wconf 85' lang='lat' dir='ltr'><strong>_hoc</strong></span> <span class='ocrx_word' id='word_1_565' title='bbox 1323 3636 1486 3706; x_wconf 82' lang='lat' dir='ltr'><strong>agat’,</strong></span> <span class='ocrx_word' id='word_1_566' title='bbox 1521 3648 1627 3688; x_wconf 90' lang='lat' dir='ltr'><strong>non</strong></span> <span class='ocrx_word' id='word_1_567' title='bbox 1660 3630 1870 3688; x_wconf 87' lang='lat' dir='ltr'><strong>evitans</strong></span> <span class='ocrx_word' id='word_1_568' title='bbox 1927 3628 2067 3684; x_wconf 89' lang='lat' dir='ltr'><strong>hanc</strong></span> <span class='ocrx_word' id='word_1_569' title='bbox 2099 3627 2247 3682; x_wconf 88' lang='lat' dir='ltr'><strong>velut</strong></span> <span class='ocrx_word' id='word_1_570' title='bbox 2349 3641 2678 3702; x_wconf 90' lang='lat' dir='ltr'><strong>spectemus.</strong></span> 
     </span>
    </p>
   </div>
   <div class='ocr_carea' id='block_1_39' title="bbox 637 3714 3914 3795">
    <p class='ocr_par' dir='ltr' id='par_1_39' title="bbox 637 3714 3914 3795">
     <span class='ocr_line' id='line_1_39' title="bbox 637 3714 3914 3795; baseline -0.004 -13"><span class='ocrx_word' id='word_1_571' title='bbox 637 3728 986 3784; x_wconf 90' lang='lat' dir='ltr'><strong>contrariam.</strong></span> <span class='ocrx_word' id='word_1_572' title='bbox 2423 3723 2602 3794; x_wconf 86' lang='lat' dir='ltr'><strong>(Vers.</strong></span> <span class='ocrx_word' id='word_1_573' title='bbox 2635 3724 2752 3794; x_wconf 80' lang='grc'><strong>11.)</strong></span> <span class='ocrx_word' id='word_1_574' title='bbox 2783 3724 3052 3795; x_wconf 86' lang='lat' dir='ltr'><strong>Scriptum</strong></span> <span class='ocrx_word' id='word_1_575' title='bbox 3082 3733 3155 3778; x_wconf 87' lang='lat' dir='ltr'><strong>est</strong></span> <span class='ocrx_word' id='word_1_576' title='bbox 3183 3724 3359 3779; x_wconf 81' lang='lat' dir='ltr'><strong>enim:</strong></span> <span class='ocrx_word' id='word_1_577' title='bbox 3385 3721 3515 3777; x_wconf 72' lang='lat' dir='ltr'><strong>Vivo</strong></span> <span class='ocrx_word' id='word_1_578' title='bbox 3543 3737 3660 3795; x_wconf 88' lang='lat' dir='ltr'><strong>ego,</strong></span> <span class='ocrx_word' id='word_1_579' title='bbox 3687 3719 3810 3774; x_wconf 84' lang='lat' dir='ltr'><strong>dicit</strong></span> <span class='ocrx_word' id='word_1_580' title='bbox 3832 3714 3914 3770; x_wconf 86' lang='lat' dir='ltr'><strong>Do-</strong></span> 
     </span>
    </p>
   </div>
   <div class='ocr_carea' id='block_1_40' title="bbox 703 3811 3916 3893">
    <p class='ocr_par' dir='ltr' id='par_1_40' title="bbox 703 3811 3916 3893">
     <span class='ocr_line' id='line_1_40' title="bbox 703 3811 3916 3893; baseline -0.002 -17"><span class='ocrx_word' id='word_1_581' title='bbox 703 3819 898 3886; x_wconf 84' lang='lat' dir='ltr'><strong>(Vers.</strong></span> <span class='ocrx_word' id='word_1_582' title='bbox 924 3819 1021 3892; x_wconf 81' lang='lat'><strong>5.)</strong></span> <span class='ocrx_word' id='word_1_583' title='bbox 1058 3819 1199 3875; x_wconf 86' lang='lat' dir='ltr'><strong>Nam</strong></span> <span class='ocrx_word' id='word_1_584' title='bbox 1250 3821 1388 3876; x_wconf 86' lang='lat' dir='ltr'><strong>alius</strong></span> <span class='ocrx_word' id='word_1_585' title='bbox 1434 3819 1641 3891; x_wconf 87' lang='lat' dir='ltr'><strong>quidem</strong></span> <span class='ocrx_word' id='word_1_586' title='bbox 1675 3819 1888 3893; x_wconf 86' lang='lat' dir='ltr'><strong>judicat</strong></span> <span class='ocrx_word' id='word_1_587' title='bbox 1931 3819 2069 3875; x_wconf 88' lang='lat' dir='ltr'><strong>diem</strong></span> <span class='ocrx_word' id='word_1_588' title='bbox 2113 3820 2247 3875; x_wconf 86' lang='lat' dir='ltr'><strong>inter</strong></span> <span class='ocrx_word' id='word_1_589' title='bbox 2350 3819 2544 3884; x_wconf 89' lang='lat' dir='ltr'><strong>minus,</strong></span> <span class='ocrx_word' id='word_1_590' title='bbox 2573 3821 2694 3890; x_wconf 88' lang='lat' dir='ltr'><strong>quia</strong></span> <span class='ocrx_word' id='word_1_591' title='bbox 2744 3819 2871 3872; x_wconf 87' lang='lat' dir='ltr'><strong>mihi</strong></span> <span class='ocrx_word' id='word_1_592' title='bbox 2897 3819 3137 3888; x_wconf 84' lang='lat' dir='ltr'><strong>ﬂectetur</strong></span> <span class='ocrx_word' id='word_1_593' title='bbox 3170 3833 3318 3872; x_wconf 86' lang='lat' dir='ltr'><strong>omne</strong></span> <span class='ocrx_word' id='word_1_594' title='bbox 3349 3834 3505 3892; x_wconf 87' lang='lat' dir='ltr'><strong>genu,</strong></span> <span class='ocrx_word' id='word_1_595' title='bbox 3549 3827 3598 3872; x_wconf 86' lang='lat' dir='ltr'><strong>et</strong></span> <span class='ocrx_word' id='word_1_596' title='bbox 3625 3811 3916 3885; x_wconf 58' lang='lat' dir='ltr'><strong>con/itali“!!!</strong></span> 
     </span>
    </p>
   </div>
   <div class='ocr_carea' id='block_1_41' title="bbox 635 3901 3915 3985">
    <p class='ocr_par' dir='ltr' id='par_1_41' title="bbox 635 3901 3915 3985">
     <span class='ocr_line' id='line_1_41' title="bbox 635 3901 3915 3985; baseline -0.002 -21"><span class='ocrx_word' id='word_1_597' title='bbox 635 3911 813 3966; x_wconf 89' lang='lat' dir='ltr'><strong>diem:</strong></span> <span class='ocrx_word' id='word_1_598' title='bbox 845 3911 950 3967; x_wconf 92' lang='lat' dir='ltr'><strong>hoc</strong></span> <span class='ocrx_word' id='word_1_599' title='bbox 975 3922 1083 3979; x_wconf 92' lang='lat' dir='ltr'><strong>est,</strong></span> <span class='ocrx_word' id='word_1_600' title='bbox 1114 3913 1277 3968; x_wconf 90' lang='lat' dir='ltr'><strong>alicui</strong></span> <span class='ocrx_word' id='word_1_601' title='bbox 1315 3912 1497 3983; x_wconf 89' lang='lat' dir='ltr'><strong>placet</strong></span> <span class='ocrx_word' id='word_1_602' title='bbox 1524 3911 1863 3982; x_wconf 87' lang='lat' dir='ltr'><strong>interpositis</strong></span> <span class='ocrx_word' id='word_1_603' title='bbox 1890 3912 2086 3968; x_wconf 90' lang='lat' dir='ltr'><strong>diebus</strong></span> <span class='ocrx_word' id='word_1_604' title='bbox 2117 3912 2248 3968; x_wconf 89' lang='lat' dir='ltr'><strong>ede-</strong></span> <span class='ocrx_word' id='word_1_605' title='bbox 2351 3913 2516 3966; x_wconf 85' lang='lat' dir='ltr'><strong>omnis</strong></span> <span class='ocrx_word' id='word_1_606' title='bbox 2543 3913 2722 3984; x_wconf 85' lang='lat' dir='ltr'><strong>lingua</strong></span> <span class='ocrx_word' id='word_1_607' title='bbox 2751 3911 2862 3967; x_wconf 86' lang='lat' dir='ltr'><strong>Deo</strong></span> <span class='ocrx_word' id='word_1_608' title='bbox 2888 3909 3060 3985; x_wconf 88' lang='lat' dir='ltr'><strong>(Esai.</strong></span> <span class='ocrx_word' id='word_1_609' title='bbox 3092 3927 3218 3980; x_wconf 71' lang='lat' dir='ltr'><strong>xcv,</strong></span> <span class='ocrx_word' id='word_1_610' title='bbox 3241 3909 3356 3982; x_wconf 68' lang='lat'><strong>21.).</strong></span> <span class='ocrx_word' id='word_1_611' title='bbox 3386 3911 3500 3966; x_wconf 87' lang='lat' dir='ltr'><strong>Hoc</strong></span> <span class='ocrx_word' id='word_1_612' title='bbox 3528 3908 3586 3965; x_wconf 88' lang='lat' dir='ltr'><strong>in</strong></span> <span class='ocrx_word' id='word_1_613' title='bbox 3627 3908 3787 3964; x_wconf 87' lang='lat' dir='ltr'><strong>Esaia</strong></span> <span class='ocrx_word' id='word_1_614' title='bbox 3811 3901 3915 3959; x_wconf 44' lang='lat' dir='ltr'><strong>seri.</strong></span> 
     </span>
    </p>
   </div>
   <div class='ocr_carea' id='block_1_42' title="bbox 637 3994 3915 4078">
    <p class='ocr_par' dir='ltr' id='par_1_42' title="bbox 637 3994 3915 4078">
     <span class='ocr_line' id='line_1_42' title="bbox 637 3994 3915 4078; baseline -0.003 -18"><span class='ocrx_word' id='word_1_615' title='bbox 637 4019 720 4060; x_wconf 88' lang='lat' dir='ltr'><strong>re.</strong></span> <span class='ocrx_word' id='word_1_616' title='bbox 749 4003 884 4060; x_wconf 88' lang='lat' dir='ltr'><strong>Nam</strong></span> <span class='ocrx_word' id='word_1_617' title='bbox 913 4014 1044 4061; x_wconf 89' lang='lat' dir='ltr'><strong>sunt</strong></span> <span class='ocrx_word' id='word_1_618' title='bbox 1072 4006 1314 4076; x_wconf 89' lang='lat' dir='ltr'><strong>quidam,</strong></span> <span class='ocrx_word' id='word_1_619' title='bbox 1342 4010 1369 4038; x_wconf 80' lang='grc'><strong>⁸</strong></span> <span class='ocrx_word' id='word_1_620' title='bbox 1395 4005 1485 4076; x_wconf 92' lang='lat' dir='ltr'><strong>qui</strong></span> <span class='ocrx_word' id='word_1_621' title='bbox 1505 4014 1698 4075; x_wconf 89' lang='lat' dir='ltr'><strong>quarta</strong></span> <span class='ocrx_word' id='word_1_622' title='bbox 1727 4005 1859 4060; x_wconf 80' lang='lat' dir='ltr'><strong>feria</strong></span> <span class='ocrx_word' id='word_1_623' title='bbox 1889 4021 2108 4061; x_wconf 89' lang='lat' dir='ltr'><strong>carnem</strong></span> <span class='ocrx_word' id='word_1_624' title='bbox 2137 4020 2242 4061; x_wconf 91' lang='lat' dir='ltr'><strong>non</strong></span> <span class='ocrx_word' id='word_1_625' title='bbox 2350 4016 2501 4078; x_wconf 92' lang='lat' dir='ltr'><strong>ptum</strong></span> <span class='ocrx_word' id='word_1_626' title='bbox 2532 4015 2643 4071; x_wconf 92' lang='lat' dir='ltr'><strong>est;</strong></span> <span class='ocrx_word' id='word_1_627' title='bbox 2677 4007 2800 4077; x_wconf 90' lang='lat' dir='ltr'><strong>quia</strong></span> <span class='ocrx_word' id='word_1_628' title='bbox 2830 4007 3006 4062; x_wconf 91' lang='lat' dir='ltr'><strong>omnis</strong></span> <span class='ocrx_word' id='word_1_629' title='bbox 3036 4006 3219 4076; x_wconf 88' lang='lat' dir='ltr'><strong>lingua</strong></span> <span class='ocrx_word' id='word_1_630' title='bbox 3247 4003 3601 4060; x_wconf 82' lang='lat' dir='ltr'><strong>conﬁtebitur</strong></span> <span class='ocrx_word' id='word_1_631' title='bbox 3623 4003 3734 4058; x_wconf 85' lang='lat' dir='ltr'><strong>Deo</strong></span> <span class='ocrx_word' id='word_1_632' title='bbox 3761 4001 3812 4055; x_wconf 90' lang='lat' dir='ltr'><strong>in</strong></span> <span class='ocrx_word' id='word_1_633' title='bbox 3833 3994 3915 4052; x_wconf 83' lang='lat' dir='ltr'><strong>ﬁde</strong></span> 
     </span>
    </p>
   </div>
   <div class='ocr_carea' id='block_1_43' title="bbox 635 4091 3914 4176">
    <p class='ocr_par' dir='ltr' id='par_1_43' title="bbox 635 4091 3914 4176">
     <span class='ocr_line' id='line_1_43' title="bbox 635 4091 3914 4176; baseline 0 -24"><span class='ocrx_word' id='word_1_634' title='bbox 635 4097 903 4176; x_wconf 78' lang='lat' dir='ltr'><strong>edendam</strong></span> <span class='ocrx_word' id='word_1_635' title='bbox 934 4106 1281 4165; x_wconf 89' lang='lat' dir='ltr'><strong>statuerunt;</strong></span> <span class='ocrx_word' id='word_1_636' title='bbox 1312 4105 1441 4154; x_wconf 88' lang='lat' dir='ltr'><strong>sunt</strong></span> <span class='ocrx_word' id='word_1_637' title='bbox 1470 4098 1562 4167; x_wconf 89' lang='lat' dir='ltr'><strong>qui</strong></span> <span class='ocrx_word' id='word_1_638' title='bbox 1589 4097 1856 4160; x_wconf 89' lang='lat' dir='ltr'><strong>sabbatis,</strong></span> <span class='ocrx_word' id='word_1_639' title='bbox 1887 4107 2014 4153; x_wconf 90' lang='lat' dir='ltr'><strong>sunt</strong></span> <span class='ocrx_word' id='word_1_640' title='bbox 2045 4099 2242 4154; x_wconf 89' lang='lat' dir='ltr'><strong>iterum</strong></span> <span class='ocrx_word' id='word_1_641' title='bbox 2349 4100 2572 4157; x_wconf 86' lang='lat' dir='ltr'><strong>Christi.</strong></span> <span class='ocrx_word' id='word_1_642' title='bbox 2607 4111 2629 4137; x_wconf 79' lang='grc' dir='ltr'><strong>ο</strong></span> <span class='ocrx_word' id='word_1_643' title='bbox 2675 4100 2812 4156; x_wconf 86' lang='lat' dir='ltr'><strong>Nam</strong></span> <span class='ocrx_word' id='word_1_644' title='bbox 2860 4103 2983 4172; x_wconf 90' lang='lat' dir='ltr'><strong>quia</strong></span> <span class='ocrx_word' id='word_1_645' title='bbox 3014 4101 3229 4156; x_wconf 87' lang='lat' dir='ltr'><strong>occisus</strong></span> <span class='ocrx_word' id='word_1_646' title='bbox 3274 4099 3584 4156; x_wconf 84' lang='lat' dir='ltr'><strong>resurrexit</strong></span> <span class='ocrx_word' id='word_1_647' title='bbox 3614 4097 3819 4154; x_wconf 82' lang='lat' dir='ltr'><strong>futurus</strong></span> <span class='ocrx_word' id='word_1_648' title='bbox 3844 4091 3914 4162; x_wconf 79' lang='lat' dir='ltr'><strong>ill-</strong></span> 
     </span>
    </p>
   </div>
   <div class='ocr_carea' id='block_1_44' title="bbox 635 4185 3914 4266">
    <p class='ocr_par' dir='ltr' id='par_1_44' title="bbox 635 4185 3914 4266">
     <span class='ocr_line' id='line_1_44' title="bbox 635 4185 3914 4266; baseline -0.001 -22"><span class='ocrx_word' id='word_1_649' title='bbox 635 4190 730 4259; x_wconf 89' lang='lat' dir='ltr'><strong>qui</strong></span> <span class='ocrx_word' id='word_1_650' title='bbox 759 4204 787 4244; x_wconf 84' lang='lat' dir='ltr'><strong>a</strong></span> <span class='ocrx_word' id='word_1_651' title='bbox 818 4191 1020 4261; x_wconf 86' lang='lat' dir='ltr'><strong>pascha</strong></span> <span class='ocrx_word' id='word_1_652' title='bbox 1051 4206 1225 4262; x_wconf 90' lang='lat' dir='ltr'><strong>usque</strong></span> <span class='ocrx_word' id='word_1_653' title='bbox 1251 4191 1316 4246; x_wconf 91' lang='lat' dir='ltr'><strong>ad</strong></span> <span class='ocrx_word' id='word_1_654' title='bbox 1341 4198 1696 4263; x_wconf 87' lang='lat' dir='ltr'><strong>pentecosten</strong></span> <span class='ocrx_word' id='word_1_655' title='bbox 1725 4190 1911 4246; x_wconf 90' lang='lat' dir='ltr'><strong>edant.</strong></span> <span class='ocrx_word' id='word_1_656' title='bbox 2347 4193 2476 4260; x_wconf 82' lang='lat' dir='ltr'><strong>(lex,</strong></span> <span class='ocrx_word' id='word_1_657' title='bbox 2499 4203 2649 4250; x_wconf 88' lang='lat' dir='ltr'><strong>recte</strong></span> <span class='ocrx_word' id='word_1_658' title='bbox 2678 4193 2754 4250; x_wconf 90' lang='lat' dir='ltr'><strong>ait</strong></span> <span class='ocrx_word' id='word_1_659' title='bbox 2778 4211 2791 4248; x_wconf 90' lang='lat'><strong>:</strong></span> <span class='ocrx_word' id='word_1_660' title='bbox 2820 4193 2950 4248; x_wconf 74' lang='lat' dir='ltr'><strong>Vivo</strong></span> <span class='ocrx_word' id='word_1_661' title='bbox 2971 4210 3083 4266; x_wconf 87' lang='lat' dir='ltr'><strong>ego,</strong></span> <span class='ocrx_word' id='word_1_662' title='bbox 3103 4193 3228 4248; x_wconf 88' lang='lat' dir='ltr'><strong>dicit</strong></span> <span class='ocrx_word' id='word_1_663' title='bbox 3253 4191 3543 4258; x_wconf 86' lang='lat' dir='ltr'><strong>Dominus;</strong></span> <span class='ocrx_word' id='word_1_664' title='bbox 3565 4201 3622 4248; x_wconf 92' lang='lat' dir='ltr'><strong>et</strong></span> <span class='ocrx_word' id='word_1_665' title='bbox 3642 4206 3747 4246; x_wconf 91' lang='lat' dir='ltr'><strong>non</strong></span> <span class='ocrx_word' id='word_1_666' title='bbox 3769 4185 3914 4243; x_wconf 86' lang='lat' dir='ltr'><strong>solum</strong></span> 
     </span>
    </p>
   </div>
   <div class='ocr_carea' id='block_1_45' title="bbox 713 4281 3915 4360">
    <p class='ocr_par' dir='ltr' id='par_1_45' title="bbox 713 4281 3915 4360">
     <span class='ocr_line' id='line_1_45' title="bbox 713 4281 3915 4360; baseline -0.001 -21"><span class='ocrx_word' id='word_1_667' title='bbox 713 4284 866 4340; x_wconf 83' lang='lat' dir='ltr'><strong>Atius</strong></span> <span class='ocrx_word' id='word_1_668' title='bbox 888 4294 1061 4341; x_wconf 86' lang='lat' dir='ltr'><strong>autem</strong></span> <span class='ocrx_word' id='word_1_669' title='bbox 1083 4285 1294 4354; x_wconf 85' lang='lat' dir='ltr'><strong>judicat</strong></span> <span class='ocrx_word' id='word_1_670' title='bbox 1317 4301 1520 4339; x_wconf 78' lang='lat' dir='ltr'><strong>omnem</strong></span> <span class='ocrx_word' id='word_1_671' title='bbox 1549 4285 1703 4340; x_wconf 82' lang='lat' dir='ltr'><strong>diem.</strong></span> <span class='ocrx_word' id='word_1_672' title='bbox 1739 4284 1835 4340; x_wconf 92' lang='lat' dir='ltr'><strong>llic</strong></span> <span class='ocrx_word' id='word_1_673' title='bbox 1853 4300 2071 4341; x_wconf 87' lang='lat' dir='ltr'><strong>omnem</strong></span> <span class='ocrx_word' id='word_1_674' title='bbox 2096 4285 2239 4341; x_wconf 81' lang='lat' dir='ltr'><strong>diem</strong></span> <span class='ocrx_word' id='word_1_675' title='bbox 2348 4292 2489 4357; x_wconf 83' lang='lat' dir='ltr'><strong>vivo,</strong></span> <span class='ocrx_word' id='word_1_676' title='bbox 2523 4290 2620 4346; x_wconf 84' lang='lat' dir='ltr'><strong>sed</strong></span> <span class='ocrx_word' id='word_1_677' title='bbox 2647 4299 2702 4348; x_wconf 90' lang='lat' dir='ltr'><strong>et</strong></span> <span class='ocrx_word' id='word_1_678' title='bbox 2723 4290 3067 4360; x_wconf 73' lang='lat' dir='ltr'><strong>iudicaturus</strong></span> <span class='ocrx_word' id='word_1_679' title='bbox 3093 4303 3236 4354; x_wconf 88' lang='lat' dir='ltr'><strong>sum,</strong></span> <span class='ocrx_word' id='word_1_680' title='bbox 3268 4285 3287 4325; x_wconf 77' lang='grc' dir='ltr'><em>τ</em></span> <span class='ocrx_word' id='word_1_681' title='bbox 3333 4296 3388 4342; x_wconf 89' lang='lat' dir='ltr'><strong>et</strong></span> <span class='ocrx_word' id='word_1_682' title='bbox 3416 4286 3629 4341; x_wconf 91' lang='lat' dir='ltr'><strong>inimici</strong></span> <span class='ocrx_word' id='word_1_683' title='bbox 3657 4281 3915 4354; x_wconf 79' lang='lat' dir='ltr'><strong>stupebunt</strong></span> 
     </span>
    </p>
   </div>
   <div class='ocr_carea' id='block_1_46' title="bbox 632 4369 3915 4458">
    <p class='ocr_par' dir='ltr' id='par_1_46' title="bbox 632 4369 3915 4458">
     <span class='ocr_line' id='line_1_46' title="bbox 632 4369 3915 4458; baseline -0.003 -24"><span class='ocrx_word' id='word_1_684' title='bbox 632 4377 866 4450; x_wconf 89' lang='lat' dir='ltr'><strong>judicat,</strong></span> <span class='ocrx_word' id='word_1_685' title='bbox 899 4379 990 4450; x_wconf 89' lang='lat' dir='ltr'><strong>qui</strong></span> <span class='ocrx_word' id='word_1_686' title='bbox 1020 4393 1318 4449; x_wconf 86' lang='lat' dir='ltr'><strong>numquam</strong></span> <span class='ocrx_word' id='word_1_687' title='bbox 1346 4376 1480 4434; x_wconf 91' lang='lat' dir='ltr'><strong>edit.</strong></span> <span class='ocrx_word' id='word_1_688' title='bbox 1530 4376 1892 4451; x_wconf 84' lang='lat' dir='ltr'><strong>Unusquisque</strong></span> <span class='ocrx_word' id='word_1_689' title='bbox 1916 4379 1968 4434; x_wconf 90' lang='lat' dir='ltr'><strong>in</strong></span> <span class='ocrx_word' id='word_1_690' title='bbox 1997 4397 2092 4435; x_wconf 84' lang='lat' dir='ltr'><strong>suo</strong></span> <span class='ocrx_word' id='word_1_691' title='bbox 2127 4397 2242 4434; x_wconf 84' lang='lat' dir='ltr'><strong>sen-</strong></span> <span class='ocrx_word' id='word_1_692' title='bbox 2346 4387 2402 4444; x_wconf 83' lang='lat' dir='ltr'><strong>in</strong></span> <span class='ocrx_word' id='word_1_693' title='bbox 2432 4401 2550 4455; x_wconf 87' lang='lat' dir='ltr'><strong>me,</strong></span> <span class='ocrx_word' id='word_1_694' title='bbox 2579 4395 2634 4443; x_wconf 83' lang='lat' dir='ltr'><strong>et</strong></span> <span class='ocrx_word' id='word_1_695' title='bbox 2663 4401 2806 4458; x_wconf 74' lang='lat' dir='ltr'><strong>genu</strong></span> <span class='ocrx_word' id='word_1_696' title='bbox 2835 4383 3090 4451; x_wconf 85' lang='lat' dir='ltr'><strong>ﬂectent,</strong></span> <span class='ocrx_word' id='word_1_697' title='bbox 3120 4388 3520 4454; x_wconf 89' lang='lat' dir='ltr'><strong>cognoscentes</strong></span> <span class='ocrx_word' id='word_1_698' title='bbox 3545 4393 3635 4435; x_wconf 88' lang='lat' dir='ltr'><strong>me</strong></span> <span class='ocrx_word' id='word_1_699' title='bbox 3667 4378 3824 4434; x_wconf 88' lang='lat' dir='ltr'><strong>Deum</strong></span> <span class='ocrx_word' id='word_1_700' title='bbox 3861 4369 3915 4426; x_wconf 82' lang='lat' dir='ltr'><strong>de</strong></span> 
     </span>
    </p>
   </div>
   <div class='ocr_carea' id='block_1_47' title="bbox 638 4472 2480 4543">
    <p class='ocr_par' dir='ltr' id='par_1_47' title="bbox 638 4472 2480 4543">
     <span class='ocr_line' id='line_1_47' title="bbox 638 4472 2480 4543; baseline 0.002 -15"><span class='ocrx_word' id='word_1_701' title='bbox 638 4489 703 4528; x_wconf 88' lang='lat' dir='ltr'><strong>su</strong></span> <span class='ocrx_word' id='word_1_702' title='bbox 731 4473 1000 4528; x_wconf 89' lang='lat' dir='ltr'><strong>abundet:</strong></span> <span class='ocrx_word' id='word_1_703' title='bbox 1029 4472 1131 4530; x_wconf 92' lang='lat' dir='ltr'><strong>hoc</strong></span> <span class='ocrx_word' id='word_1_704' title='bbox 1157 4481 1244 4530; x_wconf 89' lang='lat' dir='ltr'><strong>est</strong></span> <span class='ocrx_word' id='word_1_705' title='bbox 1268 4514 1284 4540; x_wconf 94' lang='lat'><strong>,</strong></span> <span class='ocrx_word' id='word_1_706' title='bbox 1315 4472 1687 4543; x_wconf 84' lang='lat' dir='ltr'><strong>unusquisque</strong></span> <span class='ocrx_word' id='word_1_707' title='bbox 1734 4485 1834 4527; x_wconf 89' lang='lat' dir='ltr'><strong>suo</strong></span> <span class='ocrx_word' id='word_1_708' title='bbox 1873 4473 2104 4528; x_wconf 92' lang='lat' dir='ltr'><strong>consilio</strong></span> <span class='ocrx_word' id='word_1_709' title='bbox 2153 4489 2241 4531; x_wconf 87' lang='lat' dir='ltr'><strong>re-</strong></span> <span class='ocrx_word' id='word_1_710' title='bbox 2344 4480 2480 4537; x_wconf 88' lang='lat' dir='ltr'><strong>Deo.</strong></span> 
     </span>
    </p>
   </div>
   <div class='ocr_carea' id='block_1_48' title="bbox 641 4560 3916 4647">
    <p class='ocr_par' dir='ltr' id='par_1_48' title="bbox 641 4560 3916 4647">
     <span class='ocr_line' id='line_1_48' title="bbox 641 4560 3916 4647; baseline -0.003 -13"><span class='ocrx_word' id='word_1_711' title='bbox 641 4567 909 4621; x_wconf 67' lang='grc' dir='ltr'><strong>ῐηίιιθιυτ·</strong></span> <span class='ocrx_word' id='word_1_712' title='bbox 2267 4560 2322 4621; x_wconf 88' lang='grc' dir='ltr'><strong>Ῑ)</strong></span> <span class='ocrx_word' id='word_1_713' title='bbox 2419 4573 2599 4646; x_wconf 80' lang='lat' dir='ltr'><strong>(Vers.</strong></span> <span class='ocrx_word' id='word_1_714' title='bbox 2637 4574 2751 4646; x_wconf 73' lang='grc'><strong>12.)</strong></span> <span class='ocrx_word' id='word_1_715' title='bbox 2779 4573 2965 4647; x_wconf 86' lang='lat' dir='ltr'><strong>Itaque</strong></span> <span class='ocrx_word' id='word_1_716' title='bbox 2991 4572 3339 4644; x_wconf 87' lang='lat' dir='ltr'><strong>unusquisque</strong></span> <span class='ocrx_word' id='word_1_717' title='bbox 3383 4581 3623 4628; x_wconf 87' lang='lat' dir='ltr'><strong>nostrum</strong></span> <span class='ocrx_word' id='word_1_718' title='bbox 3657 4587 3750 4644; x_wconf 88' lang='lat' dir='ltr'><strong>pro</strong></span> <span class='ocrx_word' id='word_1_719' title='bbox 3776 4583 3826 4625; x_wconf 81' lang='lat' dir='ltr'><strong>se</strong></span> <span class='ocrx_word' id='word_1_720' title='bbox 3850 4579 3916 4618; x_wconf 69' lang='grc' dir='ltr'><strong>να·</strong></span> 
     </span>
    </p>
   </div>
   <div class='ocr_carea' id='block_1_49' title="bbox 710 4655 3915 4737">
    <p class='ocr_par' dir='ltr' id='par_1_49' title="bbox 710 4655 3915 4737">
     <span class='ocr_line' id='line_1_49' title="bbox 710 4655 3915 4737; baseline 0 -21"><span class='ocrx_word' id='word_1_721' title='bbox 710 4660 893 4735; x_wconf 84' lang='lat' dir='ltr'><strong>(Vers.</strong></span> <span class='ocrx_word' id='word_1_722' title='bbox 915 4660 998 4734; x_wconf 90' lang='lat'><strong>6.)</strong></span> <span class='ocrx_word' id='word_1_723' title='bbox 1026 4663 1127 4731; x_wconf 83' lang='lat' dir='ltr'><strong>Qui</strong></span> <span class='ocrx_word' id='word_1_724' title='bbox 1149 4664 1286 4736; x_wconf 83' lang='lat' dir='ltr'><strong>sapit</strong></span> <span class='ocrx_word' id='word_1_725' title='bbox 1304 4662 1462 4733; x_wconf 87' lang='lat' dir='ltr'><strong>diem,</strong></span> <span class='ocrx_word' id='word_1_726' title='bbox 1485 4662 1709 4718; x_wconf 88' lang='lat' dir='ltr'><strong>Domino</strong></span> <span class='ocrx_word' id='word_1_727' title='bbox 1729 4663 1884 4733; x_wconf 82' lang='lat' dir='ltr'><strong>sapit.</strong></span> <span class='ocrx_word' id='word_1_728' title='bbox 1904 4660 2105 4719; x_wconf 85' lang='lat' dir='ltr'><strong>Verum</strong></span> <span class='ocrx_word' id='word_1_729' title='bbox 2131 4672 2236 4730; x_wconf 89' lang='lat' dir='ltr'><strong>est,</strong></span> <span class='ocrx_word' id='word_1_730' title='bbox 2347 4668 2535 4724; x_wconf 84' lang='lat' dir='ltr'><strong>tionem</strong></span> <span class='ocrx_word' id='word_1_731' title='bbox 2562 4669 2742 4724; x_wconf 83' lang='lat' dir='ltr'><strong>reddet</strong></span> <span class='ocrx_word' id='word_1_732' title='bbox 2771 4667 2901 4724; x_wconf 87' lang='lat' dir='ltr'><strong>Deo.</strong></span> <span class='ocrx_word' id='word_1_733' title='bbox 2944 4666 3234 4735; x_wconf 87' lang='lat' dir='ltr'><strong>Quoniam,</strong></span> <span class='ocrx_word' id='word_1_734' title='bbox 3269 4665 3469 4737; x_wconf 89' lang='lat' dir='ltr'><strong>inquit,</strong></span> <span class='ocrx_word' id='word_1_735' title='bbox 3517 4679 3617 4721; x_wconf 92' lang='lat' dir='ltr'><strong>nos</strong></span> <span class='ocrx_word' id='word_1_736' title='bbox 3663 4677 3760 4736; x_wconf 93' lang='lat' dir='ltr'><strong>pro</strong></span> <span class='ocrx_word' id='word_1_737' title='bbox 3785 4655 3915 4716; x_wconf 84' lang='lat' dir='ltr'><strong>nobis</strong></span> 
     </span>
    </p>
   </div>
   <div class='ocr_carea' id='block_1_50' title="bbox 638 4745 4005 4829">
    <p class='ocr_par' dir='ltr' id='par_1_50' title="bbox 638 4745 4005 4829">
     <span class='ocr_line' id='line_1_50' title="bbox 638 4745 4005 4829; baseline -0.002 -21"><span class='ocrx_word' id='word_1_738' title='bbox 638 4752 764 4823; x_wconf 85' lang='lat' dir='ltr'><strong>quia</strong></span> <span class='ocrx_word' id='word_1_739' title='bbox 795 4754 886 4824; x_wconf 89' lang='lat' dir='ltr'><strong>qui</strong></span> <span class='ocrx_word' id='word_1_740' title='bbox 907 4769 1128 4826; x_wconf 90' lang='lat' dir='ltr'><strong>semper</strong></span> <span class='ocrx_word' id='word_1_741' title='bbox 1150 4755 1434 4812; x_wconf 86' lang='lat' dir='ltr'><strong>abstinens</strong></span> <span class='ocrx_word' id='word_1_742' title='bbox 1465 4766 1571 4820; x_wconf 89' lang='lat' dir='ltr'><strong>est,</strong></span> <span class='ocrx_word' id='word_1_743' title='bbox 1601 4755 1712 4812; x_wconf 90' lang='lat' dir='ltr'><strong>Deo</strong></span> <span class='ocrx_word' id='word_1_744' title='bbox 1739 4755 1955 4827; x_wconf 87' lang='lat' dir='ltr'><strong>placere</strong></span> <span class='ocrx_word' id='word_1_745' title='bbox 1978 4773 2038 4814; x_wconf 88' lang='lat' dir='ltr'><strong>se</strong></span> <span class='ocrx_word' id='word_1_746' title='bbox 2064 4764 2236 4829; x_wconf 88' lang='lat' dir='ltr'><strong>putat.</strong></span> <span class='ocrx_word' id='word_1_747' title='bbox 2348 4761 2580 4816; x_wconf 82' lang='lat' dir='ltr'><strong>invicem</strong></span> <span class='ocrx_word' id='word_1_748' title='bbox 2621 4761 2887 4818; x_wconf 86' lang='lat' dir='ltr'><strong>reddituri</strong></span> <span class='ocrx_word' id='word_1_749' title='bbox 2932 4775 3124 4817; x_wconf 91' lang='lat' dir='ltr'><strong>sumus</strong></span> <span class='ocrx_word' id='word_1_750' title='bbox 3153 4759 3422 4816; x_wconf 89' lang='lat' dir='ltr'><strong>rationem</strong></span> <span class='ocrx_word' id='word_1_751' title='bbox 3444 4799 3459 4824; x_wconf 93' lang='lat'><strong>,</strong></span> <span class='ocrx_word' id='word_1_752' title='bbox 3491 4773 3602 4814; x_wconf 92' lang='lat' dir='ltr'><strong>non</strong></span> <span class='ocrx_word' id='word_1_753' title='bbox 3633 4771 3731 4813; x_wconf 89' lang='lat' dir='ltr'><strong>nos</strong></span> <span class='ocrx_word' id='word_1_754' title='bbox 3759 4755 3810 4810; x_wconf 93' lang='lat' dir='ltr'><strong>in</strong></span> <span class='ocrx_word' id='word_1_755' title='bbox 3835 4751 3914 4805; x_wconf 80' lang='lat' dir='ltr'><strong>hac</strong></span> <span class='ocrx_word' id='word_1_756' title='bbox 4004 4745 4005 4818; x_wconf 57' lang='grc' dir='ltr'>ξ</span> 
     </span>
    </p>
   </div>
   <div class='ocr_carea' id='block_1_51' title="bbox 595 4842 3914 4928">
    <p class='ocr_par' dir='ltr' id='par_1_51' title="bbox 595 4842 3914 4928">
     <span class='ocr_line' id='line_1_51' title="bbox 595 4842 3914 4928; baseline 0 -28"><span class='ocrx_word' id='word_1_757' title='bbox 595 4865 601 4871; x_wconf 93' lang='grc'><strong>·</strong></span> <span class='ocrx_word' id='word_1_758' title='bbox 644 4842 714 4900; x_wconf 88' lang='lat' dir='ltr'><strong>Et</strong></span> <span class='ocrx_word' id='word_1_759' title='bbox 743 4845 829 4917; x_wconf 87' lang='lat' dir='ltr'><strong>qtti</strong></span> <span class='ocrx_word' id='word_1_760' title='bbox 860 4845 1007 4914; x_wconf 87' lang='lat' dir='ltr'><strong>edit,</strong></span> <span class='ocrx_word' id='word_1_761' title='bbox 1043 4847 1265 4903; x_wconf 87' lang='lat' dir='ltr'><strong>Domino</strong></span> <span class='ocrx_word' id='word_1_762' title='bbox 1296 4849 1418 4903; x_wconf 84' lang='lat' dir='ltr'><strong>edit.</strong></span> <span class='ocrx_word' id='word_1_763' title='bbox 1452 4849 1682 4906; x_wconf 84' lang='lat' dir='ltr'><strong>Domino</strong></span> <span class='ocrx_word' id='word_1_764' title='bbox 1713 4850 1856 4919; x_wconf 91' lang='lat' dir='ltr'><strong>edit;</strong></span> <span class='ocrx_word' id='word_1_765' title='bbox 1887 4854 2009 4925; x_wconf 90' lang='lat' dir='ltr'><strong>quia</strong></span> <span class='ocrx_word' id='word_1_766' title='bbox 2041 4853 2242 4925; x_wconf 86' lang='lat' dir='ltr'><strong>gratias</strong></span> <span class='ocrx_word' id='word_1_767' title='bbox 2347 4865 2502 4925; x_wconf 86' lang='lat' dir='ltr'><strong>parte</strong></span> <span class='ocrx_word' id='word_1_768' title='bbox 2523 4894 2536 4920; x_wconf 94' lang='lat'><strong>,</strong></span> <span class='ocrx_word' id='word_1_769' title='bbox 2569 4870 2691 4925; x_wconf 79' lang='lat' dir='ltr'><strong>quae</strong></span> <span class='ocrx_word' id='word_1_770' title='bbox 2717 4869 2885 4928; x_wconf 90' lang='lat' dir='ltr'><strong>supra</strong></span> <span class='ocrx_word' id='word_1_771' title='bbox 2911 4855 3117 4926; x_wconf 90' lang='lat' dir='ltr'><strong>scripta</strong></span> <span class='ocrx_word' id='word_1_772' title='bbox 3151 4861 3265 4922; x_wconf 91' lang='lat' dir='ltr'><strong>est,</strong></span> <span class='ocrx_word' id='word_1_773' title='bbox 3319 4851 3644 4908; x_wconf 90' lang='lat' dir='ltr'><strong>alterutrum</strong></span> <span class='ocrx_word' id='word_1_774' title='bbox 3684 4844 3914 4906; x_wconf 86' lang='lat' dir='ltr'><strong>condem-</strong></span> 
     </span>
    </p>
   </div>
   <div class='ocr_carea' id='block_1_52' title="bbox 637 4935 2559 5013">
    <p class='ocr_par' dir='ltr' id='par_1_52' title="bbox 637 4935 2559 5013">
     <span class='ocr_line' id='line_1_52' title="bbox 637 4935 2559 5013; baseline 0.003 -18"><span class='ocrx_word' id='word_1_775' title='bbox 637 4937 751 5011; x_wconf 87' lang='lat' dir='ltr'><strong>agit</strong></span> <span class='ocrx_word' id='word_1_776' title='bbox 777 4935 1054 4995; x_wconf 88' lang='lat' dir='ltr'><strong>Creatori.</strong></span> <span class='ocrx_word' id='word_1_777' title='bbox 1107 4938 1173 4994; x_wconf 88' lang='lat' dir='ltr'><strong>Et</strong></span> <span class='ocrx_word' id='word_1_778' title='bbox 1202 4940 1292 5012; x_wconf 88' lang='lat' dir='ltr'><strong>qui</strong></span> <span class='ocrx_word' id='word_1_779' title='bbox 1336 4956 1438 4996; x_wconf 88' lang='lat' dir='ltr'><strong>non</strong></span> <span class='ocrx_word' id='word_1_780' title='bbox 1467 4941 1607 5010; x_wconf 87' lang='lat' dir='ltr'><strong>edit,</strong></span> <span class='ocrx_word' id='word_1_781' title='bbox 1638 4939 1864 4999; x_wconf 88' lang='lat' dir='ltr'><strong>Domino</strong></span> <span class='ocrx_word' id='word_1_782' title='bbox 1895 4961 1999 5002; x_wconf 89' lang='lat' dir='ltr'><strong>non</strong></span> <span class='ocrx_word' id='word_1_783' title='bbox 2023 4947 2158 5013; x_wconf 87' lang='lat' dir='ltr'><strong>edit,</strong></span> <span class='ocrx_word' id='word_1_784' title='bbox 2193 4957 2242 5002; x_wconf 89' lang='lat' dir='ltr'><strong>et</strong></span> <span class='ocrx_word' id='word_1_785' title='bbox 2347 4961 2559 5003; x_wconf 90' lang='lat' dir='ltr'><strong>nemus.</strong></span> 
     </span>
    </p>
   </div>
   <div class='ocr_carea' id='block_1_53' title="bbox 670 5142 4005 5228">
    <p class='ocr_par' dir='ltr' id='par_1_53' title="bbox 670 5142 4005 5228">
     <span class='ocr_line' id='line_1_53' title="bbox 670 5142 4005 5228; baseline 0.002 -33"><span class='ocrx_word' id='word_1_786' title='bbox 670 5213 682 5226; x_wconf 42' lang='lat'><strong>.</strong></span> <span class='ocrx_word' id='word_1_787' title='bbox 709 5143 870 5228; x_wconf 40' lang='lat' dir='ltr'><strong>{Ms</strong></span> <span class='ocrx_word' id='word_1_788' title='bbox 890 5142 1066 5228; x_wconf 48' lang='lat' dir='ltr'><strong>.Carn.</strong></span> <span class='ocrx_word' id='word_1_789' title='bbox 1099 5150 1158 5200; x_wconf 89' lang='lat' dir='ltr'><strong>et</strong></span> <span class='ocrx_word' id='word_1_790' title='bbox 1187 5142 1279 5198; x_wconf 90' lang='lat' dir='ltr'><strong>alii</strong></span> <span class='ocrx_word' id='word_1_791' title='bbox 1300 5143 1525 5228; x_wconf 68' lang='lat' dir='ltr'><strong>aliquot,</strong></span> <span class='ocrx_word' id='word_1_792' title='bbox 1548 5147 1636 5216; x_wconf 87' lang='lat' dir='ltr'><strong>qui</strong></span> <span class='ocrx_word' id='word_1_793' title='bbox 1664 5149 1813 5202; x_wconf 88' lang='lat' dir='ltr'><strong>tertia</strong></span> <span class='ocrx_word' id='word_1_794' title='bbox 1841 5151 1989 5221; x_wconf 81' lang='lat' dir='ltr'><strong>feria.</strong></span> <span class='ocrx_word' id='word_1_795' title='bbox 2016 5151 2080 5208; x_wconf 86' lang='lat' dir='ltr'><strong>Et</strong></span> <span class='ocrx_word' id='word_1_796' title='bbox 2101 5169 2231 5228; x_wconf 84' lang='lat' dir='ltr'><strong>pau—</strong></span> <span class='ocrx_word' id='word_1_797' title='bbox 2343 5152 2424 5208; x_wconf 74' lang='lat' dir='ltr'><strong>ira</strong></span> <span class='ocrx_word' id='word_1_798' title='bbox 2442 5167 2672 5228; x_wconf 84' lang='lat' dir='ltr'><strong>quoque</strong></span> <span class='ocrx_word' id='word_1_799' title='bbox 2703 5154 2796 5212; x_wconf 91' lang='lat' dir='ltr'><strong>ubi</strong></span> <span class='ocrx_word' id='word_1_800' title='bbox 2827 5163 2936 5212; x_wconf 85' lang='lat' dir='ltr'><strong>vet.</strong></span> <span class='ocrx_word' id='word_1_801' title='bbox 2967 5154 3100 5228; x_wconf 77' lang='lat' dir='ltr'><strong>edit.</strong></span> <span class='ocrx_word' id='word_1_802' title='bbox 3134 5169 3358 5228; x_wconf 9' lang='lat' dir='ltr'><strong>acgmss.</strong></span> <span class='ocrx_word' id='word_1_803' title='bbox 3383 5155 3614 5228; x_wconf 88' lang='lat' dir='ltr'><strong>aliquot,</strong></span> <span class='ocrx_word' id='word_1_804' title='bbox 3638 5155 3861 5213; x_wconf 77' lang='lat' dir='ltr'><strong>Christus</strong></span> <span class='ocrx_word' id='word_1_805' title='bbox 3878 5157 3913 5202; x_wconf 82' lang='lat' dir='ltr'><strong>ct</strong></span> 
     </span>
    </p>
   </div>
   <div class='ocr_carea' id='block_1_54' title="bbox 636 5217 4005 5300">
    <p class='ocr_par' dir='ltr' id='par_1_54' title="bbox 636 5217 4005 5300">
     <span class='ocr_line' id='line_1_54' title="bbox 636 5217 4005 5300; baseline 0.003 -30"><span class='ocrx_word' id='word_1_806' title='bbox 636 5217 1196 5300; x_wconf 4' lang='lat' dir='ltr'><strong>cisin‘terjec_tis,gpro</strong></span> <span class='ocrx_word' id='word_1_807' title='bbox 1243 5231 1409 5300; x_wconf 61' lang='lat' dir='ltr'><strong>usque</strong></span> <span class='ocrx_word' id='word_1_808' title='bbox 1443 5217 1873 5300; x_wconf 76' lang='lat' dir='ltr'><strong>ad_pentecosten</strong></span> <span class='ocrx_word' id='word_1_809' title='bbox 1918 5240 2020 5278; x_wconf 89' lang='lat' dir='ltr'><strong>non</strong></span> <span class='ocrx_word' id='word_1_810' title='bbox 2058 5217 2230 5291; x_wconf 85' lang='lat' dir='ltr'><strong>edant,</strong></span> <span class='ocrx_word' id='word_1_811' title='bbox 2345 5217 2816 5300; x_wconf 43' lang='lat' dir='ltr'><strong>vixit-etmortuus</strong></span> <span class='ocrx_word' id='word_1_812' title='bbox 2837 5226 3288 5294; x_wconf 82' lang='lat' dir='ltr'><strong>est;R0m.edit.</strong></span> <span class='ocrx_word' id='word_1_813' title='bbox 3340 5217 3755 5300; x_wconf 50' lang='lat' dir='ltr'><strong>cum&#39;plu&#39;ribus</strong></span> <span class='ocrx_word' id='word_1_814' title='bbox 3801 5234 3910 5280; x_wconf 60' lang='lat' dir='ltr'><strong>mss.</strong></span> 
     </span>
    </p>
   </div>
   <div class='ocr_carea' id='block_1_55' title="bbox 635 5286 2959 5366">
    <p class='ocr_par' dir='ltr' id='par_1_55' title="bbox 635 5286 2959 5366">
     <span class='ocr_line' id='line_1_55' title="bbox 635 5286 2959 5366; baseline 0.004 -24"><span class='ocrx_word' id='word_1_815' title='bbox 635 5301 742 5366; x_wconf 76' lang='lat' dir='ltr'><strong>ms.</strong></span> <span class='ocrx_word' id='word_1_816' title='bbox 765 5286 933 5343; x_wconf 87' lang='lat' dir='ltr'><strong>Corh.</strong></span> <span class='ocrx_word' id='word_1_817' title='bbox 967 5288 1121 5360; x_wconf 90' lang='lat' dir='ltr'><strong>legit,</strong></span> <span class='ocrx_word' id='word_1_818' title='bbox 1145 5303 1306 5358; x_wconf 89' lang='lat' dir='ltr'><strong>usque</strong></span> <span class='ocrx_word' id='word_1_819' title='bbox 1340 5287 1409 5341; x_wconf 91' lang='lat' dir='ltr'><strong>ad</strong></span> <span class='ocrx_word' id='word_1_820' title='bbox 1442 5289 1918 5362; x_wconf 82' lang='lat' dir='ltr'><strong>quinquagesimum</strong></span> <span class='ocrx_word' id='word_1_821' title='bbox 1947 5313 2050 5352; x_wconf 88' lang='lat' dir='ltr'><strong>non</strong></span> <span class='ocrx_word' id='word_1_822' title='bbox 2090 5286 2238 5352; x_wconf 49' lang='lat' dir='ltr'><strong>man;-</strong></span> <span class='ocrx_word' id='word_1_823' title='bbox 2344 5297 2631 5366; x_wconf 74' lang='lat' dir='ltr'><strong>expungit,</strong></span> <span class='ocrx_word' id='word_1_824' title='bbox 2657 5300 2719 5354; x_wconf 86' lang='grc' dir='ltr'><strong>τὸ</strong></span> <span class='ocrx_word' id='word_1_825' title='bbox 2741 5308 2786 5353; x_wconf 89' lang='lat' dir='ltr'><strong>et</strong></span> <span class='ocrx_word' id='word_1_826' title='bbox 2814 5286 2959 5354; x_wconf 72' lang='lat' dir='ltr'><strong>vixit.</strong></span> 
     </span>
    </p>
   </div>
   <div class='ocr_carea' id='block_1_56' title="bbox 638 5356 3910 5440">
    <p class='ocr_par' dir='ltr' id='par_1_56' title="bbox 638 5356 3910 5440">
     <span class='ocr_line' id='line_1_56' title="bbox 638 5356 3910 5440; baseline -0.006 -1"><span class='ocrx_word' id='word_1_827' title='bbox 638 5356 848 5440; x_wconf 58' lang='grc' dir='ltr'><strong>ἀπραξία</strong></span> <span class='ocrx_word' id='word_1_828' title='bbox 1222 5356 1230 5358; x_wconf 65' lang='grc'><strong><em>“</em></strong></span> <span class='ocrx_word' id='word_1_829' title='bbox 1279 5429 1293 5440; x_wconf 87' lang='grc'><em>,</em></span> <span class='ocrx_word' id='word_1_830' title='bbox 1456 5356 1462 5358; x_wconf 54' lang='grc'><em>“</em></span> <span class='ocrx_word' id='word_1_831' title='bbox 1581 5356 1588 5358; x_wconf 67' lang='grc'><strong><em>“</em></strong></span> <span class='ocrx_word' id='word_1_832' title='bbox 1672 5356 1732 5440; x_wconf 72' lang='grc'><strong>⁷,</strong></span> <span class='ocrx_word' id='word_1_833' title='bbox 2345 5439 2370 5440; x_wconf 19' lang='grc' dir='ltr'><em>κν</em></span> <span class='ocrx_word' id='word_1_834' title='bbox 2414 5356 2641 5440; x_wconf 55' lang='lat' dir='ltr'><strong>ivtice&#39;s</strong></span> <span class='ocrx_word' id='word_1_835' title='bbox 2664 5370 2717 5423; x_wconf 83' lang='lat' dir='ltr'><strong>in</strong></span> <span class='ocrx_word' id='word_1_836' title='bbox 2739 5388 2842 5425; x_wconf 89' lang='lat' dir='ltr'><strong>non</strong></span> <span class='ocrx_word' id='word_1_837' title='bbox 2871 5370 3187 5438; x_wconf 85' lang='lat' dir='ltr'><strong>edendo,et</strong></span> <span class='ocrx_word' id='word_1_838' title='bbox 3209 5369 3374 5440; x_wconf 80' lang='lat' dir='ltr'><strong>infra,</strong></span> <span class='ocrx_word' id='word_1_839' title='bbox 3400 5372 3455 5426; x_wconf 89' lang='lat' dir='ltr'><strong>in</strong></span> <span class='ocrx_word' id='word_1_840' title='bbox 3480 5369 3699 5438; x_wconf 85' lang='lat' dir='ltr'><strong>edendo,</strong></span> <span class='ocrx_word' id='word_1_841' title='bbox 3731 5370 3781 5426; x_wconf 90' lang='lat' dir='ltr'><strong>in</strong></span> <span class='ocrx_word' id='word_1_842' title='bbox 3802 5364 3910 5423; x_wconf 77' lang='lat' dir='ltr'><strong>edit-</strong></span> 
     </span>
    </p>
   </div>
   <div class='ocr_carea' id='block_1_57' title="bbox 663 5426 2968 5510">
    <p class='ocr_par' dir='ltr' id='par_1_57' title="bbox 663 5426 2968 5510">
     <span class='ocr_line' id='line_1_57' title="bbox 663 5426 2968 5510; baseline 0.005 -26"><span class='ocrx_word' id='word_1_843' title='bbox 663 5497 675 5510; x_wconf 44' lang='lat'>.</span> <span class='ocrx_word' id='word_1_844' title='bbox 706 5426 736 5466; x_wconf 65' lang='grc' dir='ltr'>δ</span> <span class='ocrx_word' id='word_1_845' title='bbox 764 5429 963 5487; x_wconf 87' lang='lat' dir='ltr'><strong>Omnes</strong></span> <span class='ocrx_word' id='word_1_846' title='bbox 989 5431 1121 5510; x_wconf 81' lang='lat' dir='ltr'><strong>edit.</strong></span> <span class='ocrx_word' id='word_1_847' title='bbox 1151 5445 1216 5486; x_wconf 87' lang='lat' dir='ltr'><strong>ac</strong></span> <span class='ocrx_word' id='word_1_848' title='bbox 1242 5429 1425 5510; x_wconf 70' lang='lat' dir='ltr'><strong>plures</strong></span> <span class='ocrx_word' id='word_1_849' title='bbox 1457 5444 1615 5510; x_wconf 60' lang='lat' dir='ltr'><strong>mss,</strong></span> <span class='ocrx_word' id='word_1_850' title='bbox 1640 5440 1686 5485; x_wconf 89' lang='lat' dir='ltr'><strong>et</strong></span> <span class='ocrx_word' id='word_1_851' title='bbox 1715 5432 1844 5487; x_wconf 87' lang='lat' dir='ltr'><strong>bona</strong></span> <span class='ocrx_word' id='word_1_852' title='bbox 1875 5448 2047 5494; x_wconf 87' lang='lat' dir='ltr'><strong>creata</strong></span> <span class='ocrx_word' id='word_1_853' title='bbox 2074 5455 2095 5496; x_wconf 92' lang='lat'><strong><em>:</em></strong></span> <span class='ocrx_word' id='word_1_854' title='bbox 2121 5455 2234 5496; x_wconf 87' lang='lat' dir='ltr'><strong>mc-</strong></span> <span class='ocrx_word' id='word_1_855' title='bbox 2343 5439 2505 5510; x_wconf 55' lang='lat' dir='ltr'><strong>Rom,</strong></span> <span class='ocrx_word' id='word_1_856' title='bbox 2534 5439 2793 5510; x_wconf 72' lang='lat' dir='ltr'><strong>jugulata:</strong></span> <span class='ocrx_word' id='word_1_857' title='bbox 2819 5453 2968 5497; x_wconf 88' lang='lat' dir='ltr'><strong>sunt.</strong></span> 
     </span>
    </p>
   </div>
   <div class='ocr_carea' id='block_1_58' title="bbox 637 5495 3791 5584">
    <p class='ocr_par' dir='ltr' id='par_1_58' title="bbox 637 5495 3791 5584">
     <span class='ocr_line' id='line_1_58' title="bbox 637 5495 3791 5584; baseline 0.004 -31"><span class='ocrx_word' id='word_1_858' title='bbox 637 5495 746 5584; x_wconf 78' lang='lat' dir='ltr'><strong>lius</strong></span> <span class='ocrx_word' id='word_1_859' title='bbox 771 5511 948 5557; x_wconf 90' lang='lat' dir='ltr'><strong>tamen</strong></span> <span class='ocrx_word' id='word_1_860' title='bbox 970 5505 1062 5584; x_wconf 80' lang='lat' dir='ltr'><strong>a_li_i</strong></span> <span class='ocrx_word' id='word_1_861' title='bbox 1094 5495 1361 5584; x_wconf 70' lang='lat' dir='ltr'><strong>nonnulli,</strong></span> <span class='ocrx_word' id='word_1_862' title='bbox 1408 5510 1455 5556; x_wconf 84' lang='lat' dir='ltr'><strong>et</strong></span> <span class='ocrx_word' id='word_1_863' title='bbox 1477 5495 1662 5584; x_wconf 70' lang='lat' dir='ltr'><strong>bonum</strong></span> <span class='ocrx_word' id='word_1_864' title='bbox 1685 5515 1926 5584; x_wconf 80' lang='lat' dir='ltr'><strong>creatam.</strong></span> <span class='ocrx_word' id='word_1_865' title='bbox 1955 5495 2235 5584; x_wconf 10' lang='lat' dir='ltr'><strong>Etieonti-</strong></span> <span class='ocrx_word' id='word_1_866' title='bbox 2417 5519 2441 5584; x_wconf 62' lang='grc' dir='ltr'>ς</span> <span class='ocrx_word' id='word_1_867' title='bbox 2469 5495 2636 5584; x_wconf 69' lang='grc' dir='ltr'><strong>ςιόιοιῖ.</strong></span> <span class='ocrx_word' id='word_1_868' title='bbox 2671 5495 2992 5580; x_wconf 55' lang='grc' dir='ltr'><strong>οσᾶξξΝᾶηι</strong></span> <span class='ocrx_word' id='word_1_869' title='bbox 3017 5514 3106 5584; x_wconf 89' lang='lat' dir='ltr'><strong>qui</strong></span> <span class='ocrx_word' id='word_1_870' title='bbox 3133 5514 3334 5570; x_wconf 87' lang='lat' dir='ltr'><strong>occisus</strong></span> <span class='ocrx_word' id='word_1_871' title='bbox 3360 5522 3456 5583; x_wconf 91' lang='lat' dir='ltr'><strong>est,</strong></span> <span class='ocrx_word' id='word_1_872' title='bbox 3488 5513 3791 5569; x_wconf 67' lang='lat' dir='ltr'><strong>resurrexit.</strong></span> 
     </span>
    </p>
   </div>
   <div class='ocr_carea' id='block_1_59' title="bbox 644 5573 4005 5656">
    <p class='ocr_par' dir='ltr' id='par_1_59' title="bbox 644 5573 4005 5656">
     <span class='ocr_line' id='line_1_59' title="bbox 644 5573 4005 5656; baseline -0.002 -14"><span class='ocrx_word' id='word_1_873' title='bbox 644 5583 925 5656; x_wconf 65' lang='grc' dir='ltr'><strong>ΡιξοΡοει,</strong></span> <span class='ocrx_word' id='word_1_874' title='bbox 957 5575 1046 5630; x_wconf 86' lang='lat' dir='ltr'><strong>ubi</strong></span> <span class='ocrx_word' id='word_1_875' title='bbox 1067 5586 1177 5656; x_wconf 62' lang='lat' dir='ltr'><strong>vet.</strong></span> <span class='ocrx_word' id='word_1_876' title='bbox 1207 5573 1342 5631; x_wconf 91' lang='lat' dir='ltr'><strong>edit.</strong></span> <span class='ocrx_word' id='word_1_877' title='bbox 1364 5584 1420 5630; x_wconf 90' lang='lat' dir='ltr'><strong>et</strong></span> <span class='ocrx_word' id='word_1_878' title='bbox 1447 5574 1602 5656; x_wconf 69' lang='lat' dir='ltr'><strong>multi</strong></span> <span class='ocrx_word' id='word_1_879' title='bbox 1629 5589 1790 5656; x_wconf 64' lang='lat' dir='ltr'><strong>mss,</strong></span> <span class='ocrx_word' id='word_1_880' title='bbox 1812 5577 1900 5656; x_wconf 78' lang='lat' dir='ltr'><strong>sed</strong></span> <span class='ocrx_word' id='word_1_881' title='bbox 1924 5597 1976 5634; x_wconf 86' lang='lat' dir='ltr'><strong>se</strong></span> <span class='ocrx_word' id='word_1_882' title='bbox 1989 5581 2228 5656; x_wconf 82' lang='lat' dir='ltr'><strong>_dissimu-</strong></span> <span class='ocrx_word' id='word_1_883' title='bbox 2417 5577 2437 5617; x_wconf 72' lang='grc' dir='ltr'>ί</span> <span class='ocrx_word' id='word_1_884' title='bbox 2467 5579 2670 5638; x_wconf 87' lang='lat' dir='ltr'><strong>Omnes</strong></span> <span class='ocrx_word' id='word_1_885' title='bbox 2717 5573 2848 5641; x_wconf 80' lang='lat' dir='ltr'><strong>edit.</strong></span> <span class='ocrx_word' id='word_1_886' title='bbox 2880 5595 2936 5641; x_wconf 91' lang='lat' dir='ltr'><strong>et</strong></span> <span class='ocrx_word' id='word_1_887' title='bbox 2965 5573 3102 5641; x_wconf 77' lang='lat' dir='ltr'><strong>mss.</strong></span> <span class='ocrx_word' id='word_1_888' title='bbox 3153 5585 3382 5656; x_wconf 89' lang='lat' dir='ltr'><strong>aliquot,</strong></span> <span class='ocrx_word' id='word_1_889' title='bbox 3411 5573 3459 5640; x_wconf 76' lang='lat' dir='ltr'><strong>et</strong></span> <span class='ocrx_word' id='word_1_890' title='bbox 3480 5586 3680 5640; x_wconf 87' lang='lat' dir='ltr'><strong>inimici</strong></span> <span class='ocrx_word' id='word_1_891' title='bbox 3701 5582 3908 5655; x_wconf 80' lang='lat' dir='ltr'><strong>fatebun-</strong></span> <span class='ocrx_word' id='word_1_892' title='bbox 4004 5593 4005 5634; x_wconf 53' lang='grc' dir='ltr'>ξ</span> 
     </span>
    </p>
   </div>
   <div class='ocr_carea' id='block_1_60' title="bbox 640 5639 3908 5728">
    <p class='ocr_par' dir='ltr' id='par_1_60' title="bbox 640 5639 3908 5728">
     <span class='ocr_line' id='line_1_60' title="bbox 640 5639 3908 5728; baseline 0.005 -33"><span class='ocrx_word' id='word_1_893' title='bbox 640 5639 715 5728; x_wconf 63' lang='lat' dir='ltr'><strong>(at</strong></span> <span class='ocrx_word' id='word_1_894' title='bbox 734 5639 799 5697; x_wconf 84' lang='lat' dir='ltr'><strong>ab</strong></span> <span class='ocrx_word' id='word_1_895' title='bbox 825 5660 885 5726; x_wconf 77' lang='lat' dir='ltr'><strong>ea</strong></span> <span class='ocrx_word' id='word_1_896' title='bbox 912 5639 1018 5699; x_wconf 87' lang='lat' dir='ltr'><strong>non</strong></span> <span class='ocrx_word' id='word_1_897' title='bbox 1041 5647 1418 5728; x_wconf 59' lang='lat' dir='ltr'><strong>condemnare,-</strong></span> <span class='ocrx_word' id='word_1_898' title='bbox 1448 5645 1607 5728; x_wconf 67' lang='lat' dir='ltr'><strong>ltntn.</strong></span> <span class='ocrx_word' id='word_1_899' title='bbox 1640 5639 1870 5728; x_wconf 77' lang='lat' dir='ltr'><strong>edit.,</strong></span> <span class='ocrx_word' id='word_1_900' title='bbox 1902 5694 1913 5704; x_wconf 95' lang='lat'><strong>.</strong></span> <span class='ocrx_word' id='word_1_901' title='bbox 1949 5651 2010 5705; x_wconf 92' lang='lat' dir='ltr'><strong>ob</strong></span> <span class='ocrx_word' id='word_1_902' title='bbox 2033 5669 2090 5707; x_wconf 89' lang='lat' dir='ltr'><strong>ea</strong></span> <span class='ocrx_word' id='word_1_903' title='bbox 2107 5670 2230 5708; x_wconf 87' lang='lat' dir='ltr'><strong>con-</strong></span> <span class='ocrx_word' id='word_1_904' title='bbox 2338 5661 2427 5728; x_wconf 69' lang='lat' dir='ltr'><strong>tur</strong></span> <span class='ocrx_word' id='word_1_905' title='bbox 2453 5667 2589 5728; x_wconf 88' lang='lat' dir='ltr'><strong>_me;_</strong></span> <span class='ocrx_word' id='word_1_906' title='bbox 2611 5639 2858 5728; x_wconf 76' lang='lat' dir='ltr'><strong>nonnulli</strong></span> <span class='ocrx_word' id='word_1_907' title='bbox 2890 5639 3099 5723; x_wconf 65' lang='lat' dir='ltr'><strong>inme;</strong></span> <span class='ocrx_word' id='word_1_908' title='bbox 3127 5639 3310 5712; x_wconf 58' lang='lat' dir='ltr'><strong>caeteri</strong></span> <span class='ocrx_word' id='word_1_909' title='bbox 3333 5639 3468 5728; x_wconf 23' lang='lat' dir='ltr'><strong>,v&#39;qui</strong></span> <span class='ocrx_word' id='word_1_910' title='bbox 3495 5666 3551 5712; x_wconf 91' lang='lat' dir='ltr'><strong>et</strong></span> <span class='ocrx_word' id='word_1_911' title='bbox 3576 5639 3908 5727; x_wconf 61' lang='lat' dir='ltr'><strong>probatiores.</strong></span> 
     </span>
    </p>
   </div>
   <div class='ocr_carea' id='block_1_61' title="bbox 639 5711 2946 5796">
    <p class='ocr_par' dir='ltr' id='par_1_61' title="bbox 639 5711 2946 5796">
     <span class='ocr_line' id='line_1_61' title="bbox 639 5711 2946 5796; baseline 0.007 -30"><span class='ocrx_word' id='word_1_912' title='bbox 639 5711 910 5796; x_wconf 71' lang='lat' dir='ltr'><strong>damnari;</strong></span> <span class='ocrx_word' id='word_1_913' title='bbox 939 5711 1406 5796; x_wconf 70' lang='lat' dir='ltr'><strong>commodiusalii</strong></span> <span class='ocrx_word' id='word_1_914' title='bbox 1423 5726 1478 5772; x_wconf 92' lang='lat' dir='ltr'><strong>ut</strong></span> <span class='ocrx_word' id='word_1_915' title='bbox 1506 5717 1558 5771; x_wconf 93' lang='lat' dir='ltr'><strong>in</strong></span> <span class='ocrx_word' id='word_1_916' title='bbox 1585 5711 1868 5796; x_wconf 46' lang='lat' dir='ltr'><strong>contentu.</strong></span> <span class='ocrx_word' id='word_1_917' title='bbox 1886 5791 1899 5796; x_wconf 85' lang='lat'><em>_</em></span> <span class='ocrx_word' id='word_1_918' title='bbox 2338 5723 2497 5781; x_wconf 87' lang='lat' dir='ltr'><strong>nobis</strong></span> <span class='ocrx_word' id='word_1_919' title='bbox 2526 5711 2946 5796; x_wconf 47' lang='lat' dir='ltr'><strong>a&#39;dstipulantur.</strong></span> 
     </span>
    </p>
   </div>
   <div class='ocr_carea' id='block_1_62' title="bbox 715 5787 2227 5852">
    <p class='ocr_par' dir='ltr' id='par_1_62' title="bbox 715 5787 2227 5852">
     <span class='ocr_line' id='line_1_62' title="bbox 715 5787 2227 5852; baseline 0.007 -10"><span class='ocrx_word' id='word_1_920' title='bbox 715 5797 736 5824; x_wconf 75' lang='grc' dir='ltr'><strong>ο</strong></span> <span class='ocrx_word' id='word_1_921' title='bbox 783 5787 878 5843; x_wconf 89' lang='lat' dir='ltr'><strong>llic</strong></span> <span class='ocrx_word' id='word_1_922' title='bbox 910 5797 1090 5847; x_wconf 77' lang='lat' dir='ltr'><strong>textus</strong></span> <span class='ocrx_word' id='word_1_923' title='bbox 1119 5791 1172 5847; x_wconf 91' lang='lat' dir='ltr'><strong>in</strong></span> <span class='ocrx_word' id='word_1_924' title='bbox 1193 5790 1317 5848; x_wconf 87' lang='lat' dir='ltr'><strong>cod.</strong></span> <span class='ocrx_word' id='word_1_925' title='bbox 1349 5791 1490 5848; x_wconf 84' lang='lat' dir='ltr'><strong>bene</strong></span> <span class='ocrx_word' id='word_1_926' title='bbox 1525 5787 1708 5846; x_wconf 90' lang='lat' dir='ltr'><strong>multis</strong></span> <span class='ocrx_word' id='word_1_927' title='bbox 1747 5789 2112 5852; x_wconf 88' lang='lat' dir='ltr'><strong>desideratur.</strong></span> <span class='ocrx_word' id='word_1_928' title='bbox 2141 5797 2227 5852; x_wconf 87' lang='lat' dir='ltr'><strong>tn-</strong></span> 
     </span>
    </p>
   </div>
  </div>
