4082 6306
203 240 295 297 169

1059 228 1551 290 (ΞΟΜΜΕΝΤΛΒΙΑ
1590 228 1655 288 ΙΝ
1699 227 2084 288 EPISTULA.“
2124 231 2217 285 AD
2261 231 2608 290 ROMANOS.

3381 238 3486 294 170

261 355 434 427 (Vers.
473 351 589 423 15.)
618 351 741 407 Non
778 367 900 423 ergo
943 352 1169 422 amplius
1195 351 1414 405 invicem
1449 349 1777 424 judicemus,
1809 350 1862 408 Α
1887 353 2037 416 ptum
2067 354 2151 401 est
2179 347 2232 401 in
2260 347 2585 406 Ezechiele:
2615 348 2834 405 Iustitia
2853 351 2987 423 justi
3016 368 3117 406 non
3143 353 3397 424 proﬁciet,
3442 355 3490 407 si

198 449 246 504 id
271 455 380 514 est,
429 447 672 502 scientes
713 445 843 509 hoc,
873 458 1201 500 cessemusa
1247 441 1548 499 discordia.
1598 441 1707 497 Sed
1731 442 1784 495 in

199 541 288 595 hoc
302 539 543 613 judicate
576 539 759 612 magis,
793 557 854 593 ne
879 538 1082 610 ponatis
1109 536 1482 605 o/fendiculum
1513 537 1688 606 fratri,
1710 534 1786 590 rel

194 632 508 688 scandalum.
542 631 599 686 In
633 647 697 688 eo
721 629 1075 702 iudicandum
1101 640 1314 693 monet,
1353 637 1378 665 α
1405 627 1550 698 quod
1581 625 1784 698 prosit,

193 721 324 793 quod
352 728 534 791 potest
563 731 618 776 et
646 721 973 776 auctoritate
1016 720 1152 792 legis
1192 717 1415 775 defendi
1451 735 1465 772 :
1504 717 1638 772 nulli
1689 731 1787 771 au-

195 822 298 869 tem
327 812 552 868 fratrum
579 827 802 870 carnem
829 812 1016 870 edenti
1039 819 1132 868 aut
1157 826 1264 868 non
1295 809 1479 868 edenti
1508 809 1598 865 ﬁat
1627 823 1786 865 scan-

200 906 394 961 datum.

258 1002 435 1074 (γεγε.
468 1001 584 1074 Η.)
633 1001 755 1058 Scio
784 1012 834 1058 et
871 1002 1079 1072 con/ido
1127 1003 1183 1056 in
1230 1000 1453 1056 Domino
1493 1001 1616 1072 quia
1654 999 1788 1054 nihil

190 1109 446 1149 commune
475 1110 570 1164 per
611 1095 800 1164 ipsum.
834 1095 1179 1152 Manifestum
1209 1103 1296 1150 est
1328 1093 1455 1165 quia
1481 1093 1786 1149 Salvatoris

191 1185 448 1242 beneﬁcio
479 1187 660 1242 omnia
694 1187 890 1243 munda
921 1197 1080 1254 sunt,
1112 1189 1202 1259 qni
1231 1187 1300 1243 dc
1339 1188 1443 1242 sub
1467 1187 1598 1258 jugo
1625 1187 1788 1258 Legis

191 1296 383 1338 erucas
411 1280 662 1336 homines
693 1293 746 1336 et
782 1281 1122 1352 jnstiﬁcans,
1160 1282 1402 1338 reddidit
1431 1289 1630 1337 statum
1676 1281 1787 1352 pri-

191 1374 338 1428 stinae
368 1372 666 1440 libertatis;
699 1383 760 1429 ut
786 1373 933 1446 digni
964 1376 1076 1431 sint
1103 1375 1179 1430 uti
1209 1384 1317 1431 tota
1349 1385 1621 1441 creatura,
1645 1374 1788 1430 sicut

192 1477 242 1526 et
267 1476 478 1524 veteres
521 1469 716 1523 sancti.
749 1469 852 1538 Qui
883 1478 1068 1525 autem
1112 1469 1290 1525 adhuc
1319 1470 1421 1524 sub
1451 1470 1596 1541 Lege
1635 1478 1784 1536 sunt,

193 1578 291 1618 non
323 1562 449 1617 licet
477 1560 584 1616 illis
610 1561 688 1616 uti
719 1571 812 1616 aut
838 1561 1024 1628 edere,
1057 1578 1176 1632 quae
1207 1561 1458 1632 prohibet
1489 1563 1630 1627 Lex;
1662 1560 1785 1633 quia

191 1653 577 1724 indulgentiam
604 1656 785 1708 datam
813 1664 1100 1724 spernunt.
1134 1653 1251 1709 Non
1297 1655 1442 1710 enim
1483 1654 1783 1711 secundum

1885 439 2132 493 erraverit
2159 438 2375 510 (Ezech.
2410 458 2598 511 χχχιιι,
2627 442 2740 516 12).
2776 443 2909 500 Tale
2940 453 3055 511 est,
3088 442 3113 483 ά
3137 445 3180 500 si
3227 445 3348 516 quis
3381 445 3482 499 ali-

1887 532 2016 602 quid
2045 531 2156 586 vitii
2183 533 2323 588 forte
2352 532 2586 590 decorus
2621 535 2820 591 habeat
2843 537 2896 591 in
2929 539 3140 603 fronte,
3173 547 3264 592 aut
3292 553 3481 594 nasum

1885 625 2168 690 collisum;
2221 625 2364 681 unde
2409 627 2748 685 deformetur
2800 630 3010 701 species
3043 631 3181 701 ejus.
3243 631 3484 702 Ideoque

1887 716 1977 771 illa
2005 726 2190 773 monet
2218 719 2501 787 sectanda,
2530 735 2650 791 quae
2681 721 2842 777 bonis
2891 723 3117 794 reliquis
3156 739 3264 780 non
3293 724 3488 780 tollant

1888 809 2148 868 favorem.

1957 905 2138 977 (νει-ε.
2158 908 2272 979 l7.)
2308 907 2430 964 Non
2452 918 2526 964 est
2553 911 2689 964 enim
2711 927 2927 983 regnum
2958 910 3054 967 Dei
3077 928 3194 968 esca
3233 923 3280 968 et
3311 923 3487 984 potus.

1888 996 2231 1054 Manifestum
2253 1009 2336 1056 est
2365 1001 2488 1071 quia
2519 1016 2682 1058 nemo
2707 1018 2806 1074 per
2832 1017 3013 1060 escam
3047 1004 3224 1075 placet
3253 1007 3366 1062 Deo
3399 1016 3495 1062 aut

1887 1088 2162 1160 displicet.
2192 1093 2300 1148 Sed
2323 1093 2522 1159 iustitia
2545 1136 2559 1161 ,
2583 1105 2632 1148 et
2665 1112 2804 1166 pax,
2834 1107 2882 1152 et
2916 1097 3166 1170 gaudium
3195 1098 3248 1151 in
3289 1098 3496 1169 Spiritu

1887 1193 2082 1238 sancto.
2114 1184 2222 1240 llos
2251 1185 2302 1240 in
2327 1201 2549 1257 regnum
2575 1188 2671 1242 Dei
2702 1187 2837 1244 dicit
2861 1190 3088 1254 intrare,
3109 1191 3198 1261 qui
3225 1190 3490 1260 justitiam

1889 1286 2213 1347 sequuntur,
2261 1279 2356 1334 sed
2396 1281 2754 1337 christianam
2788 1282 3055 1339 habentes
3084 1299 3299 1355 pacem,
3329 1301 3492 1356 quam

1891 1369 2157 1426 Dominus
2179 1371 2350 1438 dedit,
2381 1373 2599 1430 dicens:
2623 1374 2814 1431 Pacem
2841 1393 3011 1433 meam
3039 1379 3105 1432 do
3133 1379 3296 1444 vobis,
3318 1397 3498 1448 pacem

1887 1465 2124 1536 relinquo
2150 1467 2286 1521 vobis
2311 1467 2493 1537 (Joan.
2519 1486 2629 1537 xiv,
2657 1469 2775 1543 27);
2811 1487 2876 1527 ex
2915 1488 3020 1543 qua
3043 1474 3218 1529 oritur
3241 1475 3498 1545 gaudium

1890 1557 1941 1610 in
1966 1556 2173 1628 Spiritu
2195 1569 2409 1617 sancto.
2440 1562 2773 1634 Disceptatio
2803 1574 2984 1620 autem
3023 1583 3130 1620 non
3178 1567 3342 1623 habet
3367 1584 3500 1639 gau-

1889 1648 2059 1716 dium,
2084 1651 2178 1707 sed
2204 1654 2373 1720 iram;
2400 1654 2523 1710 ideo
2553 1672 2659 1710 non
2685 1657 2798 1712 illic
2830 1659 3054 1729 respicit
3078 1659 3318 1730 Spiritus
3338 1677 3500 1718 sanc-

191 1756 433 1801 naturam
463 1760 639 1812 suam,
665 1746 759 1802 sed
788 1761 912 1801 cum
937 1756 1130 1802 contra
1148 1746 1384 1804 edictum
1408 1747 1660 1814 eduntur,
1690 1749 1790 1804 im-
1820 1747 1866 1806 B
1896 1751 2001 1813 tus,
2031 1747 2156 1816 quia
2183 1747 2382 1817 gaudet
2414 1749 2465 1804 in
2497 1750 2630 1806 solis
2652 1751 2920 1821 pacificis.
2952 1753 3106 1809 Sicut
3137 1755 3283 1812 enim
3307 1771 3373 1812 ex
3402 1773 3502 1814 no-

192 1838 385 1895 munda
415 1848 563 1896 sunt.
613 1838 855 1912 Denique
896 1841 947 1895 in
982 1840 1123 1912 Lege
1163 1842 1237 1897 ait
1270 1860 1283 1896 z
1319 1840 1488 1896 Erunt
1517 1841 1790 1896 immunda

193 1934 350 1998 robis,
380 1941 491 1988 etc.
515 1931 682 2005 (Leuit
709 1948 785 1999 ιι,
815 1932 895 2003 4).

261 2024 324 2080 Ει
351 2027 512 2098 plane
550 2026 636 2097 qui
667 2025 930 2079 existimat
976 2026 1178 2094 aliquid
1214 2043 1321 2082 esse
1370 2043 1676 2092 commune,
1711 2025 1790 2081 illi

190 2137 452 2176 commune
476 2128 572 2176 est.
601 2119 730 2176 Sive
757 2119 848 2190 qui
877 2135 942 2175 ex
969 2119 1162 2176 ludam
1182 2119 1515 2175 christianus
1539 2130 1647 2187 est,
1674 2120 1790 2175 sive

195 2213 408 2282 gentilis
438 2212 614 2268 ﬁdelis
649 2220 797 2283 putat
823 2228 947 2268 esse
973 2212 1177 2283 aliquid
1210 2213 1319 2268 tale
1345 2213 1647 2279 vitandum,
1675 2211 1792 2282 ipse

197 2304 316 2360 estb
344 2321 502 2376 quem
525 2320 686 2377 supra
716 2304 992 2361 inﬁrmum
1020 2306 1190 2370 dicit;
1216 2305 1517 2361 dubitando
1536 2306 1683 2361 enim
1708 2315 1793 2361 est

195 2397 461 2454 inﬁrmus.
496 2397 653 2468 Apud
703 2399 866 2454 istum
914 2398 1254 2454 immundum
1305 2409 1423 2468 est,
1458 2399 1602 2470 quod
1643 2407 1795 2469 putat

195 2507 301 2548 non
325 2491 597 2548 edendum
630 2509 644 2546 :
677 2501 732 2548 et
761 2493 885 2564 quia
933 2509 1043 2548 non
1073 2493 1179 2550 hoc
1207 2493 1597 2564 superstitione
1626 2493 1790 2563 facit,

194 2587 286 2644 sed
316 2588 536 2654 tin‘iore,
567 2602 667 2642 suo
688 2587 896 2658 judicio
923 2588 1338 2645 remittendum.

261 2683 443 2753 (Vers.
479 2681 598 2751 15.)
622 2680 764 2736 Nam
790 2683 837 2736 si
859 2693 1067 2755 prapter
1087 2700 1256 2738 escam
1280 2687 1438 2756 frater
1465 2692 1583 2737 tuus
1602 2684 1797 2738 contri-

195 2787 383 2844 statur,
401 2782 522 2851 jam
553 2793 654 2832 non
683 2777 967 2832 secundum
989 2777 1295 2834 cbaritatem
1324 2779 1584 2833 ambulas.
1609 2777 1668 2832 In
1691 2778 1796 2832 alia

193 2871 423 2941 epistola
448 2869 584 2925 dicit
612 2887 628 2927 :
657 2871 794 2925 Esca
822 2873 1007 2936 ventri,
1036 2882 1083 2925 et
1112 2883 1287 2926 venter
1320 2872 1482 2938 escis;
1508 2880 1554 2926 et
1583 2869 1724 2925 hunc
1752 2880 1799 2925 et

193 2966 280 3020 has
307 2965 451 3022 Deus
476 2967 703 3021 destruet
734 2967 788 3038 (l
819 2965 943 3022 Cor.
978 2983 1053 3032 vt,
1084 2965 1206 3039 15).
1237 2966 1373 3035 Quia
1421 2982 1530 3023 non
1577 2967 1645 3021 de
1673 2981 1796 3022 esca

189 3072 276 3116 aut
302 3062 480 3133 placet
505 3062 628 3132 quis
646 3063 760 3118 Deo
778 3071 874 3118 aut
894 3061 1147 3133 displicet
1166 3078 1181 3127 ;
1199 3061 1324 3117 ideo
1337 3061 1660 3118 cbaritatem
1682 3075 1800 3116 sec-

1893 1837 1975 1894 his
2003 1841 2382 1904 contristatur,
2409 1841 2489 1897 sic
2517 1851 2572 1898 et
2615 1843 2819 1914 gaudet
2852 1847 2905 1901 in
2940 1847 3120 1903 nobis;

1963 1931 2144 2004 (Vers.
2180 1933 2294 2002 18.)
2347 1934 2450 2002 Qui
2485 1935 2617 1989 enim
2662 1938 2716 1992 in
2745 1939 2844 1992 hoc
2885 1941 3038 1994 servit
3075 1938 3280 1997 Christo
3333 1944 3502 2011 placet

1893 2021 2038 2090 Deo,
2083 2036 2129 2078 et
2171 2024 2418 2093 probatus
2465 2036 2538 2082 est
2599 2027 2909 2085 hominibus.
2945 2031 3210 2097 Quoniam
3251 2034 3501 2089 Christus

1894 2133 1994 2175 nos
2025 2119 2293 2185 redemit,
2336 2119 2460 2177 ideo
2504 2123 2582 2176 ait
2611 2139 2625 2174 :
2672 2122 2773 2188 Qui
2799 2125 2853 2178 in
2901 2127 2997 2178 hoc
3021 2137 3044 2163 θ
3077 2127 3232 2181 seruit
3258 2127 3464 2183 Christo
3486 2171 3501 2194 ,

1894 2212 2049 2282 quasi
2079 2212 2433 2281 redemptori,
2467 2213 2636 2284 placet
2652 2213 2782 2269 Deo.
2808 2216 3027 2284 Quare?
3053 2217 3188 2285 Quia
3218 2219 3336 2288 ipse
3354 2221 3502 2274 misit

1893 2303 2203 2370 Christum,
2239 2314 2297 2359 ut
2323 2304 2620 2360 redimeret
2649 2321 2822 2376 genus
2849 2308 3142 2362 humanum
3162 2351 3176 2375 ,
3212 2311 3353 2364 sicut
3384 2311 3500 2378 ipse

1897 2396 2161 2452 Dominus
2193 2396 2267 2451 ait
2297 2416 2310 2450 :
2345 2397 2444 2463 Qui
2475 2413 2578 2451 non
2606 2397 2919 2468 honoriﬁcat
2950 2398 3169 2467 Filium,
3202 2418 3304 2455 non
3333 2401 3498 2456 Itono-

1897 2489 2067 2558 riﬁcat
2093 2487 2323 2555 Patrem,
2344 2490 2432 2558 qui
2461 2489 2600 2542 misit
2627 2489 2776 2543 illum
2804 2488 2984 2562 (Joan.
3015 2507 3066 2555 ν,
3096 2491 3212 2562 "25).
3239 2493 3338 2560 Qui
3368 2509 3500 2565 ergo

1899 2583 2074 2654 placet
2107 2584 2237 2649 Deo,
2261 2583 2526 2653 probatus
2557 2592 2642 2639 est
2668 2583 3002 2640 hominibus.
3035 2585 3359 2652 Quomodo?
3388 2589 3496 2644 Ac-

1898 2680 2043 2750 cepit
2069 2681 2214 2734 enim
2246 2678 2471 2744 donum,
2507 2694 2600 2748 per
2628 2678 2770 2748 quod
2800 2691 3056 2748 appareat
3091 2679 3286 2750 dignus
3316 2682 3450 2738 Deo.

1919 2765 1923 2768 ’
1970 2772 2154 2843 (Vers.
2184 2771 2299 2841 19.)
2321 2772 2510 2842 Itaque
2533 2786 2649 2842 qua:
2673 2772 2814 2841 pacis
2833 2781 2975 2837 sunt,
3004 2784 3259 2828 sectemur
3281 2792 3300 2829 .'
3321 2785 3370 2829 et
3391 2794 3505 2846 quw

1899 2869 2268 2938 azdificationis
2290 2877 2428 2933 sunt,
2455 2867 2669 2920 invicem
2697 2867 3074 2922 custodiamus.
3100 2867 3366 2934 Quoniam
3392 2870 3502 2923 dis-

1901 2960 2141 3030 ceptatio
2176 2959 2502 3015 discordiam
2535 2959 2695 3028 parit,
2730 2958 2966 3030 ideoque
3012 2967 3068 3012 ut
3098 2962 3303 3029 paciﬁci
3331 2959 3350 2996 ί
3381 2975 3504 3017 esse

1905 3054 2198 3125 possimus,
2229 3055 2299 3108 ab
2327 3053 2631 3108 intentione
2661 3051 2863 3108 edendi
2893 3063 2987 3107 aut
3015 3069 3122 3109 non
3167 3055 3363 3111 edendi
3396 3056 3505 3110 dis-

196 3157 409 3211 tantiam
443 3167 654 3225 ωοηθι,
683 3173 791 3226 qua
821 3173 922 3214 nos
963 3157 1109 3213 Deus
1137 3157 1376 3214 liberare
1399 3157 1652 3229 dignatus
1679 3166 1763 3212 est
1781 3173 1796 3221 ;
1826 3139 1870 3203 C
1904 3147 2162 3202 simulare
2199 3160 2299 3200 nos
2329 3144 2508 3200 docet.
2543 3144 2948 3200 Edificationis
2977 3155 3157 3201 autem
3185 3148 3326 3202 viam
3353 3151 3506 3219 sequi

187 3251 262 3306 sic
287 3253 432 3307 enim
471 3254 553 3308 ait
582 3272 595 3307 :
643 3253 786 3308 Dens
829 3262 1012 3309 autem
1059 3261 1280 3324 propter
1307 3264 1330 3290 ο
1358 3252 1679 3307 cbaritatem
1713 3252 1797 3306 ni-

193 3344 353 3399 miam
397 3345 660 3401 misertus
703 3355 788 3401 est
818 3344 991 3402 nostri
1022 3345 1253 3418 (Ephes.
1285 3361 1351 3409 ιι,
1383 3344 1481 3416 ιχ).
1529 3345 1633 3412 Qui
1664 3360 1795 3415 ergo

188 3432 350 3505 hujus
379 3437 640 3493 beneﬁcii
669 3452 878 3492 memor
905 3445 1012 3505 est,
1043 3438 1180 3492 hanc
1209 3437 1435 3505 excolit,
1461 3451 1563 3492 nec
1588 3436 1666 3490 illi
1695 3437 1796 3491 ali-

187 3529 312 3599 quid
341 3531 672 3603 anteponit:
715 3531 812 3588 sed
845 3532 1214 3602 prmtermittit
1241 3531 1482 3586 maxima
1501 3571 1514 3597 ,
1543 3545 1665 3601 qua:
1693 3530 1795 3585 scit

186 3623 614 3692 promissionem
647 3639 754 3678 non
781 3639 974 3694 parare
1005 3624 1147 3694 apud
1183 3624 1370 3678 Deum.

259 3713 386 3770 Noli
413 3716 536 3770 cibo
570 3725 659 3770 tuo
685 3717 901 3789 perdere
928 3717 1078 3771 illum
1096 3758 1109 3783 ,
1139 3731 1232 3788 pro
1261 3731 1362 3784 quo
1390 3713 1628 3768 Christus
1658 3730 1794 3768 mor-

185 3816 298 3864 tuus
327 3820 424 3864 est.
479 3808 758 3878 Quantum
813 3810 990 3864 valeat
1037 3809 1184 3864 salus
1233 3807 1450 3876 fratris,
1493 3823 1558 3862 ex
1618 3816 1793 3862 morte

182 3899 390 3958 Christi
423 3901 796 3974 cognoscitur.
837 3902 991 3974 103
1036 3901 1223 3970 Itaque
1253 3902 1342 3972 qui
1385 3900 1490 3955 scit
1531 3907 1792 3970 quantum

181 4005 420 4063 constet,
467 3996 802 4053 conﬁrmare
831 3995 984 4049 illum
1020 3993 1214 4061 debet,
1239 4007 1346 4048 non
1388 3992 1788 4058 scandalizare;

182 4100 239 4145 ut
263 4108 331 4146 ex
363 4108 426 4148 re
455 4091 652 4147 frivola
678 4090 841 4145 faciat
867 4089 944 4144 illi
967 4088 1316 4158 scrupulum:
1345 4096 1401 4142 ct
1431 4087 1655 4158 incipiat
1683 4086 1792 4142 ha:-

181 4183 350 4240 sitare
378 4199 454 4240 an
480 4181 858 4239 manducanda
881 4196 1012 4236 caro
1040 4181 1130 4248 sit,
1158 4195 1354 4246 necne,
1375 4179 1466 4249 qui
1490 4179 1629 4234 forte
1655 4179 1790 4233 sim-

180 4274 398 4343 pliciter
440 4275 661 4342 edebat,
694 4289 922 4332 securus
949 4273 1018 4329 de
1049 4273 1386 4330 conscientia
1415 4287 1533 4328 sua.
1562 4273 1633 4327 At
1663 4287 1791 4328 vero

181 4380 303 4423 cum
348 4367 562 4424 adeunt
590 4365 997 4432 controversiae,
1033 4364 1259 4435 incipiet
1300 4365 1708 4435 perturbatione
1735 4365 1787 4419 in

183 4460 275 4516 Dei
303 4471 620 4516 creaturam
642 4474 892 4533 peccare,
916 4468 971 4514 ct
997 4458 1104 4515 erit
1133 4459 1184 4513 in
1216 4459 1466 4529 injuriam
1491 4457 1787 4525 Creatoris,

179 4569 300 4626 quae
329 4555 589 4625 proﬁciet
609 4555 674 4610 ad
702 4554 1063 4627 perditionem
1091 4549 1410 4610 dubitantis.

253 4648 447 4718 (Vers.
478 4646 590 4718 16.)
620 4647 739 4702 Non
764 4664 884 4719 ergo
910 4648 1294 4718 blasphemetur
1314 4648 1502 4700 bonum
1531 4654 1783 4699 nostrum.

179 4741 294 4799 Hoc
323 4752 437 4808 est,
473 4742 721 4799 doctrina
753 4743 1056 4810 Dominica,
1082 4757 1206 4797 cum
1235 4741 1308 4797 sit
1336 4741 1481 4796 bona
1507 4748 1565 4796 et
1590 4740 1792 4795 saluta—

178 4836 276 4903 ris,
315 4852 429 4891 non
460 4834 627 4890 debet
667 4850 766 4906 per
793 4851 907 4892 rem
938 4836 1181 4891 frivolam
1213 4833 1614 4904 blasphemari;
1649 4831 1792 4888 blas-

179 4928 482 4999 phematur
511 4937 724 4996 autem,
776 4944 896 4984 cum
946 4927 1223 4984 dubitatur
1269 4927 1338 4983 de
1369 4927 1464 4983 Dei
1512 4935 1787 4981 creatura.

177 5019 372 5078 Potest
397 5030 464 5078 et
491 5022 567 5076 sic
595 5020 825 5090 intelligi
858 5019 1055 5074 bonum
1094 5028 1338 5075 nostrum
1386 5017 1783 5088 blaSphemari,

180 5115 307 5185 quia
331 5114 433 5185 qui
480 5114 620 5169 bona
643 5127 806 5183 opera
837 5111 1030 5178 habet,
1061 5111 1106 5166 si
1146 5113 1197 5166 in
1225 5110 1330 5166 alia
1361 5108 1790 5182 reprehendatur

179 5222 239 5263 re
267 5208 542 5274 minima,
573 5208 774 5263 bonum
804 5205 936 5260 illud
967 5221 1126 5261 suum
1153 5205 1424 5271 oﬁ‘uscat,
1475 5212 1530 5258 et
1568 5201 1795 5272 incipiet

181 5295 394 5354 bonum
425 5299 550 5369 ejus
584 5297 946 5367 blasphemari
971 5313 1068 5367 per
1099 5297 1300 5353 malum
1322 5296 1460 5366 ejus,
1495 5295 1635 5350 sicut
1661 5293 1797 5348 scri-

255 5424 279 5450 τι
312 5413 454 5468 Mss.
485 5410 762 5484 nonnulli,
782 5412 916 5481 quod
943 5412 1136 5484 prodit.

179 5484 286 5612 (rb.
315 5485 472 5540 Edit.
514 5498 577 5538 ac
613 5483 767 5554 pauci
799 5480 966 5551 'mssi,
1001 5499 1151 5554 quem
1200 5482 1476 5552 Scriptura
1527 5480 1794 5549 inﬁrmum

219 5567 331 5611 ιειι.

219 5574 455 5683 ’δέ’ἱιιεε.
510 5626 766 5698 aliquot.,
798 5636 1002 5698 prapter
1045 5626 1352 5680 cbaritatem
1373 5640 1542 5691 suam,
1573 5638 1687 5695 qua:
1713 5621 1797 5676 di-

182 5699 311 5758 lexit
341 5715 470 5763 nos,
500 5697 738 5752 misertus
763 5707 836 5752 est
869 5697 1050 5753 nostri.

251 5768 280 5808 ἀ
305 5771 388 5828 Ita
416 5785 560 5826 mss.
585 5769 746 5839 longe
770 5768 978 5838 plurimi
1010 5788 1023 5823 :
1055 5769 1150 5826 alii
1177 5785 1308 5826 vero
1338 5767 1607 5836 nonnulli,
1633 5773 1798 5838 atque

658 5864 931 5929 Ρηιιοι..
978 5865 1177 5931 XVII.

1902 3241 2172 3306 hortatur,
2204 3249 2264 3294 ut
2285 3254 2407 3294 cum
2439 3255 2574 3310 pace
2603 3255 2666 3294 ea
2693 3241 3060 3304 conferamus,
3093 3257 3188 3312 per
3213 3259 3333 3313 qum
3364 3245 3501 3299 imi-

1899 3349 2017 3391 cem
2049 3349 2148 3390 nos
2177 3333 2532 3398 aediﬁcemus,
2561 3334 2630 3388 ab
2671 3334 2738 3388 iis
2770 3350 2890 3405 qua:
2922 3335 3260 3392 infructuosa
3286 3348 3410 3392 sunt
3451 3349 3504 3394 et

1899 3426 2071 3496 magis
2119 3427 2394 3481 contraria
2438 3424 2794 3480 declinantes.
2848 3424 3086 3480 Collatio
3129 3429 3272 3483 enim
3321 3439 3506 3499 poteSt

1902 3519 2184 3590 prodesse,
2233 3528 2318 3572 est
2344 3517 2488 3572 enim
2520 3517 2768 3573 excitans
2799 3525 3070 3583 mentem;
3100 3519 3146 3572 si
3179 3529 3357 3575 tamen
3386 3524 3502 3575 vin-

1897 3612 2052 3669 cendi
2083 3612 2319 3668 studium
2357 3619 2741 3668 contemnatur
2772 3629 2784 3666 :
2820 3612 2923 3666 hoc
2950 3623 3035 3668 est
3061 3614 3205 3668 enim
3237 3616 3378 3684 quod
3407 3631 3503 3686 pa-

1897 3707 1970 3762 rit
1996 3706 2166 3761 litem.

1970 3799 2152 3871 (Vers.
2179 3798 2294 3870 20.)
2325 3797 2455 3852 Noli
2497 3807 2706 3868 pr0pter
2753 3813 2923 3852 escam
2959 3799 3156 3854 solrere
3202 3816 3331 3868 opus
3374 3801 3494 3856 Dei.

1896 3895 2070 3950 Homo
2097 3910 2234 3964 Opus
2275 3891 2371 3948 Dei
2400 3903 2485 3947 est
2514 3907 2612 3962 per
2640 3891 2975 3946 creationem
2999 3933 3013 3958 ,
3037 3901 3096 3947 et
3138 3893 3331 3949 iterum
3361 3910 3497 3965 opus

1899 3987 1992 4043 Dei
2020 3995 2125 4055 est,
2146 3986 2274 4042 dum
2305 3984 2636 4041 reformatur
2659 4000 2753 4054 per
2774 3985 3263 4054 regenerationem.
3284 3987 3347 4041 Et
3369 4001 3489 4042 esca

1896 4097 2034 4152 opus
2058 4079 2154 4136 Dei
2175 4089 2277 4148 est,
2311 4078 2408 4135 sed
2433 4093 2536 4134 non
2567 4077 2730 4132 licinio
2758 4086 2985 4148 pr0pter
3009 4093 3214 4143 escam,
3247 4079 3342 4133 sed
3369 4094 3493 4135 esca

1897 4182 2116 4244 propter
2162 4171 2437 4226 hominem
2474 4187 2488 4223 :
2540 4169 2770 4224 multum
2802 4184 2934 4238 ergo
2963 4167 3158 4234 distat;
3192 4169 3314 4224 ideo
3353 4172 3491 4237 noli,

1893 4267 2092 4339 inquit,
2127 4266 2230 4322 hoc
2259 4280 2396 4334 Opus
2422 4264 2516 4319 Dei
2546 4263 2688 4333 quod
2716 4263 3036 4333 praeclarum
3063 4271 3170 4327 est,
3195 4263 3494 4320 dissolvere

1895 4368 2117 4430 propter
2145 4357 2221 4423 id,
2251 4356 2398 4426 quod
2425 4355 2784 4411 humillimum
2814 4363 2917 4410 est.
2954 4354 3065 4409 lloc
3087 4363 3171 4410 est
3199 4356 3358 4410 saluti
3388 4357 3494 4411 fra-

1895 4456 1992 4510 tris
2016 4452 2258 4517 studere,
2294 4467 2399 4506 non
2427 4464 2612 4506 curam
2639 4463 2780 4505 esca:
2805 4463 2972 4518 agere
2991 4489 3005 4513 ,
3031 4458 3089 4502 ut
3114 4447 3338 4503 fratrem
3359 4464 3491 4504 con-

1810 4533 1865 4593 D
1890 4549 2094 4604 tristes.
2132 4545 2459 4602 Beneﬁcium
2488 4544 2634 4598 enim
2682 4541 2776 4596 Dei
2805 4540 3022 4594 irritum
3069 4539 3198 4596 facit
3223 4582 3237 4608 ,
3267 4542 3359 4612 qui
3390 4543 3494 4598 fra-

1893 4650 2032 4696 trem
2062 4639 2347 4694 liberatum
2375 4652 2406 4690 a
2441 4645 2665 4706 peccato
2693 4649 2789 4704 per
2825 4633 3282 4702 disceptationem
3309 4652 3494 4692 rursus

1894 4741 2156 4805 provocat
2183 4731 2250 4786 ad
2283 4729 2640 4801 peccandum,
2661 4729 2884 4783 solvens
2907 4727 2961 4781 in
2990 4727 3110 4798 ipso
3134 4743 3296 4800 opera
3337 4729 3496 4785 Chri-

1894 4827 1962 4882 sti
1985 4839 2110 4896 qua:
2134 4822 2326 4894 gessit,
2353 4832 2410 4876 ut
2446 4822 2724 4876 hominem
2750 4834 2779 4873 a
2811 4832 3035 4890 peccato
3065 4820 3345 4877 liberaret.

1971 4917 2161 4974 Omnia
2185 4915 2392 4986 quidem
2419 4913 2615 4967 munda
2643 4921 2780 4968 sunt.
2830 4911 3032 4968 Verum
3065 4922 3120 4969 et
3149 4914 3491 4970 manifestum

1899 5020 1981 5069 est
2007 5010 2185 5067 omnia
2216 5005 2418 5062 munda
2447 5019 2569 5061 esse
2593 5023 2606 5059 :
2633 5004 2833 5075 quippe
2862 5019 2984 5058 cum
3020 5005 3073 5058 in
3108 5005 3306 5059 Genesi
3344 5005 3494 5075 lega-

1901 5115 2010 5174 tur,
2035 5103 2216 5160 omnia
2245 5117 2367 5173 qua:
2392 5100 2536 5156 Deus
2554 5097 2703 5166 fecit,
2733 5112 2855 5154 esse
2876 5097 3019 5152 bona
3043 5096 3222 5160 valde;
3249 5095 3356 5151 Sed
3383 5112 3495 5150 ma-

1905 5200 2013 5255 lum
2032 5207 2104 5253 est
2131 5197 2351 5261 homini,
2371 5194 2460 5265 qui
2489 5210 2579 5262 per
2606 5191 2946 5263 offensionem
2973 5190 3080 5245 edit
3120 5188 3274 5258 (Cen.
3307 5204 3346 5256 ι,
3375 5188 3493 5260 51).

1905 5291 2040 5347 Cum
2070 5304 2200 5361 ergo
2227 5304 2322 5358 per
2355 5296 2602 5342 naturam
2641 5285 2821 5338 omnia
2859 5285 2998 5339 bona
3031 5290 3088 5337 et
3135 5280 3332 5336 munda
3363 5281 3498 5350 sint,

1907 5405 2069 5467 edit.,
2096 5404 2157 5458 Si
2190 5403 2301 5467 quis
2333 5402 2549 5456 decorus
2577 5415 2765 5454 novum
2802 5402 2936 5467 forte
2980 5395 3185 5467 habeat,
3215 5403 3323 5450 etc.

1981 5485 2004 5513 θ
2036 5464 2166 5530 Mss.
2197 5464 2339 5528 haud
2387 5474 2566 5541 pauci,
2607 5472 2774 5542 placet
2802 5464 3033 5542 Christo,
3063 5464 3231 5542 idest,
3260 5477 3317 5542 ut
3355 5469 3495 5524 nulli

1906 5547 2208 5620 scandalum
2234 5535 2415 5620 faciat,
2439 5535 2665 5620 congrue
2692 5540 2982 5620 obsequitur
3000 5535 3334 5620 redemptori.

1986 5617 2004 5657 ί
2030 5619 2190 5674 Rom.
2222 5613 2358 5672 edit.
2411 5615 2550 5680 sola,
2596 5627 2703 5668 esse
2756 5613 3044 5680 possimus,
3091 5623 3123 5660 a
3177 5613 3504 5668 contentione

1907 5691 2112 5747 edendi.

2883 5847 2921 5907 6
