4082 6306
577 293 681 349 173

1498 277 1591 334 AD
1628 272 1856 334 OPERA
1902 267 2146 331 SANC‘I‘I
2189 269 2515 330 AMBROSII
2558 266 2923 327 APPENDlX.

561 410 635 461 ita
669 417 723 459 et
751 418 814 457 ct
863 399 1027 455 David
1068 412 1193 468 rege
1233 401 1412 450 ortum
1459 393 1862 464 haberetjuxta
1904 408 2160 458 carnem;
2191 393 2244 456 Α
2269 393 2496 463 gratiam
2529 397 2838 455 assecutos,
2867 401 3028 458 quam
3071 385 3307 440 assecuti
3335 393 3496 441 erant
3524 382 3732 448 Judzri,
3778 383 3862 452 qui

568 497 691 551 ideo
721 493 869 548 radix
893 491 1045 546 Jesse
1071 489 1233 544 arbor
1258 485 1422 541 David
1453 528 1468 551 ,
1497 501 1618 558 qua:
1648 486 1882 540 fructum
1912 485 2038 541 fecit
2067 500 2162 555 per

566 602 772 643 ramum
795 627 809 649 ,
837 584 929 654 qui
955 594 1038 637 est
1066 582 1234 636 Maria
1256 581 1408 650 virgo
1427 622 1440 646 ,
1469 595 1589 650 quae
1619 579 1806 649 genuit
1826 579 2123 634 Christum.

640 681 816 752 (Vers.
851 679 951 740 15.
990 677 1102 746 Η.)
1136 676 1273 730 Deus
1315 683 1482 730 autent
1525 675 1635 745 spei
1674 675 1868 744 repleat
1911 691 1996 729 vos
2024 675 2162 728 ontni

563 774 752 847 gaudio
776 781 820 826 et
847 787 970 843 pace
999 772 1054 824 in
1082 770 1376 833 credendo;
1407 778 1459 822 ut
1485 767 1754 822 abundetis
1780 768 1833 820 in
1866 784 1955 837 spe
1978 776 2027 822 et
2056 768 2162 821 uir-

562 878 668 920 tute
691 864 922 934 Spiritus
944 862 1130 917 sancti.
1163 861 1343 916 Certus
1371 877 1482 916 sum
1505 869 1676 914 autent
1704 901 1717 924 ,
1745 863 1931 928 fratres
1949 899 1966 924 ,
1999 867 2046 912 et
2072 875 2165 929 ego

561 961 672 1030 ipse
700 957 763 1010 de
785 956 956 1023 vobis,
983 954 1107 1026 quia
1137 966 1185 1008 et
1214 953 1316 1024 ipsi
1344 953 1480 1023 pleni
1508 953 1630 1007 estis
1657 952 1950 1019 dilectione,
1984 951 2168 1020 repleti

566 1051 704 1104 omni
731 1049 982 1114 scientia;
1011 1048 1082 1100 ita
1115 1055 1166 1101 ut
1209 1047 1413 1115 possitis
1453 1046 1756 1100 alterutrum
1786 1062 2009 1100 monere.
2041 1043 2170 1100 Haec

560 1143 964 1200 exhortationis
992 1150 1153 1205 sunt;
1188 1155 1284 1210 per
1322 1140 1538 1196 laudem
1582 1139 1726 1196 enim
1764 1147 2024 1208 provocat
2074 1153 2172 1194 eos

566 1239 633 1293 ad
668 1237 953 1291 meliorem
985 1243 1036 1289 et
1064 1235 1405 1290 intellectum
1435 1243 1489 1290 et
1509 1235 1694 1289 vitam.
1726 1234 1825 1302 Qui
1852 1233 1996 1288 enim
2023 1232 2175 1288 videt

561 1349 622 1388 se
646 1331 878 1394 laudari,
906 1330 1033 1385 data
1065 1344 1234 1400 opera
1262 1330 1509 1384 elaborat
1539 1338 1598 1383 ut
1641 1344 1774 1384 vera
1807 1328 1911 1384 sint
1935 1343 2057 1398 quae
2084 1326 2168 1382 di.

563 1434 780 1481 cuntur.
813 1433 836 1460 ο
869 1421 997 1478 ldeo
1026 1437 1134 1478 non
1165 1422 1337 1488 dixit,
1367 1429 1428 1476 ut
1451 1420 1683 1476 invicem
1710 1435 1769 1476 se
1799 1421 2052 1484 doceant,
2076 1418 2172 1474 sed

534 1517 928 1579 .admoneant;
963 1513 1066 1568 hoc
1095 1514 1238 1568 enim
1267 1514 1412 1568 solet
1441 1513 1649 1567 moneri
1671 1553 1686 1578 ,
1710 1510 1856 1583 quod
1887 1527 2006 1566 cum
2038 1509 2177 1565 scia-

563 1622 654 1665 tur
677 1652 690 1673 ,
720 1607 1016 1678 aliquando
1048 1606 1377 1677 subterfugit
1419 1606 1624 1661 animo.
1657 1606 1866 1661 Caetera
1899 1620 2005 1661 non
2048 1612 2178 1660 sunt

563 1702 794 1758 obscura
814 1742 828 1765 ,
863 1707 921 1754 ul.
945 1699 1224 1770 indigeant
1250 1698 1659 1769 explanatione.

2265 485 2367 540 sibi
2399 484 2814 553 pra'rogativam
2849 480 3127 535 vindicant
3157 477 3398 533 Patrum.

2338 576 2520 647 (Vers.
2551 573 2671 644 20.)
2698 572 2783 627 Ιια
2824 583 2878 626 ut
2905 573 2967 626 ab
3009 570 3345 626 Hierusalem
3373 570 3431 623 in
3467 567 3689 622 circuitu
3715 583 3870 636 usque

2269 672 2544 745 Illyricum
2583 671 2884 742 repleverim
2927 668 3268 740 Evangelium
3319 667 3448 732 Dei,
3500 675 3548 720 et
3596 664 3723 719 Filii
3763 668 3868 738 ejus

2268 765 2480 822 Christi.
2516 764 2542 802 (³
2574 765 2666 820 Sic
2709 774 2881 820 autem
2923 763 3201 835 pra'dicavi
3241 760 3582 831 Eeangelium
3604 801 3618 822 ,
3650 774 3752 811 non
3788 756 3872 809 ubi

2269 859 2562 912 nominatus
2587 866 2661 912 est
2682 855 2948 919 Christus;
2971 871 3033 909 ne
3051 871 3208 926 supra
3233 853 3460 908 alienum
3480 850 3869 922 fundamentum

2269 952 2602 1022 aediﬁcarent.
2636 949 2754 1005 Non
2787 951 2906 1005 sine
2930 964 3091 1004 causa
3118 947 3230 1002 illic
3259 961 3319 1002 se
3342 943 3642 1016 praedicare
3670 943 3765 996 niti
3793 941 3874 995 di-

2270 1047 2377 1113 cit,
2423 1045 2511 1100 ubi
2563 1059 2668 1099 non
2701 1044 3012 1098 nominatus
3051 1048 3137 1096 est
3177 1038 3459 1103 Christus;
3508 1036 3689 1094 sciens
3732 1035 3874 1089 enim

2275 1137 2768 1209 pseudoapostolos
2814 1137 2976 1190 aliter
3023 1149 3186 1203 quam
3233 1131 3554 1200 oportebat,
3601 1129 3871 1184 Christum

2276 1237 2489 1291 tradere
2519 1235 2610 1309 (ad
2659 1235 2765 1290 hoc
2794 1234 2941 1289 enim
2985 1230 3384 1293 circumibant,
3428 1237 3488 1282 ut
3533 1225 3636 1282 sub
3664 1225 3873 1280 nomine

2279 1331 2434 1403 107
2457 1329 2657 1384 Christi
2680 1328 2803 1382 aliis
2822 1326 3168 1397 dogmatibus
3196 1322 3458 1395 populum
3487 1319 3870 1390 manciparent,

2275 1423 2418 1494 quod
2461 1432 2648 1492 postea
2676 1421 2958 1490 corrigere
2994 1416 3216 1471 maximi
3252 1423 3374 1471 erat
3399 1411 3646 1481 laboris),
3673 1409 3871 1464 idcirco

2277 1516 2577 1587 prmvenire
2621 1513 2823 1578 voluit,
2856 1522 2918 1566 ut
2961 1511 3233 1566 inviolata:
3275 1505 3681 1578 praedicationis
3717 1503 3872 1558 verba

2278 1609 2521 1664 traderet
2561 1606 2948 1671 audientibus,
2986 1613 3009 1640 θ
3041 1613 3098 1658 et
3139 1610 3198 1656 ut
3225 1603 3431 1670 integra
3477 1597 3619 1652 linea
3657 1593 3874 1664 superﬁ-

2279 1704 2392 1761 cies
2434 1701 2684 1757 ordiuata
2716 1698 3012 1754 incolumis
3055 1695 3389 1751 fundamenti
3439 1692 3606 1749 robur
3634 1690 3872 1747 haberet.

637 1796 821 1868 (Vers.
851 1796 935 1861 15,
960 1794 1072 1866 16.)
1098 1794 1361 1848 Audacius
1383 1803 1553 1847 autem
1575 1793 1759 1865 scripsi
1781 1793 1938 1858 robis,
1969 1795 2174 1860 fratres,
2208 1802 2255 1863 Β
2285 1794 2353 1850 Et
2377 1795 2500 1866 quia
2544 1793 2804 1864 magister
2831 1791 2990 1846 datus
3020 1799 3102 1845 est
3129 1787 3414 1858 gentibus,
3447 1785 3730 1856 oportebat
3755 1798 3872 1838 eum

567 1907 631 1945 ea:
654 1900 798 1962 parte
814 1929 830 1955 ,
863 1900 1118 1958 tamquam
1142 1888 1194 1940 in
1213 1886 1514 1942 memoriam
1544 1902 1633 1940 vos
1653 1886 1900 1940 reducens
1922 1927 1936 1951 ,
1965 1895 2175 1956 pr0pter

563 1971 812 2048 gratiam‘
841 1995 956 2050 quw
1000 1981 1122 2033 data
1176 1989 1248 2033 est
1277 1978 1402 2032 mihi
1437 1995 1468 2030 a
1514 1976 1650 2043 Deo;
1698 1988 1753 2032 ut
1803 1978 1898 2030 sim
1945 1976 2174 2029 minister

567 2060 759 2130 Christi
781 2073 911 2130 Jesu
942 2075 993 2128 in
1022 2073 1256 2146 gentibus
1281 2115 1295 2138 ,
1329 2072 1666 2139 sancti/icans
1690 2069 2024 2142 Evangeliunt
2052 2067 2170 2134 Dei,

565 2184 622 2226 ut
650 2173 743 2240 liat
771 2170 964 2224 oblatio
989 2169 1220 2242 gentium
1251 2177 1463 2237 accepta
1491 2175 1537 2220 et
1566 2165 1887 2235 sanctiﬁcata
1922 2164 1974 2216 in
2005 2162 2176 2234 Spiri-

565 2274 620 2318 tu
648 2273 844 2317 sancto.
889 2261 1005 2316 Non
1048 2261 1193 2315 enim
1226 2269 1431 2314 temere
1463 2272 1522 2312 se
1560 2257 1848 2328 scripsisse
1877 2256 2167 2326 signiﬁcat,

559 2355 944 2410 auctoritatem
990 2353 1137 2407 enim
1182 2351 1287 2405 sibi
1337 2351 1517 2405 datam
1567 2365 1662 2419 per
1695 2349 1788 2404 Dei
1819 2349 2049 2419 gratiam
2093 2347 2173 2402 di-

560 2465 725 2518 cens,
757 2459 814 2504 ut
860 2448 1117 2504 omnibus
1144 2447 1400 2518 gentibus
1431 2445 1629 2501 audeat
1675 2445 1946 2509 scribere,
1976 2443 2170 2499 adma-

561 2559 699 2599 nens
729 2553 782 2597 et
810 2541 1142 2596 conﬁrmans
1171 2540 1512 2610 propositum
1540 2554 1730 2594 eorum
1763 2539 1814 2592 in
1843 2537 2083 2603 Christo;
2116 2547 2175 2594 ut

561 2634 986 2691 sollicitudinem
1018 2649 1173 2689 suam
1220 2632 1476 2687 ostendat
1505 2632 1556 2686 in
1587 2631 1890 2686 ministerio
1922 2632 2170 2701 Evange-

559 2726 649 2792 lii,
701 2727 857 2797 quasi
896 2725 1157 2796 magister
1196 2725 1438 2794 gentium
1467 2765 1482 2790 ,
1528 2733 1583 2778 et
1612 2724 1942 2779 sacriﬁcium
1981 2739 2171 2779 eorum

561 2820 736 2889 possit
757 2828 1042 2889 acceptum
1073 2819 1187 2873 ﬁeri
1220 2818 1674 2873 sanctiﬁcationis
1702 2833 1865 2872 causa
1894 2819 1945 2872 in
1968 2818 2173 2888 Spiritu

560 2921 778 2967 sancto.
806 2909 1080 2980 Quidquid
1105 2911 1250 2965 enim
1281 2910 1386 2965 ﬁde
1419 2911 1628 2982 integra
1651 2951 1668 2977 ,
1697 2920 1752 2966 et
1781 2921 1963 2967 mente
1993 2911 2172 2966 sobria

561 3003 824 3068 offertur,
856 3019 885 3057 a
917 3002 1126 3073 Spiritu
1156 3011 1347 3058 sancto
1376 3002 1716 3073 puriﬁcatur.

639 3098 821 3168 (Vers.
854 3096 1073 3168 17-19.)
1107 3095 1285 3152 Habeo
1327 3097 1485 3168 igitur
1511 3097 1731 3168 glorians
1775 3098 1828 3151 in
1880 3096 2084 3153 Christo
2107 3099 2176 3151 ad

566 3190 768 3254 Deum;
813 3207 915 3244 non
948 3190 1082 3244 enim
1113 3189 1279 3243 audeo
1307 3189 1503 3257 aliquid
1537 3188 1675 3259 loqui
1705 3206 1913 3253 eorum,
1946 3206 2062 3258 qua:
2086 3207 2177 3262 per
2204 3205 2249 3266 ρ

560 3303 641 3340 me
671 3301 773 3339 non
801 3284 960 3354 efﬁcit
986 3281 1221 3337 Christus
1247 3283 1301 3335 in
1323 3282 1661 3336 obedientiam
1692 3284 1920 3354 gentium
1947 3287 2099 3338 verbo
2128 3294 2175 3339 et

561 3381 717 3450 factis
742 3420 757 3443 ,
786 3395 876 3448 per
908 3385 1209 3448 potestatem
1241 3378 1506 3449 signorum
1531 3387 1576 3431 et
1605 3377 1963 3450 prodigiorum
1990 3380 2042 3433 in
2067 3381 2176 3433 uir-

563 3483 672 3527 tute
710 3471 940 3543 Spiritus
968 3471 1150 3524 sancti.
1183 3469 1427 3526 Gloriam
1475 3471 1681 3526 habere
1726 3486 1786 3527 se
1817 3473 1951 3528 dicit
1975 3481 2002 3520 ὴ
2033 3474 2177 3543 apud

567 3569 741 3622 Deum
774 3580 873 3636 per
903 3563 1176 3619 Christum
1227 3563 1448 3630 Jesum;
1479 3565 1710 3621 credens
1753 3567 1936 3633 enim,
1971 3577 2026 3622 et
2065 3582 2180 3623 ser-

562 3660 718 3714 viens
742 3657 962 3713 Christo
985 3655 1117 3712 Jesu
1142 3657 1198 3710 in
1228 3658 1559 3714 conscientia
1591 3673 1722 3728 pura
1747 3699 1762 3724 ,
1796 3659 2052 3715 meritum
2077 3659 2181 3715 sibi

561 3754 695 3811 fecit
724 3753 868 3824 apud
896 3752 1066 3807 Deum
1108 3751 1324 3808 Patrem
1345 3793 1359 3817 ,
1392 3751 1446 3806 in
1490 3761 1696 3808 tantum
1734 3763 1792 3809 ut
1824 3755 1957 3809 nihil
1988 3755 2180 3812 deesse

565 3846 742 3912 dicat,
776 3845 919 3917 quod
965 3860 1071 3900 non
1105 3859 1199 3914 per
1245 3845 1397 3922 illum
1429 3856 1687 3916 operatus
1733 3849 1805 3903 sit
1833 3849 2081 3906 Christus
2110 3850 2179 3905 ad

2280 1889 2516 1944 sollicite
2548 1887 2651 1941 hoc
2696 1901 2926 1950 curare,
2959 1894 3016 1938 ut
3065 1882 3175 1937 illic
3211 1881 3439 1937 doceret
3461 1920 3475 1945 ,
3505 1879 3592 1934 ubi
3637 1876 3875 1932 Christus

2280 2000 2388 2040 non
2416 1984 2592 2039 fuerat
2624 1981 2936 2038 nuntiatus:
2961 1986 3094 2034 etut
3119 1975 3498 2031 auctoritatem
3523 1987 3669 2026 suam
3703 1969 3874 2024 ﬁrma-

2280 2085 2400 2144 ret,
2429 2084 2486 2132 et
2515 2076 2761 2129 laborum
2796 2087 3022 2128 suorum
3049 2071 3270 2141 plenum
3301 2067 3540 2122 fructum
3572 2064 3789 2119 haberet
3815 2078 3873 2118 ex

2278 2170 2374 2236 iis,
2399 2184 2519 2239 qum
2550 2167 2912 2238 plantaverat.
2943 2164 3077 2218 Ilinc
3102 2172 3185 2218 est
3213 2159 3360 2216 unde
3381 2158 3559 2214 omnia
3583 2158 3698 2212 loca
3729 2154 3746 2193 τ
3778 2155 3875 2210 Ec-

2277 2261 2440 2318 clesia
2491 2262 2808 2331 occupavit;
2862 2262 3104 2314 haereses
3147 2257 3293 2313 enim
3347 2264 3531 2324 postea
3588 2252 3874 2308 subtilitate

2279 2355 2649 2425 malignantes
2671 2393 2686 2416 ,
2721 2353 2822 2408 sub
2854 2352 3075 2407 nomine
3101 2348 3305 2406 Christi
3334 2347 3495 2418 Legis
3523 2354 3579 2403 et
3611 2344 3731 2400 ﬁdei
3757 2359 3878 2399 seu-

2276 2462 2397 2502 sum
2426 2461 2779 2517 corrumpere
2805 2444 3137 2500 nitebantur.
3174 2442 3328 2512 Quod
3375 2440 3686 2498 testimonio
3723 2439 3873 2510 Legis

2276 2542 2487 2596 monuit
2513 2540 2742 2596 dicens:

2351 2632 2532 2704 (Vers.
2556 2632 2674 2702 21.)
2703 2632 2810 2687 Sed
2834 2632 2968 2685 sicut
2992 2631 3244 2698 scriptum
3265 2638 3339 2684 est
3367 2645 3386 2683 :
3416 2628 3553 2696 Quia
3578 2627 3753 2696 quibus
3773 2640 3870 2678 non

2279 2737 2354 2781 est
2385 2728 2748 2781 annuntiatum
2777 2727 2839 2780 de
2859 2743 2918 2781 eo
2937 2768 2951 2792 ,
2980 2725 3222 2779 uidebunt
3251 2734 3335 2778 :et
3358 2725 3445 2794 qui
3470 2739 3570 2776 non
3589 2722 3868 2785 audierunt,

2277 2820 2603 2891 intelligent:
2629 2818 2683 2872 in
2715 2818 2874 2873 Esaia
2908 2819 3140 2874 habetur
3174 2816 3345 2887 (Esai.
3377 2833 3481 2881 LII,
3515 2815 3629 2885 15).
3659 2814 3726 2870 Ut
3747 2828 3869 2884 ergo

2279 2911 2368 2967 hic
2407 2911 2720 2966 intellectus
2748 2926 2914 2966 verus
2941 2920 3102 2982 atque
3131 2909 3464 2966 inviolabilis
3488 2919 3634 2965 esset
3657 2907 3721 2962 de
3747 2921 3870 2962 vero

2281 3007 2376 3063 Dei
2407 3007 2547 3061 Filio
2569 3047 2583 3072 ,
2614 3021 2674 3062 se
2713 3006 2997 3062 festinasse
3025 3019 3240 3075 semper
3269 3003 3406 3060 dicit
3433 3003 3673 3059 imbuere
3696 3009 3870 3074 gentes

2282 3100 2597 3170 evangelica
2621 3099 2886 3156 veritate:

2355 3191 2536 3264 (Vers.
2567 3191 2788 3262 22-24.)
2837 3191 3061 3262 Propter
3089 3191 3228 3263 quod
3254 3191 3568 3262 impediebar
3609 3189 3870 3260 plurimum

2282 3287 2448 3341 venire
2476 3287 2543 3339 ad
2564 3304 2671 3340 ros.
2700 3285 2854 3340 Nunc
2881 3302 2996 3340 vero
3027 3286 3247 3340 ulterius
3277 3285 3448 3340 locum
3479 3302 3582 3340 non
3613 3284 3789 3338 habens
3818 3284 3869 3337 in

2280 3375 2362 3432 his
2388 3379 2716 3451 regionibus,
2748 3379 3086 3447 cupiditatem
3131 3388 3303 3432 autem
3342 3377 3533 3433 habens
3563 3377 3782 3434 veniendi
3805 3377 3868 3428 ad

2281 3489 2369 3528 ros
2392 3489 2456 3526 ex
2485 3474 2656 3528 multis
2675 3477 2791 3546 jam
2815 3473 3218 3544 prtecedentibus
3246 3475 3431 3540 annis;
3457 3491 3576 3530 cum
3607 3476 3658 3528 in
3690 3472 3865 3535 Hispa~

2282 3568 2422 3621 niam
2453 3568 2714 3638 proficisci
2743 3585 2972 3639 coepero,
3005 3570 3183 3625 videbo
3212 3585 3329 3635 vos,
3363 3579 3387 3616 ε
3420 3579 3465 3623 et
3494 3587 3525 3622 a
3561 3568 3693 3623 vobis
3721 3566 3869 3622 dedu-

2283 3679 2374 3717 ear
2403 3663 2552 3729 illuc,
2585 3664 2629 3716 si
2651 3664 2790 3718 vobis
2818 3667 3040 3734 primunt
3067 3683 3131 3721 ea:
3164 3674 3310 3737 parte
3331 3665 3522 3737 fruitus
3548 3669 3707 3736 fuero.
3728 3660 3865 3728 Quod

2284 3756 2337 3812 in
2369 3757 2548 3828 capite
2577 3757 2826 3828 epistolae
2865 3760 3355 3830 memoratdicens
3385 3777 3398 3812 :
3436 3758 3573 3826 Quia
3612 3773 3764 3825 stupe,
3793 3755 3869 3809 in-

2283 3853 2420 3923 quit,
2446 3854 2695 3922 pr0posui
2723 3855 2894 3908 venire
2920 3855 2988 3909 ad
3009 3872 3094 3910 vos
3116 3896 3130 3920 ,
3163 3865 3211 3911 et
3258 3854 3550 3925 prohibitus
3595 3870 3702 3909 sum
3727 3866 3868 3919 usque

565 3938 1008 3995 exhortationem
1035 3938 1277 4008 gentium
1301 3979 1316 4003 ,
1348 3937 1529 3994 dando
1556 3939 1708 4008 signa
1732 3949 1786 3994 et
1817 3940 2059 4011 prodigia
2085 3956 2183 4011 per

565 4044 762 4083 manus
803 4027 920 4097 ejus
946 4069 960 4095 ,
995 4036 1055 4081 ut
1081 4029 1526 4098 praedicationem
1561 4031 1680 4100 ejus
1707 4031 1878 4087 virtus
1903 4047 2184 4089 commen-

568 4124 745 4176 daret.
777 4121 913 4176 Hinc
943 4131 1028 4176 est
1062 4121 1205 4177 unde
1232 4122 1462 4192 gloriam
1510 4138 1570 4178 se
1616 4123 1856 4178 ostendit
1893 4125 2097 4182 habere
2128 4127 2180 4182 in

568 4215 790 4270 Christo
812 4216 879 4269 ad
908 4216 1108 4280 Deum;
1140 4217 1386 4272 serviens
1415 4217 1559 4272 enim
1590 4215 1812 4272 Christo
1830 4218 2057 4289 gloriam
2090 4225 2184 4276 ha-

569 4309 663 4364 bet
693 4307 758 4363 ad
790 4308 956 4362 Deum
976 4349 990 4372 ,
1023 4306 1075 4361 in
1103 4317 1311 4363 tantum
1340 4317 1398 4363 ut
1428 4309 1480 4363 in
1505 4309 1696 4380 digere
1730 4325 1834 4364 non
1860 4312 2055 4367 habeat
2079 4312 2182 4370 ali-

571 4401 701 4472 quid
731 4400 930 4456 divinae
960 4402 1208 4470 virtutis,
1242 4403 1526 4473 quodisibi
1556 4403 1855 4474 prmsﬁtum
1903 4422 2009 4461 non
2039 4409 2110 4464 sit
2152 4425 2182 4465 a
2287 4427 2430 4467 mam
2453 4455 2468 4480 ,
2499 4413 2642 4484 quod
2667 4414 2793 4470 olim
2825 4423 3129 4487 Optaverat.
3162 4417 3442 4474 Romanos
3465 4419 3654 4489 igitur,
3685 4415 3790 4488 quia
3820 4414 3867 4468 in

573 4497 693 4553 Deo
731 4514 744 4551 :
775 4495 869 4551 sed
901 4497 1082 4551 omnia
1130 4511 1222 4562 se,
1269 4498 1390 4566 quia
1422 4496 1653 4552 idoneus
1684 4496 1932 4554 inventus
1963 4511 2046 4556 est
2073 4501 2184 4558 dis-
2285 4505 2486 4578 Legem
2517 4507 2720 4564 inducti
2747 4509 2996 4579 fuerant,
3024 4512 3244 4568 interim
3288 4528 3383 4584 per
3413 4513 3694 4585 epistolam
3719 4509 3868 4566 corri-

573 4600 866 4662 pcnsator,
909 4599 1263 4645 consecutum
1283 4632 1296 4656 ,
1328 4605 1452 4660 qua:
1499 4589 1567 4644 ad
1613 4591 2025 4648 conversionem
2055 4610 2187 4666 gen-
2209 4601 2265 4662 D
2291 4600 2386 4671 git.
2412 4600 2538 4657 Illos
2565 4610 2748 4658 autem
2778 4604 2870 4674 qui
2903 4620 3011 4661 non
3044 4605 3332 4662 audierant
3355 4605 3534 4663 adhuc
3562 4603 3870 4678 praedicatio-

575 4689 711 4740 tium
756 4701 857 4756 per
883 4685 1158 4756 signorum
1193 4686 1447 4741 virtutem
1482 4684 1842 4756 proﬁcerent,
1878 4688 2182 4758 proﬁtetur.
2282 4707 2438 4760 nem,
2472 4693 2659 4750 utilius
2686 4711 2809 4753 esse
2856 4699 3144 4768 praesentia
3173 4700 3256 4756 sui
3297 4699 3524 4756 doceri:
3575 4710 3634 4755 ut
3678 4694 3867 4754 fundati

585 4789 607 4816 τ
637 4777 792 4846 Quod
816 4793 882 4833 eo
913 4778 1157 4848 proﬁcit,
1183 4787 1240 4833 ut
1269 4793 1330 4834 se
1361 4793 1467 4834 non
1493 4777 1672 4835 minus
1697 4781 1939 4850 potuisse
1971 4783 2184 4853 probet,
2287 4798 2437 4844 recta
2467 4788 2573 4846 ﬁde
2600 4789 2824 4847 difﬁcile
2853 4790 2878 4829 ιι
2901 4792 3050 4849 aliud
3079 4793 3284 4864 aliquid
3327 4794 3660 4865 reciperent.
3689 4791 3871 4849 Ventu-

581 4888 744 4943 quam
767 4871 949 4927 caeteri
977 4871 1212 4942 apostoli
1239 4913 1252 4938 ,
1287 4872 1378 4942 qui
1402 4871 1762 4928 fuerantcum
1791 4875 2056 4930 Domino:
2087 4893 2187 4933 nec
2289 4896 2409 4936 rum
2451 4891 2630 4937 tamen
2663 4899 2724 4940 se
2753 4885 3004 4954 promisit
3041 4894 3322 4956 tempore,
3359 4902 3467 4958 quo
3493 4887 3562 4943 ad
3610 4881 3872 4954 Hispanias

579 4964 788 5036 aliquid
839 4966 1018 5020 minus
1048 4965 1192 5020 inter
1219 4975 1410 5037 gentes
1451 4967 1708 5022 virtutum
1741 4977 2023 5038 operatum
2065 4985 2188 5028 esse
2288 4985 2409 5030 erat
2437 4978 2649 5044 iturus;
2679 4979 2805 5049 quia
2837 4979 2949 5035 illic
2975 4979 3224 5036 Christus
3253 4996 3363 5037 non
3389 4991 3508 5038 erat
3538 4980 3871 5052 praedicatus,

583 5060 786 5125 Deum;
821 5067 880 5115 ut
909 5074 1006 5129 per
1036 5057 1141 5114 hoc
1171 5058 1346 5130 ipsum
1374 5069 1654 5128 crescant,
1687 5060 1934 5117 videntes
1962 5063 2102 5118 hanc
2132 5079 2190 5120 se
2291 5075 2348 5121 ut
2375 5079 2671 5139 occuparet
2701 5081 2911 5127 mentes
2942 5072 3158 5128 illorum
3193 5089 3207 5139 ;
3239 5081 3296 5128 et
3317 5073 3440 5144 quia
3471 5073 3875 5144 pseudoaposto-

2286 3945 2460 3999 adhuc
2499 3944 2683 4018 (Rom.
2731 3964 2783 4013 ι,
2820 3947 2934 4018 15).
2966 3947 3120 4004 Nunc
3168 3948 3435 4016 absolvit,
3468 3947 3750 4004 ostendens
3771 3959 3869 4015 qua

2285 4053 2449 4094 causa
2475 4039 2775 4108 impeditus
2799 4041 2903 4106 sit;
2949 4052 3006 4096 ut
3036 4043 3222 4098 volens
3267 4044 3456 4099 venire
3481 4043 3627 4098 aliud
3668 4048 3865 4112 ageret,

2285 4131 2425 4201 quod
2475 4132 2822 4198 imminebat,
2856 4141 2915 4189 ut
2943 4135 3266 4192 excluderet
3311 4135 3866 4207 pseudoapostolorum

2286 4239 2452 4293 prava
2484 4235 2795 4282 commenta
2825 4243 2840 4283 :
2870 4237 2925 4283 et
2951 4228 3189 4299 denique
3236 4239 3527 4300 postquam
3555 4229 3790 4284 omnibus
3816 4226 3866 4280 in

2285 4318 2513 4373 circuitu
2542 4319 2890 4390 praedicavit,
2916 4322 3027 4390 jam
3061 4337 3256 4378 vacare
3282 4322 3386 4379 sibi
3416 4323 3741 4380 dicitvenire
3767 4319 3868 4374 Ro-

659 5191 682 5216 ο
713 5180 868 5234 Rom.
894 5176 1026 5233 edit.
1051 5190 1171 5231 cum
1197 5178 1381 5247 paucis
1407 5194 1562 5243 mss.,
1584 5177 1712 5234 Ideo
1732 5195 1832 5234 non
1860 5182 1990 5235 dixit
2007 5199 2027 5246 ;
2047 5181 2186 5249 sola,

589 5251 978 5324 sedgadmonet.
1014 5251 1235 5324 At‘post
1256 5265 1450 5317 voces,
1477 5251 1786 5324 subterfugit
1815 5254 2016 5315 animo,
2058 5252 2186 5311 Gill.

593 5338 656 5379 ac
684 5322 842 5378 Rom.
870 5320 1001 5376 edit.
1032 5320 1360 5394 subnectunt
1384 5364 1407 5394 ,ί
1438 5335 1528 5376 aut
1577 5320 1891 5394 negligenter
1919 5326 2188 5394 habeatur,

591 5395 733 5464 quod
761 5392 1166 5464 nusquamalibi
1187 5392 1289 5448 nisi
1309 5393 1361 5447 in
1382 5393 1594 5449 Tbuan.
1612 5392 1734 5450 cod}
1763 5398 1919 5450 nobis
1931 5392 2192 5450 occurrit.

664 5464 690 5502 δ
722 5465 861 5520 Edit.
892 5463 1052 5518 Rom.
1083 5465 1196 5518 sola
1220 5505 1234 5530 ,
1259 5465 1398 5536 apud
1428 5464 1594 5520 Deum
1621 5467 1672 5518 in
1704 5465 1908 5522 Christo
1935 5465 2081 5521 Jesu.

668 5548 688 5574 ε
723 5536 812 5591 Sic
838 5550 1026 5590 omnes
1069 5535 1200 5590 edit.
1235 5535 1300 5592 et
1318 5553 1450 5592 mss.
1492 5540 1738 5607 aliquot:
1791 5539 1983 5606 reliqui
2021 5553 2186 5604 vero,

597 5607 732 5676 quod
762 5607 878 5660 ideo
899 5607 1019 5659 dicit
1045 5646 1058 5671 ,
1089 5617 1144 5659 ut
1173 5609 1305 5661 nihil
1334 5626 1388 5662 se
1416 5610 1584 5662 minus
1608 5611 1864 5676 potuisse,
1896 5619 2001 5662 etc.

665 5675 691 5714 ά
725 5677 880 5732 Rom.
904 5676 1036 5732 edit.
1064 5678 1210 5743 sola,
1239 5678 1360 5732 Illic
1375 5689 1547 5733 autem
1567 5675 1852 5748 prwdicare
1877 5681 2020 5733 nisus
2051 5697 2182 5734 sum.

669 5760 690 5784 ε
724 5748 880 5804 Rom.
929 5748 1056 5804 edit.
1092 5765 1212 5804 cum
1243 5765 1351 5805 uno
1377 5751 1463 5805 vel
1491 5752 1662 5805 altero
1708 5764 1864 5816 mss.,
1894 5759 1939 5802 et
1969 5759 2022 5803 ut
2049 5763 2189 5806 recta

587 5820 756 5891 linea,
788 5832 891 5878 etc.
917 5821 1082 5879 Corb.
1110 5822 1235 5878 cod.
1257 5862 1274 5890 ,
1299 5831 1356 5877 ut
1382 5823 1636 5894 integrum
1666 5831 1816 5892 atque
1848 5821 2104 5879 incolume
2124 5824 2187 5879 ab

2293 5184 2462 5310 egena
2494 5186 2770 5310 taperﬁcie
2811 5185 3204 5257 fundamentum
3240 5186 3530 5256 persisteret
3555 5203 3574 5242 :
3599 5183 3800 5250 caeteri,
3825 5190 3877 5237 et

2293 5270 2321 5310 e
2368 5267 2426 5309 ll.
2457 5273 2487 5309 ιι
2547 5273 2598 5309 tn
2624 5267 2795 5310 textu.

2293 5267 2426 5310 εαιι.
2457 5267 2515 5310 Ill
2547 5273 2598 5309 Ill
2624 5267 2795 5311 ιειιιιι.

2374 5325 2393 5363 τ
2424 5329 2626 5400 Omnes
2649 5327 2876 5400 edit.,ae
2903 5345 3032 5385 mss.
3057 5331 3290 5400 aliquot,
3321 5327 3574 5386 Ecclesia:
3599 5336 3876 5399 occuparet.

2296 5398 2492 5473 Cmte‘ri
2537 5399 2911 5473 commodius,
2940 5398 3192 5457 Ecclesia:
3233 5411 3528 5473 occuparet.
3561 5398 3755 5458 Iterum
3788 5413 3882 5473 pro

2294 5469 2573 5544 subtilitate
2598 5471 2974 5544 malignantes,
3006 5474 3220 5544 quidam
3249 5469 3379 5528 mss.
3416 5473 3740 5544 praeferunt,
3771 5469 3881 5525 sub-

2295 5540 2482 5612 tilitate
2502 5541 2856 5612 malignitatis.

2372 5621 2396 5657 ε
2427 5611 2549 5686 Vet.
2577 5611 2709 5667 edit.
2756 5629 2820 5669 ac
2871 5616 3051 5682 plures
3099 5632 3253 5682 niss.,
3281 5628 3327 5670 et
3367 5633 3400 5670 a
3437 5617 3575 5671 vobis
3615 5613 3884 5686 praemitti;

2295 5755 2478 5809 ducar.

2367 5823 2396 5865 ιι
2423 5827 2591 5885 Corb.
2615 5829 2785 5886 codex
2807 5871 2822 5900 ,
2855 5829 3001 5885 aliud
3026 5831 3227 5904 aliquid
3255 5833 3559 5905 reperirent.

2294 5683 2453 5757 Rom.
2486 5683 2714 5750 edit.,...
2761 5687 3080 5756 prtemittar;
3104 5688 3227 5744 cod.
3260 5687 3406 5744 Flor.
3449 5704 3513 5744 ac
3538 5683 3774 5757 Vind.,..
3803 5685 3888 5741 dc-

3879 5891 3917 5966 ,α

3797 6011 3848 6020 --αι
