4082 6306
225 365 334 422 177

1123 364 1622 423 COMMENTARIA
1665 365 1729 421 ΙΝ
1771 364 2158 423 EPISTOLAM
2197 369 2288 425 AD
2325 371 2669 431 ROMANOS.

3438 375 3539 431 178

223 481 294 538 lis
325 483 559 540 difﬁcile
593 482 690 539 luit
719 483 820 539 iter
841 481 906 537 ad
932 482 1088 548 illos;
1115 481 1238 539 ideo
1267 481 1475 538 tardius
1495 482 1541 538 si
1570 481 1697 548 iret,
1731 497 1838 536 non
1869 482 1922 543 Α
1948 498 2066 538 rum
2098 485 2215 554 ejus
2237 498 2452 558 accepta
2486 490 2574 544 liat
2595 491 2798 548 sanctis
2821 492 2872 546 iu
2898 492 3260 558 llicrusalem,
3289 501 3344 548 et
3363 492 3545 547 omnia

223 591 347 635 erat
382 580 703 636 molestum.

300 673 490 744 (Vers.
517 674 608 738 25,
633 673 751 743 26.)
778 673 932 726 Nunc
958 688 1074 726 vero
1095 671 1396 742 proﬁciscar
1423 671 1474 724 in
1506 671 1838 726 Hierusalem

223 768 533 822 ministrare
585 768 810 832 sanctis;
866 768 1206 839 probaverunt
1251 766 1384 820 enint
1431 765 1739 820 Macedonia
1792 777 1838 822 et

224 859 434 914 Achaia
456 861 784 915 collationem
814 861 1042 930 aliquam
1075 859 1246 928 facere
1272 859 1322 912 in
1352 875 1603 930 pauperes
1632 868 1838 914 sancto.

223 970 367 1018 rum,
389 955 610 1024 quisuut
636 953 984 1008 Hierusalem.
1011 953 1166 1008 Prius
1191 961 1371 1008 tamen
1396 953 1597 1008 iturum
1626 969 1686 1009 se
1707 953 1840 1008 dicit

225 1051 552 1106 ministrare
595 1052 798 1106 sanctis
842 1050 1176 1106 Hierusalem
1204 1066 1217 1104 :
1251 1066 1346 1119 per
1375 1065 1538 1120 quam
1587 1066 1701 1104 rem
1733 1050 1842 1104 Ro-

224 1157 426 1198 manos
452 1144 595 1199 scire
619 1143 731 1197 vult
757 1142 880 1213 quia
911 1141 1216 1212 hujusmodi
1240 1141 1500 1210 aperibus
1525 1141 1836 1195 stutendum

224 1245 312 1290 est
345 1253 359 1289 :
395 1236 486 1306 qui
517 1235 661 1291 enim
705 1251 802 1304 per
842 1233 1276 1289 misericordiam
1311 1233 1528 1298 vivunt,
1563 1242 1617 1288 et
1641 1232 1841 1302 justiﬁ-

221 1330 337 1386 cati
369 1339 497 1383 sunt
519 1329 661 1399 apud
689 1329 857 1382 Deum
877 1369 891 1392 ,
920 1336 945 1363 λ
979 1326 1105 1381 huic
1125 1325 1390 1381 inservire
1418 1325 1636 1380 debent.

304 1423 491 1494 (Vers.
526 1421 644 1487 27.)
676 1419 945 1475 Debitores
975 1419 1110 1473 euint
1137 1428 1256 1473 sunt
1280 1433 1490 1482 eorum;
1519 1417 1761 1488 quoniam
1797 1418 1840 1471 si

225 1516 589 1586 spiritualium
611 1530 785 1568 eorum
811 1513 1090 1583 participes
1121 1513 1274 1582 factm
1303 1522 1419 1566 sunt
1443 1523 1640 1583 gentes,
1660 1511 1839 1565 debent

223 1619 275 1664 et
298 1609 354 1663 in
376 1609 676 1662 carnalibus
716 1607 1008 1661 ministrare
1030 1607 1124 1662 eis.
1166 1607 1377 1677 Quippe
1403 1621 1525 1660 cum
1563 1605 1841 1660 debitores

222 1717 330 1760 eos
356 1701 502 1758 dicat
525 1701 837 1757 Judaeorum
865 1699 1230 1763 credentium;
1257 1709 1314 1753 ut
1343 1699 1484 1753 sicut
1505 1698 1557 1752 in
1586 1697 1842 1766 Spiritua-

225 1794 376 1851 libus
409 1793 704 1865 participes
725 1806 912 1846 eorum
934 1791 1057 1846 lacti
1080 1799 1202 1845 sunt
1225 1833 1238 1856 ,
1272 1791 1342 1844 ita
1363 1801 1420 1846 et
1451 1789 1502 1844 hi
1532 1790 1839 1844 communi-

1943 591 2064 631 cum
2099 579 2380 634 voluntate
2415 581 2505 636 Dei
2540 583 2718 638 lacere
2745 597 2802 638 sc
2828 585 3107 650 ostendat;
3143 594 3199 638 ut
3221 585 3346 655 quia
3371 585 3543 640 devo—

1944 680 2028 726 tus
2050 682 2135 726 est
2157 674 2371 727 animus
2393 674 2510 743 ejus
2536 673 2602 729 ad
2627 675 2851 730 ferenda
2877 692 3119 741 munera,
3141 677 3304 732 etiam
3327 676 3542 730 illorum

1941 765 2181 819 animum
2206 766 2300 821 Dei
2320 766 2523 835 judicio
2542 768 2876 838 respondere
2897 768 2998 824 sibi
3015 770 3164 835 vult;
3196 779 3253 823 ut
3271 770 3547 824 intellecta

1942 858 2210 914 charitate
2242 859 2389 913 illius
2415 873 2543 930 erga
2575 874 2666 926 se,
2699 875 2820 924 cum
2848 861 2938 914 illo
2976 862 3254 916 unanimes
3282 861 3395 916 Deo
3420 877 3544 931 gra-

1945 951 2045 1006 tias
2075 963 2256 1022 agant.
2290 952 2512 1022 Magnus
2553 953 2698 1007 enim
2729 953 3004 1023 profectus
3031 965 3114 1008 est
3150 955 3196 1009 ei
3219 997 3231 1020 ,
3261 955 3415 1024 cujus
3445 955 3548 1008 tui-

1943 1046 2168 1100 uislerio
2198 1045 2305 1100 laeti
2334 1044 2509 1100 cﬂ‘ecti
2535 1088 2547 1108 .
2579 1045 2749 1101 Deum
2775 1045 3021 1102 laudibus
3047 1058 3468 1119 prosequuntur.

2013 1138 2194 1209 (Vers.
2220 1139 2334 1209 55.)
2369 1139 2507 1194 Deus
2531 1150 2699 1192 autent
2729 1141 2872 1210 pacis
2899 1141 2963 1195 sit
2985 1157 3102 1194 cum
3125 1143 3359 1196 omnibus
3383 1142 3543 1196 vobis.

1943 1232 2124 1287 Anien.
2152 1233 2294 1288 Deus
2324 1234 2464 1302 pacis
2488 1232 2740 1289 Christus
2759 1245 2866 1300 est,
2900 1237 2989 1304 qui
3014 1237 3088 1294 ait
3120 1255 3132 1289 :
3173 1235 3359 1292 Pacem
3387 1254 3552 1292 meam

1943 1326 2008 1380 do
2042 1327 2208 1394 tabis,
2237 1343 2410 1398 pacem
2441 1327 2676 1396 relinquo
2704 1327 2842 1382 vobis
2871 1328 3052 1400 (.loan.
3089 1345 3207 1396 xw,
3242 1329 3358 1400 l7),
3388 1347 3548 1400 quem

1942 1429 2091 1489 Optat
2125 1435 2244 1474 esse
2274 1435 2393 1474 cum
2431 1420 2547 1487 his,
2603 1421 2783 1475 sciens
2818 1421 3021 1477 dixisse
3054 1423 3340 1477 Dominum
3371 1441 3383 1476 :
3419 1421 3554 1478 Ecce

1943 1529 2036 1583 ego
2060 1511 2318 1565 robiscum
2346 1529 2461 1566 sum
2485 1514 2718 1568 omnibus
2747 1514 2926 1569 diebus
2948 1532 3108 1586 usque
3129 1517 3197 1568 ad
3227 1533 3554 1569 consumma-

1941 1605 2133 1659 tionem
2163 1608 2339 1661 swculi
2368 1605 2592 1676 (Matth.
2644 1623 2810 1662 xxvul
2831 1651 2844 1672 ,
2877 1608 3005 1678 20).
3048 1608 3206 1663 Tales
3256 1623 3384 1679 ergo
3416 1609 3549 1662 istos

1941 1700 2094 1768 cupit
2118 1715 2240 1755 esse
2260 1741 2275 1768 ,
2309 1711 2367 1754 ut
2404 1701 2475 1755 sit
2501 1716 2624 1756 cum
2656 1701 2764 1756 illis
2791 1702 3050 1756 Dominus
3075 1699 3326 1756 Christus
3351 1701 3509 1757 Jesus
3534 1743 3548 1763 .

1942 1793 2032 1863 qui
2061 1803 2333 1864 amputata
2369 1796 2516 1850 omni
2558 1795 2828 1850 discordia
2871 1796 3079 1850 erroris
3111 1794 3366 1862 humani,
3398 1795 3551 1851 dedit

224 1900 360 1946 cent
382 1887 766 1959 corporalibus
794 1885 1212 1941 necessitatibus
1239 1884 1488 1949 illorum;
1521 1892 1577 1937 ut
1601 1883 1840 1953 gaudeu-
1868 1880 1919 1942 B
1946 1903 2008 1944 ac
2039 1889 2279 1944 ostendit
2307 1890 2434 1960 quid
2478 1891 2548 1945 sit
2573 1906 2790 1956 verum;
2827 1899 2884 1945 ut
2931 1890 2982 1944 in
3026 1892 3138 1960 ipsa
3182 1890 3404 1946 veritate
3435 1907 3551 1946 ma-

225 1994 313 2040 tes
339 1999 405 2039 ex
433 1982 637 2039 iudicis
660 1981 952 2036 credentes
977 1979 1291 2036 collaudeut
1319 1977 1714 2047 providentiam
1743 1977 1839 2032 Dei

224 2075 282 2131 iu
343 2077 576 2130 salutem
623 2074 892 2142 ipsorum,
947 2087 1044 2140 per
1093 2071 1452 2125 ministerium
1505 2084 1716 2124 eorum.
1775 2067 1839 2121 lli

219 2171 376 2228 enim
408 2180 550 2225 totos
573 2185 631 2226 se
656 2169 858 2224 divinis
885 2167 1148 2224 dedentes
1178 2163 1482 2234 obsequiis,
1517 2161 1651 2216 nihil
1680 2178 1837 2216 muu-

224 2265 436 2320 danum
480 2274 771 2329 curantes,
837 2260 1148 2330 exemplum
1207 2257 1362 2312 bona:
1410 2254 1842 2310 conversationis

229 2357 550 2429 praebebant
574 2354 950 2411 credentibus.
986 2352 1040 2406 lu
1094 2360 1302 2405 tantum
1347 2349 1582 2418 denique
1612 2362 1711 2402 nos
1741 2347 1842 2402 hu-

228 2467 433 2510 manus
470 2453 535 2506 ad
577 2449 1006 2506 misericordiam
1031 2446 1147 2502 vult
1175 2460 1299 2501 esse
1324 2445 1652 2514 Apostolus,
1689 2450 1747 2495 ut
1789 2451 1842 2496 et

223 2543 516 2601 debitores
563 2557 661 2598 nos
688 2541 836 2598 dicat
860 2541 1004 2596 circa
1037 2540 1440 2608 eleemosynam
1485 2534 1837 2605 largiendam,

223 2649 284 2696 ct
310 2640 470 2695 bonis
493 2637 748 2709 operibus
775 2635 1136 2692 exercendam
1159 2648 1282 2688 cum
1306 2632 1590 2685 alacritate
1615 2628 1797 2684 cut-dis
1826 2647 1838 2681 :

225 2732 357 2804 quia
390 2732 482 2803 qui
513 2729 941 2785 misericordiam
973 2743 1001 2781 a
1026 2727 1137 2782 Deo
1161 2738 1374 2796 sperat,
1405 2725 1563 2778 debet
1589 2738 1714 2779 esse
1742 2724 1842 2777 itii-

225 2827 494 2889 sericors;
515 2835 570 2878 ut
599 2824 788 2894 probet
809 2839 869 2878 se
892 2829 1043 2876 recte
1069 2821 1208 2874 hanc
1231 2833 1454 2888 sperare
1481 2834 1493 2870 :
1520 2817 1643 2886 quia
1671 2817 1714 2870 si
1742 2815 1838 2870 ho-

227 2933 324 2973 mo
348 2918 671 2982 miseretur,
699 2925 900 2986 quanto
933 2915 1101 2984 magis
1140 2913 1318 2967 Deus!
1353 2910 1658 2966 Retributio
1693 2911 1838 2964 enim

227 3009 353 3066 ha-c
375 3018 459 3065 est
488 3009 569 3063 vel
601 3023 842 3074 merces,
872 3017 930 3061 ιιι
951 3007 1040 3076 qui
1070 3003 1342 3073 accipiunt
1373 3002 1804 3058 misericordiam
1824 3043 1839 3066 ,

229 3102 667 3159 misericordiam
691 3100 907 3156 faciant.
947 3099 1101 3156 Unde
1133 3097 1422 3152 Dominus:
1452 3094 1618 3162 Beati,
1644 3097 1838 3168 inquit,

225 3198 594 3252 misericordes
625 3193 844 3267 (Matth.
879 3210 911 3248 v
934 3237 948 3260 ,
979 3191 1071 3262 7);
1113 3193 1354 3262 ipsorum
1383 3191 1526 3246 enim
1560 3190 1842 3246 miserebi-

227 3303 323 3349 tur
354 3293 520 3347 Deus.

303 3385 490 3459 (Vers.
519 3384 613 3451 28,
635 3381 753 3454 29.)
804 3381 916 3437 Hoc
962 3381 1120 3452 igitur
1149 3396 1263 3433 cum
1311 3395 1730 3434 consummarero
1752 3423 1767 3448 ,
1794 3392 1838 3435 et

224 3481 568 3552 assignavero
611 3478 682 3532 eis
723 3479 949 3548 fructum
992 3477 1159 3539 hunc,
1194 3472 1498 3544 proﬁciscar
1542 3490 1628 3541 per
1661 3490 1748 3526 ros
1786 3474 1839 3528 in

227 3569 570 3640 Hispaniam.
597 3569 720 3624 Scio
749 3569 881 3621 enim
901 3565 1142 3636 quoniam
1164 3564 1370 3616 reniens
1391 3565 1458 3616 ad
1476 3579 1581 3629 ros,
1603 3564 1657 3616 in
1679 3563 1840 3616 abun-

225 3665 412 3717 dantia
444 3661 815 3717 benedictionis
862 3657 1054 3713 Christi
1097 3657 1314 3710 ieniam.
1351 3655 1544 3710 Certus
1578 3655 1738 3725 igitur
1771 3655 1840 3711 de

225 3755 596 3827 diSpositione
617 3763 672 3810 et
698 3753 867 3825 gratia
897 3751 1026 3817 Dei,
1060 3750 1309 3820 promisit
1334 3764 1394 3804 se
1427 3750 1480 3803 in
1509 3748 1842 3803 abundantia

226 3851 636 3908 benedictionis
666 3858 983 3910 venturum,
1012 3862 1174 3916 quam
1201 3844 1462 3916 prmdicat
1491 3845 1712 3899 Christi.
1741 3843 1841 3899 Be-

223 3945 478 4003 nedictio
505 3953 687 4001 autem
733 3943 851 3997 hate
888 3941 1164 4011 signorum
1207 3938 1380 3993 virtus
1407 3947 1520 4002 est,
1553 3952 1650 4008 per
1678 3951 1838 4007 quam

222 4038 540 4096 conlirmati
574 4047 720 4092 sunt.

304 4133 492 4206 (Vers.
517 4133 608 4197 30,
630 4130 747 4200 51.)
773 4129 994 4184 Obsecro
1017 4143 1135 4195 ergo
1156 4141 1243 4178 vos
1264 4167 1278 4190 ,
1305 4129 1490 4194 fratres
1507 4166 1521 4190 ,
1550 4141 1642 4195 per
1665 4123 1844 4178 Domi-

224 4245 358 4286 num
381 4238 610 4282 nostrum
635 4224 816 4279 Jestmt
837 4223 1098 4277 Christum
1119 4260 1134 4286 ,
1159 4229 1205 4272 et
1233 4235 1322 4288 per
1343 4217 1647 4272 charitatem
1671 4217 1844 4288 Spiri-

219 4339 312 4384 tus
335 4327 542 4392 sancti;
575 4334 627 4377 ut
659 4321 1054 4377 sollicitudinem
1088 4319 1462 4388 impartiamini
1491 4317 1617 4372 mihi
1644 4319 1697 4372 in
1725 4335 1842 4372 ora-

227 4421 461 4476 tionibus
491 4435 584 4488 pro
607 4434 686 4470 me
712 4415 781 4468 ad
806 4413 1114 4474 Dominum,
1141 4422 1194 4465 ut
1223 4411 1409 4465 liberer
1433 4411 1493 4464 ab
1523 4411 1840 4480 inﬁdelibus,

223 4517 322 4587 qui
354 4510 775 4566 suutiuJuda'a.
806 4508 1013 4562 Dehinc
1042 4513 1163 4560 orat
1183 4516 1243 4559 ut
1276 4504 1436 4576 108
1473 4503 1761 4573 adjuvetur
1791 4505 1842 4559 in

223 4609 601 4672 orationibus,
649 4615 708 4659 ut
746 4602 1006 4659 evaderet
1053 4615 1243 4655 manus
1292 4599 1604 4654 Juda’orum
1653 4599 1844 4655 inlide-

1945 1992 2111 2037 neant
2143 1981 2370 2051 paciﬁci.

2537 2073 2769 2131 CAPUT
2809 2074 2948 2129 XVI.

2018 2167 2200 2237 (Vers.
2221 2170 2273 2236 1,
2297 2167 2380 2240 2.)
2398 2170 2708 2225 Commendo
2727 2182 2896 2226 autern
2913 2171 3052 2225 vobis
3081 2169 3302 2226 Phwbeu
3321 2187 3548 2226 sororem

1945 2272 2173 2315 nostram
2194 2303 2206 2325 ,
2232 2279 2346 2332 quia
2373 2274 2446 2318 est
2477 2265 2709 2318 ministra
2735 2264 2980 2319 Ecclesia:
3013 2266 3152 2337 apud
3177 2265 3460 2329 Ceno/ires;
3493 2277 3548 2319 ut

1946 2369 2055 2407 eam
2074 2354 2363 2426 suscipiatis
2386 2359 2437 2408 in
2454 2355 2672 2410 Domino
2694 2357 2847 2430 digne
2867 2358 3059 2412 sanctis
3077 2374 3095 2411 :
3113 2369 3157 2410 et
3171 2359 3423 2412 assistatis
3443 2359 3545 2423 illi,

1945 2445 1998 2497 in
2015 2446 2415 2518 quibuscumque
2432 2450 2791 2503 desideraverit
2813 2450 2986 2515 restri;
3009 2450 3192 2503 etenim
3211 2451 3322 2520 ipsa
3348 2467 3548 2519 quoque

1944 2538 2104 2591 astitit
2132 2539 2330 2605 multis,
2355 2550 2401 2594 et
2431 2542 2575 2595 mihi.
2606 2541 2848 2597 Phoeben
2871 2541 3180 2598 venientem
3203 2544 3549 2598 commendat

1945 2646 2192 2689 sororem
2237 2651 2622 2703 communem,
2660 2650 2680 2676 ο
2712 2639 2763 2692 id
2804 2648 2918 2705 est,
2961 2637 3029 2692 dc
3068 2638 3252 2709 Lege:
3286 2654 3446 2708 quam
3492 2648 3549 2691 ut

1947 2728 2143 2782 merito
2165 2729 2530 2796 commendet,
2560 2731 2633 2784 ait
2653 2732 2790 2785 hanc
2817 2731 3120 2784 ministram
3143 2746 3263 2785 esse
3286 2730 3546 2785 Ecclesia:

1946 2822 2238 2888 Cenchris;
2273 2833 2326 2878 et
2351 2825 2475 2894 quia
2500 2825 2686 2878 multis
2716 2823 2990 2895 adjutorio
3020 2823 3148 2890 luit,
3176 2823 3339 2894 digne
3370 2824 3541 2893 ipsam

1945 2917 2077 2972 dicit
2113 2917 2473 2987 adjuvandam
2526 2918 2976 2988 peregrinationis
3019 2932 3200 2972 causa.
3254 2916 3319 2972 Ut
3365 2925 3543 2971 autem

1945 3009 2066 3064 sine
2094 3011 2496 3066 intermissione
2527 3011 2899 3080 excipiendam
2929 3009 3074 3065 illam
3099 3019 3151 3066 et
3179 3011 3544 3065 assistendum

1946 3102 2022 3156 illi
2065 3103 2120 3156 iu
2155 3104 2512 3168 necessitate,
2559 3105 2602 3158 si
2650 3105 3017 3174 pervenisset,
3065 3105 3350 3170 suaderet,
3383 3106 3576 3157 etiam-

1947 3196 2052 3252 sibi
2085 3197 2230 3251 illam
2258 3197 2495 3252 adfuisse
2529 3208 2782 3262 testatur;
2807 3209 2864 3252 ut
2883 3208 3085 3266 quanto
3113 3199 3398 3253 sublimior
3427 3214 3549 3268 per-

1867 3274 1914 3338 C
1946 3303 2077 3344 sona
2105 3289 2224 3359 ejus
2251 3291 2465 3345 caeteris
2485 3291 2579 3356 sit,
2609 3301 2758 3345 tanto
2783 3291 2952 3359 magis
2980 3291 3130 3346 reddi
3151 3291 3277 3345 huic
3305 3291 3545 3346 debitum

1945 3383 2261 3454 obsequium
2293 3399 2387 3453 per
2417 3383 2737 3438 charitatem
2771 3384 3103 3440 ostenderet.

2016 3475 2197 3546 (Vers.
2228 3478 2377 3547 5-6.)
2408 3478 2647 3532 Salutate
2677 3478 2922 3546 Aquilam
2971 3487 3016 3532 et
3059 3477 3361 3532 Priscillam
3392 3479 3549 3550 adju-

1946 3580 2081 3624 tores
2111 3588 2249 3626 meos
2282 3574 2333 3625 in
2371 3570 2576 3626 Christo
2609 3571 2737 3626 Jesu
2759 3614 2772 3636 ,
2815 3572 2904 3639 qui
2935 3589 3028 3641 pro
3067 3575 3242 3626 anima
3284 3590 3396 3626 mea
3425 3590 3549 3627 suas

1944 3665 2164 3717 cervices
2203 3676 2616 3736 supposuerunt,
2643 3666 2828 3735 quibus
2871 3682 2973 3719 non
3001 3666 3168 3718 solum
3212 3681 3307 3736 ego
3352 3665 3547 3736 gratias

1943 3771 2069 3826 ago,
2104 3756 2194 3810 sed
2243 3765 2291 3808 et
2319 3768 2514 3810 cuncta:
2558 3755 2804 3810 Ecclesitc
2833 3759 3090 3830 gentium,
3123 3769 3172 3810 et
3213 3757 3546 3810 domesticam

1945 3863 2121 3900 eorum
2149 3847 2456 3902 Ecclesium.
2492 3849 2553 3904 lli
2581 3866 2645 3905 ex
2673 3849 2874 3905 JlltiiBiS
2919 3850 3166 3916 fuerunt,
3201 3853 3289 3920 qui
3320 3849 3550 3906 creden-

1947 3951 2028 3995 tes
2075 3940 2201 3996 facti
2233 3951 2361 3996 sunt
2402 3943 2536 3996 socii
2584 3943 2785 3999 laboris
2833 3944 3236 4013 Apostoli;qtti
3281 3945 3350 3999 ita
3397 3956 3548 4002 recte

1946 4036 2293 4092 crediderant
2316 4080 2329 4101 ,
2365 4048 2422 4092 ut
2449 4037 2612 4092 etiam
2643 4039 2740 4108 ipsi
2775 4039 3198 4094 exhortarentur
3225 4049 3452 4094 caateros
3479 4040 3548 4095 ad

1949 4128 2110 4183 lidem
2140 4139 2364 4183 rectam.
2394 4131 2636 4200 Denique
2658 4129 2851 4200 Apollo
2877 4131 3122 4201 quamvis
3149 4131 3308 4186 fuerit
3331 4133 3548 4188 exet-ci-

1948 4236 2092 4280 tatus
2120 4226 2175 4280 in
2205 4225 2501 4295 Scripturis
2523 4269 2537 4290 ,
2565 4226 2633 4280 ab
2663 4226 2747 4280 his
2793 4235 2977 4282 tamen
3006 4229 3146 4282 viam
3175 4227 3389 4282 Domini
3425 4228 3552 4283 dili-

1945 4320 2166 4390 gentius
2205 4319 2502 4373 instructus
2532 4327 2616 4373 cst
2649 4337 2660 4371 :
2693 4319 2811 4374 ideo
2841 4320 3022 4375 socios
3053 4320 3254 4375 laboris
3295 4321 3376 4375 Siti
3419 4320 3554 4375 dicit

1948 4426 2078 4477 eos,
2113 4410 2211 4466 sed
2243 4410 2294 4464 in
2321 4410 2543 4465 Christo
2572 4410 2735 4476 Jesu;
2769 4412 3074 4482 cooperarii
3103 4413 3245 4466 enim
3278 4412 3395 4482 ejus
3436 4411 3556 4468 fue-

1949 4514 2078 4559 runt
2103 4505 2154 4558 in
2189 4503 2481 4573 Evangelio
2505 4504 2619 4558 Dei.
2643 4500 2670 4540 ἀ
2700 4504 2891 4574 Aquila
2915 4503 2996 4558 vir
3023 4503 3258 4559 Pricillte
3284 4515 3391 4570 est,
3415 4520 3554 4576 quos

1951 4611 2057 4651 non
2091 4597 2268 4651 otiose
2297 4595 2520 4650 Romam
2553 4596 2767 4650 venisse
2797 4595 3141 4650 manifestum
3165 4605 3288 4661 est;
3324 4611 3559 4667 propen-

222 4707 368 4761 lium
403 4721 415 4756 :
448 4717 554 4756 non
591 4700 713 4771 quia
759 4698 875 4766 ipse
905 4696 1082 4750 minus
1126 4703 1431 4758 mereatur;
1463 4692 1558 4747 sed
1593 4692 1840 4746 ordinem
1871 4672 1921 4731 Ῑ)
1949 4690 2124 4745 siores
2175 4690 2319 4744 enim
2364 4699 2520 4743 erant
2550 4688 2605 4742 in
2644 4687 2737 4742 Dei
2777 4688 3106 4744 devotione:
3141 4704 3264 4744 nam
3323 4688 3390 4744 ad
3422 4704 3558 4744 cou-

223 4799 502 4870 sequitur,
537 4806 594 4850 ut
619 4795 689 4849 ab
721 4790 962 4847 Ecclesia
1012 4789 1104 4843 ﬁat
1129 4787 1304 4844 oratio
1333 4802 1431 4856 pro
1460 4795 1673 4842 rectore
1718 4801 1839 4839 suo.

225 4892 389 4951 Multi
445 4892 590 4946 enim
644 4885 856 4942 minimi
901 4884 1028 4938 dum
1077 4887 1479 4952 congregantur
1524 4879 1839 4945 unanimes,

226 4991 372 5046 ﬁunt
404 4985 583 5056 magni
613 5000 626 5035 :
653 4991 710 5038 et
731 4981 1022 5036 multorum
1054 4975 1290 5049 precesb
1315 4974 1655 5046 impossibile
1684 4984 1845 5030 estut

223 5100 340 5140 non
388 5083 702 5150 impetrent.
745 5075 805 5130 Si
841 5089 972 5145 ergo
1014 5081 1066 5128 et
1115 5072 1216 5141 ipsi
1248 5070 1432 5140 cupidi
1477 5069 1584 5123 sint
1629 5068 1844 5124 videndi

225 5173 562 5246 Apostolum
583 5212 599 5237 ,
629 5166 935 5236 impensius
959 5171 1147 5226 orent;
1174 5172 1230 5216 ut
1257 5161 1382 5217 inde
1412 5161 1698 5216 liberatum
1725 5175 1849 5230 pos~

229 5274 352 5328 sint
380 5267 663 5336 suscipere
693 5261 849 5317 illum
876 5261 930 5314 in
963 5259 1157 5329 gaudio
1187 5257 1495 5311 charitatis.

306 5365 494 5439 (Vers.
527 5357 645 5429 52.)
682 5356 751 5412 Ut
781 5365 827 5409 et
857 5369 1123 5408 munerum
1150 5366 1381 5405 meorum
1408 5349 1719 5404 ministratio
1759 5365 1848 5402 ac-

225 5472 380 5532 cepta
403 5459 496 5530 ﬁat
518 5457 572 5509 in
602 5449 970 5519 Hierosolyma
988 5446 1210 5510 sanctis;
1235 5453 1289 5498 ut
1313 5445 1505 5498 veniam
1527 5443 1595 5496 ad
1619 5459 1702 5496 ros
1729 5459 1846 5496 cum

227 5553 430 5630 gaudio
452 5565 544 5622 per
577 5548 891 5601 zoluutatem
913 5539 1038 5595 Iesu
1061 5537 1252 5594 Christi
1275 5579 1288 5602 ,
1311 5548 1356 5590 et
1385 5536 1658 5607 refrigerer
1681 5537 1847 5588 vobis-

229 5627 376 5706 cum.
410 5643 588 5700 Etiam
613 5641 718 5694 hoc
741 5634 1005 5690 orandum
1033 5632 1196 5691 dicit.
1228 5640 1282 5683 ut
1306 5627 1636 5684 ministratio
1659 5642 1843 5682 mune.

237 5821 248 5841 ε
313 5802 340 5829 ι
366 5791 502 5848 Cod.
537 5789 780 5846 Thuan.,
809 5784 955 5837 lt‘lor.
986 5788 1041 5836 et
1058 5778 1247 5840 Viud.,
1280 5778 1392 5846 pios
1419 5794 1474 5832 se
1501 5775 1682 5829 debent
1703 5775 1848 5829 eahi-

239 5865 357 5920 bere
389 5861 666 5920 fratribus.
936 5916 945 5920 Α
1363 5891 1368 5898 ε

314 5881 357 5919 re
411 5867 666 5914 ratribus.
1363 5891 1368 5898 ι

314 5932 340 5970 ἓ
374 5867 473 5986 iis.
507 5926 702 5988 (ἴοι-ιι..
732 5916 1047 5988 lmpoulbilc
1077 5926 1148 5976 ut
1179 5916 1451 5972 contemtu.

1949 4784 2308 4838 lirmationem
2344 4781 2710 4836 Romanorum
2741 4782 2774 4834 ii
2799 4797 3019 4846 omnes,
3053 4796 3192 4853 quos
3221 4782 3453 4849 salutat,
3483 4797 3552 4837 ex

1948 4876 2033 4932 his
2082 4877 2250 4931 luisse
2289 4874 2690 4944 intelliguntur.
2735 4871 2891 4928 Unde
2939 4874 3071 4928 dicit
3114 4889 3221 4930 non
3245 4874 3422 4929 solum
3451 4889 3547 4941 se,

1948 4968 2044 5026 sed
2075 4979 2130 5025 et
2162 4984 2353 5023 omnes
2387 4967 2625 5038 gentium
2660 4967 2932 5022 Ecclesias
2958 4968 3164 5037 gratias
3197 4967 3281 5022 his
3312 4966 3552 5032 referre,

1950 5075 2178 5132 tangens
2207 5071 2262 5116 et
2295 5060 2601 5124 Romanos,
2633 5068 2692 5113 ut
2723 5059 2806 5112 his
2831 5058 3118 5126 obediant,
3151 5073 3288 5129 quos
3314 5059 3382 5112 ad
3427 5073 3554 5128 pro-

1949 5156 2153 5211 fectum
2201 5153 2442 5224 gentium
2492 5152 2718 5207 audiunt
2748 5151 2996 5206 laborare
3042 5150 3108 5203 ad
3157 5147 3550 5204 exhortandam

1950 5250 2108 5306 ﬁdem
2143 5249 2195 5302 in
2220 5247 2459 5302 Christo.
2489 5248 2637 5313 Quos
2665 5246 2717 5300 in
2747 5255 2955 5300 tantum
2987 5242 3201 5306 laudat,
3229 5251 3286 5294 ut
3312 5241 3549 5310 pericula

1951 5342 2061 5412 pati
2094 5354 2191 5410 pro
2226 5355 2293 5395 eo
2335 5354 2442 5393 non
2474 5337 2820 5401 abnuerent;
2856 5333 3165 5390 inimicitias
3200 5332 3344 5386 enim
3373 5340 3429 5387 et
3456 5333 3552 5388 Ju-

1952 5436 2194 5492 dazorum
2240 5441 2294 5486 et
2336 5429 2596 5485 falsorum
2629 5429 2857 5482 fratrum
2903 5423 3085 5479 subire
3126 5437 3236 5478 non
3282 5429 3556 5497 aspernati

1952 5540 2107 5595 sunt,
2140 5524 2438 5583 dummodo
2465 5522 2782 5594 Apostolum
2813 5517 3087 5587 obsequiis
3107 5529 3162 5572 et
3183 5518 3448 5578 charitate
3469 5522 3556 5594 ju-

1955 5634 2165 5680 varent.
2198 5619 2345 5675 Falsi
2376 5617 2567 5672 fratres
2590 5615 2623 5668 ii
2647 5621 2834 5676 erant,
2864 5610 2956 5680 qui
2978 5609 3265 5667 credentes
3293 5613 3346 5668 in
3374 5612 3560 5672 Chris-

2034 5786 2058 5814 α
2087 5766 2338 5827 Nonnulli
2367 5777 2522 5821 mss..
2552 5760 2605 5812 id
2631 5767 2734 5823 cst,
2764 5756 2936 5827 diligi.

1978 5866 2001 5887 -ι
2030 5843 2058 5883 ἀ
2093 5843 2217 5897 Mss.
2254 5838 2403 5892 Flor.
2431 5849 2494 5888 ac
2514 5829 2700 5894 Vind.,
2729 5829 2914 5896 Aquila
2941 5827 3037 5883 viri
3068 5838 3114 5882 et
3143 5827 3389 5885 Priscilla
3426 5839 3556 5886 sunt.

1963 5902 2119 5968 "alo.
