4082 6306
245 349 336 406 i8!

1111 341 1610 400 COMMENTAMA
1647 343 1716 398 ΙΝ
1758 343 2152 402 El'lSTOLﬂI
2189 347 2282 401 AD
2323 346 2672 408 ROMANOS.

3439 351 3543 407 182

239 469 345 522 Lex
375 467 426 521 in
451 479 562 534 qua
590 465 807 534 quidam
830 465 1042 519 iilorum
1069 461 1327 532 putabant
1355 476 1578 532 sperare
1597 462 1823 518 debere.
1859 463 1910 524 Α
1935 478 2094 518 omni
2117 463 2384 520 Ecclesia;
2414 466 2509 521 Hie
2532 473 2622 522 est
2648 469 2844 535 Caius,
2878 479 2936 524 ut
2969 471 3244 537 arbitror,
3277 471 3344 526 sd
3377 485 3542 542 quem

313 559 492 631 (Vere.
504 560 528 612 1
538 560 616 613 7-1
629 560 686 627 9.)
696 599 708 612 .
727 559 829 612 Oro
842 568 1009 613 autent
1028 571 1136 621 vos,
1151 558 1356 626 fratres,
1373 566 1426 609 ut
1439 558 1714 611 observetis
1727 567 1833 620 eat,

237 652 323 722 qui
344 651 688 706 dissensiones
713 660 758 703 et
781 649 1097 717 oﬁendicula
1120 659 1304 718 prater
1316 650 1666 715 disciplina-nt,
1683 664 1836 718 quam

238 762 324 799 vos
365 745 642 804 didicistis,
693 743 920 812 faciunt;
953 755 997 796 et
1031 743 1284 797 declinata
1329 744 1390 796 ab
1419 743 1547 796 illis.
1582 741 1659 795 Hi
1700 742 1836 796 enim

239 839 364 893 tales
381 837 586 892 Christo
605 835 826 891 Domino
847 835 884 890 Ι
887 854 972 890 esu
998 854 1098 890 non
1125 838 1370 904 set‘viunt,
1401 838 1490 890 sed
1510 854 1602 891 suo
1630 838 1792 891 ventri
1815 853 1833 890 :

237 939 282 986 et
307 947 398 1002 per
447 929 716 984 illecebras
760 944 821 982 ac
843 929 1190 984 blandimenta
1221 947 1514 986 sermonum
1549 932 1835 999 deprat'ant

236 1025 391 1080 corda
406 1024 774 1078 innocentium.
813 1023 993 1077 Vestra
1014 1025 1149 1077 enim
1170 1023 1463 1078 obedientia
1489 1025 1542 1079 in
1562 1025 1699 1079 omni
1722 1026 1833 1080 loco

233 1120 499 1190 divulgata
543 1127 636 1171 est.
687 1117 801 1172 ΙΙοε
844 1117 964 1173 loco
1001 1118 1072 1173 de
1103 1120 1352 1186 personis
1382 1122 1630 1189 prorupit
1665 1136 1831 1191 pseu-

233 1211 678 1281 doapostolorum
699 1251 712 1273 ,
747 1223 884 1282 quos
916 1211 966 1264 in
1000 1218 1110 1264 tota
1143 1211 1373 1281 epistola
1406 1213 1680 1266 cavendus
1713 1229 1830 1266 mo-

235 1303 376 1369 nuit,
410 1303 554 1356 sicut
583 1310 636 1357 et
668 1313 810 1356 nunc
858 1319 870 1356 :
908 1301 1003 1356 sed
1040 1302 1158 1358 sine
1194 1299 1633 1360 manilcsmtiooe
1663 1303 1832 1360 tradi-

234 1396 434 1450 tionem
469 1397 686 1453 illorum
716 1403 1064 1471 compressit.
1119 1404 1181 1457 lli
1217 1403 1361 1458 enim
1396 1406 1666 1475 cogebant
1711 1421 1831 1462 cre-

233 1487 743 1556 dentesJudaizare,
761 1502 819 1546 ut
837 1493 931 1548 Dei
951 1494 1270 1550 beneﬁcium
1288 1495 1435 1551 circa
1453 1513 1510 1552 se
1534 1498 1828 1562 inauirent,

232 1581 370 1636 sicut
400 1598 565 1652 supra
601 1587 930 1649 memoravi;
965 1589 1284 1657 compositis
1315 1590 1459 1644 enim
1490 1591 1828 1661 genealogis:

232 1673 429 1738 verbis,
452 1684 716 1732 tractatus
739 1678 842 1732 sibi
861 1680 1189 1748 coeptabant
1209 1681 1274 1735 ad
1295 1683 1826 1738 commendationem

232 1765 539 1820 traditionis
556 1782 690 1834 suze,
707 1786 803 1836 per
819 1787 953 1838 quos
967 1773 1295 1841 simplicium
1311 1771 1474 1829 corda
1488 1774 1822 1844 deciperent.

1939 557 2133 612 scribit
2156 557 2398 613 Joannes
2430 562 2711 626 apostolus
2741 561 2842 634 (ΙΙΙ
2867 562 3028 618 deum
3065 562 3150 634 i),
3183 565 3465 621 exsultans
3491 565 3546 620 in

1941 650 2209 706 charitate
2236 650 2354 719 ejus
2375 691 2391 718 ,
2409 666 2571 722 quam
2593 653 2896 708 exhibebat
2921 654 3272 723 fraternitati,
3294 659 3549 727 prtebens

1939 752 2190 813 sumptus
2229 743 2338 798 illis
2377 748 2742 800 necessarios.
2779 748 2995 803 Etcum
3041 753 3300 820 superius
3353 751 3546 807 dicat:

1943 839 2184 896 Salutant
2214 857 2301 895 vos
2328 857 2504 895 omnes
2535 841 2783 898 Ecclesia:
2824 841 3047 912 Christi;
3079 862 3218 900 nunc
3263 848 3421 901 iterat
3465 846 3548 901 di-

1939 947 2070 987 cens
2095 950 2108 986 :
2140 930 2385 988 Salutant
2417 950 2504 986 vos
2529 934 2782 989 universw
2814 931 3085 1001 Ecclesiaz,
3115 935 3256 1007 quod
3285 939 3389 992 non
3419 947 3550 1007 puto

1937 1023 2113 1079 Otiose
2145 1024 2427 1090 iteratum;
2463 1024 2598 1079 nihil
2627 1026 2774 1080 enim
2803 1034 2990 1081 tantus
3021 1028 3102 1083 vir
3128 1039 3183 1084 et
3213 1039 3322 1084 tum
3349 1037 3550 1084 tracta-

1935 1116 2063 1172 bilis
2078 1118 2411 1185 supertluum
2427 1118 2686 1187 penetrat.
2701 1118 2813 1174 Sed
2825 1121 2952 1188 quia
2970 1120 3200 1175 salutant
3213 1138 3323 1185 ros,
3349 1122 3500 1190 inqui
3511 1133 3524 1175 t
3535 1163 3551 1186 ,

1937 1225 2111 1266 omnes
2142 1208 2393 1264 Ecclesitc
2438 1210 2661 1274 Christi,
2698 1211 2750 1265 id
2784 1222 2903 1275 est,
2948 1227 3140 1266 omnes
3171 1217 3343 1266 sancti
3366 1256 3380 1280 ,
3412 1215 3553 1268 sicut

1937 1302 2044 1356 alio
2073 1301 2194 1357 loco
2223 1301 2355 1356 dicit
2382 1319 2395 1357 :
2428 1293 2528 1369 Qui
2562 1307 2732 1357 autem
2755 1303 2875 1357 sunt
2905 1301 3121 1368 Christi,
3154 1313 3363 1358 cernam
3401 1322 3552 1359 suam

1936 1395 2305 1464 cruciﬁxerunt
2337 1394 2492 1466 (Gal.
2519 1412 2569 1460 ν,
2603 1395 2744 1464 24);
2793 1411 2939 1451 nunc
2969 1397 3202 1466 subjecit
3235 1399 3400 1453 etiam
3447 1401 3549 1455 hos

1936 1487 2204 1552 salutare,
2239 1486 2330 1556 qui
2378 1497 2678 1558 sequentes
2725 1497 2875 1552 sunt;
2917 1487 2945 1526 1³
2976 1498 3036 1543 ιιι
3065 1489 3416 1546 benedictum
3453 1508 3549 1562 po-

1938 1581 2120 1650 pulum
2165 1581 2432 1650 signiiicet
2487 1568 2782 1648 Ecclesi:i-,
2830 1582 2956 1651 quia
2996 1583 3049 1637 in
3097 1585 3246 1638 omni
3297 1586 3547 1642 Ecclesia

1933 1676 2041 1729 duo
2063 1684 2189 1730 sunt
2220 1676 2425 1745 pepuli.
2457 1676 2638 1731 Potest
2671 1683 2727 1731 et
2755 1675 2989 1730 duarum
3014 1678 3418 1746 provinciarum
3447 1695 3545 1734 no—

1933 1769 2173 1824 minasse
2217 1769 2527 1833 Ecclesias,
2575 1778 2633 1822 ut
2675 1768 2912 1838 primum
2947 1770 3134 1835 unius,
3175 1769 3380 1826 deinde
3408 1772 3545 1827 alte—

309 1857 490 1914 Vestra
529 1865 666 1916 enim
706 1864 1025 1931 obedientia,
1065 1867 1276 1938 inquit,
1326 1869 1380 1923 in
1411 1886 1612 1924 omnem
1658 1871 1825 1926 locum
1863 1868 1903 1926 Β
1933 1863 2046 1918 rius
2077 1864 2180 1918 loci
2210 1863 2442 1919 dixisset
2471 1871 2665 1918 omnes
2692 1863 3003 1927 Ecclesiae,
3034 1871 3127 1918 aut
3153 1874 3302 1921 certe
3328 1865 3548 1921 Iudico.

230 1949 494 2023 divulgata
525 1962 619 2008 est.
673 1954 784 2009 Hoc
829 1967 912 2010 est
958 1958 1100 2028 quod
1155 1959 1207 2013 iu
1250 1960 1552 2030 primordio
1581 1963 1829 2030 epistolae

230 2041 404 2114 dicitl
435 2043 595 2099 Rom.
625 2062 639 2100 ι
669 2089 682 2113 ,
715 2047 813 2120 8),
846 2050 968 2119 quia
1006 2050 1140 2106 tides
1185 2061 1365 2106 vestra
1401 2053 1728 2122 przedicatur
1774 2054 1827 2110 in

232 2134 486 2192 universo
516 2136 749 2204 mundo,
783 2140 886 2194 hoc
909 2143 1209 2210 signiﬁcat,
1230 2145 1375 2214 quod
1407 2160 1632 2200 securus
1664 2148 1736 2201 sit
1759 2147 1828 2204 de

233 2227 537 2283 obedientia
567 2246 782 2286 eorum.
818 2231 950 2286 Erat
985 2235 1129 2287 enim
1164 2235 1502 2290 incredulum
1534 2247 1560 2275 α
1587 2237 1731 2308 quod
1768 2253 1827 2294 se

236 2322 560 2391 subjicereut
592 2336 712 2395 post
744 2326 1014 2396 cegnitam
1043 2325 1325 2383 veritatem
1359 2329 1438 2384 rei
1469 2330 1652 2384 stulta:
1675 2331 1826 2400 quasi

239 2414 543 2482 prudentes.

300 2500 509 2564 Gaudeo
538 2505 697 2581 igitur
734 2512 787 2566 in
813 2512 974 2567 vobis.
1009 2507 1075 2568 Et
1107 2509 1197 2569 hic
1229 2529 1423 2569 sensus
1445 2513 1512 2570 de
1545 2516 1827 2584 superiore

231 2604 380 2673 parte
406 2602 657 2674 epistola;
679 2616 792 2672 est;
822 2607 1182 2678 gaudetenim
1204 2609 1326 2680 quia
1356 2607 1605 2676 Romani,
1631 2609 1720 2680 qui
1742 2625 1827 2664 rc-

230 2709 387 2766 gnum
405 2695 608 2751 habere
623 2689 893 2765 videntur,
909 2693 1259 2770 subjecerunt
1272 2717 1330 2756 se
1347 2700 1471 2756 lidei
1488 2699 1825 2758 christianm.

309 2783 435 2842 Volo
464 2805 554 2844 nos
587 2791 858 2862 proﬁcere,
893 2801 948 2845 ut
977 2792 1171 2847 eruditi
1200 2793 1311 2848 sitis
1339 2793 1389 2846 in
1430 2793 1640 2859 bonum,
1673 2793 1827 2849 rudes

233 2895 345 2938 vero
372 2883 420 2938 in
461 2885 678 2940 malum.
716 2879 969 2941 Eruditus
1001 2887 1053 2941 in
1083 2887 1228 2944 bono
1277 2887 1362 2941 hic
1403 2897 1515 2951 est,
1551 2889 1641 2958 qtti
1686 2889 1826 2943 bona

233 2988 486 3046 operatur
514 2997 526 3034 :
558 2978 722 3034 rudes
751 2990 930 3035 autem
962 2979 1013 3034 in
1042 2980 1184 3034 malo
1217 2981 1248 3034 ii
1273 2991 1431 3046 sunt,
1458 2979 1548 3052 qui
1579 2981 1829 3052 ignorant

232 3084 387 3140 Opera
422 3071 599 3137 mala,
635 3069 684 3128 id
715 3084 827 3137 est,
860 3088 1014 3127 usum
1046 3073 1271 3128 malitia:
1305 3073 1573 3128 nesciunt.

296 3161 485 3234 (Vers.
523 3159 650 3237 ιο.)
685 3161 823 3221 Deus
849 3177 1019 3221 autent
1049 3167 1190 3238 pacis
1216 3177 1439 3221 conteret
1467 3179 1706 3222 satanam
1732 3167 1826 3222 sub

1936 1971 2053 2011 rum
2086 1965 2140 2013 et
2169 1956 2476 2028 gentilium.

2007 2049 2202 2124 (Vers.
2237 2050 2732 2121 21.)Satutatsas
2779 2050 3002 2108 Erasini
3031 2052 3366 2123 dispensator
3409 2053 3541 2106 eisi-

1935 2146 2073 2210 tatis,
2108 2155 2154 2198 et
2185 2144 2412 2209 Quartus
2433 2143 2614 2213 frater.
2644 2141 3000 2215 Dispensator
3023 2143 3258 2200 civitatis
3279 2153 3361 2198 est
3384 2147 3544 2214 quasi

1933 2245 2180 2299 corator,
2205 2237 2318 2303 qui,
2349 2234 2840 2304 dictantejttstltia,
2865 2235 3207 2306 gubernabat
3237 2235 3536 2303 civitatem,

1933 2328 2171 2381 maxime
2188 2327 2242 2380 in
2265 2326 2459 2396 pretiis
2482 2327 2856 2382 moderandis.
2879 2325 2989 2382 llos
3006 2335 3198 2383 omnes
3219 2328 3343 2384 ideo
3359 2330 3540 2383 nomt-

1935 2419 2100 2472 natim
2120 2425 2407 2473 enumerat
2427 2419 2479 2472 in
2497 2418 2827 2475 salutatione
2844 2413 3234 2487 Romanorum,
3254 2428 3316 2474 ut
3329 2422 3536 2477 scircitt

1932 2512 2124 2578 quales
2153 2518 2210 2566 et
2239 2511 2424 2582 quanti
2457 2510 2866 2580 congauderent
2899 2511 3043 2566 bono
3079 2517 3261 2582 emptu
3293 2507 3531 2568 illorum.

2005 2604 2186 2676 (νει-ε.
2211 2604 2431 2675 25—27.)
2448 2605 2508 2658 Ei
2535 2607 2806 2676 autemqui
2821 2615 2982 2674 potest
2999 2611 3086 2662 vos
3101 2609 3332 2663 nubilive
3356 2617 3537 2664 secun-

1933 2689 2053 2751 dum
2087 2697 2423 2766 Eoongellunt
2453 2709 2628 2751 meum
2653 2739 2666 2760 ,
2695 2709 2742 2752 et
2770 2701 3194 2769 praedicationem
3218 2699 3254 2755 1
3260 2717 3348 2756 esu
3383 2701 3536 2756 Citri-

1933 2789 2030 2854 sti,
2063 2787 2345 2845 secundum
2381 2791 2743 2845 reuelationem
2777 2805 2797 2828 ε
2843 2792 3104 2862 mysterii,
3154 2793 3292 2862 Quod
3333 2802 3534 2865 tempu-

1933 2884 2074 2938 ribus
2102 2885 2308 2938 cateruis
2347 2885 2402 2937 in
2451 2885 2656 2938 siti-mlo
2705 2884 2836 2955 fuit,
2869 2885 3204 2954 manifestum
3257 2881 3411 2958 ιιι
3460 2893 3532 2941 un

1933 2985 2101 3029 autem
2127 2989 2262 3028 nunc
2289 2987 2380 3045 per
2408 2975 2700 3046 scripturas
2731 2977 3061 3045 propheticus
3100 2977 3383 3030 secundum
3427 2979 3530 3031 int-

1934 3070 2131 3138 perium
2146 3070 2325 3124 cetera!
2347 3067 2441 3122 Dei
2462 3067 2533 3123 ad
2560 3068 2899 3124 obedientiam
2915 3065 3042 3138 ﬁdei
3068 3069 3122 3122 tu
3137 3077 3314 3123 omnes
3330 3077 3523 3141 gentes,

1932 3162 2192 3232 cognitum
2221 3160 2319 3215 tali
2363 3161 2586 3230 sapienti
2616 3159 2726 3214 Deo
2766 3176 2858 3232 per
2882 3158 3067 3215 lerunt
3098 3157 3395 3229 Christum,
3444 3164 3531 3216 ινιιί

229 3255 437 3326 pedibus
466 3259 651 3312 vestris
677 3259 946 3327 velociter;
975 3258 1024 3312 id
1055 3268 1139 3313 est
1162 3259 1330 3314 brevi.
1358 3257 1470 3313 lioc
1493 3257 1558 3312 de
1581 3249 1818 3313 adventu
1851 3268 1896 3330 ρ
1927 3257 2097 3329 gloria
2125 3256 2177 3308 in
2207 3255 2397 3309 stacttla
2425 3255 2757 3310 mentorum.
2791 3255 2976 3310 Arnen.
3011 3255 3125 3310 Deo
3155 3255 3305 3311 Patri
3329 3269 3394 3311 ex
3417 3265 3526 3326 quo

226 3363 320 3403 suo
349 3349 519 3417 dicit,
551 3352 672 3420 quia
704 3351 969 3406 adventus
1019 3348 1135 3422 ejus
1167 3353 1500 3421 opprimeret
1543 3349 1820 3406 diabolum

227 3441 293 3496 ob
319 3439 452 3510 hoc,
484 3435 632 3513 quod
656 3443 741 3498 isti
772 3444 1070 3511 Spiritalem
1095 3444 1320 3514 gratiam
1345 3442 1621 3514 accepturi
1644 3452 1818 3508 erant;

226 3535 305 3590 cui
345 3537 422 3592 rei
474 3536 686 3591 invidet
715 3547 933 3592 satanas
955 3581 970 3602 ,
1021 3539 1143 3607 quia
1177 3537 1292 3591 vult
1326 3538 1573 3591 homines
1606 3552 1824 3607 perma-

228 3643 351 3684 nere
381 3625 434 3683 in
459 3645 684 3696 errore;
717 3639 985 3685 caiteraut
1007 3630 1352 3701 discrepent,
1381 3645 1506 3684 cum
1531 3631 1636 3684 sint
1663 3627 1822 3684 unius

226 3721 600 3792 professionis.

292 3813 472 3870 Gratia
505 3813 716 3870 Domini
739 3818 899 3870 nostri
925 3813 1048 3872 Jesu
1063 3816 1254 3871 Christi
1275 3815 1549 3870 vobiscum.
1576 3814 1816 3871 Gratiam

223 3923 379 3978 quam
414 3909 667 3978 promisit
717 3907 824 3964 illis
857 3911 907 3963 in
936 3907 1174 3964 adventu
1202 3925 1333 3973 suo,
1364 3905 1473 3977 jam
1515 3917 1666 3978 optat
1696 3923 1818 3964 esse

223 4015 342 4055 cum
377 3999 517 4067 illis;
547 3999 593 4057 si
623 4001 767 4057 enim
803 4011 1082 4057 merentur
1114 4001 1393 4072 accipere.
1415 3995 1525 4071 jam
1558 4016 1681 4055 cum
1707 3995 1816 4057 illis

223 4104 306 4150 est
335 4088 387 4152 in
419 4111 541 4168 spe.

292 4179 474 4262 (Vers.
508 4181 624 4260 21.)
655 4182 861 4247 Salutat
885 4206 968 4244 vos
1008 4187 1303 4245 Timotheus
1333 4207 1544 4246 consors
1577 4190 1816 4245 laborum

225 4299 471 4350 meorum,
497 4294 544 4338 et
573 4278 784 4346 Lucius.
810 4294 857 4337 et
874 4279 1039 4337 .lason
1059 4324 1072 4346 ,
1101 4295 1147 4336 et
1180 4283 1448 4353 Sosipater
1466 4283 1675 4353 cognati
1695 4281 1814 4338 mei.

225 4375 543 4433 Timotheus
565 4393 796 4434 consors
827 4379 1070 4434 laborum
1099 4379 1216 4448 ejus
1242 4388 1326 4434 cst
1351 4380 1506 4448 quasi
1532 4379 1817 4449 coepisco~

227 4485 358 4538 pus,
393 4473 487 4542 qui
521 4487 641 4526 cum
676 4487 866 4541 magna
899 4471 1592 4526 sollicitudineEcclesium
1619 4473 1817 4542 guber-

227 4563 416 4628 nabat,
451 4565 657 4634 positus
688 4565 740 4619 in
773 4563 1032 4619 invidiam
1069 4565 1382 4620 ,ΙυιΙίεοΓιηιι
1425 4581 1594 4636 usque
1640 4565 1810 4632 adeo,

1926 3359 2052 3402 sunt
2083 3347 2290 3414 omnia,
2327 3346 2423 3401 dat
2450 3347 2680 3417 gloriam
2705 3363 2719 3412 ;
2748 3344 2808 3403 ut
2838 3356 3080 3419 coeptum
3111 3346 3482 3404 Romanorum
3509 3391 3524 3418 ,

1924 3443 2047 3512 quia
2081 3450 2274 3511 potens
2299 3450 2418 3509 est,
2453 3441 2709 3511 dignatur
2754 3443 3019 3512 Implere,
3066 3444 3445 3499 conﬁrmando
3471 3447 3523 3502 lu

1926 3534 2029 3588 fide
2055 3535 2266 3588 animos
2295 3546 2483 3588 eorum
2514 3531 2581 3587 ad
2606 3533 2908 3604 profectum
2944 3535 3258 3605 Evangelii,
3287 3546 3343 3591 ει
3370 3545 3524 3594 rores

1925 3626 2181 3681 lationem
2213 3625 2455 3697 mysterii
2502 3625 2802 3680 absconditi
2849 3640 2878 3680 ιι
2907 3626 3154 3689 ειεειιιίε,
3187 3626 3523 3684 manifestati

1924 3727 2103 3773 autem
2133 3732 2227 3788 per
2257 3717 2566 3784 Christum,
2599 3717 2684 3773 vel
2715 3719 2770 3772 in
2803 3718 3022 3773 Christo
3052 3716 3286 3790 (Ephet.
3318 3735 3396 3785 tu,-
3425 3721 3520 3790 9).

1923 3812 2335 3865 Sacramentth
2363 3809 2508 3865 enim
2535 3809 2679 3880 quod
2707 3809 2862 3863 latuit
2885 3820 3099 3880 semper
3123 3809 3178 3863 in
3201 3809 3337 3878 Deo,
3383 3818 3512 3866 tome

1923 3903 2143 3973 poribus
2169 3901 2371 3957 Christi
2397 3900 2735 3957 declaratum
2767 3911 2852 3957 est
2877 3917 2891 3966 ;
2935 3902 3060 3972 quia
3090 3915 3198 3957 non
3224 3900 3520 3973 singularis

1922 4007 2007 4052 est
2038 3997 2211 4062 Deus,
2239 3994 2363 4065 quia
2394 4004 2478 4050 est
2503 3993 2644 4064 apud
2676 3993 2828 4049 illum
2869 4009 2936 4049 ex
2967 3995 3189 4050 aternis
3218 3992 3246 4031 ἀ
3278 4005 3333 4050 et
3358 3994 3524 4051 Pars-

1921 4092 2114 4158 clltus,
2147 4091 2198 4145 in
2247 4104 2351 4160 qua
2394 4089 2622 4144 veritate
2672 4095 2892 4144 onlnem
2941 4097 3247 4144 creaturam
3278 4088 3522 4146 decrevit

1921 4187 2129 4242 salvm
2164 4186 2277 4241 ﬁeri
2311 4197 2404 4255 per
2444 4186 2798 4256 sgittttonem.
2846 4182 3015 4256 Cttjus
3059 4185 3280 4256 quidem
3332 4189 3517 4244 euersa

1922 4282 2088 4336 menti
2121 4281 2321 4335 veritas
2350 4287 2446 4350 per
2477 4279 2775 4350 prepbetas
2817 4279 2994 4334 fuerat
3030 4279 3308 4352 designata
3335 4281 3522 4352 hgttﬂs

1920 4373 2242 4446 quibusdam
2269 4415 2284 4440 ,
2321 4374 2424 4428 soli
2458 4373 2570 4429 Deo
2598 4374 2877 4444 cognitum
2900 4373 3136 4444 sapienti
3165 4393 3178 4432 ε
3211 4377 3366 4446 cujus
3395 4389 3519 4446 gra-

1924 4472 2012 4523 tia:
2044 4468 2340 4540 participes
2367 4468 2536 4524 voluit
2566 4483 2686 4523 esse
2718 4477 2939 4538 gentes,
2972 4469 3116 4538 quod
3146 4469 3302 4525 latuit
3349 4486 3521 4541 genus

1924 4559 2226 4615 hominum.
2275 4557 2435 4616 Solus
2465 4575 2595 4632 ergo
2623 4571 2706 4616 est
2733 4561 2988 4631 sapiens;
3022 4556 3147 4633 quia
3179 4551 3249 4619 ab
3295 4565 3410 4634 ipso
3439 4576 3526 4624 est

228 4667 283 4713 ut
324 4657 472 4715 inter
502 4657 653 4714 initia
702 4660 1189 4716 circumcideretur
1239 4668 1456 4730 propter
1497 4660 1812 4716 seandalum
1844 4665 1896 4724 D
1921 4651 2098 4711 omnis
2135 4653 2290 4728 112
2320 4655 2585 4725 sapientia
2613 4697 2628 4721 ,
2657 4655 2798 4711 sicut
2827 4649 2961 4712 dicit
3003 4647 3264 4714 Salomon
3292 4677 3304 4715 :
3341 4647 3524 4718 Omnis

227 4749 570 4818 Judaeorum;
600 4761 658 4807 ut
699 4752 821 4824 quia
871 4765 1042 4808 matre
1081 4751 1262 4808 Judaea
1294 4761 1409 4808 erat
1430 4794 1444 4816 ,
1473 4752 1666 4807 doctor
1697 4767 1817 4808 esse

228 4859 331 4898 non
365 4855 552 4914 posset
579 4839 1012 4900 ineircumcisus.
1049 4844 1171 4899 Illos
1202 4859 1332 4898 vero
1359 4854 1619 4913 cognatos
1647 4844 1814 4912 dicit,

229 4940 422 5007 partim
456 4941 705 5010 generis.
743 4941 936 5009 partim
975 4941 1097 4994 ﬁdei
1127 4955 1312 4994 causa.

295 5029 630 5105 (νει-δάε.)
661 5033 849 5090 Saluto
869 5050 955 5088 vos
979 5051 1070 5104 ego
1103 5033 1328 5097 Tertius,
1354 5033 1440 5102 qui
1471 5033 1602 5086 hanc
1625 5031 1818 5102 episto—

227 5126 327 5178 lam
348 5127 534 5196 εει-ἰριὶ
556 5127 612 5180 in
633 5121 874 5180 Domino.
895 5119 1112 5181 Tertius
1138 5125 1382 5190 nomine,
1411 5140 1513 5178 non
1557 5137 1815 5179 numero:

229 5217 314 5272 hic
342 5227 428 5273 est
480 5219 653 5273 scriba
686 5219 959 5288 epistolae,
994 5220 1080 5274 cui
1127 5219 1400 5273 concvssit
1444 5232 1544 5272 suo
1592 5213 1816 5272 nomine

228 5307 468 5364 salutare
497 5309 704 5381 plebem
735 5310 1031 5366 Romanam
1056 5354 1068 5378 ,
1102 5310 1167 5365 ad
1193 5327 1352 5382 quam
1377 5311 1596 5376 scribit;
1629 5318 1687 5364 ιιι
1712 5325 1816 5365 caa-

228 5409 374 5456 teros
406 5402 674 5469 salutent,
704 5419 840 5472 quos
881 5407 1144 5459 nominat.
1181 5405 1368 5459 Adhuc
1397 5404 1544 5457 enim
1572 5413 1819 5458 rectores

233 5493 493 5550 Ecclesiis
523 5495 706 5565 paucis
735 5508 890 5552 erant
919 5499 970 5552 in
1001 5497 1155 5553 locis.

301 5589 486 5661 (Vers.
514 5590 626 5662 23).
664 5591 867 5647 Salutat
896 5609 982 5647 vos
1012 5592 1167 5647 Caius
1210 5593 1396 5665 hospes
1428 5608 1602 5658 meus;
1627 5603 1674 5646 et
1703 5594 1821 5647 uui-

307 5758 329 5782 "
352 5747 448 5819 Sic
469 5760 656 5802 omnes
683 5747 840 5819 edit.;
873 5759 926 5801 at
950 5756 1141 5803 contra
1173 5762 1302 5802 mss.
1335 5763 1502 5819 prope
1529 5747 1594 5802 ad
1627 5762 1792 5802 unum
1814 5788 1830 5812 ,

241 5817 515 5892 quod_no_n
544 5835 598 5871 se
609 5818 945 5892 subiicerent.

318 5889 344 5932 δ
378 5887 572 5948 Codex
608 5885 842 5958 Thuan.,
890 5901 945 5945 ut
987 5891 1061 5946 bis
1089 5889 1310 5945 dictum:
1352 5889 1526 5955 Flor.,
1570 5903 1626 5946 ut
1660 5907 1724 5946 ex
1761 5889 1841 5945 his

1921 4752 2174 4820 sapientia
2202 4769 2232 4803 a
2265 4749 2490 4804 Domino
2530 4749 2642 4805 Deo
2688 4760 2762 4805 est
2781 4793 2799 4817 ,
2825 4761 2870 4806 et
2896 4768 3013 4806 cum
3040 4753 3153 4825 ipso
3196 4757 3295 4827 fuit
3320 4772 3520 4826 semper

1923 4835 2150 4915 (Eccles.
2182 4861 2221 4910 ι,
2255 4845 2328 4915 Ι).
2381 4845 2657 4916 Sapientia
2693 4846 2793 4902 ista
2821 4841 3072 4904 Christus
3118 4858 3233 4917 est,
3280 4851 3405 4922 quia
3451 4851 3522 4906 de

1921 4937 2041 5006 ipso
2071 4947 2184 5005 est,
2217 4948 2425 4993 etcum
2456 4938 2548 4993 illo
2591 4947 2711 4994 erat
2759 4953 3012 5011 semper,
3063 4957 3161 5012 per
3206 4959 3366 5013 quem
3415 4944 3520 5016 ipsi

1923 5033 2093 5104 gloria
2126 5032 2178 5087 in
2211 5033 2404 5088 smcula
2435 5033 2775 5089 saeculorum.
2823 5034 3017 5089 Amen.
3065 5035 3190 5092 Ideo
3235 5025 3366 5091 nihil
3398 5036 3519 5091 sine

1935 5127 2153 5182 Christo
2182 5127 2429 5195 plenum;
2481 5127 2605 5197 quia
2639 5141 2736 5197 per
2784 5121 2960 5197 ipsum
3001 5128 3183 5182 omnia
3215 5144 3228 5182 :
3262 5127 3352 5197 qui
3399 5142 3525 5183 cum

1928 5217 2274 5290 agnoscitur,
2320 5216 2480 5272 datur
2528 5217 2633 5272 Deo
2685 5213 2832 5273 Patri
2874 5217 2993 5274 laus
3021 5233 3119 5289 per
3150 5213 3365 5287 ipsum;
3397 5218 3524 5289 quia

1926 5310 2242 5383 intelligitur
2267 5307 2675 5380 peerristum,
2699 5301 2854 5380 quasi
2881 5304 3313 5381 persapientiam
3341 5326 3521 5380 suam,

1925 5407 1979 5460 in
2009 5421 2112 5476 qua
2159 5405 2339 5459 salvos
2368 5403 2495 5461 fecit
2520 5397 2830 5460 credentes.
2875 5404 3060 5460 Gloria
3094 5419 3222 5474 ergo
3250 5405 3394 5462 Patri
3426 5423 3527 5481 per

1923 5499 2119 5554 Filium
2139 5542 2152 5563 ,
2188 5498 2292 5554 hoc
2322 5508 2407 5554 est
2429 5539 2442 5564 ,
2471 5498 2738 5553 ambobus
2768 5496 2944 5566 gloria
2971 5486 3022 5550 in
3051 5495 3258 5567 Spiritu
3299 5513 3518 5570 sancto;

1928 5593 2050 5664 quia
2081 5602 2310 5664 uterque
2341 5592 2393 5646 in
2422 5607 2528 5647 una
2557 5589 2728 5661 gloria
2755 5597 2857 5645 est.

1941 5747 2091 5802 dictis
2113 5757 2284 5818 totum
2306 5745 2550 5818 populum
2563 5743 2841 5818 signiﬁcet.

2019 5830 2039 5857 c
2075 5814 2203 5874 MSS,
2233 5814 2474 5887 aliquot,
2503 5815 2799 5887 ministerii,
2827 5815 2943 5871 Non
2969 5822 3101 5884 satis
3128 5831 3292 5876 recte.

2019 5888 2044 5926 ά
2079 5891 2234 5945 ltum.
2260 5875 2390 5944 edit.
2413 5875 2528 5942 sola
2545 5926 2560 5952 ,
2591 5895 2638 5939 et
2677 5875 2900 5942 Verbum
2923 5900 2971 5944 et
2999 5875 3314 5948 Paraclitue.
