4082 6306
574 341 677 399 183

1528 336 1619 390 AD
1661 333 1890 391 OPERA
1925 331 2177 390 SANCTI
2217 331 2549 390 AMBROSII
2588 333 2957 392 APPENDIX.

3764 340 3855 394 l8!

640 456 818 529 (Vera.
843 454 962 526 28.)
987 461 1012 489 ει
1044 453 1228 508 Gratia
1255 449 1466 507 Domini
1493 451 1657 505 nostri
1682 450 1809 505 Jesu
1831 447 2022 504 Christi
2037 465 2152 502 cum
2179 453 2228 515 Α
2259 463 2529 504 memores
2556 450 2757 518 simus,
2786 466 3002 523 semper
3048 466 3148 509 nos
3179 457 3410 510 tuebitur
3429 497 3443 522 ,
3493 458 3640 512 sicut
3668 456 3805 512 dixit
3829 473 3840 508 :

565 549 795 605 omnibus
830 546 989 600 vobis.
1021 544 1078 601 ln
1107 544 1464 600 conclusione
1504 543 1783 599 Christum
1830 542 2012 614 ponit,
2057 557 2153 612 per

563 657 719 714 quem
748 641 870 697 tacti
897 681 912 706 ,
944 649 1001 696 et
1029 640 1229 694 iterum
1260 637 1544 694 reformati
1588 652 1776 692 sumus
1803 637 1974 706 gratia
2001 634 2150 705 ejus,

564 733 905 790 utmentibus
927 731 1129 787 nostris
1145 732 1379 795 haereat;
1404 731 1527 800 quia
1555 728 1601 784 si
1627 727 2013 785 beneﬁciorum
2037 727 2154 797 ejus

559 881 564 939 ξ
631 883 656 911 τι
675 872 909 927 Nonnuli
936 887 1067 926 mss.
1099 870 1282 925 Gloria
1303 869 1517 924 Domini
1542 870 1723 933 nostri,
1754 878 1856 923 etc.

631 944 657 982 ιι
688 945 812 1000 Mss.
843 943 1083 1014 Remig.,
1109 941 1271 996 Mich.
1303 957 1365 997 ac
1391 940 1748 1014 Colbertshic
1776 940 2151 1010 longamjaci-

558 1018 699 1074 niam
731 1026 960 1072 assuunt
983 1013 1021 1082 ,ί
1041 1031 1163 1086 qua:
1191 1015 1427 1084 pertinet
1461 1013 1524 1068 ad
1555 1013 1803 1067 ultimum
1827 1021 1988 1081 caput
2010 1027 2161 1066 com-

2260 539 2329 595 Et
2382 558 2525 610 ecce,
2571 544 2745 614 inquit
2783 544 3006 617 (Matth.
3043 562 3238 613 xxvm,
3265 547 3369 617 9.0)
3398 589 3413 614 ,
3462 566 3558 622 ego
3599 550 3847 604 vobiscum

2261 651 2373 688 sum
2402 636 2636 692 omnibus
2681 638 2862 694 diebus
2901 656 3061 710 usque
3106 641 3175 695 ad
3223 643 3719 697 consummationem
3762 660 3850 699 st:-

2262 731 2386 785 culi.
2420 734 2578 788 Amen
2609 732 2661 790 ι’.

2265 872 2517 951 mentarii
2547 873 2598 926 in
2628 875 2861 951 priorem
2887 877 3168 951 epistolam
3192 877 3259 933 ad
3284 877 3633 936 Corinthios:
3664 897 3758 951 qua
3788 883 3847 937 de

2263 957 2322 996 re
2344 957 2445 997 suo
2473 945 2592 999 loco
2624 945 3063 1004 dicendum’erit.

581 1125 3838 1156 ———————————-———-——————-————————-—_.—__

651 1253 776 1337 IN
851 1249 1513 1338 EPISTOLAM
1588 1250 1690 1330 B.
1775 1248 2134 1332 PAULI
2206 1252 2366 1334 ΑΙ)
2445 1253 3176 1342 COBINTHIOS
3251 1259 3745 1344 PRIMAM.

1025 1511 1177 1581 ιιι
1225 1507 1252 1536 ι
1294 1504 1684 1563 PROLOGUS.

559 1631 564 1634 ’
624 1648 904 1716 Praecepto
960 1643 1172 1698 Domini
1232 1641 1539 1696 admonitus
1600 1641 1896 1712 Apostolus
1955 1643 2158 1699 resedit

550 1740 691 1813 apud
712 1738 1027 1795 Corinthios
1055 1753 1258 1792 annum
1286 1751 1451 1791 unum
1484 1743 1539 1790 et
1569 1750 1784 1791 menses
1811 1751 1927 1802 sex,
1950 1735 2156 1792 docens

551 1839 695 1892 inter
754 1850 849 1890 eos
897 1834 1122 1890 verbum
1154 1833 1271 1888 Dei.
1300 1831 1436 1886 Hinc
1480 1840 1563 1887 est
1603 1831 1748 1887 unde
1793 1848 1985 1902 magna
2031 1848 2153 1888 cum

553 1929 749 1985 ﬁducia
781 1938 835 1984 et
875 1926 1159 1984 charitatis
1193 1925 1388 1982 all’ectu
1419 1925 1530 1994 agit
1557 1940 1678 1979 eum
1708 1926 1819 1992 eis,
1867 1926 2156 1996 aliquando

551 2035 939 2086 commoneas,
984 2019 1276 2089 aliquando
1324 2033 1558 2089 arguens
1589 2060 1606 2085 ,
1654 2017 1947 2089 aliquando
2003 2020 2157 2075 blan-
2224 2047 2236 2059 -

553 2114 745 2179 diens,
775 2124 832 2168 ut
876 2113 1036 2168 ﬁlios.
1088 2111 1221 2166 Nam
1275 2111 1459 2166 multm
1504 2125 1682 2166 causae
1723 2120 1880 2176 sunt,
1936 2122 2158 2182 praptcr

554 2224 688 2280 quas
731 2207 921 2263 scribit
963 2205 1029 2260 ad
1061 2221 1174 2261 eos.
1215 2204 1453 2272 Quarum
1490 2204 1661 2273 prima
1698 2202 1813 2258 hinc
1860 2214 1978 2270 est,
2012 2204 2156 2275 quod

552 2317 706 2358 more
735 2301 1119 2358 haereticorum
1149 2299 1538 2356 dissentientes
1572 2299 1640 2352 ab
1679 2299 1909 2354 invicem
1934 2341 1948 2364 ,
1983 2299 2159 2354 homi-

554 2395 714 2452 nibus
758 2395 969 2461 devoti,
1018 2393 1263 2459 Paulini,
1304 2402 1360 2449 et
1389 2391 1663 2456 Petriani,
1711 2400 1768 2448 et
1815 2393 2157 2462 Apolloniaci

555 2488 662 2543 diei
691 2487 979 2551 volebant,
1014 2501 1120 2540 non
1145 2483 1430 2540 christiani
1465 2500 1478 2537 :
1513 2483 1656 2553 quod
1682 2483 1838 2540 valde
1867 2485 2162 2554 exprobrat

554 2579 868 2650 Apostolus.
905 2578 1076 2633 Erant
1098 2585 1279 2632 tamen
1309 2577 1452 2631 inter
1477 2589 1594 2640 eos,
1625 2575 1720 2645 qui
1748 2576 1817 2628 ab
1847 2576 1929 2630 bis
1955 2577 2159 2632 dissen-

551 2674 750 2740 tirent,
791 2671 1014 2728 Christo
1058 2670 1158 2724 soli
1194 2668 1377 2723 dicati.
1416 2668 1667 2725 Secunda
1716 2669 1832 2724 haec
1875 2679 1989 2733 est,
2033 2671 2158 2742 quia

552 2768 864 2839 eloquentia
887 2767 1146 2822 delectari
1170 2774 1450 2836 coeperant
1471 2775 1525 2820 et
1548 2775 1759 2822 terrena
1780 2767 2155 2838 philosomiis;

554 2871 616 2917 ut
654 2860 756 2916 sub
784 2860 1005 2916 nomine
1048 2857 1282 2927 Christi,
1313 2860 1379 2915 iis
1425 2860 1835 2926 imbuerentur,
1877 2876 1996 2932 qua:
2023 2877 2158 2916 con-

552 2955 718 3009 traria
740 2961 868 3009 sunt
892 2952 1037 3008 ﬁdei.
1067 2951 1279 3017 Tertia,
1309 2967 1378 3008 eo
1403 2953 1548 3024 quod
1571 2953 1743 3009 inﬂati
1770 2963 1986 3022 essent,
2017 2955 2157 3024 quod

553 3060 665 3101 non
692 3046 793 3100 iret
822 3044 887 3098 ad
919 3044 1040 3100 illos
1069 3044 1387 3116 Apostolus.
1417 3043 1616 3112 Quarta
1635 3087 1650 3112 ,
1677 3055 1900 3116 propter
1926 3045 2160 3101 fornica-

550 3147 760 3208 torem,
791 3153 953 3210 quem
995 3139 1135 3194 inter
1159 3153 1218 3192 se
1248 3153 1372 3194 esse
1427 3139 1790 3209 patiebantur.
1823 3139 2054 3208 Quinta,
2101 3148 2159 3194 ut

552 3242 928 3288 commoneret
966 3231 1035 3286 de
1075 3231 1346 3302 prseterita
1382 3232 1609 3301 epistola
1630 3274 1645 3296 ,
1673 3248 1831 3302 quam
1863 3244 1990 3288 ante
2021 3234 2158 3287 hanc

550 3344 674 3400 quae
712 3328 881 3399 prima
913 3327 1144 3393 dicitur,
1180 3326 1492 3396 scripserat.
1525 3325 1717 3392 Sexta,
1761 3327 1885 3397 quia
1925 3326 2156 3382 invicem

550 3423 654 3478 sibi
679 3422 902 3493 injurias
920 3430 974 3477 et
999 3420 1216 3476 fraudes
1239 3420 1419 3476 facere
1439 3430 1720 3491 cmperant
1737 3462 1752 3487 ,
1776 3430 1830 3476 et
1855 3419 2154 3476 inﬁdelium

552 3517 736 3588 potius
777 3515 1028 3572 examina
1060 3514 1427 3585 requirebant.
1467 3513 1709 3584 Septima
1753 3528 1915 3568 causa
1947 3523 2031 3568 est
2055 3555 2068 3578 ,
2103 3513 2156 3568 in

551 3625 656 3680 qua
681 3607 930 3678 designat
967 3607 1132 3661 licere
1163 3605 1265 3661 sibi
1308 3615 1556 3674 sumptus
1586 3605 1870 3675 accipere,
1901 3604 2157 3660 sed‘eon-

551 3713 829 3770 temnere;
867 3717 933 3758 ne
965 3701 1136 3757 forma
1167 3710 1313 3757 esset
1341 3700 1630 3770 rapacibus
1664 3699 2154 3771 pseudoapostolis.

551 3797 754 3852 Octava
791 3811 925 3850 vero
972 3805 1086 3860 est,
1137 3801 1197 3848 ut
1241 3793 1570 3864 respondeat
1615 3794 1858 3864 epistola:
1902 3792 2152 3859 illorum;

548 3889 862 3960 perturbari
887 3888 1028 3944 enim
1057 3895 1338 3958 coeperant
1380 3887 1448 3941 ab
1476 3885 1745 3942 hazretieis
1769 3887 1838 3941 de
1879 3886 2158 3941 matrimo-

549 3984 677 4038 niis.
725 3981 877 4037 Nona
919 3990 1040 4047 est,
1081 3982 1133 4035 in
1173 3997 1278 4051 qua
1319 3979 1565 4036 declarat
1603 3980 1681 4034 sic
1721 3979 1923 4034 debere
1963 3994 2156 4034 unum-

547 4089 819 4145 quemque
847 4087 1101 4139 manere,
1125 4081 1186 4127 ut
1217 4072 1465 4128 credidit.
1499 4071 1714 4126 Decima
1743 4080 1921 4127 autem
1956 4073 2025 4128 de
2043 4074 2154 4128 vir-

546 4166 767 4240 ginibus
785 4207 802 4234 ,
823 4181 892 4222 eo
911 4166 1054 4236 quod
1086 4164 1219 4219 nihil
1243 4166 1316 4220 sit
1342 4165 1444 4220 sibi
1466 4173 1818 4236 praeceptum.
1846 4166 1910 4221 Et
1933 4167 2153 4238 reliquae

546 4267 677 4316 sunt
695 4273 905 4325 causaz,
933 4272 1056 4329 qua:
1083 4258 1136 4313 in
1163 4273 1394 4328 corpore
1422 4257 1773 4313 videbuntur.

1090 4372 1322 4430 CAPUT
1359 4372 1649 4429 PRIMUM.

548 4471 563 4487 5
617 4495 798 4562 (Vers.
834 4494 912 4566 1.)
946 4493 1149 4549 Paulus
1173 4504 1382 4549 vocatus
1407 4495 1674 4565 apostolus
1696 4493 1887 4551 Christi
1906 4493 1943 4550 Ι
1947 4511 2036 4550 esu
2060 4513 2150 4567 per

542 4592 910 4647 voluntatatem
947 4589 1063 4644 Dei.
1093 4588 1174 4644 Ad
1203 4588 1481 4644 Romanos
1507 4588 1668 4644 aliter
1692 4588 1886 4659 erepit;
1916 4591 2042 4661 quia
2071 4591 2149 4646 al-

151 4687 661 4742 μίτρη
709 4698 868 4740 causa
913 4691 997 4738 est
1027 4700 1040 4736 :
1073 4682 1156 4737 his
1199 4697 1334 4739 vero
1363 4683 1668 4754 apostolum
1713 4699 1772 4738 se
1801 4697 1922 4739 esse
1947 4681 2146 4739 Christi

535 4777 672 4834 Jesu
713 4777 811 4833 Dei
859 4777 1139 4832 voluntate
1181 4776 1402 4844 scribit;
1449 4776 1573 4847 quia
1616 4777 1796 4832 omnia
1843 4793 1960 4847 qure
2003 4778 2141 4849 egit,

538 4869 666 4926 Filii
694 4869 788 4924 Dei
821 4869 1226 4940 egitvoluntate
1248 4912 1262 4936 ,
1286 4871 1376 4941 qui
1399 4870 1532 4925 dixit
1560 4871 1627 4925 ad
1659 4885 1780 4925 eum
1808 4888 1821 4923 :
1859 4870 2023 4934 Vade,
2056 4888 2146 4942 ego

536 4965 691 5036 longe
711 4963 780 5017 ad
807 4972 978 5033 gentes
1005 4965 1202 5019 mittam
1241 4973 1288 5019 te
1307 4964 1446 5038 (Act.
1480 4981 1594 5019 χχιι
1619 5007 1634 5030 ,
1663 4965 1778 5034 2i).
1816 4963 1949 5021 llinc
1979 4980 2141 5020 voca-

534 5066 624 5113 tus
653 5066 739 5113 est
774 5058 1069 5129 Apostolus
1089 5099 1104 5124 ,
1137 5057 1241 5114 hoc
1271 5067 1392 5121 est,
1428 5059 1524 5114 Dei
1548 5057 1826 5114 voluntate
1855 5059 2052 5114 missus
2077 5060 2144 5115 ad

532 5159 744 5221 gentes.
771 5151 874 5206 Per
891 5149 1034 5221 quod
1061 5151 1223 5205 etiam
1247 5151 1418 5222 tangit
1440 5151 1740 5221 illos,’qnos
1761 5167 1936 5222 neque
1957 5152 2143 5209 Chris-

532 5252 622 5301 tus
647 5244 900 5310 miserat,
920 5259 1098 5316 neque
1121 5259 1309 5300 verum
1340 5254 1481 5310 erat,
1499 5244 1642 5316 quod
1667 5245 1938 5300 dicebant.
1966 5245 2136 5302 Deum

529 5338 676 5395 enim
708 5348 762 5394 et
789 5338 1063 5394 Christum
1083 5337 1206 5393 ideo
1235 5337 1550 5406 frequenter
1577 5338 1842 5402 nominat,
1866 5347 1924 5393 ut
1949 5336 2134 5394 Chris-

529 5439 646 5486 tum
694 5431 861 5487 Deum
906 5447 1015 5487 non
1060 5431 1236 5502 ipsum
1286 5429 1506 5485 Patrem
1548 5429 1829 5494 ostendat,
1872 5429 1966 5485 sed
2013 5445 2136 5486 esse

604 5612 784 5687 [νει.
831 5614 990 5687 edit.,
1035 5612 1553 5687 Praefatioskom”
1593 5611 1946 5687 Prommitnn;
1989 5627 2125 5668 non-

526 5685 663 5758 nulli
686 5699 840 5750 mss.,
865 5684 1273 5758 Argumentum;
1300 5686 1390 5741 alii
1414 5686 1581 5741 multo
1607 5686 1827 5758 plures,
1841 5684 2118 5758 Prologus.

591 5755 619 5796 ι)
644 5756 720 5811 Ita
752 5767 856 5811 vet.
877 5755 1006 5812 edit.
1031 5773 1094 5813 ac
1120 5775 1250 5813 mss.
1279 5759 1504 5826 aliquot,
1532 5774 1561 5812 a
1585 5755 1779 5829 quibus
1799 5757 1960 5812 Rom.
1985 5755 2116 5813 edit.

515 5834 727 5885 tantum
765 5829 1008 5896 recedit,
1045 5829 1188 5900 quod
1232 5830 1486 5898 przcliert,
1520 5847 1623 5884 non
1662 5830 1853 5884 unione
1879 5846 1898 5884 :
1931 5829 2114 5884 creteri

509 5911 693 5959 autem
728 5906 859 5956 ms's.
889 5903 1081 5970 partim
1101 5939 1114 5960 .
1140 5917 1240 5955 non
1264 5901 1318 5953 in
1339 5903 1576 5956 unionem
1603 5944 1618 5972 ,
1645 5903 1764 5972 quia
1805 5919 1920 5958 cum
1942 5911 2116 5957 exteri»

2205 5827 2486 5910 ἐωνήθη.
2529 5829 2670 5885 Infra
2700 5845 2828 5886 vero
2861 5847 2962 5887 ms.
3005 5832 3168 5888 (ἐστι).
3203 5831 3386 5899 solus,
3425 5825 3552 5896 quos
3578 5825 3692 5910 pre}?

2180 1511 2228 1571 B
2254 1507 2530 1564 Christum
2562 1509 2785 1580 Filium,
2819 1528 2942 1570 esse
2970 1521 3024 1569 et
3054 1514 3221 1570 Deum
3255 1516 3503 1584 Patrem,
3529 1517 3556 1556 δ
3577 1533 3680 1574 non
3706 1521 3846 1574 ιιιιὶορ

2259 1619 2416 1671 nem;
2444 1621 2567 1661 cum
2591 1608 2898 1664 ostenditur
2930 1609 3128 1664 Filium
3162 1611 3288 1668 diei.
3329 1613 3510 1669 Multze
3535 1615 3675 1670 enim
3696 1627 3847 1670 sectr

2258 1709 2637 1768 emerserant,
2683 1716 2802 1770 quae
2843 1701 3200 1774 Evangelium
3244 1704 3447 1761 Christi
3485 1718 3507 1746 ε
3544 1723 3640 1778 pro
3667 1723 3848 1764 sensus

2259 1791 2340 1846 sui
2374 1791 2606 1847 arbitrio
2636 1795 2979 1861 asserebant,
3005 1811 3067 1850 ex
3091 1799 3288 1867 quibus
3318 1801 3450 1854 rami
3483 1799 3617 1855 aridi
3647 1810 3847 1856 exstant

2258 1901 2402 1942 nunc
2420 1903 2614 1957 USQue,
2635 1903 2862 1958 quarum
2885 1899 3188 1947 assertores
3210 1891 3484 1949 Ecclesias
3509 1896 3838 1950 evertebant.

2262 1977 2397 2032 llinc
2451 1982 2743 2050 Apostolus
2789 1983 3004 2045 omnia,
3065 2000 3184 2053 qua:
3237 1984 3540 2041 hmresibus
3593 1990 3844 2043 contraria

2260 2083 2382 2124 sunt
2405 2113 2419 2136 ,
2446 2073 2596 2139 ponit
2627 2091 2639 2126 :
2674 2089 2739 2126 ac
2769 2090 2828 2128 se
2856 2090 3049 2130 verum
3085 2075 3500 2146 praedicatorem
3527 2095 3620 2150 per
3643 2079 3690 2134 id
3715 2079 3846 2150 quod

2259 2177 2289 2217 a
2320 2162 2539 2219 Christo
2568 2165 2663 2220 Dei
2697 2166 2977 2222 voluntate
3005 2168 3207 2224 missus
3238 2179 3350 2236 est,
3381 2182 3672 2228 asseverat.

2335 2257 2518 2329 (Vers.
2549 2260 2630 2332 ἓ.)
2676 2261 2744 2315 Et
2776 2263 3053 2318 Sosthenes
3094 2268 3277 2335 frater.
3331 2263 3507 2320 Etiam
3558 2268 3710 2322 istum
3759 2283 3846 2321 sua

2259 2356 2608 2410 commendat
2661 2357 2944 2413 societate.
2992 2361 3148 2430 112
3193 2359 3444 2414 Ecclesia:
3483 2360 3615 2425 Dei,
3643 2377 3745 2431 φατε
3782 2376 3849 2416 est

2261 2445 2500 2500 Corinthi
2521 2488 2536 2507 .
2571 2449 2904 2518 sanctiﬁcatis
2938 2449 2991 2502 in
3021 2448 3232 2504 Christo
3262 2450 3412 2506 Jesu.
3447 2451 3728 2522 Prontcrca
3755 2453 3850 2508 Ec-

2261 2539 2444 2594 clesia:
2475 2539 2666 2594 scribit
2692 2583 2706 2605 ,
2729 2541 2856 2612 quia
2879 2541 3058 2596 adhuc
3088 2542 3317 2612 singulis
3337 2543 3602 2600 Ecclesiis
3627 2553 3848 2600 rectores

2261 2651 2370 2690 non
2403 2645 2559 2691 erant
2589 2638 2894 2691 constituti.
2930 2637 3146 2692 Etcum
3189 2637 3243 2692 in
3288 2639 3472 2692 multis
3518 2649 3846 2711 arguateos,

2259 2728 2333 2782 ait
2357 2744 2370 2780 :
2405 2727 2760 2797 Sanctiﬁcatis
2787 2728 2840 2781 in
2863 2726 3069 2783 Christo
3097 2727 3247 2783 Jesu.
3278 2729 3383 2786 Sed
3411 2732 3535 2786 ideo
3561 2732 3675 2803 quia
3707 2746 3845 2802 rege-

2263 2821 2437 2874 nerati
2463 2819 2518 2874 in
2541 2819 2760 2875 Christo
2780 2822 3103 2876 sanctiﬁcati
3129 2832 3259 2877 sunt
3283 2841 3296 2876 :
3323 2835 3446 2893 post
3475 2834 3650 2879 autem
3677 2840 3844 2895 caepe-

2186 2907 2230 2970 C
2265 2923 2388 2970 rant
2432 2915 2574 2971 male
2605 2918 2951 2980 conversari;
2986 2928 3043 2971 ut
3079 2919 3392 2973 ostenderet
3424 2935 3640 2976 omnem
3675 2921 3847 2976 Eccle-

2261 3006 2402 3061 siam
2448 3006 2843 3062 sanctiﬁcatam
2873 3007 3040 3063 fuisse
3091 3008 3145 3063 in
3195 3007 3443 3074 Christo,
3478 3009 3576 3066 sed
3605 3011 3844 3082 quosdam

2262 3101 2482 3156 illorum
2517 3116 2679 3170 prava
2726 3101 2974 3156 doctrina
3015 3103 3596 3174 pseudoapostolorum
3641 3119 3843 3160 aversos

2261 3206 2292 3246 a
2324 3191 2619 3248 traditione
2647 3192 2918 3248 veritatis.

2343 3283 2549 3339 Vocatis
2591 3287 2803 3339 sanctis.
2845 3285 2958 3341 Hoc
2997 3295 3116 3353 est,
3169 3289 3346 3343 vocati
3375 3289 3549 3356 estis,
3598 3300 3650 3344 ut
3688 3289 3843 3344 sancti

2259 3378 2382 3434 sitis
2415 3398 2427 3433 :
2457 3380 2605 3450 quod
2646 3390 2727 3435 est
2755 3423 2769 3447 ,
2815 3389 2874 3435 ut
2910 3396 3017 3435 non
3051 3381 3325 3437 recedatis
3354 3399 3382 3437 a
3416 3385 3601 3455 regula
3633 3384 3846 3440 sanctiro

2260 3470 2515 3525 cationis.
2563 3470 2692 3526 Cum
2738 3473 2977 3528 omnibus
3024 3475 3112 3543 qui
3155 3475 3394 3529 invocant
3437 3493 3618 3531 nomen
3659 3475 3844 3530 Domini

2258 3563 2389 3619 Jesu
2417 3565 2644 3629 Christi,
2672 3567 2726 3619 in
2758 3568 2897 3621 omni
2928 3567 3041 3622 loco
3084 3569 3320 3636 ipsorum
3359 3581 3408 3624 et
3439 3582 3632 3626 nostra.
3661 3571 3712 3626 Id
3738 3580 3839 3634 est,

2260 3671 2382 3712 eum
2406 3656 2608 3712 Judaeis
2638 3659 2781 3713 veris
2803 3658 2981 3730 jungit
3008 3672 3059 3714 et
3091 3670 3282 3730 gentes
3301 3704 3315 3726 ,
3347 3663 3474 3733 quia
3499 3665 3638 3718 salus
3664 3679 3722 3718 ea:
3745 3661 3840 3714 Ju-

2259 3752 2385 3806 dazis
2413 3762 2525 3818 est;
2554 3761 2612 3807 ut
2649 3753 2698 3807 in
2729 3754 2877 3808 omni
2919 3753 3041 3810 loco
3075 3754 3164 3810 ubi
3200 3765 3426 3825 gentes,
3454 3772 3577 3828 qua:
3615 3758 3841 3812 invocant

2258 3858 2460 3899 nomen
2514 3844 2727 3900 Domini
2777 3845 2948 3900 nostri
2992 3845 3119 3901 Jesu
3147 3845 3395 3902 Christi:
3450 3860 3503 3904 et
3553 3849 3640 3904 ubi
3684 3847 3837 3904 iudici

2259 3953 2421 4011 supra
2455 3942 2744 3995 memorati
2774 3950 2932 4008 sunt,
2977 3941 3236 3996 similiter
3275 3952 3401 3997 sunt
3443 3959 3634 4000 omnes
3672 3958 3837 3998 unum.

2258 4031 2707 4102 Pseudoapostoli
2737 4034 2906 4100 enim,
2931 4033 3024 4104 qui
3051 4050 3249 4089 nomen
3271 4034 3478 4091 Christi
3509 4053 3610 4109 per
3631 4037 3836 4107 pruden-

2257 4127 2387 4181 tiam
2427 4126 2613 4181 mundi
2647 4125 3049 4196 praedicabant,
3090 4127 3142 4181 id
3191 4137 3301 4193 est,
3335 4128 3576 4185 admixta
3622 4129 3835 4201 philoso-

2257 4219 2381 4288 phia
2405 4259 2421 4284 ,
2453 4227 2695 4274 veterem
2725 4219 2898 4289 legem
2922 4229 2976 4274 et
3009 4219 3301 4290 prephetas
3331 4222 3727 4292 reprobabant;
3753 4237 3838 4276 ne-

2179 4314 2233 4373 D
2257 4309 2458 4382 gabant
2483 4307 2628 4364 enim
2659 4307 2933 4365 Christum
2964 4325 3092 4366 vere
3122 4311 3444 4366 cruciﬁxum
3469 4354 3486 4381 ,
3528 4313 3624 4370 sed
3652 4325 3835 4368 tantum

2256 4402 2428 4456 visum
2455 4400 2693 4473 cruciﬁgi
2715 4447 2729 4469 ,
2755 4399 2782 4439 ά
2806 4402 2947 4458 sicut
2970 4403 3210 4459 Marcion
3242 4416 3295 4460 et
3327 4405 3678 4462 Manichacus.
3699 4405 3836 4462 Unde

2253 4494 2545 4566 Apostolus
2575 4514 2588 4550 :
2620 4494 2735 4551 Nos
2765 4506 2965 4562 autem,
2996 4497 3198 4569 inquit,
3230 4501 3578 4570 prtedicamus
3600 4499 3834 4556 Christum

2250 4588 2557 4657 cruciﬁxum
2596 4588 2643 4653 (Ι
2673 4587 2794 4644 Cor.
2828 4606 2865 4645 l.
2900 4589 3016 4663 25).
3055 4591 3241 4662 Neque
3281 4594 3462 4649 carnis
3504 4593 3840 4650 resurrectio-

2251 4696 2374 4736 nem
2415 4681 2721 4738 tatebantur
2745 4725 2759 4746 ,
2797 4682 2940 4752 quod
2973 4682 3236 4753 propheta
3285 4683 3476 4740 Esaias
3498 4686 3729 4753 clamat,
3756 4684 3834 4738 di-

2246 4789 2414 4830 cens:
2449 4773 2552 4840 Qui
2593 4777 2646 4829 in
2679 4777 3020 4830 monumentis
3050 4786 3168 4830 sunt
3194 4788 3464 4850 resurgent
3497 4777 3666 4849 (Esai.
3690 4791 3802 4832 xxvi
3823 4818 3836 4841 ,

2257 4868 2366 4940 19).

2328 4962 2508 5034 (Vers.
2537 4963 2618 5032 3.)
2651 4962 2832 5017 Gratia
2859 4963 2998 5017 vobis
3023 4974 3070 5018 et
3103 4980 3207 5034 pax
3235 4980 3267 5018 a
3297 4963 3410 5021 Deo
3447 4964 3605 5022 Patre
3640 4962 3843 5034 nostrtp,

2253 5065 2300 5109 et
2327 5053 2546 5110 Domino
2568 5055 2698 5111 Jesu
2725 5053 2948 5109 Christo.
2981 5054 3060 5111 Ne
3089 5097 3103 5120 ,
3135 5058 3261 5126 quia
3283 5057 3503 5113 dixerat
3533 5077 3546 5112 :
3582 5059 3680 5125 Qui
3708 5053 3850 5126 inv):-

2251 5160 2368 5205 cant
2399 5167 2584 5205 nomen
2613 5149 2827 5204 Domini
2853 5151 3014 5205 nostri
3039 5149 3169 5205 Jesu
3196 5147 3416 5216 Christi;
3437 5151 3612 5207 Patris
3634 5161 3728 5208 aut
3753 5169 3785 5206 ιι

2245 5259 2368 5299 men
2399 5253 2494 5299 aut
2518 5242 2717 5298 donum
2767 5243 3002 5298 tacuisse
3049 5245 3363 5313 videretur,
3395 5256 3450 5302 et
3485 5246 3758 5318 suSpicion

2245 5335 2385 5393 forte
2413 5347 2506 5392 aut
2547 5336 2890 5392 occasionem
2932 5336 3086 5393 daret
3132 5339 3378 5402 unionis;
3425 5339 3587 5394 docet
3630 5340 3758 5411 quid

2242 5428 2518 5484 Christum
2542 5431 2644 5484 rite
2666 5429 3036 5485 invocandum
3065 5472 3079 5497 ,
3108 5431 3205 5487 sed
3235 5447 3452 5488 omnem
3475 5435 3704 5504 gratiam
3731 5451 3760 5490 e

3775 4926 3854 5250 ,

3763 5250 3859 5449 ii

3731 5449 3865 5651 Τ

2232 5613 2390 5674 ditur.
2416 5614 2557 5683 ﬁlius
2575 5614 2805 5680 dicitur;
2837 5615 3083 5670 nonnulli
3106 5656 3216 5681 ,....
3251 5615 3422 5680 lilium
3441 5617 3568 5672 dici.

2307 5697 2328 5759 ς
2362 5686 2491 5759 Mss.
2521 5685 2708 5759 Corb.,
2738 5704 2997 5759 propensa
3027 5689 3108 5741 sui
3136 5687 3364 5742 arbitrii.
3708 5709 3740 5759 ί,

2307 5709 2328 5724 "
2362 5709 2491 5740 11155.
2521 5709 2708 5753 υυΐυο,
2738 5709 2997 5759 propensa
3027 5709 3106 5741 ειη
3136 5709 3364 5742 ηνυηΐιι.
3735 5749 3740 5752 _

2299 5753 2327 5793 ἀ
2363 5757 2520 5810 Rom.
2555 5757 2686 5813 edit.
2721 5774 2842 5812 cum
2883 5776 2989 5814 uno
3017 5759 3102 5815 vel
3141 5760 3316 5814 altera
3347 5773 3504 5826 mss.,
3537 5709 3874 5826 sicutx‘lggu

2225 5897 2411 5956 Esaias
2435 5899 2661 5955 damnat.
