4082 6306
161 367 256 427 185
890 363 1388 422 COMMENTABIA
1426 365 1490 421 IN
1533 365 1745 422 EPIST.
1786 367 1877 422 AD
1907 366 2320 423 CORINTHIUS
2359 366 2649 425 PRIMAM.

3347 375 3454 434 186

160 483 328 538 Patris
352 499 367 547 ;
401 491 462 537 ut
488 490 543 539 et
570 483 734 549 duos,
769 492 794 519 ιι
816 483 906 555 qui
929 497 1093 536 unum
1112 491 1236 537 sunt
1258 497 1351 553 per
1381 481 1741 551 divinitatem,
1771 489 1823 548 Α
1851 484 2192 556 incipiamus,
2220 486 2460 538 mansuri
2491 484 2542 540 in
2568 484 2758 541 eadem
2784 484 3068 558 dignitate,
3094 488 3236 546 sicut
3269 503 3457 548 manet

155 575 503 643 ostenderet,
536 586 592 632 et
622 576 796 631 Patris
823 577 1201 632 auctoritatem
1236 575 1541 646 praeferret.

223 668 418 740 (Vers.
451 669 534 740 4.)
564 667 773 724 Gratias
802 685 897 740 ago
937 667 1051 723 Deo
1081 685 1190 723 meo
1232 685 1431 739 semper
1461 685 1556 740 pro
1592 671 1752 725 vobis.

155 766 493 836 Quamquam
531 763 784 820 omnibus
813 765 865 818 in
900 763 1143 819 Ecclesia
1174 764 1417 830 scribat,
1451 763 1546 820 sed
1583 765 1654 819 ita
1687 763 1758 819 si-

157 855 377 928 gniﬁcat
401 898 418 925 ,
442 871 566 912 cum
596 856 891 927 aliquando
920 857 1145 927 corripit
1170 898 1184 922 ,
1218 856 1510 925 aliquando
1542 857 1755 923 laudat,

160 959 213 1004 ut
241 949 616 1020 unusquisque
643 964 764 1003 cum
808 947 1034 1018 epistola
1061 948 1291 1019 legitur,
1319 948 1585 1019 intelligat
1629 949 1755 1020 quid

158 1058 254 1115 pro
282 1058 345 1098 se
371 1085 384 1109 ,
405 1043 535 1114 quid
559 1044 846 1098 adversum
868 1058 929 1099 se
949 1043 1178 1099 dicatur.
1210 1042 1267 1098 In
1291 1058 1399 1098 una
1424 1045 1569 1099 enim
1599 1043 1758 1114 plebe

158 1140 369 1196 duobus
394 1139 615 1210 populis
641 1138 832 1194 scribit
856 1181 870 1204 ,
896 1149 954 1193 ut
980 1153 1101 1193 cum
1125 1139 1331 1210 arguit,
1356 1138 1444 1208 qui
1471 1140 1612 1195 male
1637 1154 1759 1194 vcr-

158 1243 382 1302 sautur,
415 1234 588 1289 sciant
639 1233 742 1288 sibi
775 1234 889 1289 hsce
929 1235 1131 1304 scripta
1166 1251 1178 1287 :
1235 1235 1486 1289 similiter
1529 1243 1586 1289 et
1631 1249 1754 1290 cum

160 1328 363 1395 laudat,
400 1327 540 1384 sciat
569 1328 660 1398 qui
682 1326 709 1365 δ
739 1328 790 1382 ἱιι
822 1327 1008 1398 regula
1043 1336 1262 1395 manet,
1295 1328 1361 1383 ad
1389 1344 1449 1383 se
1482 1329 1598 1384 haac
1626 1328 1752 1385 dici.

159 1421 396 1491 Ideoque
427 1422 600 1492 inquit
626 1438 639 1474 :

223 1515 438 1571 Gratias
467 1533 567 1587 ago
604 1515 714 1570 Deo
741 1532 851 1570 meo
879 1533 1080 1584 semper
1104 1533 1196 1589 pro
1232 1517 1372 1572 vobis
1408 1534 1562 1589 super
1588 1519 1757 1590 gratia

155 1609 252 1665 Dei
275 1653 290 1677 ,
316 1626 431 1681 quis
460 1611 582 1664 data
619 1622 693 1664 est
718 1610 858 1664 vobis
898 1611 950 1663 in
992 1607 1197 1666 Christo
1219 1609 1365 1666 Iesu.
1401 1611 1588 1666 Datam
1626 1611 1758 1666 dicit

154 1704 382 1773 gratiam
413 1720 440 1756 a
479 1703 591 1759 Deo
620 1704 674 1758 in
704 1703 924 1759 Christo
964 1703 1092 1760 Jesu
1118 1746 1132 1771 ,
1174 1720 1293 1775 quae
1321 1706 1493 1776 gratia
1522 1705 1601 1758 sie
1633 1704 1756 1758 data

153 1807 238 1852 est
260 1797 316 1852 in
343 1797 564 1852 Christo
591 1797 748 1863 Jesu;
775 1798 900 1868 quia
931 1797 1034 1853 hoc
1061 1799 1412 1853 constitutum
1446 1807 1529 1854 est
1557 1814 1585 1852 a
1620 1798 1754 1865 Deo,

1858 577 2142 646 Christus,
2172 595 2334 651 quem
2363 580 2638 636 credimus
2659 580 2854 638 Filium
2884 583 3000 639 Dei.
3034 583 3283 642 Societas
3307 589 3457 645 enim

1860 670 2170 728 fraternitas
2194 684 2295 740 est,
2323 684 2376 728 ut
2405 673 2680 746 quomodo
2713 674 2873 731 ﬁdem
2913 676 3006 732 Dei
3034 678 3363 738 incolumem
3394 683 3448 739 iu

1858 766 1962 824 hac
1987 784 2147 824 causa
2182 769 2336 824 nobis
2369 769 2600 826 futuram
2633 772 2909 828 ostendit:
2941 775 3012 829 ita
3041 792 3141 831 nos
3169 793 3278 834 non
3311 780 3460 836 difﬁ-

1855 860 2049 916 dentes
2079 870 2133 917 et
2159 863 2353 934 perﬁdi
2385 863 2764 935 inveniamur,
2803 865 2900 920 sed
2933 881 3349 937 perseverantes
3401 873 3453 928 in

1857 953 2177 1023 adopﬁone.

1934 1047 2114 1119 (Vers.
2159 1046 2276 1119 10.)
2320 1047 2543 1103 Obsecro
2573 1059 2876 1118 antemnas,
2921 1054 3131 1125 fratres,
3161 1074 3250 1126 per
3273 1074 3455 1114 nomen

1858 1140 2072 1198 Domini
2101 1144 2262 1199 nostri
2287 1143 2415 1199 Iesu
2443 1144 2668 1212 Christi,
2695 1157 2750 1200 ut
2781 1148 2837 1201 id
2859 1149 3030 1220 ipsum
3053 1149 3236 1206 dicatis
3259 1169 3457 1208 omnes.

1858 1235 2060 1292 Omnes
2088 1253 2232 1292 nunc
2261 1249 2402 1305 orat,
2434 1247 2493 1293 ut
2523 1255 2684 1294 unum
2731 1243 2989 1308 sentiant,
3025 1243 3127 1298 hoc
3169 1244 3354 1314 utique
3405 1247 3455 1301 in

1858 1344 1964 1399 quo
1990 1330 2168 1383 renati
2196 1329 2292 1384 Dei
2324 1330 2420 1384 ﬁlii
2447 1331 2705 1402 appellati
2733 1343 2880 1388 sunt.
2916 1333 2996 1389 Ad
3029 1350 3246 1390 omnem
3272 1337 3458 1392 Eccle-

1859 1421 1994 1476 siam
2028 1421 2190 1476 modo
2220 1423 2491 1493 loquitur;
2524 1433 2579 1478 ut
2610 1425 2642 1479 ii
2689 1425 2780 1494 qui
2823 1425 3114 1482 dissentire
3155 1438 3458 1499 cceperant,

1860 1523 2266 1570 reverterentur
2291 1515 2358 1570 ad
2392 1524 2625 1586 emptam
2677 1517 2860 1586 ﬁdem,
2897 1536 3058 1590 quam
3105 1521 3365 1578 videbant
3405 1524 3455 1578 in

1859 1605 1944 1661 his
1974 1607 2210 1676 laudari,
2239 1609 2328 1679 qui
2359 1609 2413 1663 in
2447 1611 2535 1665 illa
2572 1613 3019 1681 perseverabant.

1933 1703 2002 1758 Et
2015 1722 2115 1758 non
2138 1705 2240 1758 sint
2262 1705 2316 1758 in
2343 1706 2482 1759 vobis
2512 1707 2809 1774 schismata,
2842 1709 2955 1762 sitis
2982 1719 3158 1765 autem
3175 1711 3384 1782 perfecti
3402 1710 3456 1765 in

1859 1794 2033 1848 eodem
2050 1812 2200 1849 sensu
2224 1806 2269 1849 et
2287 1797 2339 1850 in
2371 1798 2551 1851 eadem
2567 1799 2798 1854 scientia.
2814 1799 3092 1857 Pcrfeetos
3107 1802 3216 1857 vult
3230 1818 3323 1858 eos
3337 1817 3459 1859 esse

151 1901 211 1947 ut
239 1893 337 1964 qui
381 1893 552 1950 credit
599 1893 652 1948 in
703 1893 982 1948 Christum
1010 1935 1023 1957 ,
1065 1893 1244 1948 salvus
1275 1895 1346 1947 sit
1395 1894 1513 1948 sine
1550 1908 1748 1963 Opere;
1785 1881 1832 1940 B
1861 1889 1912 1943 in
1943 1889 2135 1945 eodem
2169 1905 2533 1961 sensu,quem
2565 1892 2671 1949 illis
2695 1895 3015 1964 tradiderat,
3039 1905 3220 1953 utnon
3250 1897 3456 1954 discre-

150 1986 262 2040 sola
300 1985 405 2041 ﬁde
433 1987 600 2056 gratis
624 1986 819 2056 accipit
849 1986 1226 2041 remissionem
1259 1994 1627 2055 peccatorum.

221 2077 410 2148 (νει-ε.
439 2078 518 2150 5.)
551 2077 688 2144 Quia
722 2079 775 2131 in
813 2080 1048 2132 omnibus
1085 2078 1236 2132 dilati
1264 2079 1386 2132 estis
1420 2079 1474 2132 in
1504 2080 1616 2150 ipso
1642 2121 1655 2146 ,
1699 2079 1752 2131 in

144 2172 291 2225 omni
321 2172 469 2226 verbo
489 2213 504 2236 ,
539 2181 586 2225 et
618 2172 672 2225 in
703 2173 842 2225 omni
877 2172 1110 2226 scientia.
1150 2173 1263 2226 lloe
1293 2170 1592 2242 signiﬁcat,
1626 2172 1751 2242 quia

147 2263 202 2318 in
247 2272 470 2334 accepta
511 2265 681 2335 gratia
710 2306 723 2328 ,
776 2274 830 2319 et
878 2265 930 2318 in
977 2265 1143 2320 verbo
1188 2264 1436 2320 veritatis
1489 2265 1752 2319 doctrina:

142 2358 438 2414 scientiam
487 2358 785 2428 spiritalem
827 2359 1061 2414 assecuti
1113 2370 1559 2428 permanserunt;
1603 2357 1752 2412 ideo-

140 2465 254 2520 que
284 2451 486 2520 gratias
511 2451 618 2521 agit
642 2452 693 2506 in
720 2452 803 2506 his
835 2452 967 2507 Deo.

219 2543 382 2616 113
425 2543 606 2616 (Vers.
650 2544 730 2618 6.)
769 2545 916 2600 Sicut
943 2547 1290 2602 testimonium
1321 2545 1518 2600 Christi
1549 2546 1746 2614 conﬁr-

140 2650 345 2692 malum
382 2649 454 2693 est
495 2640 734 2694 iuvabis.
780 2639 1176 2694 Testimonium
1217 2639 1420 2694 Christi
1460 2639 1754 2695 conﬁrma-

137 2742 254 2788 tum
281 2741 372 2787 est
397 2733 450 2787 in
486 2733 568 2787 his
591 2749 604 2797 ;
631 2733 753 2802 quia
782 2732 1022 2787 roborati
1044 2731 1098 2786 in
1123 2730 1248 2797 lide,
1275 2731 1410 2786 nihil
1431 2732 1498 2786 de
1529 2733 1752 2787 homini-

135 2829 241 2883 bus
287 2827 625 2898 sperabant:
671 2825 765 2881 sed
798 2827 974 2880 omnis
1023 2841 1147 2896 spes
1188 2825 1403 2880 illorum
1448 2826 1500 2880 in
1531 2824 1752 2882 Christo

132 2931 253 2976 erat
276 2963 293 2987 ,
333 2920 495 2976 nullis
528 2919 812 2990 voluptatis
839 2918 1113 2974 illecebris
1145 2919 1312 2990 capti.

207 3015 404 3089 (Vers.
433 3013 511 3086 7.)
555 3012 637 3068 Ita
661 3023 714 3067 ut
753 3013 890 3067 vobis
922 3013 975 3066 in
1014 3012 1157 3066 nullo
1187 3013 1318 3067 desit
1353 3011 1529 3082 aliqua
1557 3012 1749 3081 gratia,

127 3108 560 3179 exspectantibus
582 3107 944 3161 reuelationem
967 3104 1181 3159 Domini
1199 3106 1360 3160 nostri
1382 3105 1414 3158 J
1422 3123 1508 3160 esu
1533 3105 1746 3159 Christi.

127 3203 496 3259 Manifestum
527 3211 609 3257 est
658 3202 800 3257 hunc
847 3207 1167 3271 exspectare
1214 3199 1358 3254 diem
1401 3197 1611 3269 judicii,
1659 3197 1749 3267 qui

1858 1994 2070 2053 parent.
2100 1985 2180 2039 Ad
2204 1987 2419 2042 illorum
2454 1990 2598 2044 enim
2627 1992 2957 2061 exemplum,
2987 2008 3125 2064 quos
3143 2009 3309 2064 supra
3343 1995 3458 2048 lau—

1853 2076 1966 2144 dat,
2001 2077 2101 2132 hos
2127 2090 2434 2150 provocat;
2480 2090 2536 2135 ut
2565 2081 2669 2138 hoc
2697 2085 2940 2140 sentiant
2974 2100 3036 2140 ac
3079 2084 3392 2142 defendant.

1931 2170 2111 2242 (Vers.
2157 2171 2269 2245 ll.)
2309 2171 2575 2228 Perlatum
2615 2184 2688 2229 est
2714 2177 2851 2231 enim
2876 2178 3005 2231 mihi
3041 2177 3104 2232 de
3142 2178 3304 2246 vobis,
3350 2182 3459 2250 fra-

1857 2274 1980 2331 tres,
2000 2265 2061 2317 ob
2093 2266 2154 2319 iis
2183 2267 2268 2335 qni
2290 2276 2410 2319 sunt
2441 2265 2645 2332 Chloes,
2673 2270 2810 2338 qnod
2837 2271 3188 2325 contentiones
3208 2272 3341 2325 inter
3371 2289 3458 2327 vos

1855 2357 1974 2411 sint.
2000 2358 2256 2423 Quamvis
2289 2360 2470 2414 eversi
2503 2361 2737 2428 fuerant,
2775 2370 2952 2430 tamen
2985 2362 3182 2417 fratres
3211 2363 3330 2418 illos
3361 2378 3458 2434 ap—

1857 2451 2055 2522 pellat;
2088 2453 2228 2507 sicut
2253 2462 2308 2508 et
2328 2452 2378 2508 in
2415 2453 2571 2509 Esaia
2604 2456 2869 2526 propheta
2896 2455 3025 2511 dicit
3054 2456 3194 2512 Deus
3213 2456 3278 2512 ad
3309 2457 3454 2523 illos,

1855 2545 1944 2612 qui
1978 2559 2161 2599 secum
2203 2555 2395 2610 erant,
2433 2556 2490 2600 ιιι
2517 2546 2596 2602 eis
2623 2549 2712 2616 qui
2745 2547 3238 2620 pseudoprophetis
3268 2547 3458 2605 crede-

1857 2636 2006 2702 bant,
2030 2637 2272 2692 dicerent
2299 2655 2313 2691 :
2347 2635 2364 2675 τ
2399 2636 2615 2692 Fratres
2643 2640 2809 2693 nostri
2836 2642 2976 2695 eritis
2999 2655 3085 2694 vos
3109 2639 3277 2710 (Esai.
3313 2655 3458 2706 val,

1855 2729 1941 2802 5);
1972 2739 2027 2786 ut
2067 2746 2164 2802 per
2194 2731 2246 2785 id
2282 2747 2386 2785 non
2428 2731 2792 2787 dissentirent
2812 2734 2880 2787 ab
2913 2734 3016 2798 his,
3045 2734 3201 2803 quasi
3232 2733 3454 2788 fratres.

1855 2821 2008 2890 Quod
2035 2834 2214 2879 autem
2243 2823 2412 2879 dicit:
2454 2825 2530 2878 Ab
2557 2826 2620 2879 iis
2650 2826 2737 2896 qni
2776 2836 2894 2880 sunt
2927 2823 3149 2890 Chloes;
3189 2825 3458 2896 aliquibus

1854 2919 2106 2974 videntur
2137 2919 2388 2975 homines
2421 2935 2542 2976 esse
2575 2931 2859 2976 manentes
2891 2929 2945 2975 et
2978 2920 3370 2976 fruetilicantes
3401 2922 3454 2974 in

1855 3013 1963 3069 ﬁde
2005 3015 2101 3070 Dei
2135 3034 2148 3070 :
2191 3015 2459 3085 aliquibus
2502 3015 2756 3070 videntur
2783 3016 2934 3070 locus
2976 3030 3121 3080 esse,
3172 3022 3230 3070 nt
3259 3026 3384 3085 puta
3414 3013 3459 3069 si

1855 3105 2104 3162 dicatur:
2155 3109 2236 3163 Ab
2278 3108 2342 3163 iis
2381 3110 2471 3180 qui
2511 3118 2636 3164 sunt
2676 3107 3026 3164 Antiochia}:
3061 3107 3336 3178 aliquibus
3361 3123 3456 3162 au-

1858 3209 1963 3256 tem
1988 3202 2204 3258 videtur
2234 3202 2487 3257 feminam
2531 3202 2697 3258 fuisse
2740 3205 2848 3257 Deo
2876 3203 3127 3258 devotam
3147 3242 3162 3268 ,
3195 3217 3317 3256 cum
3349 3215 3458 3270 qua

125 3299 578 3368 circumspectus
609 3293 875 3350 sollicitus
902 3303 1006 3348 est.
1042 3291 1307 3346 Futurum
1344 3291 1608 3360 judicium
1652 3288 1746 3342 Dei
1775 3272 1820 3334 (ἶ
1855 3294 2009 3349 multi
2036 3303 2220 3350 essent
2247 3295 2490 3350 colentes
2521 3295 2715 3362 Deum,
2746 3295 2942 3366 quibus
2972 3294 3104 3350 ﬁdes
3141 3309 3250 3349 non
3296 3309 3460 3365 nega-

125 3392 291 3458 dicit,
334 3392 390 3446 in
424 3405 534 3461 quo
565 3389 827 3443 Dominus
858 3398 1043 3441 noster
1076 3385 1428 3450 revelabitur,
1479 3395 1499 3421 ε
1550 3393 1658 3437 tam
1691 3384 1751 3436 li-

122 3488 230 3550 dis,
263 3500 440 3556 quam
471 3481 682 3547 inlidis‘,‘
717 3490 775 3536 ut
800 3489 1129 3550 eognoseant
1170 3476 1432 3532 increduli
1481 3490 1543 3530 ac
1574 3477 1752 3530 sciant

121 3595 332 3635 verum
363 3592 507 3642 esse,
533 3574 679 3646 quod
704 3574 929 3630 credere
959 3573 1271 3636 noluerunt,
1301 3578 1356 3625 et
1379 3579 1604 3639 pereant
1638 3585 1651 3622 :
1685 3567 1750 3622 ﬁ-

122 3672 177 3728 di
214 3686 358 3728 vero
383 3669 660 3742 gaudeant
690 3668 807 3739 plus
836 3666 964 3722 boni
1003 3665 1372 3728 invenientes,
1403 3677 1563 3731 quam
1596 3671 1753 3732 puta-

121 3774 358 3822 verant.

200 3859 402 3932 (Vers.
437 3855 519 3928 8.)
564 3855 667 3921 Qui
698 3864 744 3909 et
771 3851 1094 3924 conﬁrmabit
1152 3866 1240 3905 vos
1277 3865 1436 3919 usque
1481 3849 1550 3900 ad
1597 3847 1753 3916 ﬁnem

119 3955 244 4010 sine
287 3951 517 4008 crimine
549 3951 602 4005 in
648 3949 869 4004 adventu
919 3945 1128 4001 Domini
1173 3945 1335 3999 nostri
1365 3943 1493 3998 Jesu
1533 3941 1748 3997 Christi.

118 4050 324 4106 Alacri
359 4047 542 4102 animo
585 4045 824 4101 conﬁsus
853 4043 920 4099 de
966 4057 1060 4112 spe
1101 4041 1317 4096 illorum
1367 4054 1593 4094 securus
1626 4047 1744 4104 est;

116 4145 254 4213 quia
292 4139 547 4198 inviolati
579 4153 749 4209 usque
774 4135 842 4191 ad
871 4134 1106 4190 futurum
1145 4133 1408 4202 judicium
1440 4140 1618 4187 erunt.
1649 4130 1752 4199 Qui

119 4236 284 4290 enim
339 4235 488 4288 inter
517 4240 597 4287 tot
633 4229 950 4286 discrimina
982 4241 1272 4292 sensuum,
1303 4235 1357 4281 et
1391 4225 1755 4296 perturbatio-

116 4343 227 4383 nes
258 4326 653 4382 diversitatum
683 4322 956 4377 immutari
1003 4321 1223 4374 minime
1255 4326 1578 4388 potuerunt;
1629 4333 1755 4387 pro-

115 4421 215 4476 cul
241 4420 427 4476 dubio
460 4418 513 4473 in
540 4418 730 4474 eodem
762 4429 1046 4469 mansuros
1079 4428 1137 4468 se
1163 4412 1473 4468 ostendunt.
1501 4409 1635 4465 Cum
1655 4409 1754 4466 hos

113 4513 372 4580 laudat,
405 4512 528 4568 illos
560 4512 652 4583 qui
685 4511 738 4565 in
766 4524 953 4564 errore
993 4506 1566 4577 pseudoapostolorum
1598 4501 1624 4540 ἀ
1657 4504 1753 4558 dc-

111 4611 360 4684 pravali
410 4609 643 4673 fuerant,
690 4605 922 4660 invitat:
974 4602 1100 4657 dum
1153 4601 1294 4655 enim
1342 4599 1533 4654 borum
1590 4596 1751 4652 ﬁdem

108 4701 445 4776 pra-dicat,
480 4700 602 4754 illos
628 4698 693 4754 ad
725 4695 1098 4768 paenitentiam
1130 4702 1308 4746 vocat.

189 4797 405 4870 (Vers.
425 4794 506 4865 9.)
537 4792 733 4849 Fidelis
761 4800 832 4846 est
852 4789 1008 4850 Deus,
1039 4802 1128 4857 per
1153 4801 1302 4851 quem
1320 4785 1485 4838 vocati
1507 4785 1631 4838 estis
1659 4785 1750 4838 εἰη

104 4894 449 4947 societatem
463 4886 560 4956 ﬁlii
583 4886 696 4955 ejus
711 4883 742 4938 Ι
751 4900 843 4938 esu
863 4880 1057 4937 Christi
1072 4878 1282 4934 Domini
1297 4879 1478 4932 nostri.
1495 4877 1627 4946 Quis
1640 4894 1753 4933 am-

104 4988 280 5058 bigat
304 4984 391 5038 de
426 4980 712 5053 promissis
743 4988 798 5034 et
831 4975 937 5031 ﬁde
967 4976 1094 5040 Dei,
1139 4973 1260 5044 quia
1306 4987 1412 5026 non
1450 4973 1554 5027 erit
1595 4973 1755 5028 aliter

101 5097 295 5155 quam
313 5079 486 5139 dixit,
503 5076 646 5131 ﬁlios
661 5087 760 5127 nos
773 5070 1061 5140 adoptatos
1074 5067 1174 5123 sibi
1193 5064 1545 5122 credentcsin
1561 5065 1753 5120 Chris-

107 5189 235 5230 tum
254 5175 284 5229 ?
327 5171 453 5227 Hoc
478 5171 622 5226 enim
651 5166 809 5221 nobis
835 5164 1033 5224 donat.
1065 5163 1207 5233 quod
1231 5160 1505 5217 credimus
1523 5177 1537 5226 ;
1555 5161 1754 5233 utquia

103 5268 428 5326 credimus
481 5261 762 5320 Christum
816 5258 1017 5314 Filium
1049 5272 1173 5313 esse
1214 5256 1330 5324 Dei,
1375 5255 1478 5310 hoc
1501 5270 1602 5311 nos
1634 5271 1759 5311 esse

187 5435 219 5463 ιι
251 5421 532 5490 Quinque
559 5431 726 5490 mss,
750 5415 838 5488 qui
867 5413 933 5490 in
952 5429 1116 5490 unum
1140 5421 1282 5466 sunt.

183 5496 218 5535 ι’
249 5485 463 5550 Codei
488 5488 680 5557 Corb.,
711 5485 772 5542 in’
786 5486 966 5556 regula
996 5485 1116 5557 ﬁdei
1145 5492 1335 5557 induet.

191 5580 216 5607 ε
266 5563 462 5621 Corh.
495 5554 787 5624 cod.,vnon
811 5554 952 5627 fidis,
984 5557 1073 5609 sed
1096 5554 1298 5627 inﬁdis.

186 5638 216 5677 ἀ
268 5639 395 5693 Ms.
441 5633 610 5687 Corb.
637 5673 652 5695 ,
693 5624 979 5699 deprwdati
1012 5624 1236 5695 fuerant.
1282 5624 1540 5695 Sequenti
1573 5634 1754 5682 autem

107 5727 298 5770 versu
335 5706 475 5762 cod.
503 5703 678 5759 Laud.
701 5744 714 5767 ,
745 5703 811 5757 ad
842 5700 1143 5770 patientiam
1173 5707 1340 5770 vocat.

113 5827 118 5836 λ
161 5769 220 5821 7⁸
270 5782 457 5836 Rom.
491 5775 749 5839 edit.,in
796 5769 1201 5827 communionem
1228 5769 1331 5840 ﬁlii
1351 5769 1484 5840 ejus.
1541 5770 1603 5823 Et
1655 5771 1754 5824 ite-

71 5857 126 5924 ,τε-εξ
142 5873 246 5914 una
262 5894 280 5920 ,
316 5851 638 5924 communio
653 5845 794 5924 enim
807 5841 1142 5924 fraternitatis
1156 5849 1265 5924 est.
1276 5921 1280 5924 ‘
1292 5839 1423 5924 Utro
1432 5839 1596 5924 hique
1617 5853 1746 5924 mss.

71 5893 1462 5998 “1“,12'Zési'éiiii'iiii.‘.'i;.ti;"..iadubitaras.ac
1493 5893 1625 5965 om;
1657 5893 1750 5962 is;

1855 3401 2038 3456 retur;
2072 3402 2129 3443 ut
2160 3389 2304 3461 quod
2339 3389 2622 3445 deferrent
2651 3389 2717 3444 de
2745 3389 3070 3455 Corinthiis,
3101 3398 3126 3435 ις
3157 3404 3343 3443 verum
3375 3403 3462 3442 es-

1855 3492 1968 3548 set,
1999 3483 2140 3553 quod
2169 3483 2551 3538 contentiones
2581 3491 2768 3538 essent
2804 3483 2946 3536 inter
2983 3496 3100 3536 eos.
3144 3480 3463 3536 Contentio-

1857 3591 1954 3631 nes
1995 3577 2134 3632 inter
2165 3592 2259 3632 eos
2298 3591 2421 3632 esse
2451 3576 2606 3640 dixit,
2641 3583 2695 3628 ut
2723 3574 3040 3629 ostenderet
3086 3573 3458 3630 diversitatem

1858 3669 2057 3725 mentis
2089 3670 2302 3724 illorum
2332 3670 2398 3724 de
2429 3669 2718 3738 disciplina
2762 3667 3062 3723 Dominica.
3108 3668 3172 3722 Et
3203 3681 3324 3738 quae
3364 3682 3455 3722 es-

1854 3771 1957 3827 set,
1986 3761 2234 3832 subjecit,
2259 3761 2447 3816 dicens
2473 3779 2485 3814 :

1930 3851 2110 3924 (Vers.
2157 3850 2269 3924 12.)
2315 3851 2427 3905 Hoc
2455 3861 2622 3905 autem
2655 3849 2767 3904 dico
2787 3890 2802 3917 ,
2836 3851 2972 3918 quod
3002 3849 3353 3920 unusquisque
3379 3863 3461 3902 ve-

1855 3954 2018 4000 strum
2047 3945 2171 3998 dicit
2203 3961 2222 3999 :
2254 3944 2365 4017 Ego
2394 3945 2599 4016 quidem
2621 3961 2735 3998 sum
2758 3943 2914 3998 Pauli
2938 3987 2953 4010 ,
2982 3961 3075 4015 ego
3101 3956 3274 3998 autem
3301 3943 3460 4014 Apol-

1857 4038 1926 4106 lo,
1955 4054 2046 4109 cgo
2071 4054 2186 4092 vero
2213 4036 2417 4107 Cephaz,
2445 4054 2540 4110 ego
2555 4050 2727 4091 autem
2747 4036 2956 4092 Christi.
2994 4037 3250 4092 Errorent
3276 4047 3462 4092 osteno

1856 4131 1956 4198 dit,
1980 4131 2074 4185 sed
2102 4141 2382 4185 auctorum
2412 4133 2630 4186 nomina
2658 4148 2765 4186 non
2799 4129 3070 4200 prodidit;
3105 4147 3204 4185 nec
3225 4131 3370 4186 enim
3406 4131 3458 4184 in

1855 4224 1977 4279 loco
2008 4224 2244 4291 stabant,
2273 4224 2366 4279 sed
2395 4224 2760 4280 circumibant
2787 4225 2852 4278 ad
2882 4225 3223 4280 eversionem
3253 4223 3458 4292 simpli-

1855 4321 2018 4376 cium.
2052 4319 2185 4375 Nam
2211 4319 2310 4375 hos
2331 4336 2467 4390 quos
2491 4321 2757 4387 nominat,
2787 4320 2906 4374 sine
2936 4319 3101 4374 dubio
3144 4318 3271 4373 boni
3297 4327 3454 4372 erant

1856 4414 2142 4480 doctores;
2167 4414 2263 4470 sed
2290 4415 2391 4469 sub
2421 4429 2612 4469 eorum
2643 4414 2824 4483 specie
2853 4413 3016 4467 falsos
3039 4411 3317 4481 apostolos
3345 4419 3465 4464 tan-

1857 4509 1952 4579 git.
1997 4507 2054 4562 Si
2081 4506 2226 4562 enim
2261 4507 2314 4561 in
2343 4506 2426 4560 his
2451 4507 2796 4577 gloriandum
2829 4515 3022 4576 negat,
3055 4513 3261 4573 quanto
3292 4503 3463 4572 magis

1859 4603 1912 4657 in
1950 4603 2108 4657 malis
2148 4601 2484 4668 doctoribus,
2519 4616 2749 4671 quorum
2794 4600 3098 4654 doctrinam
3142 4611 3359 4668 pravam
3409 4595 3462 4650 in

1780 4664 2122 4766 Dsubjectis
2171 4695 2470 4767 signiﬁcat!
2521 4695 2667 4749 lnter
2716 4709 2811 4747 eos
2859 4702 3040 4746 tamen
3073 4691 3172 4746 hos
3206 4704 3465 4760 perseve-

1864 4796 2046 4843 rantes
2076 4788 2354 4858 designat,
2406 4786 2497 4856 qui
2529 4786 2787 4842 dicebant
2813 4800 2873 4841 se
2913 4783 3119 4842 Chrisni
3163 4798 3320 4852 esse,
3355 4798 3464 4839 non

1861 4880 2117 4948 hominis,
2150 4895 2288 4951 quos
2319 4880 2572 4949 superius
2602 4879 2807 4934 laudat.

1931 4974 2113 5047 (Vcrs.
2182 4972 2299 5045 15.)
2361 4972 2570 5027 Divistts
2614 4982 2686 5026 est
2734 4971 2990 5026 Christus.
3041 4969 3282 5025 Divisum
3332 4967 3467 5022 dicit

1861 5068 2164 5132 Christum;
2213 5068 2338 5138 quia
2383 5067 2615 5138 gloriam
2669 5065 2788 5137 ejus
2834 5065 3081 5122 homines
3130 5062 3234 5116 sibi
3284 5059 3467 5130 partiti

1861 5171 2008 5218 sunt.
2057 5161 2210 5218 Sicut
2239 5161 2516 5228 haeretici,
2569 5161 2657 5231 qui
2691 5175 2751 5215 se
2803 5169 2895 5214 aut
2941 5153 3324 5216 PImtinianos,
3375 5161 3469 5206 aut

1861 5258 2114 5323 Arianos,
2146 5264 2240 5310 aut
2277 5253 2672 5328 Cataphrygas,
2716 5261 2809 5308 ant
2853 5251 3204 5313 Novatianos,
3238 5254 3333 5301 aut
3361 5245 3468 5300 Do-

1870 5411 2004 5484 bent
2022 5412 2182 5467 etiam
2202 5453 2216 5478 ,
2249 5412 2614 5484 fraternitatis.

1943 5481 1962 5519 ί
2003 5485 2208 5539 Omnes
2237 5478 2367 5540 edit.
2402 5500 2465 5540 ac
2499 5499 2629 5538 mss.
2665 5480 2944 5545 nonnulli,
2971 5478 3158 5548 fratres
3202 5479 3362 5531 nostri
3389 5496 3468 5534 es-

1865 5554 1930 5608 tis
1951 5569 2058 5609 ros.
2089 5554 2157 5609 Et
2181 5554 2348 5621 infra,
2378 5557 2430 5610 in
2458 5556 2560 5626 ﬁde
2583 5551 2794 5607 Christi.
2843 5552 2970 5606 Mss.
3018 5564 3150 5604 vero
3193 5549 3376 5621 plures
3403 5568 3465 5606 ac

1865 5629 2106 5696 potiores
2138 5627 2418 5682 uobiscum
2454 5627 2675 5696 faciunt.

1937 5707 1963 5745 ε
2007 5697 2079 5750 lta
2125 5713 2256 5751 mss.
2294 5700 2448 5766 longe
2505 5693 2744 5766 plurimi,
2797 5707 2860 5747 ac
2907 5691 3320 5766 probatissimi:
3373 5695 3464 5749 alii

1937 5715 1962 5745 Β
2008 5715 2079 5750 ΙΗΙ
2125 5715 2256 5751 11185.
2295 5715 2378 5752 1011
2419 5715 2448 5751 (Ξ
2505 5715 2744 5766 ρίυΙΊΙΙιΙ,
2797 5715 2860 5747 HC
2907 5715 3320 5763 ιπυυιιιιδδιιιιιι
3373 5715 3462 5749 illll

1861 5784 2014 5834 vero,
2043 5779 2097 5824 et
2127 5784 2316 5841 omnes
2346 5715 2477 5841 edit.
2499 5808 2512 5829 ,
2538 5778 2730 5841 rerum.
2749 5775 2913 5830 esset;
2949 5764 3117 5821 Corb.
3139 5807 3154 5832 ,
3189 5783 3288 5822 non
3316 5777 3462 5841 esset.

1861 5841 2016 5906 Quod
2042 5839 2381 5902 contentione,
2415 5839 2549 5890 inter
2576 5849 2662 5885 ros
2689 5837 2808 5884 sint.
3349 5837 3356 5845 ·
