4082 6306
152 351 252 409 489

145 558 334 623 Judaei,
355 557 483 628 quia
513 557 616 612 hoc
641 570 748 611 non
779 565 886 612 tam
903 561 1090 625 aperte
1117 553 1171 607 in
1199 551 1342 623 Lege
1368 551 1738 624 significatum

147 663 260 722 est,
287 651 543 709 diffidunt
571 668 585 706 :
613 650 844 722 gentiles
875 663 1029 714 vero,
1057 647 1183 718 quia
1227 646 1413 702 tuundi
1455 647 1599 701 ratio
1632 660 1738 702 non

149 749 285 807 istud
313 749 544 820 recipit;
578 747 716 802 nihil
745 746 889 802 enim
924 744 1060 800 dicit
1095 758 1256 813 posse
1283 743 1407 799 ﬁeri
1443 745 1562 799 sine
1590 757 1741 799 com.

146 843 430 907 mixtione,
449 848 510 896 et.
523 839 754 896 stultum
771 837 1034 909 judicent.
1058 834 1410 908 Conquisitor
1431 844 1615 890 tamen
1646 850 1741 890 sac-

144 934 246 996 culi
263 933 349 991 ltic
364 943 468 1000 est,
491 931 587 1004 qui
601 930 1114 988 constellationibns
1131 931 1217 1000 agi
1231 928 1516 994 mundum,
1539 929 1740 985 etduo-

143 1026 314 1084 decim
344 1025 517 1096 signis
542 1035 700 1081 ortus
732 1034 788 1081 et
808 1038 1038 1080 occasus
1070 1021 1186 1078 fieri
1216 1021 1465 1078 decernit
1493 1021 1738 1089 calculis,

145 1118 271 1176 nihil
299 1118 524 1177 omnino
560 1117 679 1174 sine
727 1116 919 1173 horum
953 1125 1104 1172 motu
1148 1124 1344 1186 putans
1387 1129 1549 1186 posse
1594 1114 1735 1170 fieri.

210 1208 400 1264 Nonne
429 1210 646 1264 stultam
674 1209 796 1280 fecit
823 1209 964 1264 Deus
991 1209 1299 1280 sapientiam
1325 1208 1486 1280 hujus
1514 1208 1740 1263 mundi?

141 1302 308 1360 Stulta
332 1310 418 1358 est
450 1301 591 1360 facta
619 1301 888 1372 sapientia
925 1301 1087 1370 hujus
1111 1299 1333 1366 mundi;
1363 1308 1564 1371 putans
1593 1301 1738 1356 enim

142 1409 197 1450 se
217 1408 430 1464 sapere,
463 1394 683 1450 inventa
711 1403 798 1451 est
821 1393 1157 1466 imprudens.
1187 1391 1342 1461 Quod
1359 1394 1505 1449 enim
1535 1395 1739 1465 impos-

140 1489 294 1546 sibile
317 1487 596 1558 judicabat
622 1487 883 1559 possibile
907 1486 1246 1544 declaratum
1294 1495 1414 1554 est,
1448 1487 1614 1543 Deum
1653 1488 1736 1542 in-

140 1582 410 1640 curiosum
440 1581 784 1638 existimans.
819 1579 917 1636 Est
946 1579 1152 1651 aliquid
1191 1579 1292 1642 hac
1331 1581 1740 1638 asseveratione

140 1675 369 1741 stultius,
403 1683 460 1732 ut
498 1674 698 1733 fecisse
739 1674 956 1732 dicatur
987 1673 1271 1742 mundum,
1313 1683 1366 1730 et
1395 1689 1579 1732 curam
1620 1675 1741 1745 ejus

139 1783 238 1824 non
268 1768 472 1838 agere?
501 1766 576 1824 Ut
603 1767 734 1839 quid
763 1766 915 1836 fecit,
958 1767 1005 1826 si
1046 1782 1155 1824 non
1189 1767 1258 1823 ad
1291 1768 1445 1826 illum
1473 1769 1734 1839 pertinet,

909 341 1404 404 ΟΟΜΜΕΝΊἌΜΔ
1444 345 1509 400 IN
1549 344 1750 402 EH8?
1813 345 1902 403 AD
1940 344 2346 403 COMNTRIOB
2387 345 2676 405 ΡΜΜΑΜ.

148 468 218 523 di.
241 464 410 524 Simili
453 464 618 522 modo
645 473 702 520 et
742 472 930 535 gentes
956 461 1098 516 istud
1133 460 1266 516 risui
1306 459 1587 531 deputant.
1619 458 1730 516 Sed
1761 465 1806 524 Α

3351 348 3457 406 190

1909 459 2088 531 (νοτε.
2113 460 2232 531 23.)
2277 458 2388 514 Nos
2421 470 2590 516 autem
2615 462 2960 532 praedicamus
2987 462 3252 518 Christum
3283 467 3455 518 cruri-

1842 556 2026 624 ﬁcum,
2083 554 2286 610 linteis
2339 556 2544 625 quidem
2602 559 2907 611 scandalum
2930 601 2945 625 ,
2997 558 3230 630 gentibus
3282 570 3453 613 autem

1841 649 2138 703 stultitiam.
2161 647 2486 705 Scandslum
2513 657 2597 702 est
2625 648 2848 712 Judteis,
2869 650 2995 705 dum
3019 650 3248 706 audiunt
3271 652 3460 707 Chris-

1844 749 1954 797 tum
1987 741 2181 796 Filium
2203 741 2301 796 Dei
2323 757 2383 796 se
2405 739 2775 812 proﬁtentem,
2802 749 2859 797 et
2873 743 3157 798 sabbatum
3179 758 3453 799 cvacuan-

1843 842 1952 890 tem
1990 851 2002 888 ε
2039 833 2290 889 Gentibus
2328 844 2501 887 autent
2524 835 2776 900 stultitia;
2808 835 2932 904 quia
2960 849 3024 890 ea
3056 835 3281 892 audiunt
3309 851 3453 907 prte—

1837 927 2042 994 dicari,
2078 944 2200 998 qme
2239 927 2368 982 dum
2398 927 2600 983 rationi
2631 926 2918 984 mandante
2949 943 3055 984 non
3110 940 3450 1000 congruunt,

1841 1024 2112 1079 insensata
2135 1022 2405 1090 videntur,
2433 1031 2496 1078 ut
2516 1032 2706 1094 partus
2730 1021 2995 1096 Virginis,
3026 1032 3081 1080 et
3111 1027 3447 1082 resurrectio

1841 1125 2204 1172 mortuorum.

1919 1211 2080 1283 llo
2110 1208 2289 1279 (Vers.
2318 1207 2436 1281 Ως.)
2486 1208 2624 1282 Ipsis
2651 1226 2770 1265 vero
2815 1211 3010 1265 uocatis
3049 1208 3250 1266 Iudaeis
3295 1223 3451 1280 atque

1842 1303 2040 1359 Graecis
2059 1300 2324 1356 Christum
2355 1300 2453 1356 Dei
2481 1303 2736 1366 virtutem,
2767 1311 2816 1356 et
2841 1302 2937 1357 Dei
2965 1302 3453 1372 sapientiam.Sua-

1841 1397 2007 1452 dente
2036 1397 2258 1459 virtute,
2295 1410 2418 1466 qute
2472 1396 2651 1466 potior
2694 1396 2878 1451 verbis
2903 1409 3009 1462 est,
3058 1395 3346 1452 credentes
3400 1397 3452 1454 in

1840 1490 2115 1548 Christum
2174 1493 2529 1564 intelligunt,
2579 1491 2754 1549 Judaei
2806 1493 3036 1563 primum
3087 1493 3180 1564 qui
3237 1495 3448 1566 signum

1839 1588 2198 1658 quaerebant,
2242 1587 2522 1642 Christum
2569 1586 2664 1642 Dei
2707 1602 2828 1642 esse
2855 1586 3148 1653 virtutem;
3180 1596 3237 1643 et
3273 1588 3451 1646 Grtcci

1843 1680 2094 1735 similiter
2121 1679 2307 1736 vident
2343 1679 2620 1736 Christum
2663 1679 2759 1736 Dei
2804 1693 2928 1735 esse
2984 1679 3306 1750 sapientiam
3339 1698 3352 1734 :
3386 1681 3452 1736 il-

1841 1773 1947 1828 lam
1992 1783 2171 1829 autem
2203 1773 2532 1829 mundanam
2560 1814 2575 1840 ,
2615 1789 2778 1846 quam
2809 1777 2960 1845 prius
3000 1775 3269 1846 putabant
3310 1792 3440 1848 pru-

137 1858 269 1930 quod
296 1858 464 1924 fecit?
493 1858 601 1916 Sed
628 1860 757 1931 quia
783 1858 969 1918 vident
994 1859 1259 1930 quosdam
1281 1860 1510 1918 feliciter
1531 1861 1736 1918 mundo
1765 1854 1812 1914 B
1841 1865 2102 1926 dentiam.
2136 1868 2432 1921 maximam
2461 1882 2583 1923 esse
2618 1867 2926 1922 stultitiam.
2964 1867 3148 1923 Virtus
3185 1884 3314 1939 ergo
3350 1868 3452 1925 Dei

139 1953 264 2019 frui,
293 1951 562 2022 quosdam
591 1951 848 2022 deprimi,
876 1963 930 2008 et
957 1951 1101 2010 bene
1129 1963 1354 2024 agentes
1372 1953 1602 2025 despici,
1625 1970 1738 2010 ma-

137 2043 334 2108 levolos
361 2043 587 2114 gloriari
611 2060 625 2108 ;
654 2043 862 2100 ideirco
889 2044 1225 2102 incuriosum
1264 2045 1434 2101 Deum
1470 2060 1594 2102 esse
1619 2062 1738 2103 cre-

133 2138 402 2204 diderunt.
430 2138 534 2208 Qui
561 2136 894 2196 incuriosum
919 2138 1088 2196 Deum
1105 2138 1261 2204 dicit,
1293 2155 1403 2200 non
1432 2151 1592 2212 negat
1623 2157 1738 2198 ma-

136 2230 358 2285 lcvolum
415 2239 512 2286 aut
559 2230 859 2300 iniustum;
902 2240 996 2286 ant
1053 2231 1200 2288 enim
1265 2231 1609 2301 iudicaturus
1655 2244 1739 2291 est

136 2323 408 2387 mundum,
440 2332 499 2379 et
523 2323 760 2393 injustus
800 2331 918 2390 est,
969 2322 1328 2382 dissimulans
1357 2324 1427 2380 de
1455 2325 1612 2381 bonis
1633 2369 1648 2392 ,
1681 2334 1738 2381 et

135 2418 340 2488 patiens
369 2417 487 2482 ﬁeri
515 2417 682 2480 mala.
722 2416 782 2476 Si
813 2417 976 2489 igitur
1016 2416 1451 2474 animadvertant
1487 2421 1737 2490 seposito

131 2508 252 2568 udio
278 2509 476 2576 diuina
508 2510 664 2582 legis,
700 2521 932 2581 possunt
987 2509 1175 2568 videre
1215 2526 1443 2572 causam
1497 2514 1656 2576 istam
1699 2531 1734 2578 ιι

132 2601 282 2656 nobis
315 2603 626 2669 terminari,
659 2603 751 2673 qui
794 2602 890 2662 Dei
931 2602 1202 2672 judicium
1231 2614 1649 2675 exspectamus,
1679 2608 1731 2669 in

131 2707 231 2765 quo
255 2696 301 2758 vi
329 2694 584 2766 depressi
607 2696 1019 2764 exaltabuntur,
1041 2704 1096 2752 et
1121 2695 1348 2756 violenti
1372 2697 1736 2759 bumiliahun-

132 2800 244 2855 tur;
292 2791 419 2862 quia
450 2807 558 2854 stati
590 2801 665 2847 est
715 2807 1054 2862 personarum
1103 2795 1332 2866 acceptio
1377 2795 1520 2867 apud
1566 2793 1734 2854 Deum

131 2883 301 2948 (Rom.
329 2898 396 2951 tt,
425 2883 538 2955 ll).

193 2976 367 3048 (Vcrs.
409 2977 539 3047 21.)
582 2978 722 3039 Nam
745 2980 996 3048 quoniam
1025 2981 1080 3035 iu
1103 2981 1360 3053 sapientia
1387 2980 1483 3038 Dei
1526 2998 1626 3037 non
1649 2999 1734 3037 eo-

128 3072 290 3141 guasit
318 3073 549 3133 mundus
586 3089 677 3143 per
702 3072 1016 3143 sapientiam
1045 3071 1236 3138 Deum,
1281 3076 1476 3145 placuit
1507 3075 1616 3131 Deo
1646 3094 1734 3148 per

129 3170 385 3234 stultitiam
421 3171 816 3242 praedicationis
853 3173 1027 3228 salvos
1073 3176 1243 3241 facere
1281 3174 1564 3228 credentes.
1614 3173 1731 3229 Non

1842 1969 1956 2025 est;
1989 1961 2112 2031 quia
2141 1976 2236 2030 per
2266 1961 2442 2031 ipsum
2475 1963 2655 2016 omnia
2689 1961 2808 2018 fecit
2834 1963 2995 2017 Pater
3025 1963 3165 2018 Deus
3202 1962 3452 2034 :sapien-

1840 2056 1914 2110 tia
1947 2065 2125 2110 autem
2155 2055 2378 2123 idcirco,
2402 2056 2527 2127 quia
2560 2071 2657 2128 per
2687 2057 2863 2128 ipsum
2889 2060 3140 2129 cognitus
3168 2069 3251 2114 est
3281 2058 3447 2114 Deus.

1838 2147 1949 2206 Nec
1977 2149 2119 2203 enim
2144 2158 2326 2219 posset
2349 2149 2601 2220 cognosci
2631 2150 2796 2217 Deus,
2825 2150 2927 2205 nisi
2960 2165 3054 2219 per
3076 2165 3200 2205 eum
3234 2151 3324 2221 qui
3350 2165 3437 2206 es-

1839 2251 1924 2298 set
1944 2243 2012 2297 de
2037 2257 2132 2308 eo;
2161 2243 2287 2314 quia
2319 2251 2346 2282 ι
2376 2242 2544 2297 Nemo
2569 2244 2710 2298 nouit
2737 2259 2898 2316 neque
2921 2245 3050 2298 vidit
3086 2245 3316 2310 Patrem,
3347 2244 3450 2298 nisi

1843 2333 2036 2398 Filius,
2067 2345 2112 2389 et
2139 2337 2223 2389 cui
2251 2337 2466 2390 voluerit
2496 2334 2672 2390 Filius
2697 2337 2924 2390 reuelare
2948 2335 3164 2408 (Matth.
3209 2351 3262 2391 xl
3284 2379 3296 2400 ,
3325 2334 3444 2408 27).

1912 2429 2049 2494 Quia
2093 2429 2232 2500 quod
2261 2430 2474 2484 stultum
2518 2441 2594 2484 est
2627 2428 2745 2498 Dei,
2779 2429 3063 2502 sapientius
3105 2437 3177 2483 est
3223 2429 3447 2482 homini-

1839 2524 1951 2578 bus.
1981 2524 2218 2580 Stultum
2252 2524 2367 2591 Dei,
2402 2525 2600 2595 inquit,
2626 2525 2888 2594 nonquia
2917 2537 3044 2577 vere
3075 2523 3304 2577 Stultum
3336 2531 3442 2587 est,

1839 2617 1935 2672 sed
1967 2616 2096 2687 quia
2119 2616 2189 2672 ab
2217 2615 2551 2685 hominibus,
2579 2616 2712 2671 dum
2750 2615 2949 2671 rationi
2995 2617 3287 2670 mundanae
3337 2629 3446 2670 non

1837 2712 2120 2776 convenit,
2154 2711 2380 2766 stultum
2413 2720 2794 2781 putatur,cum
2825 2711 2893 2766 sit
2941 2712 3082 2766 ratio
3127 2709 3392 2781 spiritalis
3428 2726 3442 2764 :

1837 2819 1901 2860 ac
1943 2820 2041 2875 per
2072 2805 2176 2860 hoc
2221 2803 2522 2875 sapientius
2552 2804 2892 2875 dignoscitur
2927 2816 3052 2858 esse
3097 2801 3446 2869 hominibus;

1837 2898 1960 2968 quia
1984 2895 2248 2968 spiritalia
2281 2897 2400 2967 plus
2431 2898 2643 2968 sapiunt
2667 2912 2831 2968 quam
2857 2895 3118 2952 carnalia.
3151 2896 3265 2950 Non
3294 2896 3441 2951 enim

1837 2993 2107 3062 spiritalia
2161 3009 2256 3064 per
2285 2995 2526 3050 carnalia
2559 3003 2707 3062 sunt,
2751 2993 2845 3049 sed
2895 2993 3136 3048 carnalia
3195 2997 3451 3048 constant

1840 3100 1936 3155 per
1964 3087 2226 3154 spiritalia
2253 3103 2267 3151 ;
2311 3086 2546 3156 ideoque
2576 3087 2816 3158 subjecta
2848 3097 2977 3141 sunt
3006 3085 3246 3140 carnalia
3285 3084 3449 3156 spiri-

1839 3176 2060 3231 talibus.

130 3265 371 3336 Cngnovit
400 3265 662 3332 mundus,
695 3265 748 3322 id
774 3276 882 3333 est,
925 3266 1195 3330 homines,
1227 3268 1396 3324 Deum
1426 3268 1479 3324 in
1506 3269 1732 3339 sapient.-
1760 3249 1803 3311 (ἶ
1911 3269 1977 3324 Et
2003 3271 2142 3340 quod
2168 3272 2431 3342 infirmum
2473 3281 2546 3326 est
2591 3271 2721 3341 Dei,
2771 3272 2960 3340 fortius
3007 3279 3082 3325 est
3131 3269 3446 3325 hominibus.

129 3359 194 3412 tia
225 3360 373 3430 ejus;
407 3360 541 3432 quia
573 3360 787 3418 unicam
820 3361 1162 3433 maiestatem
1190 3363 1315 3434 ejus
1347 3364 1618 3434 figmentis
1638 3367 1730 3421 de.

127 3451 309 3510 tierunt.
337 3455 422 3513 vel
455 3454 784 3521 elementis,
819 3455 1231 3514 dissimulantes
1261 3457 1331 3512 de
1376 3472 1464 3523 eo,
1516 3473 1612 3528 per
1644 3473 1731 3516 sa-

129 3547 376 3614 pientiam
417 3549 611 3606 carnis
644 3557 898 3620 putantes
932 3548 1050 3606 haec
1085 3549 1290 3606 debere
1336 3550 1463 3612 culi,
1495 3567 1616 3619 quzc
1644 3551 1728 3610 γὶφ

126 3641 333 3699 dentur.
377 3643 682 3714 Propterea
727 3642 928 3714 placuit
957 3643 1069 3700 Deo
1097 3642 1550 3714 praedicationem
1581 3643 1730 3699 ordi-

127 3750 266 3802 nare,
297 3752 422 3809 quin
450 3737 570 3793 illis
593 3736 828 3793 stultitia
859 3735 1175 3803 videretur;
1208 3746 1265 3791 ut
1289 3737 1580 3793 credentes
1607 3753 1728 3809 quae

127 3829 196 3884 illi
211 3830 492 3899 dil‘iidunt,
515 3831 652 3887 salvi
684 3830 900 3899 ﬁerent,
931 3831 1038 3887 illis
1067 3831 1362 3888 damnatis.
1396 3830 1729 3887 Vicissitudo

123 3939 250 3996 ergo
289 3927 406 3983 haee
442 3934 552 3993 est,
586 3940 683 3997 per
709 3939 872 3997 quam
900 3925 999 3982 Dei
1039 3924 1272 3982 consilio
1300 3923 1498 3980 falsum
1539 3939 1569 3979 a
1598 3939 1728 3982 vero

123 4016 422 4075 damnatur.

185 4112 365 4185 (Vers.
406 4111 536 4186 εξ.)
577 4113 836 4184 Quoniam
859 4113 1037 4177 Judtei
1062 4115 1213 4186 signa
1243 4124 1452 4185 petunt,
1483 4125 1528 4170 et
1556 4114 1725 4171 Croci

121 4207 420 4274 sapientiam
443 4218 706 4280 quat-usu.
757 4207 930 4264 Judaei
962 4209 1116 4278 signa
1160 4217 1387 4278 petunt;
1436 4209 1563 4280 quia
1613 4225 1721 4267 non

117 4297 358 4355 difﬁdunt
382 4300 636 4371 potuisse
666 4299 823 4367 lteri,
847 4299 946 4355 sed
973 4314 1046 4355 an
1076 4299 1282 4355 factum
1310 4301 1404 4366 sit,
1436 4309 1718 4372 quaerunt;

118 4393 344 4452 scientes
371 4395 587 4464 virgam
610 4393 797 4450 Aaron
822 4393 1034 4449 aridam
1064 4394 1404 4465 geminasse
1423 4434 1439 4461 ,
1479 4403 1536 4448 et
1577 4393 1723 4451 fruc-

120 4493 223 4544 tum
265 4487 468 4543 tulisse
501 4485 692 4558 (Nunt.
724 4501 864 4554 svu,
893 4484 986 4560 8):
1019 4495 1073 4541 et
1111 4485 1306 4555 lanam
1331 4503 1360 4542 a
1387 4497 1512 4544 ceto
1549 4487 1720 4558 gluti-

117 4587 244 4646 tum,
272 4580 327 4635 in
360 4589 559 4636 ventre
589 4579 712 4652 ejus
741 4579 918 4635 tribus
956 4579 1152 4636 diebus
1177 4589 1234 4636 et
1265 4580 1440 4636 tribus
1469 4582 1722 4638 noctibus

115 4670 298 4740 fuisse,
324 4682 383 4728 et
407 4673 596 4728 vivum
623 4671 865 4743 ejectum
893 4686 1017 4728 esse
1036 4670 1211 4745 (Jama
1256 4689 1328 4740 ιι,
1359 4673 1435 4746 l).
1466 4672 1603 4732 Illud
1638 4681 1721 4728 ta-

118 4778 234 4819 men
253 4765 534 4835 principes
554 4775 830 4834 quierunt,
857 4773 918 4830 ιιι
939 4765 1148 4836 aliquid
1171 4764 1280 4821 tale
1299 4764 1543 4835 videant,
1561 4766 1723 4838 quale

1834 3362 1965 3418 Siue
1989 3363 2155 3419 dubio
2185 3365 2426 3420 cmiestia
2453 3365 2680 3418 vincunt
2713 3375 2947 3418 terrena.
2970 3365 3338 3432 Quamobrem
3365 3365 3448 3419 in-

1833 3457 2047 3512 ﬁrmum
2074 3457 2167 3512 Dei
2197 3468 2406 3512 nonest
2430 3456 2707 3511 infirmum
2737 3459 2894 3526 ;quia
2914 3458 3204 3510 iulirmitas
3235 3455 3442 3511 Christi

1832 3567 2024 3623 magna
2050 3553 2272 3606 victoria
2305 3562 2410 3607 est.
2451 3551 2586 3605 Vicit
2615 3551 2782 3615 enim,
2808 3551 2834 3589 ιι
2869 3566 2993 3605 cum
3027 3551 3203 3604 victus
3226 3551 3442 3605 videre-

1833 3653 1941 3711 tur,
1972 3645 2113 3700 sicut
2165 3645 2239 3699 ait
2271 3645 2322 3699 in
2369 3644 2581 3714 psalmo
2611 3642 3070 3713 quinquagesimo
3105 3660 3117 3694 :
3164 3641 3231 3695 Et
3269 3643 3444 3696 vincas

1830 3738 2225 3808 cuntjttdiearis
2264 3736 2441 3806 (Psal.
2489 3752 2549 3800 1.,
2582 3737 2658 3804 6).
2693 3735 2878 3789 Victor
2906 3735 3050 3789 cnim
3090 3733 3300 3792 existit.
3346 3732 3442 3802 qui

1831 3831 2029 3901 injuste
2060 3829 2348 3894 occiditur,
2379 3843 2531 3882 reum
2571 3827 2916 3881 constituens
2946 3841 2975 3879 a
3007 3841 3117 3895 quo
3146 3825 3437 3879 occiditur.

1903 3924 2084 3998 (Vera.
2125 3923 2244 3993 26.)
2289 3921 2572 3978 Intuemini
2627 3921 2797 3986 enim,
2854 3923 3075 3991 fratres,
3121 3918 3439 3973 vocationem

1827 4029 2082 4084 vestram;
2113 4017 2236 4088 quia
2275 4032 2378 4070 non
2410 4015 2557 4068 multi
2584 4014 2843 4084 sapientes
2879 4011 3160 4067 secundum
3190 4023 3396 4063 carnem
3421 4049 3438 4072 ,

1827 4129 1931 4168 non
1960 4113 2110 4166 multi
2139 4119 2393 4183 potentes,
2427 4125 2528 4163 non
2553 4108 2700 4162 multi
2731 4106 2948 4161 nobiles.
2981 4105 3322 4159 Manifestum
3354 4111 3440 4158 est

1826 4207 1949 4277 quia
1985 4204 2140 4272 pauci
2171 4204 2311 4268 sint,
2365 4203 2454 4273 qui
2509 4201 2695 4256 mutuli
2727 4200 3031 4254 rationibus
3065 4199 3236 4252 inﬂati
3265 4196 3437 4263 magis

1825 4315 1986 4371 quam
2017 4297 2213 4354 eruditi
2247 4308 2410 4361 sunt,
2471 4295 2574 4350 hoc
2619 4304 2726 4360 est,
2784 4293 2874 4363 qui
2927 4291 3208 4348 stellarum
3259 4298 3438 4344 motus

1827 4395 2122 4466 inspiciunt
2150 4403 2205 4449 et
2239 4392 2580 4447 discernunt.
2619 4388 2775 4460 Ipsos
2807 4397 2988 4443 autem
3017 4385 3148 4440 dicit
3179 4395 3230 4440 et
3265 4383 3436 4443 fortes

1823 4488 2118 4545 secundum
2152 4502 2390 4549 carnem,
2423 4499 2562 4556 quos
2586 4494 2641 4539 et
2669 4483 2988 4554 prudentes.
3033 4480 3098 4534 Et
3143 4479 3266 4534 ideo
3313 4477 3426 4531 for.

1828 4593 1930 4651 tes,
1978 4583 2102 4653 quia
2152 4582 2461 4652 passionem
2510 4579 2689 4634 crucis
2737 4576 2939 4633 Christi
2973 4575 3241 4629 inlirmam
3275 4586 3428 4628 asse-

1743 4655 1799 4716 Ῑ)
1827 4685 1990 4743 runt;
2024 4676 2278 4746 iniquitas
2303 4674 2448 4729 enim
2493 4674 2672 4738 tortis,
2715 4681 2769 4726 et
2799 4671 3018 4725 vincere
3069 4668 3170 4723 sibi
3219 4666 3434 4721 videtur

1824 4771 1891 4828 ad
1924 4783 2156 4842 tempus.
2189 4767 2292 4839 ipsi
2323 4770 2483 4825 etiam
2531 4768 2765 4832 nobiles,
2794 4780 2892 4837 per
2919 4779 3056 4836 quos
3081 4762 3430 4834 superstitio-

116 4863 195 4910 θεῖ
222 4857 382 4926 illud.
433 4856 585 4928 θυοδ
614 4857 750 4914 Vidi!
796 4857 1032 4930 Μοῖσαι,
1070 4859 1262 4926 Deum.
1287 4859 1342 4914 in
1387 4859 1543 4930 isne;
1578 4859 1723 4918 unde
1820 4869 1908 4922 nis
1938 4881 2052 4922 suae
2076 4864 2338 4935 originem
2363 4862 2704 4932 antiquitatis
2730 4863 3032 4932 assignant,
3067 4871 3088 4895 ο
3115 4873 3217 4913 nos
3241 4856 3432 4912 novel-

115 4949 340 5006 tlicunt:
396 4951 514 5007 Nos
557 4953 749 5008 scimus
796 4953 935 5024 quod
981 4951 1155 5024 Moysi
1201 4953 1403 5008 locutus
1451 4963 1524 5007 est
1576 4951 1718 5009 Deus
1820 4962 1902 5017 los
1925 4961 2190 5016 dicentes.
2233 4958 2349 5012 Non
2393 4972 2523 5028 ergo
2566 4956 2706 5010 hanc
2757 4955 3220 5010 asseverationem
3268 4947 3433 5019 elegit

115 5043 288 5117 (toan.
321 5063 414 5116 te,
444 5046 578 5120 29);
620 5063 744 5110 cum
776 5046 956 5118 majus
992 5048 1085 5116 sit,
1132 5057 1406 5117 mortuum
1445 5047 1717 5112 Lazarum

115 5139 332 5199 fetidum
361 5152 565 5216 quarto
609 5143 701 5199 die
749 5142 933 5198 vivum
990 5143 1058 5199 de
1115 5153 1473 5200 monumento
1529 5144 1713 5200 exisse

114 5231 287 5304 (Joan.
320 5253 408 5312 XI,
471 5235 586 5306 44).
642 5235 816 5292 ϐιωθί
863 5251 997 5303 vero
1046 5237 1368 5312 sapientiam
1417 5248 1710 5308 qurcrunt;

1823 5056 1994 5119 Deus,
2025 5068 2145 5123 quas
2183 5051 2234 5106 iu
2271 5050 2457 5119 paucis
2483 5059 2590 5105 est.

1892 5147 2073 5217 (γεγε.
2095 5145 2214 5216 27.)
2255 5145 2360 5199 Sed
2387 5145 2546 5198 stulta
2578 5143 2755 5196 mundi
2784 5141 2934 5212 elegit
2969 5140 3126 5204 Deus,
3159 5135 3188 5174 ά
3223 5145 3280 5189 ut
3309 5149 3432 5187 con.-

1816 5239 2002 5312 [undat
2036 5239 2311 5309 sapientes.
2355 5237 2529 5292 Stulta
2567 5234 2752 5289 mundi
2784 5245 2905 5287 sunt
2945 5232 3219 5301 Virginem
3266 5241 3429 5297 pepe-

114 5327 231 5397 qnia
258 5330 459 5386 nolunt
483 5331 692 5399 audire,
725 5339 1088 5403 praeterquam
1126 5348 1248 5402 qua:
1279 5332 1466 5389 mundi
1501 5335 1713 5396 ratione
1815 5334 1975 5398 rissc,
2005 5340 2060 5387 et
2090 5332 2182 5386 Dei
2216 5330 2414 5385 Filium
2443 5328 2797 5384 crucifixum:
2829 5324 2984 5380 cretii
3022 5323 3168 5377 enim
3199 5321 3429 5378 stultum

116 5423 388 5488 possibilia
417 5433 564 5480 sunt.

181 5613 203 5639 ει
246 5601 431 5676 Neque
452 5603 579 5689 uidit
626 5604 815 5689 aberat
842 5619 870 5668 a
921 5605 1133 5689 cunctis
1162 5601 1326 5675 edit.;
1358 5604 1454 5661 sed
1504 5621 1535 5662 e
1580 5620 1710 5672 mss.

117 5689 280 5746 prope
309 5675 572 5730 erunibus
603 5678 916 5732 restitutum
939 5688 1042 5746 est.

182 5744 208 5782 δ
250 5745 419 5816 Rom.
443 5746 576 5816 edit.
607 5747 757 5816 sola,
789 5765 904 5816 cunt
934 5752 1259 5816 vinceretur;
1305 5756 1358 5804 et
1397 5764 1520 5816 cum
1561 5748 1668 5806 Gill

185 5765 208 5782 υ
250 5765 411 5814 nom.
443 5765 576 5802 eun.
607 5765 722 5816 suta
743 5787 757 5812 ,
789 5765 904 5819 cunt
934 5765 1259 5820 vinceretur;
1305 5765 1358 5804 ct
1397 5765 1520 5820 cum
1561 5765 1724 5822 utin,

117 5818 242 5872 sicut
271 5819 344 5872 ait
372 5813 466 5871 εει
490 5815 687 5891 vincas,
713 5825 854 5890 etc.;
887 5820 1005 5878 aliae
1027 5812 1208 5877 autem
1235 5819 1364 5874 edit.
1390 5835 1455 5877 ac
1477 5834 1608 5890 mss.
1641 5823 1728 5891 in:

119 5898 198 5944 ter
222 5903 281 5944 se
305 5889 677 5957 consentiunt,
713 5892 819 5948 nisi
849 5895 991 5966 quod
1026 5909 1126 5966 pro
1171 5892 1448 5964 videretur,
1486 5889 1621 5950 edit.
1669 5889 1725 5951 et

1817 5425 1921 5481 hoc
1951 5434 2104 5496 putat
2133 5444 2144 5478 :
2182 5422 2304 5478 idco
2340 5424 2482 5479 Deus
2507 5432 2564 5477 ut
2587 5421 2731 5476 hunc
2759 5415 3075 5477 confundat,
3114 5415 3211 5468 hos
3241 5412 3427 5482 eli-git,

1821 5604 2042 5676 quidam
2073 5618 2203 5662 mss.
2236 5602 2524 5676 exhibent,
2560 5601 2783 5676 ridetur.
2889 5663 2919 5676 υ

1897 5688 1918 5715 ο
1961 5663 2090 5732 Mss.
2115 5675 2447 5742 complures,
2488 5663 2589 5726 non
2620 5667 2840 5742 novellos
2866 5663 3111 5742 dicentes.

1893 5744 1921 5784 ά
1961 5747 2123 5812 Corb.
2154 5738 2349 5820 codex,
2379 5756 2442 5820 ut
2462 5741 2746 5813 confundat
2773 5738 3052 5802 sapientes.
3092 5738 3428 5804 Ctmftmduts-

1834 5832 1915 5874 tur
1941 5821 2076 5877 enim
2099 5815 2376 5892 sapientes,
2408 5815 2556 5884 dum,
2580 5820 2688 5869 etc.
