4082 6306
644 316 738 375 191

1568 313 1661 368 AD
1698 312 1930 369 OPERA
1973 310 2220 370 SANCTI
2273 308 2598 367 AMBROSII
2636 309 3004 366 APPENDIX.

3835 315 3904 369 liii

634 431 726 503 qui
777 430 879 487 hoc
906 427 1156 494 credunt,
1191 426 1335 499 quod
1363 427 1452 483 hic
1480 425 1703 482 stultum
1729 426 1958 496 judicat.
1991 424 2232 480 Confun-
2258 427 2313 486 Α
2338 437 2457 479 mus
2476 464 2490 488 ,
2523 424 2638 479 sive
2668 423 2813 495 quod
2844 424 3165 482 sanctiﬁcati
3189 467 3204 492 ,
3235 425 3288 481 id
3320 436 3440 494 εει,
3470 424 3542 483 ab
3571 441 3742 499 opere
3765 431 3904 484 carnis

635 522 840 578 duntur
865 521 1008 578 enim
1035 521 1330 592 sapientes.
1359 519 1486 576 dum
1517 536 1637 591 qua:
1660 519 1818 590 pauci
1851 529 2070 590 negant,
2099 517 2238 573 mul-

632 626 720 673 tos
751 616 941 693 vident
968 616 1155 682 fateri;
1182 630 1290 672 non
1322 624 1408 672 est
1423 615 1568 672 enim
1598 615 1910 687 ambiguum
1945 614 2237 670 multorum

631 711 934 766 sententias
964 723 1258 780 paucorum
1292 710 1552 780 anteponi
1581 709 1887 765 sententiis.

708 803 774 858 Et
794 803 1006 874 inﬁrma
1031 803 1217 857 mundi
1255 803 1408 874 elegit
1439 803 1613 870 Deus,
1649 813 1705 858 ut
1747 803 2031 874 confundat
2062 803 2242 875 fortia.

632 895 782 956 Idem
800 910 997 953 sensus
1024 906 1140 962 est;
1168 895 1292 966 quia
1318 897 1463 966 quod
1493 905 1519 933 ει
1543 897 1699 968 pauci
1729 896 2001 952 inﬁrmum
2031 906 2242 966 putant,

633 989 692 1046 bi
722 989 817 1061 qui
841 1005 901 1046 se
930 988 1227 1060 prudentes
1255 989 1570 1046 existimant
1590 991 1644 1045 in
1676 990 1903 1057 saeculo,
1937 990 2246 1047 difﬁdentes

637 1081 706 1138 de
736 1096 860 1152 spe,
903 1095 933 1134 a
961 1081 1150 1136 multis
1177 1080 1355 1136 virtus
1406 1081 1712 1147 asseritur;
1743 1083 1868 1152 quia
1914 1083 2101 1152 plures
2125 1097 2247 1138 cre-

639 1175 794 1242 dunt,
829 1190 990 1246 quam
1033 1190 1142 1231 non
1170 1174 1434 1240 credunt,
1477 1174 1546 1231 ad
1578 1176 1796 1232 illorum
1841 1176 2118 1231 ruborem.
2154 1175 2247 1229 γι-

640 1270 775 1328 dent
801 1269 1005 1326 etenim
1037 1268 1252 1324 inﬁrma
1276 1269 1477 1324 Christi
1505 1269 1805 1335 nominata,
1832 1267 2119 1325 daemoniis
2151 1268 2251 1323 im-

641 1380 854 1438 perare,
889 1364 1134 1435 prodigia
1165 1363 1350 1421 facere
1377 1383 1390 1418 :
1426 1362 1639 1420 inﬁrma
1671 1372 1852 1420 autem
1893 1374 2020 1420 sunt
2049 1363 2252 1419 mundo

643 1459 882 1530 injuriae,
915 1469 968 1516 et
999 1459 1178 1530 passio
1215 1459 1516 1515 Salvatoris
1543 1461 1805 1516 nescienti
1839 1460 1956 1515 haec
1985 1460 2053 1515 ad
2085 1460 2254 1515 virtu-

645 1562 756 1610 tem
787 1553 1082 1624 proficere;
1103 1553 1225 1624 quia
1250 1552 1374 1611 ideo
1398 1555 1498 1608 ista
1527 1554 1638 1624 pati
1665 1568 1725 1610 se
1745 1553 2024 1624 permisit,
2051 1564 2110 1609 ut
2131 1555 2251 1609 vin-

646 1655 798 1703 ceret
839 1655 1091 1702 mortem.
1137 1645 1342 1717 lnjnste
1393 1647 1538 1702 enim
1585 1648 1726 1716 pati,
1777 1657 1832 1702 et
1884 1661 2043 1717 posse
2091 1648 2255 1702 resis-

646 1750 766 1797 tere
793 1753 848 1797 et
872 1741 1041 1810 nolle,
1086 1741 1260 1814 gloria
1289 1751 1374 1798 est
1404 1743 1684 1813 patientis,
1718 1753 1770 1798 et
1804 1741 2080 1799 damnatio
2110 1742 2255 1798 occi-

651 1832 853 1889 dentis.

723 1923 907 1997 (Vers.
947 1925 1067 1996 28.)
1125 1923 1193 1980 Et
1243 1927 1492 1998 ignobilia
1551 1927 1977 1994 huius-mundi,
2029 1937 2076 1982 et
2127 1944 2253 1982 con-

647 2017 951 2090 temptibilia
995 2019 1149 2090 elegit
1175 2018 1343 2085 Deus,
1376 2029 1421 2072 et
1461 2035 1520 2072 ea
1546 2033 1659 2089 qua:
1685 2035 1788 2072 non
1817 2028 1954 2087 sunt,
1983 2027 2036 2072 ut
2062 2036 2122 2074 ea
2145 2035 2258 2089 qua:

647 2122 769 2167 sunt
787 2115 1088 2167 destrueret.
1108 2113 1370 2184 lgnobilia
1391 2129 1520 2184 ergo
1545 2125 1596 2169 et
1612 2113 2042 2184 contemptibilia
2059 2114 2220 2186 elegit
2244 2133 2256 2168 :

650 2221 760 2261 non
798 2205 924 2277 quia
963 2221 1093 2260 vere
1134 2205 1395 2276 ignobilia
1436 2215 1492 2261 et
1521 2206 1955 2277 contemptibilia
1985 2217 2128 2274 sunt,
2164 2206 2261 2262 sed

655 2297 1060 2369 sicjudicantur
1091 2313 1118 2352 a
1146 2298 1350 2354 mundo
1371 2315 1384 2363 ;
1404 2298 1531 2369 quia
1559 2300 2080 2369 Spernuntrationes
2102 2315 2260 2354 mun-

647 2391 840 2458 danas,
869 2391 1142 2448 credendo
1171 2393 1225 2448 in
1263 2392 1536 2448 Christum
1558 2435 1573 2460 ,
1627 2401 1687 2449 ut
1727 2409 1790 2449 ea
1829 2409 1950 2465 quae
1983 2405 2108 2450 sunt
2133 2409 2263 2450 vere

649 2486 908 2557 ignobilia
925 2497 981 2542 et
1011 2487 1444 2559 contemptibilis
1475 2488 1820 2555 destrueret;
1851 2490 1978 2561 quia
2023 2491 2124 2560 ipsi
2151 2507 2265 2546 ma-

644 2579 730 2652 gis
749 2579 1026 2650 judicandi
1058 2579 1740 2649 etbcondemnandisunt,
1770 2585 1860 2654 qui
1883 2584 2146 2655 iudicant.
2173 2590 2268 2642 As-

648 2675 1051 2730 severationem
1082 2676 1226 2730 enim
1258 2675 1477 2730 illorum
1510 2692 1664 2732 error
1690 2677 1917 2745 invenit,
1945 2694 2046 2734 nec
2081 2680 2177 2735 fuit
2199 2681 2266 2735 ab

653 2768 842 2823 initio:
881 2777 1064 2824 nostra
1091 2777 1272 2823 autem
1295 2768 1580 2839 disciplina
1610 2771 1678 2826 ab
1710 2771 1864 2826 initio
1889 2780 1993 2827 est.
2025 2771 2268 2828 Destrui-

655 2870 742 2916 tur
768 2877 919 2933 ergo,
953 2863 1078 2916 dum
1109 2861 1226 2917 sine
1255 2862 1564 2917 testimonio
1581 2863 1738 2918 nudis
1751 2863 1933 2919 verbis
1959 2865 2222 2920 asseritur
2253 2884 2264 2918 :

653 2964 840 3011 nostra
892 2969 1023 3010 vero
1078 2971 1184 3010 non
1238 2954 1419 3010 verbis
1447 2957 1599 3021 solis,
1653 2957 1747 3012 sed
1778 2968 1831 3012 et
1873 2967 2012 3014 teste
2070 2959 2269 3014 virtute

657 3048 938 3118 probatur.

733 3139 915 3210 (Vers.
956 3138 1074 3210 29.)
1119 3138 1189 3195 Ut
1219 3156 1318 3194 non
1362 3141 1614 3213 glorietur
1669 3143 1836 3197 omnis
1887 3159 2008 3198 caro
2051 3144 2106 3198 in
2146 3160 2270 3199 con-

658 3243 834 3305 spectu
859 3237 991 3306 ejus.
1027 3233 1084 3289 1d
1109 3243 1215 3302 est,
1257 3247 1278 3274 ε
1310 3243 1368 3290 ιιι
1389 3236 1654 3306 sapientia
1685 3237 1866 3292 carnis
1893 3236 2177 3292 erubescat
2210 3239 2261 3292 in

654 3340 846 3382 errore
874 3342 996 3393 suo,
1023 3326 1206 3398 judice
1237 3329 1383 3392 Deo;
1409 3344 1602 3385 sensus
1623 3330 1768 3385 enim
1797 3330 1978 3385 carnis
2008 3339 2092 3385 est
2121 3329 2267 3384 diffi-

661 3420 794 3478 dere
827 3422 920 3478 Dei
947 3425 1184 3494 potentia
1219 3422 1482 3494 virginem
1505 3424 1807 3496 peperisse,
1841 3431 1948 3479 etc.
1969 3463 1986 3489 ,
2013 3423 2140 3494 quia
2164 3423 2267 3479 hoc

662 3515 854 3571 mundi
878 3517 1041 3583 ratio,
1072 3517 1165 3588 qui
1193 3517 1376 3574 carnis
1397 3527 1662 3588 cognatus
1692 3528 1799 3584 est,
1827 3533 1938 3572 non
1962 3517 2176 3586 recipit.

738 3614 921 3687 (Vers.
959 3615 1074 3687 50.)
1115 3614 1200 3670 Ea:
1228 3617 1342 3687 ipso
1372 3617 1510 3670 enim
1538 3633 1626 3671 vos
1654 3616 1776 3670 estis
1807 3617 1862 3670 in
1884 3615 2087 3671 Christo
2112 3614 2260 3672 Jesu.

665 3704 751 3763 Ea:
799 3708 937 3778 ipso,
972 3708 1024 3762 id
1070 3716 1172 3774 cst,
1207 3724 1273 3764 ex
1323 3708 1460 3776 Deo,
1507 3709 1600 3779 qni
1629 3717 1714 3764 est
1743 3709 2110 3779 omnipotens,
2146 3725 2268 3765 esse

661 3815 764 3857 nos
792 3801 844 3857 in
871 3801 977 3858 ﬁde
1002 3801 1244 3868 Christi;
1283 3803 1374 3858 Dei
1403 3803 1548 3858 enim
1583 3804 1924 3873 propositum
1947 3815 2052 3869 est,
2084 3813 2147 3859 ut
2175 3820 2268 3860 ve-

661 3891 880 3948 ritatem
910 3893 1028 3963 ejus
1059 3904 1114 3949 et
1156 3895 1588 3951 misericordiam
1643 3897 1799 3969 117
1829 3897 1946 3967 iper
1989 3896 2266 3952 Christum

665 3985 1022 4043 disceremus.
1057 3987 1272 4044 Veritas
1310 3999 1394 4044 est
1434 3991 1755 4058 mysterium
1799 3990 2087 4046 Trinitatis
2121 4006 2134 4044 :
2166 3991 2267 4044 mi-

664 4079 964 4135 sericordia
990 4093 1155 4146 vero;
1198 4081 1324 4152 quia
1353 4095 1474 4135 cum
1506 4095 1757 4138 essemus
1786 4082 2011 4153 captivi,
2039 4081 2271 4138 redemit

671 4185 772 4226 nos
785 4212 796 4224 .

738 4264 924 4334 (Vers.
953 4264 1072 4336 51.)
1106 4266 1209 4333 Qui
1237 4266 1407 4336 {actus
1433 4278 1509 4322 est
1547 4268 1818 4333 sapientia:
1847 4270 2040 4325 nobisa
2063 4268 2198 4334 Deo.
2222 4284 2268 4326 et

661 4359 873 4428 justitia
899 4401 914 4426 ,
944 4368 992 4414 et
1036 4359 1382 4428 sanctiﬁcatio
1407 4402 1422 4426 ,
1450 4371 1498 4414 et
1525 4361 1833 4430 redemptio.
1863 4363 1945 4417 Ad
1977 4365 2272 4420 conﬁrma-

669 4449 879 4504 tionem
923 4449 1290 4518 credentium,
1322 4449 1600 4507 Christum
1659 4451 1757 4508 Dei
1809 4454 2091 4511 voluntate
2137 4455 2271 4512 dicit

669 4542 871 4612 egisse,
905 4558 1025 4614 quaa
1048 4542 1220 4612 gessit
1245 4561 1260 4609 ;
1289 4551 1349 4599 ut
1376 4545 1614 4600 sciamus
1643 4560 1772 4601 vere
1812 4562 1911 4602 nos
1939 4549 2262 4618 sapientiam

669 4633 956 4703 didicisse,
983 4643 1041 4692 et
1064 4637 1434 4693 sanetiﬁcalos
1463 4653 1606 4705 esse,
1641 4647 1697 4696 et
1715 4641 2068 4711 justiﬁcatos,
2100 4653 2155 4700 et
2183 4659 2273 4700 re-

669 4728 923 4798 demptos
952 4747 980 4785 a
1015 4731 1128 4786 Deo
1157 4746 1258 4802 per
1296 4731 1605 4800 Christum;
1639 4748 1798 4788 nemo
1827 4735 1970 4791 enim
2012 4735 2230 4792 redimit
2253 4779 2267 4798 .

670 4823 776 4879 nisi
803 4824 948 4894 quod
980 4839 1138 4880 suum
1171 4824 1364 4883 fuerat.
1397 4824 1526 4882 Sive
1551 4827 1855 4899 ergo'quod
1886 4828 2155 4901 redempti
2182 4845 2271 4886 su—

743 5041 769 5068 ει
808 5030 952 5089 Idem
985 5047 1088 5087 ms.
1115 5030 1314 5098 Corb.,
1345 5031 1612 5101 inﬁrmum
1637 5041 1853 5102 putant,
1885 5051 1916 5086 a
1952 5033 2127 5088 multis
2168 5033 2270 5087 uir-

670 5113 753 5160 tus
793 5105 1043 5161 asseritur
1077 5104 1145 5158 ad
1183 5104 1395 5175 illorum
1435 5107 1699 5158 ruborem.
1741 5104 1930 5159 Vident
1956 5107 2093 5159 enim
2118 5105 2268 5175 inﬁr-

670 5193 753 5232 ma
783 5176 964 5230 mundi
991 5177 1277 5231 nominata.
1308 5173 1377 5229 Et
1416 5175 1670 5246 ignobilia
1692 5175 1848 5246 huius
1869 5177 2074 5241 mundi,
2099 5173 2206 5232 etc.

741 5246 768 5286 Β
809 5249 968 5304 Rom.
1011 5247 1142 5304 edit.
1195 5261 1257 5302 ac
1289 5261 1418 5301 mss.
1477 5247 1760 5316 nonnulli,
1816 5258 1863 5302 et
1911 5248 2270 5304 contemnendi

671 5332 809 5374 sunt.

745 5403 767 5430 ε
807 5391 882 5446 Ita
913 5407 1104 5448 omnes
1134 5390 1268 5446 edit.
1311 5398 1364 5445 et
1393 5390 1612 5460 quidam
1663 5406 1834 5456 mss.;
1872 5393 2057 5448 cmteri
2089 5402 2268 5449 antem

673 5478 867 5534 magno
898 5477 1157 5528 numero,
1184 5471 1238 5516 ut
1276 5462 1527 5517 sententia
1557 5463 1748 5518 carnis.
1787 5463 1917 5519 Post
1943 5480 2109 5534 pauca
2141 5481 2272 5520 vero

675 5534 831 5590 Rom.
858 5535 990 5590 edit.
1017 5535 1135 5590 sola
1153 5577 1166 5596 ,
1191 5549 1306 5606 qua:
1327 5534 1478 5588 carni
1509 5545 1727 5606 cognata
1755 5546 1851 5590 est.
1877 5538 1945 5590 At
1969 5552 2072 5594 ms.
2103 5537 2269 5591 Corb.

674 5621 707 5680 a_
733 5606 982 5680 vocibus,
1000 5606 1180 5680 judice
1195 5603 1336 5680 Deo,
1374 5606 1551 5680 locum
1572 5603 1858 5661 contrahit
1897 5609 1952 5680 in
1982 5607 2127 5680 hunc
2153 5625 2272 5662 mo-

676 5677 804 5750 dum
834 5698 846 5734 :
874 5677 958 5733 Ex
983 5677 1118 5750 ipso,
1146 5678 1203 5732 id
1231 5689 1327 5744 est,
1357 5694 1419 5732 ex
1451 5677 1558 5732 Deo
1585 5695 1692 5732 esse
1719 5695 1812 5732 nos
1841 5680 1894 5730 in
1918 5678 2021 5747 ﬁde
2049 5677 2276 5744 Christi;

675 5749 774 5822 Dei
829 5752 965 5806 enim
1007 5749 1367 5822 ’pr0positumA
1411 5760 1485 5822 est
1517 5790 1533 5814 ,
1591 5759 1646 5802 ut
1695 5750 1977 5822 veritatem
2012 5751 2122 5814 eius
2186 5767 2277 5822 per

677 5820 944 5878 Christum
970 5823 1301 5878 disceremus.
1335 5820 1438 5890 Qui
1461 5821 1630 5890 factus
1653 5829 1729 5890 est
1751 5819 2030 5890 sapientia.
2057 5829 2163 5876 etc.
2186 5819 2217 5890 ’ξ

751 5893 773 5928 ἀ
818 5892 973 5948 Rom.
1023 5891 1177 5958 edit.,
1245 5885 1536 5947 mundanas
1584 5885 1826 5943 dicimur
1871 5889 2152 5956 imperitos.
2208 5885 2270 5946 Et

2337 527 2394 574 et
2424 517 2692 574 idolorum
2724 518 3065 574 immunditia
3105 520 3321 592 purgati
3349 561 3364 586 ,
3424 522 3544 576 sive
3573 520 3722 591 quod
3747 521 3906 591 justiti-

2339 612 2445 667 cati
2499 611 2744 682 (justum
2771 623 2856 669 est
2915 615 3060 670 enim
3105 613 3424 671 Creatorem
3451 615 3643 671 colere
3671 657 3686 680 ,
3737 619 3907 672 caneris

2343 711 2604 781 spretis),
2639 711 2754 766 sive
2783 711 2929 782 quod
2958 712 3233 783 sapientes
3269 727 3368 779 per
3406 713 3459 767 id
3491 711 3644 782 quod
3665 708 3692 748 ει
3726 713 3908 767 munda-

2345 820 2446 860 nos
2471 803 2762 859 didicimus
2787 805 3089 874 imperitos,
3119 815 3292 860 totum
3337 805 3440 861 hoc
3484 805 3586 862 Dei
3625 805 3908 861 beneﬁcium

2344 909 2429 955 est
2456 915 2552 969 per
2575 897 2872 953 Christum.
2905 898 3232 968 Redemptio
3261 909 3442 952 tamen
3478 907 3673 954 nostra
3706 898 3812 952 haec
3837 909 3908 954 est:

2347 993 2548 1049 obtulit
2573 993 2718 1048 enim
2749 1008 2809 1048 se
2837 991 3088 1047 Christus
3117 992 3338 1048 diabolo
3365 992 3638 1064 cupienti,
3670 1001 3730 1046 ut
3756 994 3911 1061 peculi

2350 1087 2404 1143 in
2445 1103 2504 1143 se
2527 1087 3022 1144 contradictionem
3046 1087 3316 1157 auferret,
3365 1097 3421 1144 et
3458 1088 3539 1143 sic
3568 1087 3811 1157 captivos
3833 1087 3913 1156 ejus

2351 1191 2590 1239 erueret.

2430 1275 2495 1330 Ut
2525 1275 2954 1345 quemadmodum
2986 1275 3232 1345 scriptum
3285 1285 3357 1330 est
3382 1291 3401 1330 :
3451 1275 3557 1343 Qui
3597 1274 3854 1346 gloriatur,
3879 1276 3911 1326 in

2354 1368 2579 1425 Domino
2604 1371 2874 1442 glorietur.
2902 1370 3014 1425 Hoc
3044 1371 3304 1439 scriptum
3331 1379 3416 1424 est
3442 1369 3496 1422 in
3528 1367 3802 1423 Hieremia
3827 1381 3916 1436 pro

2357 1467 2517 1536 pheta
2571 1464 2787 1535 (Jerem.
2820 1480 2870 1518 ις
2895 1505 2910 1530 ,
2937 1462 3008 1517 ‘24
3035 1465 3074 1532 ).
3117 1462 3347 1532 Dignum
3388 1472 3474 1516 est
3520 1459 3677 1531 quod
3724 1459 3794 1514 ait
3829 1474 3919 1528 pro-

2361 1559 2522 1629 pheta
2545 1599 2558 1620 ,
2610 1566 2669 1611 ut
2715 1557 2768 1612 in
2804 1557 2915 1612 Deo
2944 1555 3276 1626 gloriemur;
3311 1555 3436 1624 quia
3468 1568 3580 1607 non
3611 1551 3805 1622 poterit
3828 1566 3918 1604 cou-

2359 1651 2546 1716 fundi,
2579 1650 2669 1720 qui
2699 1649 2964 1718 gloriatur
2989 1648 3042 1702 in
3074 1648 3339 1711 Domino;
3368 1661 3536 1717 opera
3571 1645 3724 1700 enim
3754 1642 3920 1712 ejus,et

2362 1743 2762 1815 magniﬁcentia
2794 1745 2845 1797 in
2875 1743 3037 1798 rebus
3065 1743 3243 1812 gestis
3259 1749 3546 1810 apparent.
3570 1737 3807 1808 Ideoque
3827 1751 3920 1790 con-

2284 1824 2330 1883 B
2362 1834 2674 1901 fundantur,
2701 1833 2896 1905 inquit,
2918 1834 2971 1888 in
2997 1832 3155 1887 idolis
3182 1830 3324 1898 suis,
3360 1831 3454 1902 qui
3488 1845 3599 1886 non
3628 1831 3832 1900 pluunt,
3856 1842 3921 1880 nec

2361 1928 2605 1985 fecerunt
2633 1930 2829 1985 caelum
2878 1939 2932 1983 et
2989 1937 3224 1983 terram:
3283 1927 3450 1981 simili
3485 1919 3668 1981 modo'
3703 1934 3758 1980 et
3791 1924 3918 1994 quiin

2362 2025 2674 2080 hominibus
2693 2023 3020 2092 gloriantur,
3045 2036 3180 2092 quos
3201 2020 3379 2076 sciunt
3402 2022 3591 2090 utique
3621 2019 3816 2075 nullius
3837 2032 3920 2072 esse

2361 2119 2620 2183 virtutis;
2677 2132 2846 2188 quare
2897 2123 2953 2172 et
3007 2117 3087 2170 ait
3139 2114 3420 2184 Scriptura
3451 2132 3464 2168 :
3495 2113 3654 2167 Vana
3676 2128 3788 2182 spes
3809 2119 3865 2164 est
3886 2111 3919 2160 is

2363 2213 2572 2268 homine
2605 2212 2821 2282 (Jerem.
2850 2227 2959 2266 xvn
2980 2253 2994 2276 ,
3027 2211 3115 2282 5).

2990 2302 3222 2358 CAPUT
3262 2301 3326 2356 ll.

2439 2401 2620 2469 (Vers.
2657 2399 2679 2452 l
2707 2439 2720 2464 ,
2746 2396 2828 2467 9..)
2858 2396 2924 2452 Et
2953 2414 3043 2470 ego
3071 2412 3190 2450 cum
3220 2395 3472 2450 venissem
3499 2394 3568 2448 ad
3599 2409 3716 2459 vos,
3742 2393 3916 2463 fratres,

2365 2497 2476 2550 veni
2506 2511 2608 2549 non
2629 2512 2743 2548 cum
2774 2493 3048 2547 eminentia
3076 2491 3328 2545 sermonis
3357 2496 3445 2542 aut
3482 2487 3760 2559 sapientia
3783 2495 3803 2521 ε
3830 2500 3917 2552 pru-

2367 2587 2548 2642 dicans
2589 2589 2728 2642 vobis
2779 2586 3074 2656 mysterium
3107 2583 3224 2637 Dei.
3265 2580 3447 2652 Neque
3474 2582 3612 2635 enim
3634 2579 3918 2653 judicarint:

2366 2681 2500 2735 scire
2518 2680 2716 2749 aliquid
2736 2680 2869 2733 inter
2889 2694 2999 2744 vos,
3017 2676 3392 2745 nisi-Christum
3409 2674 3617 2739 Iesum,
3640 2684 3688 2727 et
3707 2673 3826 2726 hunc
3841 2687 3920 2722 crst-

2368 2774 2601 2842 cifixum.
2623 2773 2886 2840 Quoniam
2910 2772 3162 2840 superius
3184 2768 3448 2840 gradatim
3473 2768 3711 2822 formam
3735 2762 3919 2832 discipli-

2370 2884 2454 2922 na:
2485 2878 2682 2921 nostra:
2709 2865 2968 2932 ostendit,
2995 2881 3136 2918 nunc
3159 2878 3218 2919 se
3241 2878 3347 2918 non
3365 2862 3522 2915 aliter
3547 2860 3661 2914 illis
3687 2854 3919 2914 tradidisse

2373 2961 2596 3032 probat,
2637 2975 2800 3031 quam
2847 2975 2967 3030 qua:
3017 2956 3294 3020 ostendit;
3341 2953 3466 3024 quia
3496 2962 3553 3008 et
3581 2952 3640 3006 in
3671 2949 3919 3004 humilitate

2371 3053 2642 3108 sermonis
2667 3095 2681 3117 ,
2723 3061 2775 3106 et
2800 3052 2852 3106 in
2882 3050 3109 3106 stultitia
3142 3045 3569 3119 praedicationis,
3602 3045 3747 3100 sicut
3773 3037 3920 3094 minuto

2371 3145 2608 3213 videtur,
2639 3145 2855 3201 locutus
2877 3154 2958 3198 est
2979 3143 3084 3198 illis
3106 3142 3174 3196 de
3197 3140 3414 3196 Christo
3443 3139 3787 3209 mysterium.
3811 3128 3920 3200 Quod

2370 3243 2493 3299 ideo
2541 3241 2858 3313 mysterium
2889 3249 3086 3304 vocat,
3134 3238 3259 3308 quia
3291 3235 3431 3306 quod
3465 3237 3802 3289 incarnatutn
3846 3237 3918 3282 est.

2370 3339 2641 3394 occultum
2679 3347 2799 3393 erat
2826 3351 2857 3390 a
2883 3335 3099 3390 sareulis
3121 3375 3135 3401 ,
3191 3331 3330 3403 apud
3365 3331 3532 3386 Deum
3556 3371 3570 3396 ,
3608 3329 3626 3366 ί
3665 3328 3804 3383 Deus
3825 3322 3918 3374 Ver-

2371 3433 2521 3490 bum.
2553 3433 2850 3488 Haereticos
2880 3439 3060 3486 autem
3092 3443 3212 3484 esse
3240 3431 3293 3483 in
3339 3425 3535 3498 quibus
3575 3421 3919 3492 gloriabantur.

2371 3529 2495 3600 quia
2543 3536 2598 3582 et
2648 3543 2741 3596 per
2779 3526 3178 3597 eloquentiam,
3212 3537 3434 3594 pravam
3481 3520 3784 3575 doctrinam
3809 3528 3919 3568 crim-

2372 3617 2726 3682 mendabant,
2748 3625 2804 3671 et
2834 3615 3177 3686 prudentiam
3211 3612 3400 3668 mundi
3430 3621 3735 3674 sectantes,
3758 3616 3920 3662 crucem

2371 3709 2572 3766 Christi
2595 3709 2967 3775 evaeuabant,
3007 3707 3392 3763 erubescentes
3432 3704 3585 3758 stulti
3632 3697 3871 3774 appellari
3903 3709 3920 3746 τι

2373 3800 2612 3865 mundo;
2643 3810 2700 3854 ut
2742 3815 2918 3870 neque
2957 3809 3141 3853 natum
3171 3795 3445 3852 Christum
3476 3809 3544 3850 ex
3577 3794 3800 3865 Virgine
3827 3801 3922 3860 ρης

2373 3891 2647 3956 dicarent,
2674 3904 2849 3958 neque
2872 3905 3001 3944 vere
3031 3888 3346 3942 cruciﬁxum
3371 3886 3664 3949 docerent;
3699 3883 3811 3954 quia
3830 3875 3923 3932 stul-

2375 3992 2488 4038 tum
2533 3983 2751 4037 videtur
2799 3981 2890 4036 Dei
2943 3981 3135 4035 Filium
3173 3991 3357 4035 natum
3401 3978 3681 4032 hominem
3733 3973 3923 4029 fateriel

2373 4077 2719 4134 cruciﬁxum.
2792 4076 2902 4132 llos
2971 4085 3025 4130 et
3090 4075 3372 4145 apostolus
3429 4073 3675 4128 Joannes
3731 4068 3922 4135 desigtlitl

2372 4174 2596 4229 dicens:
2631 4171 2734 4238 Qui
2757 4168 3185 4242 negatChristum
3207 4171 3261 4223 in
3285 4184 3438 4223 carne
3458 4168 3677 4233 venisse,
3704 4160 3920 4218 antichris-

2373 4275 2455 4321 tus
2472 4278 2542 4321 est
2564 4284 2582 4332 ;
2613 4276 2661 4321 et
2685 4266 2774 4335 qui
2803 4274 2950 4336 negat
2979 4262 3312 4330 Filium,fnec
3338 4261 3555 4316 Patrem
3570 4259 3721 4315 habet
3744 4256 3784 4327 (Ι
3804 4253 3922 4309 Joan-

2374 4362 2534 4429 n,9.'5.,
2562 4359 2655 4432 24)
2674 4377 2688 4424 ;
2709 4360 2834 4430 quia
2859 4359 3033 4429 ipsum
3056 4358 3272 4413 Patrem
3297 4356 3400 4412 sibi
3423 4355 3622 4411 Filium
3651 4349 3923 4423 appellatum

2377 4464 2402 4503 8
2421 4454 2715 4519 dicebant;
2746 4469 2812 4508 ex
2839 4452 3037 4524 quibus
3069 4449 3308 4506 Marcion
3338 4448 3506 4504 traxit
3549 4459 3807 4502 errorem.
3831 4438 3923 4505 Qua?

2374 4549 2582 4620 arguit,
2605 4548 2788 4603 clausa
2817 4547 3107 4613 videntur;
3133 4545 3260 4616 quia
3282 4559 3390 4598 non
3416 4541 3502 4596 illa
3520 4538 3838 4598 manifestat,
3859 4525 3923 4584 sed

2379 4642 2604 4712 intelligi
2636 4642 2749 4695 vult
2776 4656 2840 4696 ex
2871 4655 2959 4705 eo,
2988 4638 3129 4710 quod
3153 4636 3437 4713 prudentia
3467 4633 3653 4689 mundi
3675 4627 3920 4688 invenitur,

2299 4713 2350 4773 D
2377 4751 2500 4806 qua:
2524 4742 2608 4789 est
2637 4732 2884 4804 religioni
2909 4731 3146 4788 inimica.
3171 4732 3305 4799 Quae
3325 4739 3505 4784 autem
3537 4735 3683 4794 sunt,
3708 4737 3818 4795 quae
3838 4732 3921 4774 eor-

2378 4828 2540 4899 ripit,
2572 4843 2639 4884 ex
2665 4827 2781 4898 ejus
2806 4826 3014 4897 judicio
3066 4825 3182 4881 vult
3224 4823 3358 4880 disci
3383 4840 3397 4889 ;
3422 4831 3481 4878 ut
3519 4835 3742 4892 quasque
3783 4822 3922 4873 nostra

2291 3218 2336 3280 C

2374 5033 2514 5089 infra
2535 5075 2549 5097 ,
2591 5044 2646 5088 ut
2675 5042 3000 5106 peccatorum
3049 5033 3102 5085 in
3131 5048 3186 5087 se
3210 5029 3668 5106 contradictionem
3709 5023 3920 5106 sit/ferret.

2451 5116 2474 5143 θ
2517 5107 2645 5161 Mss.
2675 5099 2803 5162 'non
2834 5105 3023 5176 pauci,
3069 5106 3384 5158 annuntians
3439 5102 3580 5156 vobis
3623 5099 3918 5156 testimonium

2375 5175 2593 5233 Christi.

2450 5247 2470 5286 τ
2512 5250 2673 5305 Corb.
2700 5249 2869 5304 codex
2894 5291 2909 5316 ,
2947 5247 3045 5304 Dei
3079 5246 3325 5303 Verbum.
3355 5287 3367 5302 .
3395 5284 3408 5299 .
3446 5245 3535 5315 qui
3566 5255 3614 5299 et
3643 5251 3815 5315 prteter
3841 5237 3920 5290 ela-

2375 5323 2661 5390 quentiant.
3630 5389 3635 5390 ί
3706 5387 3715 5390 _
3872 5373 3902 5390 ν

2453 5403 2476 5439 ις
2517 5392 2720 5448 Omnes
2759 5392 2894 5447 edit.
2945 5406 3009 5447 ac
3065 5392 3312 5447 nonnulli
3369 5406 3530 5454 ntss.,
3585 5387 3820 5441 dicebant.
3868 5375 3924 5430 EI

2375 5463 2557 5534 quibus
2589 5463 2820 5517 Marcion
2852 5464 3010 5517 traxit
3041 5479 3301 5530 errorem,
3331 5464 3418 5534 qui
3446 5460 3616 5534 arguit
3642 5455 3921 5529 :quwcltmgt

2376 5531 2634 5588 uidentur.
2670 5535 2796 5590 Mss.
2830 5551 2960 5590 vero
2991 5531 3419 5605 frequentissimi
3443 5531 3646 5586 rectius
3668 5534 3920 5605 ._ntnos_m

2377 5615 2564 5668 textu;
2593 5621 2752 5678 voces
2784 5611 2930 5662 enim
2966 5598 3282 5678 rqutefarguit
3313 5607 3628 5660 referuntur
3649 5599 3710 5654 ad
3739 5598 3919 5678 Aposto-

2379 5678 2511 5732 lum.
2553 5676 2694 5732 Infra
2727 5693 2858 5732 vero
2880 5721 2894 5741 ,
2925 5671 3012 5732 ubi
3045 5671 3194 5744 edit;
3233 5686 3288 5732 et
3333 5691 3455 5746 pars
3481 5679 3636 5746 mss»;
3668 5671 3802 5746 Δ(ῖιίοά
3831 5679 3920 5746 Pr”;
3990 5671 3991 5728 Ῑ

2379 5729 2730 5874 gentiam
2749 5729 2854 5807 an
2882 5729 3423 5820 βεεῐέεῑιίίιδειῑφιοα
3439 5729 3756 5816 minus...
3781 5729 3920 5788 mat.-
3990 5769 3991 5818 ᾗ

2403 5829 2494 5874 me
2514 5832 2653 5874 titur.
3990 5871 3991 5874 Ἴ

2403 5829 2653 5874 ηυειιιιωη
