4082 6306
142 281 234 336 195

881 265 1378 329 COMMENTARIA
1425 264 1489 323 IN
1534 262 1756 323 EPIST.
1799 261 1890 322 Al)
1929 261 2344 327 COBINTHIOS
2383 263 2673 327 PRIMAM.
2739 285 2750 300 '

3327 265 3428 327 194

137 392 342 449 deridet
379 392 538 446 velut
566 390 749 458 stulta,
774 405 833 446 ea
855 404 912 445 se
935 388 1114 444 omnia
1142 388 1194 442 in
1225 385 1522 442 Corinthiis
1549 400 1735 455 reprc-
1764 389 1808 452 Α
1840 402 2056 457 semper
2082 387 2248 444 fuisse
2278 389 2620 455 declaratur;
2680 396 2737 444 ut
2765 400 2893 447 ante
2923 391 3122 446 scccula
3156 389 3440 461 prmdesti-

138 485 371 542 benderc
397 484 676 540 ostendat.
694 483 898 552 Corpus
921 483 1064 538 enim
1090 483 1264 552 ipsum
1283 487 1570 542 memorat,
1592 489 1647 533 ut
1669 493 1736 534 ex

136 592 198 635 eo
222 576 598 633 membrorum
627 577 741 641 ejus
770 575 905 630 ratio
924 574 1297 644 dignoscatur:
1326 571 1627 629 Corinthiis
1651 582 1734 628 ta-

140 685 257 727 men
285 669 589 726 manifesta
619 678 804 736 erant;
836 669 956 740 quia
1007 682 1198 724 causas
1226 667 1278 722 iu
1316 667 1511 738 quibus
1538 682 1735 738 argue-

141 766 357 829 bantur,
389 779 503 820 non
531 764 866 834 ignorabant.

206 859 385 931 (Vers.
413 859 497 930 ὅ.)
517 858 587 913 Ει
605 876 696 929 ego
723 860 776 913 in
802 858 1123 927 inﬁrmitate,
1147 867 1193 911 et
1215 858 1418 924 timore,
1438 865 1488 911 et
1517 866 1736 910 tremore

140 955 293 1009 multo
315 954 396 1024 [ui
425 953 571 1022 apud
591 969 699 1008 vos.
741 950 1014 1006 Christum
1038 952 1180 1006 enim
1209 951 1260 1006 in
1294 949 1523 1006 stultitia
1541 947 1734 1004 huma-

141 1063 220 1101 nae
241 1045 527 1116 sapientia:
560 1045 878 1115 praedicans,
911 1044 1094 1100 odium
1115 1044 1218 1100 sibi
1247 1051 1302 1100 et
1328 1043 1736 1114 persecutiones

132 1137 460 1211 provocabat
489 1179 504 1204 ,
555 1139 709 1209 quasi
742 1153 855 1192 rem
887 1152 1080 1192 vanam
1111 1137 1464 1201 annuntians,
1491 1135 1519 1165 ⁸
1549 1143 1604 1190 et
1632 1135 1738 1190 ini-

140 1235 330 1288 micam
359 1233 569 1288 Judmis
591 1240 751 1304 atque
781 1232 1054 1304 gentibus.

209 1325 390 1399 (Vers.
421 1327 502 1398 4.)
534 1325 600 1380 Et
622 1341 791 1380 sermo
815 1342 978 1392 meus,
1010 1334 1055 1379 et
1079 1324 1380 1396 prazdicatio
1412 1339 1525 1378 mea
1546 1338 1650 1377 non
1679 1322 1736 1376 in

139 1420 470 1492 persuasione
499 1421 740 1474 humana:
767 1419 1056 1488 sapientiae.
1109 1417 1362 1473 Ostendit
1415 1431 1521 1471 non
1566 1431 1627 1472 se
1677 1422 1736 1468 ut

140 1512 417 1568 hominum
469 1513 712 1568 favorem
763 1512 1112 1583 acquireret,
1163 1511 1416 1564 humanae
1455 1508 1737 1580 sapientiae

137 1609 428 1678 placuisse,
447 1624 622 1678 neque
652 1607 943 1663 verborum
967 1608 1066 1661 arti
1090 1605 1393 1670 studuisse,
1444 1604 1539 1659 sed
1573 1601 1733 1657 fidem

139 1701 349 1757 auctori
377 1701 694 1756 exhibuisse
721 1743 735 1767 ,
765 1701 855 1771 qui
897 1699 1200 1755 doctrinam
1226 1713 1378 1752 suam
1404 1712 1508 1751 non
1541 1705 1735 1751 ornatu

1838 491 1962 536 nata
1994 481 2044 535 in
2074 481 2301 552 gloriam
2319 493 2557 538 nostram
2577 483 2810 553 dicatur,
2831 485 2920 556 qui
2951 484 3247 540 credimus.
3291 483 3438 537 Prat-

1837 576 1982 630 scius
2011 577 2155 632 enim
2191 579 2331 632 Deus
2359 593 2576 633 errores
2620 578 2827 635 futuros
2852 590 2874 619 ο
2908 580 2959 634 in
3009 577 3230 643 mundo,
3273 592 3433 648 quem

1837 677 1953 723 erat
1983 666 2246 731 facturus,
2281 667 2382 725 hoc
2409 669 2651 726 decrevit
2679 671 2744 726 ad
2771 673 3143 728 confusionem
3179 670 3392 726 illorum
3417 712 3433 738 ,

1835 763 1926 833 qui
1952 762 2052 817 sibi
2075 763 2358 819 stultitiam
2386 765 2711 835 sapientiam
2744 763 2939 822 facturi
2965 774 3122 822 erant
3152 782 3166 820 :
3195 765 3261 820 ad
3291 780 3434 820 nos—

1837 865 1974 911 tram
2001 864 2180 913 autem
2204 857 2433 928 gloriam
2461 900 2477 927 ,
2529 858 2619 931 qui
2650 859 2908 917 credituri
2939 875 3158 917 eramus
3184 902 3198 928 ,
3233 869 3289 916 et
3309 875 3432 917 cre-

1836 949 2035 1005 dimus.

1910 1042 2092 1114 (Vers.
2123 1043 2206 1113 8.)
2238 1045 2406 1112 Quam
2436 1061 2584 1101 nemo
2615 1047 2909 1119 principum
2953 1049 3110 1121 hujus
3137 1049 3316 1105 swculi
3345 1065 3435 1106 co-

1835 1137 2040 1208 gnovit;
2065 1139 2109 1192 si
2131 1141 2266 1192 enim
2295 1141 2648 1209 cognovissent
2675 1184 2689 1208 ,
2718 1157 2995 1212 numquam
3016 1141 3303 1198 Dominum
3323 1160 3435 1199 ma-

1826 1228 2035 1298 jestatis
2049 1230 2444 1299 cruciﬁxissent.
2459 1231 2743 1304 Principes
2759 1232 2915 1305 hujus
2927 1235 3109 1290 saeculi
3139 1251 3245 1290 non
3261 1235 3438 1293 solum

1838 1319 2084 1376 homines
2134 1322 2478 1392 accipiendos
2529 1323 2841 1381 Judzeorum
2896 1341 2961 1382 ac
3012 1325 3432 1383 Romanorum:

1837 1414 1931 1471 sed
1961 1426 2012 1471 et
2044 1415 2143 1472 hos
2172 1417 2446 1488 principes
2475 1433 2537 1474 ac
2567 1427 2890 1489 potestates,
2921 1435 3060 1491 quos
3086 1435 3248 1491 supra
3279 1419 3439 1490 dixit,

1839 1507 1906 1564 ad
1938 1524 2074 1579 quos
2100 1526 2229 1566 vere
2275 1512 2510 1582 pertinet
2539 1512 2743 1568 dictum
2796 1513 2899 1569 hoc
2929 1556 2943 1581 ,
2997 1516 3260 1572 adversus
3303 1531 3442 1586 quos

1841 1602 1998 1658 nobis
2029 1604 2346 1660 colluctatio
2371 1613 2455 1661 est
2483 1606 2743 1677 spiritalis
2756 1606 3075 1678 nequitizein
3089 1608 3441 1676 celestibus;

1839 1695 1963 1766 quia
2013 1696 2243 1752 consilio
2295 1713 2360 1753 ac
2411 1699 2691 1755 voluntate
2746 1700 2961 1758 illorum
3017 1701 3309 1758 crucifixus
3359 1709 3446 1758 est

143 1797 452 1854 traditionis
476 1797 729 1852 humanae
752 1795 1146 1866 acceptabilem
1181 1793 1356 1848 voluit
1375 1807 1496 1847 esse
1542 1791 1737 1847 verbo-
1764 1781 1814 1842 B
1840 1785 2092 1842 Christus
2118 1787 2341 1862 (Ephes.
2373 1806 2444 1857 νι,
2483 1791 2595 1862 12).
2629 1791 2876 1864 Denique
2896 1792 2921 1829 ἀ
2951 1803 3074 1864 post
3113 1794 3444 1850 tcutationes

140 1907 257 1946 rum
293 1891 527 1962 strepitu
554 1932 569 1957 ,
617 1889 710 1946 sed
731 1888 860 1961 ipsis
888 1889 1082 1956 rebus;
1124 1887 1249 1958 quia
1291 1902 1378 1943 res
1421 1894 1548 1942 ante
1575 1883 1739 1940 verba

139 1997 278 2043 sunt.

208 2080 235 2119 δ
277 2080 384 2136 Sed
409 2081 462 2133 in
483 2079 774 2134 ostensione
800 2078 1014 2146 spiritus
1057 2085 1101 2130 et
1129 2075 1330 2130 virtutis
1367 2074 1484 2130 Dei.
1514 2074 1650 2143 Quia
1682 2085 1738 2128 ut

139 2175 324 2231 verbis
353 2189 479 2245 qua:
521 2172 735 2226 inﬁrma
770 2171 924 2241 juxta
950 2169 1203 2224 virtutem
1253 2176 1409 2232 sunt,
1465 2180 1554 2221 res
1583 2167 1741 2220 fatua:

139 2275 372 2338 comptzc
421 2265 714 2336 prudentes
760 2263 1046 2328 videntur;
1102 2261 1245 2316 Deus
1301 2259 1744 2331 praedicationem

141 2373 299 2413 suam
316 2373 423 2412 non
441 2355 750 2410 testimonio
767 2355 1055 2410 verborum
1072 2351 1237 2406 voluit
1250 2349 1618 2404 commendari
1632 2348 1745 2412 ,sed

144 2452 362 2506 virtutis
389 2466 404 2515 ;
434 2458 490 2505 ut
508 2449 661 2505 verbi
689 2448 913 2503 stultitia
943 2446 1177 2502 indicata
1205 2486 1220 2512 ,
1254 2445 1409 2501 factis
1442 2460 1500 2500 se
1531 2443 1750 2514 sapien-

140 2545 271 2600 tiam
303 2545 705 2600 demonstraret
729 2543 957 2612 spiritali
981 2542 1191 2596 ratione
1221 2540 1458 2595 fundata.

214 2638 397 2708 (Vers.
423 2638 480 2702 5,
496 2635 577 2706 6.)
595 2635 663 2691 Ut
685 2636 812 2703 ﬁdes
831 2643 999 2690 vestra
1017 2651 1120 2689 non
1141 2635 1206 2688 sit
1230 2635 1280 2688 in
1299 2634 1556 2703 sapientia
1579 2631 1746 2686 homi-

142 2748 286 2798 num,
311 2730 409 2784 sed
431 2732 482 2782 in
504 2731 688 2782 virtute
713 2729 874 2800 118
909 2727 1046 2792 Dei;
1069 2728 1375 2796 sapientiam
1392 2736 1563 2780 autem
1583 2725 1750 2794 loqui-

141 2843 257 2879 mur
287 2827 429 2880 inter
472 2829 763 2896 perfectos;
809 2825 916 2878 hoc
965 2831 1079 2888 est,
1109 2822 1249 2877 inter
1273 2837 1367 2876 eos
1407 2823 1497 2891 qui
1529 2835 1747 2874 crucem

149 2922 350 2978 Christi
387 2921 610 2976 virtutis
656 2919 972 2976 testimonio
1013 2917 1340 2988 sapientiam
1388 2917 1646 2972 fatentur.
1687 2915 1749 2969 ili

151 3015 293 3070 enim
321 3016 602 3086 sapientes
622 3023 678 3071 et
704 3013 930 3085 perfecti
955 3023 1104 3080 sunt,
1129 3013 1219 3083 qui
1261 3011 1418 3068 fidem
1452 3027 1556 3066 non
1582 3011 1752 3082 magis

141 3107 332 3163 verbis
358 3107 597 3173 habent,
627 3122 788 3178 quam
817 3106 1001 3162 rebus.

1851 1879 2091 1933 diabolus
2119 1881 2347 1949 recessit,
2376 1881 2488 1950 ait,
2522 1899 2683 1952 usque
2710 1884 2780 1937 ad
2804 1894 3004 1956 tempus
3043 1884 3193 1957 (Luc.
3221 1901 3294 1953 1v,
3331 1885 3448 1956 15).

1847 1970 1918 2026 Et
1950 1973 2066 2042 ipse
2097 1973 2358 2030 Dominus
2385 1992 2398 2028 :
2434 1974 2709 2047 Princeps,
2745 1978 2940 2050 inquit,
2972 1980 3129 2052 hujus
3155 1979 3336 2035 mundi
3365 1996 3449 2034 re-

1847 2065 1924 2119 nit
1948 2106 1963 2130 ,
1995 2075 2042 2120 et
2087 2067 2139 2120 in
2167 2083 2247 2120 me
2267 2068 2456 2122 invenit
2497 2069 2627 2123 nihil
2653 2068 2832 2142 (Joan.
2866 2087 2983 2137 ιη’,
3015 2071 3128 2144 50).
3164 2071 3448 2144 Principes

1847 2173 1977 2228 ergo
2006 2157 2165 2230 hujus
2193 2161 2377 2215 saeculi
2403 2177 2500 2232 per
2531 2161 2892 2232 ignorantiam
2933 2164 3224 2220 Dominum
3254 2163 3454 2236 majes-

1855 2251 1982 2305 tatis
2009 2244 2433 2319 crucifixerunt;
2471 2271 2591 2308 nam
2620 2255 2934 2312 Judteorum
2967 2259 3239 2330 principes
3260 2301 3277 2326 ,
3311 2275 3451 2329 quo-

1851 2343 2012 2397 modo
2050 2343 2324 2416 principes
2375 2347 2532 2417 hujus
2578 2349 2763 2404 saeculi
2792 2360 3022 2422 possunt
3049 2352 3276 2424 intelligi
3310 2394 3324 2418 ,
3354 2354 3448 2425 qui

1850 2445 2005 2490 erant
2035 2437 2268 2507 subjecti
2301 2453 2470 2510 regno
2496 2439 2794 2495 Romano?
2837 2442 2908 2498 Et
2955 2459 3131 2516 neque
3176 2445 3451 2502 Romano-

1852 2544 1974 2583 rum
2007 2531 2281 2602 principes
2307 2534 2700 2590 crucifixerunt
2728 2533 3004 2593 Christum
3030 2555 3045 2605 ;
3096 2539 3297 2612 quippe
3325 2556 3450 2598 cum

1851 2622 2050 2679 dixerit
2079 2625 2291 2682 Pilatus
2316 2645 2329 2682 :
2363 2627 2815 2686 Nullamcausam
2842 2633 3027 2688 mortis
3079 2633 3277 2689 invenio
3309 2637 3364 2690 in
3393 2652 3453 2692 eo

1853 2715 2034 2786 (Joan.
2061 2734 2171 2786 xix,
2198 2718 2282 2790 4).
2312 2720 2469 2777 Unde
2500 2734 2555 2778 et
2585 2738 2780 2778 manus
2807 2724 2968 2790 lavit,
2997 2725 3407 2783 dicensJudaris
3435 2745 3453 2786 :

1853 2807 2112 2865 lnnocens
2135 2828 2228 2885 ego
2253 2829 2365 2867 sum
2391 2831 2423 2866 a
2454 2816 2705 2887 sanguine
2733 2817 2861 2883 iusti
2889 2817 3047 2890 hujus
3069 2861 3084 2886 ,
3112 2836 3200 2874 ros
3223 2822 3454 2878 videritis

1853 2900 2068 2973 (Matth.
2105 2920 2255 2960 xxvu
2281 2947 2296 2974 ,
2325 2906 2455 2979 24).
2489 2909 2552 2962 Hi
2585 2925 2713 2982 ergo
2760 2911 3034 2983 principes
3069 2915 3456 2974 crucifixerunt

1855 2996 2129 3052 Christum
2156 2999 2468 3068 Dominum,
2491 3019 2625 3073 quos
2646 3005 3176 3076 triumphavitlibere
3200 3008 3254 3064 in
3277 3024 3458 3068 seme-

1859 3091 2000 3162 tipso
2034 3092 2257 3163 (Coloss.
2290 3112 2362 3162 ιι,
2391 3096 2530 3169 15);
2572 3099 2820 3170 quamvis
2863 3100 3009 3156 dicat
3052 3101 3266 3159 Marcus
3291 3119 3458 3161 evan-

213 3203 548 3273 Sapientiam
578 3209 750 3255 autem
773 3217 876 3254 non
916 3199 1076 3274 hujus
1100 3199 1295 3254 surculi.
1321 3199 1490 3254 Recte
1516 3199 1625 3261 ait,
1663 3215 1748 3251 sa-

1856 3186 2044 3256 gelista
2074 3188 2141 3244 dc
2169 3189 2546 3246 daemonibus:
2575 3192 2819 3247 Sciebant
2850 3195 2981 3248 enim
2997 3195 3260 3251 Christum
3285 3199 3456 3270 ipsum

146 3295 399 3364 pientiam
433 3309 534 3347 non
558 3293 710 3364 hujus
727 3293 934 3359 swculi,
967 3291 1061 3347 sed
1093 3290 1287 3358 futuri,
1331 3291 1380 3344 in
1413 3307 1519 3360 quo
1545 3290 1750 3345 veritus

149 3387 240 3442 Dei
277 3385 614 3458 negantibus
661 3385 968 3456 apparebit;
1001 3383 1104 3439 hoc
1127 3384 1273 3439 enim
1301 3385 1557 3439 sarculum
1583 3382 1752 3436 ratio-

140 3495 261 3535 nem
293 3478 446 3533 hanc
471 3493 576 3532 non
605 3478 751 3547 capit
775 3477 1088 3532 infirmitate
1110 3476 1457 3547 cogitationis
1487 3485 1739 3531 terrena).

212 3571 404 3644 Neque
454 3570 746 3641 principum
793 3569 961 3643 {hujus
1001 3570 1176 3625 steculi
1202 3612 1216 3637 ,
1244 3570 1331 3641 qui
1383 3569 1748 3623 destruantur.

142 3663 496 3720 Manifestum
523 3671 607 3718 est
638 3678 741 3717 non
770 3677 891 3717 esse
926 3662 1245 3732 sapientiam
1274 3661 1413 3715 hanc
1445 3661 1748 3732 principum

144 3755 306 3826 hujus
338 3755 566 3820 mundi,
589 3756 718 3826 quia
737 3753 1095 3811 destruuntur
1121 3754 1190 3808 ab
1219 3754 1331 3809 illa.
1365 3753 1756 3808 Christianitas

142 3852 284 3907 enim
317 3865 583 3919 errores,
606 3865 742 3920 quos
768 3849 822 3904 hi
853 3849 1250 3916 inseruerunt,
1285 3847 1520 3914 excidit,
1555 3848 1606 3902 id
1635 3857 1751 3915 est,

142 3943 519 4001 idololatriam
548 3985 562 4009 ,
607 3944 887 3999 avaritiam
947 3952 1001 3999 et
1030 3951 1230 3999 caetera
1261 3942 1413 4011 vitia,
1445 3943 1585 3997 sicut
1623 3942 1756 3998 dicit

140 4036 390 4096 Joannes
427 4037 708 4107 apostolus
731 4037 772 4109 (I
801 4037 960 4090 Joan.
988 4036 1080 4103 ιη’,
1113 4035 1189 4107 8).
1221 4035 1453 4106 Propter
1480 4036 1582 4092 hoc
1611 4036 1758 4092 venit

142 4129 314 4186 Filius
346 4129 482 4196 Dei,
517 4138 574 4183 ut
601 4128 840 4184 solveret
869 4143 1035 4199 opera
1064 4127 1286 4182 diaboli.

215 4222 404 4295 (Vers.
437 4221 518 4292 7.)
549 4221 655 4276 Sed
677 4221 936 4293 loquimur
954 4219 1054 4275 Dei
1075 4220 1389 4289 sapientiam
1410 4221 1462 4274 in
1486 4222 1753 4292 mysterio,

139 4330 256 4386 quae
282 4311 600 4368 abscondita
619 4323 718 4367 est.
744 4312 1029 4367 Occultum
1072 4326 1290 4367 sensum
1320 4313 1673 4369 manifesmre
1698 4329 1759 4367 se

146 4409 381 4462 missum
416 4414 668 4472 testatur,
697 4419 860 4475 quem
885 4419 1061 4476 neque
1110 4403 1381 4475 principes
1413 4446 1427 4471 ,
1457 4420 1633 4476 neque
1665 4420 1761 4475 po-

144 4510 377 4559 testates
411 4501 640 4566 scirent,
672 4513 846 4568 neque
873 4497 1112 4553 mundus
1143 4497 1422 4565 audierat;
1448 4513 1514 4553 ac
1544 4513 1640 4568 per
1658 4498 1761 4553 hoc

1855 3293 1962 3331 esse
1981 3276 2160 3333 Iesum
2207 3279 2225 3352 (
2257 3279 2426 3335 Marc.
2477 3298 2527 3350 ι,
2571 3284 2638 3338 5i
2660 3283 2706 3356 ).
2739 3284 3004 3356 Scierunt,
3025 3288 3244 3359 quidem
3278 3289 3455 3361 ipsum

1855 3385 1976 3426 esse
2001 3411 2016 3438 ,
2060 3372 2156 3427 sed
2203 3372 2294 3443 qui
2343 3375 2393 3428 in
2425 3374 2571 3445 Lege
2603 3378 2904 3446 promissus
2945 3391 3099 3437 erat:
3132 3385 3455 3455 mysterium

1855 3472 2033 3518 tamen
2063 3464 2201 3533 eius,
2233 3481 2344 3536 quo
2363 3466 2532 3524 Filius
2555 3468 2649 3524 Dei
2675 3479 2776 3536 est,
2796 3473 3126 3530 nesciebant.
3159 3477 3272 3533 Hoc
3289 3479 3454 3536 etiam

1856 3567 1909 3611 et
1941 3556 2134 3612 Petrus
2166 3559 2448 3629 apostolus
2504 3561 2570 3616 ad
2628 3563 2889 3632 populum
2939 3565 3223 3624 Judaicum
3276 3570 3455 3631 dixit:

1857 3649 2002 3716 Scio,
2027 3655 2236 3721 fratres,
2260 3655 2379 3723 quia
2408 3671 2500 3724 per
2517 3656 2862 3727 ignorantiam
2885 3662 3061 3733 egistis
3100 3664 3195 3718 hoc
3225 3667 3415 3721 malum
3437 3708 3454 3737 ,

1857 3753 1903 3797 et
1922 3744 2056 3798 sicut
2081 3747 2340 3816 principes
2360 3751 2514 3804 vestri
2543 3748 2765 3822 (Actor.
2795 3769 2852 3807 ιιι
2877 3794 2892 3820 ,
2947 3755 3078 3827 17),
3135 3772 3242 3812 non
3274 3767 3454 3817 tamen

1857 3835 2066 3892 smculi.
2124 3835 2182 3892 Si
2234 3853 2364 3908 ergo
2409 3855 2506 3910 per
2537 3840 2896 3912 ignorantiam
2945 3847 3086 3901 servi
3133 3847 3457 3906 occiderunt

1862 3928 2171 3997 Dominum,
2200 3941 2484 4002 peccatum
2513 3935 2594 3992 eis
2620 3936 2822 3993 ascribi
2857 3953 2962 3993 non
2991 3938 3175 3997 debet.
3205 3942 3313 4000 Sed
3345 3960 3454 4002 non

1859 4023 1987 4080 licet
2013 4024 2118 4082 hoc
2147 4026 2420 4096 ignorare.
2478 4029 2548 4085 Et
2593 4032 2840 4101 quamvis
2867 4033 3154 4092 Dominum
3199 4053 3320 4095 esse
3361 4055 3458 4097 nc-

1859 4117 2124 4184 scierint,
2159 4118 2327 4174 nescii
2362 4130 2541 4178 tamen
2570 4139 2675 4179 non
2706 4134 2865 4182 erant
2893 4127 3016 4198 quia
3067 4145 3182 4185 rem
3234 4131 3456 4203 impiam

1860 4210 2152 4268 faciebant.
2181 4213 2439 4271 Dominus
2472 4225 2650 4273 tamen
2675 4220 2978 4290 majestatis
3007 4223 3300 4280 crucifixus
3329 4225 3462 4283 dici-

1861 4314 1969 4372 tur,
1993 4321 2115 4362 cum
2144 4309 2279 4362 mori
2311 4310 2551 4366 nesciat:
2577 4311 2672 4368 sed
2693 4313 2815 4384 quia
2841 4313 3076 4372 Verbum
3099 4333 3228 4374 caro
3255 4319 3456 4378 factum

1860 4409 1945 4454 est
1968 4440 1982 4466 ,
2016 4400 2067 4455 id
2098 4411 2180 4457 est
2203 4442 2218 4469 ,
2251 4401 2346 4476 Dei
2375 4401 2546 4460 Filius
2574 4405 2890 4464 incarnatus
2922 4408 3088 4466 homo
3133 4411 3306 4469 factus
3335 4423 3458 4485 est,

1862 4492 1963 4562 ipsi
1987 4493 2222 4564 ascripta
2250 4504 2333 4551 est
2354 4511 2530 4562 mors;
2555 4497 2680 4569 quia
2695 4497 2868 4556 Judaei
2891 4516 3001 4559 non
3024 4503 3216 4576 utique
3233 4521 3458 4567 carnem

146 4595 381 4650 stultum
416 4593 630 4664 putari,
690 4591 815 4662 quia
868 4591 1202 4662 incognitum
1236 4601 1352 4646 est:
1401 4605 1524 4646 esse
1580 4598 1760 4646 autem
1789 4581 1843 4641 D
1869 4587 2138 4655 persecuti
2159 4597 2307 4655 sunt,
2331 4587 2430 4644 sed
2454 4605 2578 4644 eum
2610 4591 2700 4662 qui
2727 4593 3054 4663 Operabatur
3077 4612 3174 4667 per
3191 4614 3412 4658 carnem
3441 4618 3457 4672 ;

143 4689 428 4745 rationale
456 4696 512 4743 et
541 4686 780 4742 salutare
823 4692 960 4742 teste
990 4684 1216 4751 virtute,
1269 4685 1358 4740 cui
1382 4684 1562 4740 omnis
1589 4685 1767 4739 inten-

1865 4691 1928 4732 ac
1956 4684 2069 4748 “per
2115 4678 2217 4735 hoc
2255 4682 2506 4752 quamvis
2560 4682 2822 4741 Dominus
2879 4687 3181 4758 majestatis
3228 4703 3459 4751 mortem

145 4782 220 4837 tio
268 4781 429 4838 cedit
480 4777 918 4835 ratiocinationis
968 4778 1243 4834 humanas.
1299 4776 1636 4833 Abscondita
1680 4786 1766 4832 est
1865 4769 2386 4842 ignoret.quantum
2440 4783 2618 4830 tamen
2644 4775 2712 4831 ad
2745 4775 3057 4837 Judmorum
3082 4791 3268 4840 votum
3296 4787 3464 4856 perti-

145 4891 278 4947 ergo
309 4875 418 4933 Dei
451 4874 741 4945 sapientia,
764 4873 892 4928 dum
922 4887 1031 4928 non
1056 4872 1111 4927 in
1138 4871 1341 4939 verbis,
1365 4872 1461 4928 sed
1488 4872 1540 4926 in
1565 4872 1765 4928 virtute

149 4982 266 5038 est;
292 4986 412 5027 non
441 4969 673 5026 humana
701 4967 919 5026 ratione
941 4966 1239 5038 possibilis,
1270 4967 1369 5025 sed
1394 4967 1619 5038 spiritus
1648 4967 1766 5023 elli-

147 5069 303 5124 cacia
335 5066 648 5124 credibilis.

222 5163 410 5230 Quam
437 5159 820 5230 prwdestinavit
868 5157 1011 5213 Deus
1061 5166 1181 5212 ante
1227 5157 1416 5212 stccula
1460 5157 1514 5211 in
1539 5155 1763 5230 gloriam

147 5269 416 5314 nostram.
475 5254 658 5326 Usque
698 5254 834 5311 adeo
862 5269 990 5310 vera
1039 5253 1305 5324 sapientia
1338 5296 1352 5321 ,
1403 5262 1460 5310 et
1497 5268 1620 5309 cum
1647 5253 1762 5308 Deo

221 5411 251 5438 ἰ
292 5398 382 5454 Ita
411 5399 546 5451 edit.
581 5413 792 5463 omnes,
833 5412 898 5452 ac
928 5410 1058 5452 mss.
1086 5395 1332 5462 aliquot:
1369 5393 1458 5448 alii
1491 5407 1624 5448 vero
1653 5408 1768 5448 ma-

148 5472 534 5543 joriinumero
558 5508 573 5532 ,
623 5479 670 5524 et
707 5469 1032 5543 inimicitiam
1059 5467 1362 5543 gentibus...
1395 5464 1615 5543 ostendit
1643 5465 1768 5533 quia

154 5537 219 5598 ne
251 5542 537 5596 hominum
573 5543 794 5611 favorem
818 5537 1139 5611 acquireret,
1183 5539 1376 5592 idcirco
1399 5537 1639 5591 humana:
1683 5553 1770 5591 sa-

152 5616 371 5687 pientiae
395 5611 608 5683 placere
641 5612 882 5687 noluisse.

224 5686 254 5724 δ
299 5680 452 5740 Mss.
481 5683 808 5751 complures,
834 5683 941 5738 Sed
985 5683 1054 5737 ad
1081 5682 1420 5737 ostensionem
1448 5680 1663 5748 spiritus
1689 5723 1704 5744 ,
1730 5692 1776 5734 et

151 5758 368 5813 rirtutis
395 5753 523 5808 Dei.
559 5755 965 5823 Consequenter
986 5763 1166 5809 autem
1198 5754 1356 5808 Rom.
1387 5751 1518 5806 edit.
1567 5753 1645 5807 sic
1681 5752 1777 5803 ha—

153 5831 247 5886 bet
275 5846 291 5885 :
327 5826 464 5883 Hoc
490 5833 588 5894 est,
613 5825 734 5895 quia
761 5843 870 5897 quia
913 5827 1075 5883 verbis
1102 5826 1333 5895 infirma,
1368 5824 1515 5892 iuxta
1541 5824 1777 5880 virtutem

1868 4875 1981 4936 net,
2007 4877 2061 4923 et
2089 4868 2156 4923 ad
2188 4869 2488 4942 principum
2511 4870 2675 4944 hujus
2693 4876 2901 4946 saeculi,
2934 4878 3223 4939 Dominum
3251 4886 3465 4942 occide-

1869 4969 1994 5016 runt
2025 4961 2078 5016 in
2107 4977 2292 5019 carne.

1942 5057 2123 5130 (\lcrs.
2156 5057 2238 5127 9.)
2266 5058 2374 5115 Sed
2392 5059 2522 5114 sicut
2543 5062 2794 5134 scriptum
2821 5074 2897 5120 est
2923 5065 3132 5138 :JQuod
3154 5071 3334 5124 oculus
3365 5088 3466 5126 non

1868 5151 1997 5204 vidit
2021 5192 2035 5218 ,
2069 5167 2162 5206 nec
2203 5153 2345 5207 auris
2365 5153 2596 5222 audiuit,
2629 5171 2722 5210 nec
2741 5157 2796 5212 in
2823 5174 2911 5214 cor
2955 5161 3176 5217 hominis
3202 5161 3464 5230 ascendit,

1866 5264 1980 5319 qua:
2006 5247 2316 5319 prcepararit
2345 5247 2484 5305 Deus
2513 5249 2846 5321 diligentibus
2868 5269 3004 5309 eum.
3027 5254 3139 5310 Hoc
3167 5263 3254 5310 est
3298 5257 3471 5328 scrip-

1875 5390 2054 5516 genia,
2080 5403 2164 5444 res
2191 5391 2471 5459 fatum”...
2505 5398 2562 5444 ut
2591 5390 2756 5445 verbis
2791 5391 3030 5445 stultitia.
3054 5428 3067 5444 .
3093 5431 3106 5443 .
3130 5394 3330 5451 ratione
3349 5397 3470 5468 futt-

1912 5472 2069 5516 alam.

1912 5472 2186 5588 αὲωὲοιιι.
2212 5533 2408 5600 codex,
2441 5535 2494 5589 in
2526 5533 2720 5588 mundo
2744 5574 2758 5600 ,
2788 5532 2852 5586 de
2888 5530 2971 5586 Itis
2993 5571 3010 5600 ,
3044 5547 3159 5603 qua:
3180 5547 3292 5594 erat
3305 5542 3472 5613 factu—

1879 5624 1989 5715 rufi.
2017 5677 2165 5731 Idem
2195 5677 2389 5744 codex,
2420 5687 2530 5749 post
2559 5674 2858 5749 tentationes
2886 5689 3028 5749 quq
3040 5674 3266 5736 Domino
3289 5685 3474 5743 diabo-

1884 5751 1964 5804 lus
1985 5749 2178 5816 inferre
2207 5765 2366 5803 ausus
2389 5744 2480 5816 est,
2509 5749 2579 5801 ait
2607 5744 2918 5818 evangelista
2943 5761 2961 5801 :
2989 5745 3216 5808 Recessit
3243 5754 3483 5819 diabolus

1885 5835 2049 5895 usque
2069 5821 2137 5875 ad
2164 5828 2385 5890 tempus.
