3978 6310
109 270 199 332 19τ

827 261 1326 325 COMMENTARIA
1365 261 1428 318 lN
1473 258 1686 316 EPIST.
1733 255 1826 312 AD
1865 251 2283 313 CORINTHIOS
2321 251 2605 314 PRIMAM.

3282 257 3382 314 198

99 392 250 463 magis
292 389 527 445 stultum
576 388 801 444 deberet
835 384 1074 453 habere,
1121 389 1178 440 et
1223 379 1355 436 illud
1392 377 1631 450 prudens
1655 416 1671 444 ,
1701 377 1753 442 Α
1780 369 2064 440 spiritalis,
2094 368 2391 463 unicuique
2413 367 2714 427 secundum
2742 371 2886 428 vires
2913 385 3043 429 suas
3092 370 3380 435 tradebat;

100 484 227 556 quod
271 483 400 553 quia
436 481 530 537 Dei
578 480 772 536 factum
802 477 1023 544 dicitur,
1058 491 1163 531 non
1212 480 1387 545 potest
1417 485 1669 542 compre-

99 575 266 632 bendi.

163 668 221 722 Et
243 685 341 722 non
375 675 545 739 potest
571 669 701 722 scire
717 683 737 735 ;
780 665 1022 738 quoniam
1052 662 1355 732 spiritaliter
1372 658 1667 734 judicatur.

96 764 380 820 Humanam
413 760 759 816 traditionem
788 765 1104 829 sequentes,
1135 755 1262 810 dum
1295 755 1457 808 unius
1491 751 1581 806 Dei
1612 748 1673 804 il-

96 857 209 911 dem
232 855 524 923 abnegant,
551 851 903 922 spirituali‘ter
927 851 1124 905 factum
1153 858 1258 911 est,
1290 846 1442 916 quod
1459 845 1671 901 ratione

95 946 260 1003 carnis
289 944 461 1000 inﬂati
496 955 688 1015 putant
718 943 832 998 iieri
865 958 972 997 non
1005 956 1203 1012 posse:
1249 949 1304 995 et
1334 941 1413 996 sic
1451 939 1670 1006 reprobi

95 1039 320 1095 annotati
349 1080 365 1106 ,
389 1037 710 1108 spiritaliter
739 1035 1082 1090 condemnati
1109 1046 1255 1089 sunt.

158 1131 326 1203 (γεγε.
364 1130 480 1201 15.)
506 1130 772 1200 Spit-italis
801 1147 918 1184 vero
945 1128 1210 1203 dijudicat
1241 1131 1412 1183 omnia
1434 1170 1448 1194 ,
1493 1135 1542 1182 et
1566 1127 1674 1199 ipse

93 1245 119 1280 a
146 1227 336 1281 nemine
354 1225 650 1295 judicatur.
678 1223 945 1293 Quoniam
976 1239 1101 1278 vera
1141 1222 1282 1278 ratio
1308 1220 1672 1294 Spirituaiinm

94 1327 190 1384 est,
220 1318 268 1373 id
297 1325 404 1380 est,
439 1315 808 1382 credent-ium;
855 1317 958 1372 hoc
985 1317 1128 1371 enim
1156 1315 1277 1387 quis
1305 1324 1674 1385 nuncupatur,

91 1411 222 1482 quod
246 1409 422 1465 credit
446 1427 459 1463 :
482 1410 606 1464 ideo
633 1410 736 1478 ipsi
753 1411 938 1464 omnia
965 1409 1233 1479 judicant.
1252 1408 1508 1479 ipsorum
1525 1409 1671 1464 enim

92 1504 328 1574 exemplo
362 1503 658 1559 inlidelitas
684 1502 1110 1574 dijudicabitur:
1169 1504 1272 1574 ipsi
1306 1514 1488 1560 autem
1517 1519 1546 1557 a
1579 1517 1678 1558 ne-

92 1597 228 1650 mine
250 1596 663 1666 judicabuntur.
710 1597 844 1666 Quis
883 1597 1025 1652 enim
1058 1597 1387 1654 condemnet
1415 1614 1542 1654 vera
1593 1595 1676 1652 di-

91 1688 482 1747 centettt‘lCum
503 1691 649 1747 enim
671 1700 886 1748 constet
909 1705 1101 1745 omnes
1123 1691 1370 1747 inimicos
1393 1689 1515 1746 fidei
1541 1691 1673 1746 falsa

1773 477 1842 518 ne
1872 479 1970 533 per
1997 462 2465 534 imperfectionem
2515 472 2570 518 et
2602 464 2934 532 imperitiam
2964 466 3086 536 quis
3127 465 3194 521 de
3221 465 3383 521 rebus

1773 555 2112 624 spiritalibus
2146 553 2467 609 scandalum
2503 564 2798 623 pateretur.

1844 645 2024 716 (Vers.
2047 644 2130 716 2.)
2156 643 2409 698 Nondum
2442 643 2575 698 enim
2617 647 2879 715 poteratis.
2915 647 3164 704 Ostendit
3192 657 3383 717 aperte

1773 752 1882 792 non
1920 737 2041 793 illos
2073 737 2330 794 debuisse
2371 735 2580 805 audire,
2624 752 2742 809 quae
2783 741 3120 797 confirmatis
3149 741 3377 798 dicenda

1773 841 1920 885 sunt.

1849 923 1957 978 Sed
1978 938 2138 993 neque
2160 939 2300 978 nunc
2319 924 2573 997 potestis;
2601 924 2774 978 adhuc
2813 927 2948 981 enim
2977 929 3213 985 carnales
3235 930 3374 986 estis.

1778 1017 1874 1072 llic
1905 1019 2062 1074 valde
2107 1020 2286 1091 arguit
2342 1020 2705 1075 temeritatem
2735 1020 2956 1076 illorum
2985 1062 2999 1087 ,
3050 1024 3140 1095 qui
3186 1041 3381 1096 quere-

1775 1109 1978 1166 bantur
1998 1111 2200 1168 dudum
2233 1126 2293 1167 se
2326 1127 2432 1167 non
2479 1112 2698 1168 audisse
2722 1113 3018 1182 spiritalia;
3050 1131 3174 1171 cum
3206 1118 3378 1172 adhuc

1777 1208 1986 1278 indigni
2013 1221 2199 1267 essent
2227 1211 2429 1268 audire.
2453 1211 2899 1281 Pseudoapostoli
2915 1211 3057 1266 enim
3073 1213 3380 1283 promiscue

1777 1304 2032 1358 omnibus
2059 1319 2167 1358 uno
2194 1314 2358 1375 atque
2387 1303 2580 1360 eodem
2608 1319 2808 1375 genere
2840 1304 3140 1370 tradebant,
3179 1306 3384 1360 nullius

1779 1410 2068 1466 personam
2099 1394 2516 1461 discernentes;
2571 1405 2627 1450 ut
2657 1397 3023 1466 acceptabiles
3056 1397 3254 1454 tierent
3287 1414 3382 1468 per

1778 1487 2093 1559 hypocrisin
2145 1487 2548 1544 commendati:
2601 1504 2725 1543 cum
2772 1499 2985 1546 constet
3021 1490 3304 1546 Dominum
3328 1501 3380 1544 et

1778 1589 2058 1636 auctorem
2103 1591 2349 1636 nostrum
2397 1581 2672 1636 Christum
2724 1581 2886 1638 aliter
2926 1583 3174 1654 populis,
3223 1585 3384 1639 aliter

1780 1672 2066 1742 discipulis
2091 1672 2404 1728 interfatum
2432 1714 2444 1738 ,
2479 1683 2532 1729 et
2561 1673 2706 1728 inter
2743 1675 2889 1745 ipsos
2919 1678 3196 1748 apostolos
3218 1677 3385 1732 fuisse

94 1791 269 1837 tenere
301 1795 402 1849 pro
427 1783 574 1837 veris
604 1824 620 1849 ,
670 1783 948 1838 accusatio
969 1783 1185 1838 illorum
1233 1785 1285 1838 in
1320 1785 1532 1838 irritum
1563 1784 1673 1853 jam

1811 1765 2135 1829 iistantiam;
2170 1765 2342 1820 tribus
2382 1767 2582 1820 ctenim
2631 1765 2914 1837 discipulis
2956 1768 3185 1838 gloriam
3227 1786 3381 1823 suam

93 1874 312 1929 deducta
342 1884 449 1939 est,
478 1875 593 1929 veri
623 1875 833 1942 judicio
859 1875 1250 1942 condemnata;
1280 1878 1405 1947 quia
1437 1877 1529 1948 qui
1568 1893 1675 1932 non

90 1967 394 2034 crediderit,
427 1967 600 2037 inquit
631 1955 918 2035 Dominus,
942 1968 1050 2040 jam
1073 1967 1350 2038 judicatus
1380 1979 1463 2026 est
1492 1968 1675 2042 (Ioan.

93 2075 183 2124 ιιι,
214 2059 343 2130 18).

158 2152 334 2226 (Vers.
371 2153 484 2222 i6.)
537 2153 664 2219 Quis
705 2154 841 2208 enim
889 2153 1126 2223 cognovit
1175 2169 1381 2209 sensum
1421 2151 1634 2208 Domini
1659 2154 1690 2207 7

92 2249 202 2317 quis
225 2247 600 2302 instruatiteum
646 2248 665 2312 (
697 2247 840 2302 Esai.
869 2264 967 2312 xc,
1013 2247 1158 2320 ιδῃ
1197 2248 1406 2304 Sensus
1441 2249 1535 2304 Dei
1559 2257 1680 2316 est,

94 2342 240 2412 quod
263 2342 377 2397 haec
405 2343 724 2413 spiritaliter
749 2343 915 2412 jussit
941 2343 1054 2397 lleri
1081 2387 1094 2406 ,
1120 2357 1216 2412 per
1236 2357 1356 2413 quae
1381 2341 1568 2397 mundi
1599 2357 1687 2397 sa-

97 2435 294 2505 pientia
321 2436 854 2506 stulta-probaretur.
907 2450 1115 2506 negans
1163 2450 1321 2504 posse
1367 2437 1482 2490 fieri
1540 2435 1688 2506 quod

93 2529 288 2584 factum
314 2540 418 2586 est.
448 2530 619 2596 Quem
647 2545 867 2585 sensum
903 2531 1088 2585 nullus
1109 2541 1214 2596 est,
1238 2531 1328 2600 qui
1349 2531 1686 2603 cognoverit,

94 2632 145 2678 ει
165 2624 450 2693 diSpliceat
479 2624 580 2688 illi,
612 2632 669 2678 ut
697 2623 952 2679 emendet
971 2623 1260 2678 consilium
1289 2621 1422 2690 Dei;
1451 2624 1574 2696 quia
1599 2625 1690 2694 qui

94 2718 364 2787 cognovit,
395 2717 581 2772 laudat
613 2717 908 2788 potentiam
938 2716 1055 2783 Dei,
1081 2733 1243 2788 quem
1276 2719 1364 2789 qui
1388 2718 1568 2774 omnia
1600 2733 1694 2773 ne-

95 2821 184 2879 gat
211 2825 410 2879 posse,
455 2826 558 2866 nec
605 2811 864 2866 amntium
908 2810 1080 2866 credit
1125 2811 1338 2867 fecisse.
1370 2811 1508 2880 Quid
1547 2812 1691 2868 enim

99 2917 348 2974 magnum
375 2913 486 2971 est,
522 2913 585 2958 nt'
605 2903 764 2960 dese
806 2904 1060 2960 credatur
1089 2920 1386 2976 generasse
1408 2948 1423 2972 ,
1457 2905 1548 2977 qui
1586 2922 1694 2960 non

97 2996 385 3064 ambigitur
407 3007 603 3052 cuncta
633 3013 700 3053 ex
731 2997 904 3053 nihilo
928 2999 1156 3055 iecisse?
1182 3002 1380 3070 quippe
1405 3015 1526 3055 cum
1553 2999 1700 3055 dicat

97 3089 385 3144 Salvator:
417 3089 571 3160 Apud
626 3089 791 3146 Deum
839 3104 1014 3146 autem
1061 3094 1233 3147 omnia
1264 3093 1534 3164 possibilia
1579 3103 1699 3149 sunt

1785 1862 1840 1914 in
1868 1868 2052 1914 monte
2079 1861 2352 1925 ostendit,
2397 1858 2588 1915 dicens
2639 1859 2748 1915 illis
2786 1869 2840 1915 ut
2885 1871 3129 1918 tacerent
3170 1862 3387 1929 visum,

1783 1951 2046 2022 quamdiu
2069 1966 2099 2006 a
2132 1951 2360 2007 mortuis
2391 1962 2700 2022 resurgeret
2729 1950 2944 2022 (Matth.
2974 1970 3083 2008 xm
3104 1998 3117 2021 ,
3143 1954 3241 2026 9).

1861 2047 2015 2117 121
2035 2043 2217 2117 (νει-ε.
2235 2044 2316 2116 5.)
2330 2043 2458 2098 Cum
2473 2045 2607 2098 enim
2622 2045 2675 2098 in
2691 2044 2829 2099 vobis
2841 2045 3394 2102 wnmlationesetcon-

1787 2140 2038 2194 tentiones
2050 2141 2175 2206 sint,
2193 2153 2362 2193 nonne
2375 2139 2610 2192 carnales
2624 2137 2834 2208 estis,fel
2844 2140 3121 2194 secundum
3136 2139 3392 2195 hominem

1787 2231 2065 2286 atnbulatis
2086 2232 2110 2284 .’
2130 2229 2474 2300 indignitatis
2499 2246 2719 2286 causam
2749 2233 3020 2297 ostendit;
3053 2233 3175 2302 quia
3209 2235 3298 2304 qui
3325 2236 3392 2289 de

1789 2325 2018 2380 homine
2064 2333 2250 2394 sperat
2298 2323 2583 2391 auxilium,
2623 2325 2862 2379 carnalis
2912 2334 3015 2380 est.
3047 2326 3147 2393 Qui
3188 2336 3393 2382 autem.

1791 2430 1973 2489 spreta
1998 2416 2358 2482 humanitate,
2387 2416 2456 2472 de
2478 2418 2587 2473 Deo
2604 2425 2806 2489 sperat,
2833 2417 3099 2489 spiritalis
3125 2429 3208 2475 est
3233 2437 3246 2487 ;
3275 2422 3402 2491 quia

1797 2514 1950 2569 Deus
1965 2512 2194 2584 spiritus
2223 2521 2326 2567 est.

1865 2612 2048 2686 (Vers.
2079 2609 2162 2683 ι.)
2195 2611 2324 2665 Cum
2349 2612 2486 2665 enim
2516 2610 2628 2680 quis
2659 2613 2801 2666 dicat
2833 2629 2851 2666 .'
2899 2609 3011 2683 Ego
3051 2629 3164 2667 sunt
3210 2607 3400 2677 Pauli;

1797 2709 1932 2762 alius
1961 2715 2134 2762 autent
2166 2722 2184 2760 .'
2213 2705 2326 2779 Ego
2351 2706 2574 2778 Apollo;
2605 2723 2773 2762 nonne
2801 2705 3034 2762 homines
3064 2707 3226 2762 estis?
3254 2707 3406 2762 Sicut

1797 2801 1944 2856 enim
1963 2799 2272 2871 gloriantes
2302 2799 2352 2852 in
2387 2800 2517 2862 Deo,
2551 2799 2697 2854 etde
2725 2798 2843 2869 ipso
2875 2814 3092 2855 onmem
3123 2798 3149 2837 ι)
3170 2800 3401 2871 gratiam

1801 2901 2113 2962 sperantes,
2158 2891 2232 2946 dii
2283 2889 2564 2958 dicuntur,
2597 2906 2625 2944 a
2677 2889 2790 2946 Deo
2834 2893 3108 2961 adoptati;
3150 2893 3220 2947 ita
3259 2902 3313 2947 ct
3355 2891 3407 2947 in

1805 2986 2033 3041 homine
2056 2985 2382 3058 gloriantes,
2414 2993 2470 3040 et
2496 2983 2746 3040 homines
2775 2991 2829 3039 et
2856 2985 3106 3039 carnales
3129 2984 3404 3050 dicuntur,

1806 3079 2082 3135 sententia
2111 3079 2204 3134 Dei
2235 3077 2505 3146 conclusi,
2546 3077 2640 3149 qui
2671 3078 2747 3132 ait
2777 3093 2792 3132 :
2827 3075 2941 3149 Ego
2970 3079 3103 3145 dixi,
3136 3079 3210 3132 dii
3247 3079 3367 3132 estis
3393 3095 3410 3138 ,'

99 3181 310 3248 (Matth.
342 3198 468 3249 xrx,
503 3181 620 3254 26);

168 3273 287 3328 Nos
337 3286 518 3330 autem
562 3293 769 3332 sensum
811 3278 1023 3332 Domini
1079 3278 1343 3335 habmus.
1390 3280 1502 3334 lioc
1530 3279 1697 3346 dicit,

101 3377 124 3402 ³
152 3371 282 3437 quia
315 3370 609 3428 credentes
649 3373 945 3444 participes
989 3387 1178 3429 sumus
1224 3372 1467 3444 ejusdem
1502 3373 1702 3429 divina:

100 3463 409 3522 sententiae.

1729 3187 1774 3250 ρ
1808 3192 1894 3229 ros
1923 3183 2095 3229 autem
2139 3175 2271 3228 sicut
2301 3171 2540 3228 homines
2573 3173 2864 3228 moriemini
2898 3173 3072 3248 (Psal.
3108 3191 3294 3241 LXXXI,
3332 3175 3410 3246 6).

1807 3269 1850 3321 Α
1898 3281 1994 3321 sua
2033 3281 2168 3336 ergo
2197 3281 2432 3335 persona
2465 3264 2682 3335 incipit;
2734 3281 2801 3322 ne
2837 3265 2976 3321 forte
3008 3269 3291 3337 putaretur
3319 3283 3416 3337 per

1808 3361 2072 3418 invidiam
2107 3360 2280 3432 magis
2321 3375 2585 3432 personas
2630 3361 2844 3416 illorum
2882 3363 3187 3431 desmtere,
3232 3371 3419 3420 osten-

1809 3455 1954 3510 dens
1975 3465 2499 3524 magnum‘crrorem
2527 3462 2584 3507 et
2607 3452 2675 3507 ad
2707 3453 2798 3508 Dei
2837 3455 3224 3510 contumeliam
3256 3458 3423 3526 perti-

1813 3566 1961 3615 nere,
2003 3547 2224 3618 quando
2251 3547 2362 3602 Deo
2393 3545 2716 3616 praedicata,
2763 3549 2934 3616 gloria
2985 3549 3149 3604 datur
3180 3548 3429 3604 hotnini~

1813 3643 1932 3696 bus.
1965 3640 2106 3709 Quid
2137 3655 2270 3710 ergo
2300 3639 2480 3693 minus
2511 3647 2596 3693 est
2626 3654 2653 3692 a
2696 3639 3028 3709 gentilitate,
3062 3641 3190 3696 dum
3236 3641 3415 3699 adhuc

1813 3734 2016 3804 aliquid
2044 3733 2113 3788 de
2140 3732 2460 3788 hominibus
2479 3732 2774 3802 speratur?

1888 3828 2072 3900 (Vers.
2109 3827 2201 3899 5.)‘
2223 3825 2368 3894 Quid
2408 3826 2569 3899 igitur
2596 3835 2670 3881 est
2703 3825 2891 3897 Apollo
2914 3825 2943 3880 ἵ
2965 3826 3104 3896 Quid
3130 3845 3244 3883 vero
3276 3828 3422 3885 Pau-

1819 3923 1948 3978 lus.’
1983 3921 2214 3976 Ministri
2235 3921 2370 3992 ejus,
2411 3921 2494 3974 cui
2539 3918 2855 3975 credidistis.
2913 3917 2980 3976 Ut
3012 3920 3137 3992 quia
3186 3921 3424 3979 ministri

1818 4024 1968 4082 sunt,
1993 4029 2118 4085 spes
2147 4014 2199 4068 in
2233 4014 2318 4068 his
2348 4027 2454 4068 non
2485 4013 2577 4080 sit,
2612 4013 2708 4068 sed
2742 4014 2793 4067 in
2824 4014 2957 4078 Deo,
2991 4015 3146 4086 cujus
3180 4015 3423 4072 ministri

1821 4120 1972 4164 sunt.
2007 4107 2092 4162 illi
2125 4107 2271 4162 enim
2297 4109 2594 4177 gratiarum
2631 4106 2778 4161 actio
2809 4105 3101 4162 deferenda
3143 4118 3248 4175 est,
3273 4109 3429 4180 cujus

1822 4203 2027 4258 donum
2059 4210 2182 4266 est;
2220 4201 2272 4255 1ιί
2307 4214 2440 4255 vero
2471 4199 2640 4264 servi,
2671 4213 2812 4268 quos
2833 4200 2994 4254 etiam
3029 4199 3229 4256 invitos
3267 4216 3430 4273 opor-

1824 4303 1905 4352 tet
1926 4295 2269 4365 dispensare.
2303 4292 2576 4363 Numquid
2609 4308 2716 4348 non
2747 4292 2962 4365 Moyses
2988 4305 3210 4350 coactus
3239 4303 3324 4351 est
3353 4297 3433 4354 ire

725 3600 958 3666 CAPUT.
997 3601 1083 3657 lll.

167 3733 356 3803 (Vere.
397 3733 482 3804 1.)
509 3735 576 3790 Et
604 3752 696 3808 ego
724 3775 742 3804 ,
806 3741 1000 3809 fratres
1022 3779 1036 3804 ,
1079 3754 1184 3793 non
1229 3739 1372 3810 potui
1401 3739 1540 3794 vobis
1571 3739 1714 3809 loqui

101 3828 242 3894 quasi
270 3827 628 3899 spiritalibus,
683 3829 772 3882 sed
799 3831 947 3899 quasi
991 3830 1306 3885 carnalibus.
1342 3829 1501 3886 Nunc
1527 3831 1609 3886 his
1634 3835 1714 3887 io-

100 3921 308 3990 quitur,
363 3921 464 3992 qui
497 3933 786 3992 propterea
816 3923 959 3993 quod
988 3925 1174 3978 saeculi
1213 3923 1394 3980 adhuc
1417 3926 1713 3996 voluptati-

102 4012 208 4069 bus
227 4015 574 4083 serviebant,
603 4019 848 4071 carnales
880 4024 1057 4072 erata.
1089 4016 1348 4084 Quamvis
1388 4018 1502 4087 jam
1533 4018 1712 4089 bapti-

101 4107 202 4160 zati
234 4117 458 4172 essent,
488 4117 543 4163 et
569 4107 832 4178 Spiritum
863 4116 1110 4164 sanctum
1144 4111 1511 4180 accepissent;
1535 4124 1716 4168 tamen

103 4201 226 4271 quia
281 4213 432 4272 post
467 4202 795 4273 baptismum
836 4204 1026 4258 statim
1070 4204 1136 4260 ad
1169 4213 1409 4262 veterem
1440 4206 1717 4264 hominem

102 4293 322 4350 fuerant
345 4297 558 4352 reversi
581 4338 596 4361 ,
627 4298 712 4352 cui
745 4297 1289 4366 abretmntiavcrant,
1318 4300 1572 4357 dicuntur
1593 4316 1719 4357 car-

105 4389 281 4444 nales.
319 4389 569 4460 Spiritus
599 4391 745 4446 enim
774 4399 1004 4446 sanctus
1030 4403 1156 4448 tunc
1207 4403 1491 4463 permanet
1536 4395 1587 4449 in
1615 4409 1682 4450 eo
1705 4435 1719 4460 ,
1823 4391 1892 4446 ad
1921 4391 2297 4457 Pharaonem;
2333 4399 2388 4444 et
2411 4385 2580 4444 Jonas
2620 4390 2822 4444 invitus
2871 4392 3073 4446 missus
3113 4402 3196 4447 est
3234 4393 3434 4462 praedi-

105 4483 192 4535 cui
221 4497 285 4538 se
315 4482 619 4548 infuderat,
653 4483 702 4538 si
729 4495 1044 4555 permaneat
1081 4486 1140 4540 in
1181 4486 1466 4555 preposito
1497 4501 1726 4557 regene—
1828 4499 1955 4540 care
1983 4484 2261 4550 Ninivitis,
2289 4490 2346 4537 et
2385 4482 2628 4538 Ananias
2679 4483 3064 4539 contradicens
3114 4486 3312 4542 missus
3351 4497 3440 4545 est

111 4575 387 4632 rationis:
423 4577 478 4632 si
503 4579 793 4648 quominus
816 4619 831 4645 ,
857 4577 1135 4645 abscedit;
1187 4579 1269 4635 ita
1292 4589 1469 4636 tamen
1500 4591 1557 4635 ut
1585 4581 1627 4636 si
1672 4595 1732 4637 se
1757 4575 1812 4639 Β
1838 4581 2004 4637 Saulo
2034 4594 2256 4635 manum
2289 4579 2617 4648 imponere?

111 4668 518 4725 reiormaverit
543 4671 729 4736 homo,
767 4671 957 4727 redeat
986 4673 1053 4727 ad
1086 4673 1265 4728 illum.
1313 4674 1542 4745 Semper
1578 4675 1724 4730 enim
1911 4676 1977 4732 Et
2007 4677 2280 4747 unicuique
2300 4677 2434 4730 sicut
2454 4671 2710 4730 Dominus
2740 4673 2881 4730 dedit
2908 4693 2926 4729 :
2958 4673 3013 4732 id
3037 4686 3140 4743 est,
3167 4677 3309 4734 sicut
3338 4695 3437 4734 vo-

115 4775 345 4831 paratus
365 4765 686 4822 silibonem
705 4775 816 4830 est,
843 4767 1078 4838 diligens
1108 4769 1504 4837 paenitentiam.
1841 4773 1965 4840 init,
1995 4780 2050 4826 et
2071 4771 2250 4835 scivit,
2271 4767 2461 4824 divisit
2491 4768 2722 4840 singulis
2761 4768 2944 4824 officia
2979 4771 3289 4828 ministerii.

189 4858 366 4926 Quasi
396 4860 631 4928 parvulis
659 4861 712 4914 in
735 4858 940 4915 Christo
970 4862 1051 4916 lac
1074 4861 1216 4918 vobis
1240 4874 1416 4935 potum
1436 4864 1594 4931 dedi,
1628 4884 1732 4923 non
1916 4863 2097 4937 (Vers.
2131 4861 2212 4932 6.)
2248 4860 2356 4934 Ego
2401 4861 2654 4933 plantavi,
2701 4861 2888 4934 Apollo
2916 4863 3122 4935 rigavit,
3169 4865 3260 4919 sed
3300 4863 3445 4924 Deus

115 4966 311 5005 escam.
347 4951 612 5019 Quamvis
641 4953 814 5007 renati
841 4955 1105 5010 esse-utin
1137 4955 1379 5023 Christo,
1417 4967 1595 5014 tamen
1626 4976 1732 5015 non
1847 4963 2218 5016 incrementum
2247 4958 2408 5013 dedit.
2446 4957 2697 5014 Plantare
2727 4968 2810 5014 est
2848 4960 3245 5030 evangelicare,
3285 4971 3339 5016 et
3376 4959 3450 5019 ad

119 5043 214 5099 fuit
243 5045 486 5116 dignum
515 5044 1014 5115 tradi-spirituaiia;
1043 5059 1262 5120 accepta
1291 5050 1434 5105 cuitu
1469 5051 1592 5118 fide,
1617 5068 1738 5124 qum
1853 5053 2014 5109 iidem
2074 5051 2351 5107 attrahere
2385 5068 2398 5106 :
2430 5051 2612 5123 rigare
2656 5067 2819 5117 vero,
2868 5051 3147 5123 baptizare
3187 5054 3449 5109 solemni-

119 5136 885 5206 estiveiuteemenspiritale,
915 5139 1120 5194 nullum
1141 5141 1740 5214 frttctum'Deodignum
1851 5145 1955 5202 bus
1995 5144 2180 5201 verbis
2214 5162 2227 5199 :
2268 5152 2488 5215 peccata
2527 5145 3046 5213 autemdimittere,
3090 5157 3143 5202 et
3181 5146 3462 5217 Spiritum.-

122 5230 428 5295 ieeernnt-,
466 5240 536 5285 ιιι¹
564 5230 918 5299 pariet-tionis
968 5233 1141 5287 verba
1183 5245 1527 5291 mererentur
1558 5237 1740 5292 addis-
1851 5238 2004 5306 dare,
2039 5238 2132 5293 Dei
2162 5237 2352 5293 solius.
2389 5237 2445 5292 Si
2479 5253 2607 5308 ergo
2648 5235 2902 5293 eil'ectum
2930 5238 3126 5295 salutis
3154 5239 3298 5296 Deus
3335 5242 3448 5308 dat,

121 5338 290 5378 cere:
329 5324 435 5378 sed
473 5326 622 5391 quasi
655 5324 868 5394 parvuli
893 5323 1600 5394 itnperlectionissmtsiluts
1621 5339 1729 5385 stu-
1855 5331 2002 5384 nulla
2058 5329 2230 5400 gloria
2292 5328 2376 5394 in,
2407 5329 2510 5383 hac
2563 5344 2641 5382 re-
2675 5328 2916 5384 hotninis
2958 5341 3054 5385 est:
3081 5331 3216 5402 (Art.
3269 5348 3326 5399 π,
3369 5332 3448 5404 4).

125 5415 366 5478 debattt-
401 5416 932 5487 Apostolusautema.
955 5419 1033 5474 vir
1061 5418 1320 5485 divinus,
1387 5432 1445 5476 es
1491 5423 1740 5480 medicus
1855 5423 2068 5478 Scimus
2092 5423 2240 5478 enim
2267 5429 2322 5476 et
2346 5421 2614 5490 Spiritum
2635 5422 3028 5478 sanetunt'siue
3059 5440 3250 5479 manus
3279 5427 3458 5496 impo-

203 5540 228 5568 ⁸
274 5533 353 5587 ita
393 5521 531 5588 mss.
563 5532 747 5603 plures
774 5572 788 5594 ,
815 5531 1193 5603 potioresque,
1223 5547 1250 5584 a
1287 5532 1480 5603 quibus
1508 5533 1610 5590 hoc
1636 5535 1754 5592 solo

129 5605 410 5663 differunt
443 5614 551 5658 vet.
567 5599 712 5662 'édit.
740 5599 1114 5669 quodltab‘eut'
1136 5646 1149 5664 ,
1167 5603 1242 5672 id
1257 5599 1368 5671 est,
1386 5607 1572 5662 divina:
1592 5607 1758 5663 sciens

135 5680 261 5742 tite;
295 5678 472 5732 Rom.
503 5687 683 5730 autem
708 5675 840 5748 edit.
866 5671 1166 5748 etquid’hm
1193 5689 1356 5748 Amss.,
1392 5679 1511 5748 quia
1534 5679 1623 5748 qui
1651 5693 1766 5731 cre-

135 5752 326 5880 degtes
358 5763 570 5816 sumus,
601 5745 854 5818 ejusdem,
876 5746 931 5800 id
962 5757 1066 5816 est,
1099 5745 1286 5804 divine
1309 5745 1767 5806 scientiwsensum

136 5823 205 5880 ita
244 5836 426 5880 emus.

136 5823 426 5880 habemus.

1932 5534 1959 5572 ι)
1989 5535 2132 5613 Mss...
2147 5533 2398 5613 _a-l_iquot,
2420 5604 2429 5613 .
2441 5534 2663 5613 gloriam
2689 5545 2970 5613 sperantes.
3009 5539 3088 5613 Et
3127 5556 3314 5598 lllﬂiliS
3361 5560 3459 5613 pro

1863 5606 2114 5662 sententia
2134 5604 2232 5661 Dei
2277 5604 2534 5669 conclusi,
2571 5609 2877 5674 nonpauei
2901 5623 3034 5664 mss.
3077 5611 3293 5674 balteum
3336 5604 3471 5670 at...

1869 5679 2028 5731 tentia
2056 5676 2152 5731 Dei
2178 5675 2460 5742 concludit,
2515 5691 2670 5743 unus,
2697 5677 2835 5744 quod
2875 5695 2976 5734 uno
3024 5682 3176 5736 ratio
3203 5686 3300 5738 Dei
3344 5704 3460 5741 sen-

1872 5748 2030 5804 tentia
2056 5747 2336 5803 concludit.
