3978 6310
577 227 681 285 199

1498 225 1592 282 AD
1633 221 1864 284 orsus
1901 224 2146 284 SANCTI
2189 198 2920 288 Auenosn’Aprenmx.
3749 230 3826 285 eoo

571 343 773 399 sitione
819 342 1000 397 datum
1042 355 1070 396 a
1129 341 1239 398 Deo
1273 340 1414 414 (Act.
1448 356 1507 408 x,
1551 340 1634 414 1),
1686 351 1740 398 ει
1779 357 1887 396 non
1935 339 2176 412 baptiza-
2203 340 2543 404 Aabsurdas
2627 341 2864 397 nominis
2938 340 3175 414 dignitas
3257 339 3424 398 faciat
3503 339 3826 410 acceptabiles.

573 444 683 491 tum
733 444 1083 491 consecutura
1141 434 1522 491 remissionem
1581 445 1950 506 peccatorum.
2011 433 2176 490 Nutu-

570 528 695 602 quid
739 545 847 584 non
902 527 989 584 hic
1033 526 1388 585 invisibiliter
1432 529 1743 601 baptizatus
1787 540 1905 596 est,
1960 528 2175 600 quando

567 620 771 676 donum
803 619 1150 687 baptismatis
1177 631 1506 678 consecutus
1529 623 1648 677 est?

639 715 822 785 (Vers.
881 716 960 788 7.)
1009 714 1198 788 Itaque
1225 734 1389 789 neque
1422 718 1509 787 qui
1549 718 1776 788 plantat,
1821 727 1894 772 est
1935 717 2175 787 aliquid;

570 827 731 882 neque
756 812 846 882 qui
894 813 1076 882 rigat:
1118 813 1206 868 sed
1242 813 1330 885 qui
1372 814 1743 869 incrementum
1781 811 1870 867 dat
1916 811 2076 866 Deus.
2108 810 2180 866 Et

567 903 804 979 plautata
836 905 984 962 enim
1016 906 1199 963 solent
1242 907 1442 975 emori,
1473 917 1527 964 et
1582 909 1755 980 rigata
1800 907 1868 963 ad
1921 907 2176 963 eﬁ'ectum

569 996 928 1054 fecunditatis
956 999 1185 1056 minime
1225 1002 1535 1072 pervenire,
1577 1002 1680 1057 nisi
1703 999 1797 1058 det
1836 1001 1982 1056 Deus
2012 1016 2177 1071 vege-

568 1101 673 1148 tam
715 1094 906 1149 vitam.
950 1094 1228 1163 Quantum
1278 1109 1411 1166 ergo
1452 1094 1519 1150 ad
1557 1094 2032 1150 honoriﬁcentiam
2083 1091 2182 1149 Dei

564 1185 827 1255 pertinet,
856 1185 994 1240 nihil
1022 1196 1106 1242 est
1134 1186 1302 1242 homo
1335 1205 1346 1240 :
1379 1196 1646 1258 quantum
1675 1197 1856 1242 autem
1880 1186 1949 1244 ad
1986 1186 2177 1240 minis-

565 1278 767 1332 terium
803 1278 1073 1348 pertinet,
1121 1279 1468 1335 necessarius
1510 1289 1636 1345 est;
1688 1289 1745 1334 ut
1785 1278 2180 1334 honoriﬁcetur

567 1373 723 1442 quasi
781 1386 1003 1440 servus,
1063 1389 1169 1430 nou
1208 1383 1266 1430 ut
1314 1374 1519 1446 aliquid
1558 1375 1627 1432 de
1679 1373 1770 1431 illo
1806 1382 2058 1446 speretur
2110 1371 2179 1428 ad

573 1464 829 1534 injuriam
860 1465 980 1522 Dei.

649 1558 831 1630 (γει-ε.
879 1558 963 1629 8.)
1025 1559 1127 1627 Qui
1173 1561 1308 1614 enim
1358 1561 1582 1630 plantat,
1629 1567 1676 1614 et
1695 1561 1783 1632 qui
1811 1560 1968 1632 rigat,
2020 1575 2181 1614 unum

567 1661 708 1704 sunt.
761 1649 941 1706 Unum
979 1662 1126 1719 sunt,
1157 1661 1182 1689 τι
1235 1653 1359 1722 quia
1421 1653 1584 1708 ambo
1634 1652 1961 1708 mercenarii
2018 1661 2177 1717 sunt;

2352 435 2536 506 (Vers.
2579 436 2690 507 12.)
2725 436 2785 492 Si
2820 437 2934 506 quis
2959 446 3128 490 autem
3163 435 3548 505 supertediﬁcat
3575 451 3721 506 supra
3745 435 3830 502 [uti-

2279 531 2574 586 damentum
2614 532 2733 596 hoc,
2775 548 2983 598 aurum,
3026 541 3319 603 argentum,
3369 529 3571 600 lapides
3610 530 3829 598 pretiosos.

2279 623 2516 695 Lapides
2558 625 2783 695 pretiosi
2832 634 2982 691 sunt,
3035 639 3172 695 quos
3218 640 3326 680 non
3375 623 3673 694 corrumpit
3712 625 3830 694 ignis.

2281 717 2405 773 Tria
2450 735 2649 790 genera
2691 720 2874 790 posuit
2915 719 3176 790 prarclara
3229 720 3282 774 in
3318 719 3551 780 mundo,
3595 718 3647 773 in
3684 719 3832 790 quibus

2277 812 2476 869 bonam
2509 812 2816 868 doctrinam
2844 813 3196 885 signiﬁcavit,
3230 812 3432 886 Ligna,
3475 817 3668 884 fenum,
3713 813 3833 882 stips-

2280 907 2385 962 lam
2412 925 2430 963 :
2464 908 2564 962 tria
2587 907 2689 962 alia
2713 923 2909 978 genera
2944 909 3145 977 posuit,
3168 907 3264 962 sed
3297 907 3514 963 frivola.
3543 906 3600 962 lu
3642 905 3722 960 his
3751 921 3835 961 coro

2280 1011 2439 1073 rupta
2480 1012 2536 1056 et
2565 1017 2699 1057 vana
2750 1002 3002 1057 doctrina
3049 1000 3332 1072 designata
3361 997 3386 1037 ά
3420 999 3761 1070 dignoscitur.

2357 1095 2540 1169 (Vers.
2576 1096 2692 1166 15.)
2741 1097 2843 1163 Qui
2884 1097 3009 1168 facit
3055 1096 3150 1150 hoc
3201 1111 3355 1166 Opus,
3396 1094 3697 1164 manifestus
3737 1094 3836 1156 erit;

2282 1191 2392 1244 dies
2445 1189 2582 1243 enim
2629 1188 2936 1255 declarabit,
2991 1189 3113 1254 quia
3145 1189 3194 1242 in
3240 1188 3357 1257 igne
3405 1186 3724 1240 revelabitur.
3760 1185 3836 1240 [let

2282 1291 2385 1348 est,
2417 1281 2555 1336 mala
2587 1280 2836 1335 doctrina
2865 1281 2919 1335 in
2949 1281 3070 1350 ignc
3102 1279 3356 1335 omnibus
3383 1278 3702 1349 apparebit;
3733 1293 3837 1332 nunc

2282 1374 2426 1429 enim
2451 1372 2715 1444 quosdam
2752 1372 2911 1426 fallit.
2941 1371 3005 1426 Et
3033 1371 3440 1441 uniuscujusque
3461 1386 3594 1440 opus
3619 1370 3757 1439 quale
3778 1370 3837 1435 sit,

2280 1468 2413 1539 ignis
2441 1468 2696 1538 probabit.
2727 1467 2862 1536 Quia
2891 1467 3032 1522 enim
3065 1482 3160 1536 per
3189 1467 3366 1537 ignem
3398 1467 3725 1522 examinatio
3755 1465 3836 1526 lict,

2281 1561 2329 1616 si
2360 1563 2412 1616 in
2441 1562 2626 1633 aliquo
2659 1577 2766 1616 non
2800 1561 3097 1627 invenerit,
3131 1561 3274 1632 quod
3319 1553 3540 1628 exurat,
3584 1561 3838 1616 manifestat

2283 1651 2438 1707 illum
2465 1652 2664 1706 bonum
2691 1653 2857 1708 fuisse
2880 1652 3196 1718 doctorem;
3218 1653 3359 1708 mala
3388 1651 3539 1709 enim
3568 1651 3836 1708 et-adulten

572 1743 820 1813 quamvis
865 1742 1083 1798 diversa
1125 1744 1236 1798 sint
1293 1745 1514 1798 illorum
1562 1743 1766 1799 ofﬁcia.
1818 1742 2182 1813 Unusquisque
2209 1742 2258 1802 B
2284 1745 2536 1802 doctrina
2560 1745 2766 1801 idcirco
2800 1746 2851 1800 in
2879 1747 3044 1817 tigno,
3080 1745 3224 1811 fcno,
3255 1754 3310 1801 et
3356 1745 3560 1816 stipula
3591 1742 3837 1816 signiﬁcata

573 1846 746 1890 autem
795 1838 1064 1908 propriam
1110 1838 1396 1893 mercedem
1443 1837 1660 1911 accipiet
1701 1838 1983 1892 secundum
2032 1852 2181 1890 suum

573 1929 826 1988 laborem.
858 1931 1116 1999 Quamvis
1155 1933 1298 1987 enim
1342 1948 1509 1987 unum
1544 1931 1678 2000 sint,
1717 1932 1814 1988 sed
1845 1932 1970 2002 quia
2007 1929 2182 2001 major

573 2031 681 2092 est,
707 2026 798 2095 qui
850 2026 1214 2097 evangelizat,
1258 2042 1418 2097 quam
1459 2027 1551 2097 qui
1598 2027 1868 2098 baptizat;
1903 2026 2026 2081 ideo
2069 2025 2182 2080 dis-

569 2117 744 2174 crevit
774 2121 1061 2175 mercedes
1088 2120 1342 2185 illorum;
1375 2130 1430 2175 et
1469 2136 1576 2175 non
1609 2120 1782 2176 solum
1823 2121 1888 2175 ad
1919 2120 2044 2187 hoc,
2084 2118 2181 2175 sed

572 2209 640 2265 ad
668 2212 939 2268 doctrina:
976 2214 1353 2269 sinceritatem
1390 2216 1671 2284 pertinet:
1712 2224 1770 2269 ut
1814 2214 2008 2284 majori
2039 2230 2181 2270 mer—

570 2303 708 2360 cede
739 2305 808 2360 sit
836 2305 1053 2376 dignus,
1083 2307 1172 2377 qui
1205 2305 1522 2361 inviolatam
1554 2307 1718 2362 tradit
1740 2305 2067 2362 doctrinam.

641 2397 824 2470 (Vers.
868 2399 949 2470 9.)
996 2397 1096 2453 Dei
1143 2401 1276 2454 enim
1319 2416 1497 2454 sumus
1549 2399 1578 2438 δ
1628 2402 1799 2472 operis
1854 2402 2131 2472 participes
2159 2417 2180 2456 :

569 2489 664 2548 Dei
703 2493 928 2561 cultura,
971 2491 1070 2548 Dei
1115 2495 1396 2565 aediﬁcatio
1438 2495 1581 2550 estis.
1631 2496 1747 2551 Hoc
1788 2495 1859 2550 ad
1895 2497 2181 2567 apostolo-

567 2602 686 2642 rum
719 2602 1015 2658 personam
1042 2591 1302 2659 pertinet,
1331 2605 1471 2659 quos
1504 2599 1718 2646 constat
1752 2591 1848 2646 Dei
1879 2606 2003 2649 esse
2024 2592 2180 2663 adju-

566 2687 719 2734 tores
750 2697 764 2746 ;
791 2681 918 2751 quia
945 2681 1134 2735 vicarii
1183 2691 1313 2736 sunt
1333 2681 1559 2737 Christi.

642 2772 825 2844 (Vers.
873 2773 987 2844 10.)
1035 2774 1334 2830 Secundum
1371 2776 1594 2847 gratiam
1632 2775 1751 2844 Dei,
1803 2794 1918 2848 qua:
1957 2779 2078 2833 data
2108 2788 2180 2835 est

574 2866 724 2933 mihi,
750 2878 808 2923 ut
838 2869 1044 2938 sapiens
1071 2871 1384 2924 architectus
1424 2871 1816 2942 fundamentum
1846 2875 2013 2944 posui.
2043 2874 2180 2929 Gra-

573 2960 702 3015 tiam
751 2960 853 3016 sibi
894 2960 1079 3017 datam
1129 2961 1298 3028 dicit,
1345 2971 1402 3018 ut
1453 2963 1649 3034 dignus
1691 2975 1838 3021 esset
1881 2966 2180 3037 praedicare

573 3052 976 3125 Evangelium;
1023 3065 1080 3110 ut
1131 3066 1183 3112 et
1238 3057 1342 3112 hoc
1372 3057 1466 3113 Dei
1511 3073 1632 3114 esse
1681 3059 2018 3129 ostenderet,
2068 3075 2175 3116 non

2285 1847 2391 1906 est,
2421 1847 2479 1894 ut
2503 1839 2888 1895 ostenderetur
2919 1841 3056 1910 ignis
3083 1855 3204 1896 esse
3229 1855 3378 1895 esca.

2354 1931 2538 2002 (νει-ε.
2571 1933 2684 2003 is.)
2723 1933 2783 1988 Si
2812 1935 2960 2004 cujus
2993 1950 3125 2002 opus
3162 1933 3435 2001 manserit,
3474 1932 3618 2000 quod
3660 1947 3838 2002 superc-

2283 2027 2597 2097 diﬁcaverit;
2627 2030 2912 2082 mercedem
2945 2028 3182 2099 accipiet.
3216 2026 3351 2082 Cum
3377 2027 3528 2082 enim
3565 2025 3696 2082 nihil
3714 2026 3758 2080 in
3776 2025 3839 2080 illo

2283 2122 2462 2177 sordis
2496 2123 2774 2178 inventum
2803 2121 2974 2178 fuerit
3015 2138 3193 2190 pravae
3234 2122 3523 2190 doctrinae,
3557 2133 3616 2177 ut
3652 2122 3701 2177 in
3736 2120 3839 2176 bono

2282 2232 2456 2283 auro;
2486 2217 2560 2272 ita
2586 2216 2690 2271 erit
2722 2224 2780 2271 ut
2819 2227 2929 2272 tres
2971 2217 3168 2271 fratres
3215 2216 3268 2270 in
3305 2216 3523 2271 camino
3553 2215 3692 2286 ignis
3715 2211 3836 2284 (Dan.

2285 2324 2361 2375 Ill,
2385 2309 2502 2381 25),
2526 2310 2834 2366 mercedem
2864 2312 3034 2365 vitam
3061 2320 3321 2366 :eternam
3347 2325 3468 2367 cum
3497 2311 3670 2382 gloria
3691 2324 3835 2378 accep-

2285 2409 2474 2467 turus;
2523 2401 2647 2474 quia
2697 2403 2837 2458 sicut
2879 2417 3071 2458 aurum
3110 2412 3166 2458 et
3204 2416 3514 2475 argentum,
3556 2411 3617 2460 et
3653 2402 3835 2473 lapides,

2281 2508 2418 2564 quos
2447 2494 2585 2565 ignis
2619 2511 2723 2551 non
2752 2496 3025 2550 consumit
3054 2513 3067 2549 :
3113 2493 3184 2550 ita
3217 2505 3270 2550 et
3301 2496 3478 2551 bonus
3507 2497 3756 2566 magister
3779 2497 3833 2548 in-

2281 2589 2658 2660 Curruptibilis
2687 2591 3050 2662 permanebit.

2356 2681 2538 2753 (Vers.
2580 2684 2699 2752 15.)
2729 2683 2792 2738 Si
2813 2686 2966 2757 cujus
2997 2700 3127 2756 apus
3156 2684 3360 2750 arserit,
3405 2683 3755 2739 detrimentum
3776 2700 3839 2752 pa-

2281 2776 2454 2831 tietur.
2487 2776 2636 2845 Opus
2672 2777 2815 2846 quod
2851 2776 3040 2832 ardere
3081 2777 3302 2845 dicitur,
3332 2777 3474 2832 mala
3501 2777 3740 2833 doctrina
3764 2787 3836 2840 est,

2280 2885 2400 2939 quze
2433 2870 2694 2924 interibit.
2723 2869 2926 2925 Cuncta
2953 2870 3095 2924 enim
3133 2871 3273 2924 mala
3309 2869 3590 2940 peribunt,
3623 2869 3840 2926 sicutiter

2281 2959 2574 3031 impiorum
2603 2978 2616 3025 ;
2666 2961 2790 3031 quia
2815 2977 2918 3016 non
2957 2969 3082 3015 sunt
3108 2960 3451 3027 substantizc,
3478 2961 3578 3017 sed
3608 2970 3838 3015 assevera-

2285 3054 2460 3108 tiones
2489 3069 2783 3123 perversa}.
2809 3053 3070 3108 Damnum
3093 3064 3274 3108 autem
3302 3054 3414 3126 pati
3437 3062 3524 3110 est
3551 3068 3732 3125 ptenas
3752 3066 3842 3123 per-

573 3149 834 3204 hominis.
861 3149 1170 3205 Secundum
1197 3150 1337 3206 hanc
1367 3154 1553 3223 itaque
1581 3153 1835 3225 gratiam,
1873 3165 1934 3210 ut
1960 3155 2172 3226 sapien-
2205 3143 2248 3203 C
2286 3147 2416 3218 peti.
2451 3147 2581 3216 Quis
2601 3148 2747 3202 enim
2776 3147 2829 3202 in
2856 3162 3017 3216 poena
3040 3149 3272 3217 positus,
3297 3147 3568 3216 iacturam
3594 3161 3696 3203 non
3720 3144 3842 3199 facit?

574 3252 686 3299 tem
737 3242 1097 3300 architectum
1144 3243 1558 3302 fundamentum
1607 3263 1669 3304 se
1716 3248 1848 3304 dicit
1901 3250 2174 3320 posuisse.

575 3338 812 3408 Sapiens
851 3338 1184 3396 architectus
1219 3350 1329 3406 est,
1359 3341 1448 3412 qui
1473 3342 1625 3413 juxta
1665 3342 2012 3415 disciplinam
2044 3359 2177 3399 auc-

573 3433 712 3487 toris
762 3433 997 3488 collocat
1025 3433 1459 3504 fundamentum,
1501 3436 1555 3491 id
1599 3445 1703 3504 est,
1745 3439 1835 3509 qui
1879 3439 2177 3495 secundum

577 3527 923 3582 traditionem
946 3527 1244 3583 Salvaturis
1270 3530 1625 3600 evangelizat.

644 3622 792 3677 Alius
821 3631 992 3678 autem
1014 3623 1412 3694 supertedi/icat.
1437 3623 1846 3693 Superacdiiicia
1877 3635 2025 3692 sunt,
2058 3641 2180 3696 quae

573 3725 692 3787 post
725 3715 1172 3786 praedicationem
1203 3715 1577 3786 apostolorum
1604 3732 1635 3770 a
1666 3717 2181 3788 supervenientibus

572 3806 863 3863 traduntur
888 3816 981 3863 aut
1007 3807 1167 3864 malis
1193 3818 1289 3862 aut
1309 3807 1468 3864 bonis
1511 3807 1847 3866 doctoribus.

645 3899 1008 3973 Unusquisque
1047 3910 1216 3956 autem
1254 3899 1442 3966 uideat,
1471 3913 1494 3940 ο
1530 3903 1964 3973 quemadmodum
1993 3920 2181 3973 super-

569 3993 830 4062 aediﬁcet,
865 3993 920 4048 id
955 4002 1074 4060 est,
1103 4002 1164 4048 ut
1205 3992 1601 4064 supersediﬁcia
1650 4005 1954 4066 congruant
1992 3997 2185 4052 funda-

575 4097 802 4151 mento;
833 4103 904 4142 ne
941 4088 989 4142 si
1023 4087 1244 4157 obliqua
1278 4087 1481 4142 fuerint
1508 4095 1563 4142 et
1593 4087 1802 4154 frivola,
1845 4091 2056 4143 ruinam
2101 4089 2182 4144 fa-

569 4181 742 4245 ciant,
771 4189 1028 4234 manente
1059 4177 1320 4235 incolumi
1361 4177 1749 4246 fundamento;
1793 4181 1918 4251 quia
1956 4181 2001 4236 si
2043 4183 2183 4238 male

569 4271 846 4338 docuerit,
884 4271 1083 4327 Christi
1121 4285 1320 4326 nomen
1351 4281 1662 4342 permanet,
1690 4273 1832 4344 quod
1872 4282 1956 4329 est
1996 4274 2185 4330 funda-

572 4374 816 4422 mentum
848 4381 862 4419 :
893 4364 1144 4420 doctrina
1185 4373 1368 4421 autem
1411 4365 1552 4420 mala
1587 4367 1819 4437 peribit,
1867 4368 2009 4423 sicut
2051 4370 2181 4425 dicit

572 4456 836 4513 Dominus
865 4474 878 4510 :
907 4457 1084 4511 Omnis
1106 4457 1362 4525 plantatio
1382 4499 1398 4525 ,
1427 4473 1584 4526 quam
1611 4474 1712 4513 non
1737 4461 1991 4530 plantavit
2023 4460 2182 4516 Pater

572 4563 716 4604 meus
743 4549 981 4606 ccclestis.
1006 4548 1360 4603 eradicabitur
1388 4548 1604 4620 (Matth.
1630 4566 1726 4619 xv,
1754 4552 1866 4624 15).

644 4642 828 4713 (Vers.
862 4641 980 4712 11.)
1011 4639 1434 4696 Fundamentum
1475 4644 1611 4712 enim
1657 4643 1806 4698 aliud
1835 4662 1982 4701 nemo
2010 4657 2176 4720 potest

571 4753 760 4807 ponere
770 4744 954 4809 prwter
969 4736 1025 4791 id
1039 4735 1179 4807 quod
1191 4737 1413 4808 positum
1423 4746 1522 4806 est,
1535 4739 1672 4809 quod
1689 4741 1846 4812 122
1857 4751 1930 4796 est
1942 4741 2178 4797 Christus

567 4829 744 4885 Jesus.
780 4828 906 4886 Ideo
935 4845 1095 4886 nemo
1124 4840 1306 4901 potest
1331 4846 1535 4902 ponere
1562 4832 1708 4887 aliud
1738 4835 2174 4904 fundamentum,

567 4924 692 4994 quia
720 4925 970 4994 quamvis
993 4923 1239 4980 haeretici
1266 4924 1378 4980 sint
1398 4925 1594 4995 aliqui,
1622 4941 1726 4982 non
1751 4936 1934 4984 tamen
1953 4929 2176 4998 docent,

568 5015 674 5074 nisi
731 5017 833 5074 sub
879 5015 1086 5073 Christi
1141 5017 1383 5074 nomine.
1446 5018 1622 5075 Aliter
1667 5021 1813 5076 enim
1864 5031 2176 5078 commenta

563 5110 771 5166 erroris
814 5109 1201 5166 commendare
1249 5125 1355 5166 non
1401 5119 1650 5181 possunt,
1693 5113 1795 5168 nisi
1853 5113 2178 5184 interposito

567 5200 867 5258 Salvatoris
911 5201 1135 5258 nomine
1170 5202 1504 5274 praedicent;
1551 5213 1610 5260 ut
1643 5220 1732 5261 res
1773 5208 2077 5263 contrarias
2121 5217 2174 5264 et

640 5354 666 5419 ξι
693 5342 912 5419 ῌοηιιιιί
942 5359 1103 5419 mss.,
1134 5346 1257 5419 quia
1285 5347 1436 5402 ambo
1463 5350 1740 5404 necessarii
1763 5358 1901 5404 sunt.

641 5414 666 5490 ξ’
695 5416 770 5471 Ita
797 5427 908 5472 vet.
942 5417 1076 5473 edit.
1125 5414 1188 5474 ac
1231 5433 1363 5475 mss.
1417 5419 1578 5490 longe
1612 5421 1870 5486 plurimi:
1919 5430 1976 5475 at
2007 5421 2162 5475 Rom.

566 5483 785 5563 edit._et
804 5503 940 5563 mss.
975 5491 1240 5563 nonnulli,
1270 5491 1439 5563 operis
1465 5483 1753 5563 adjutores.

645 5569 667 5596 ε
697 5556 1035 5635 Cu_rb._c_od.,
1074 5556 1330 5635 quomodo
1369 5556 1770 5635 superiediﬁcet.
1806 5563 2049 5635 Quamvis
2088 5562 2168 5615 di-

566 5633 838 5706 uer_sa_sint
866 5632 1076 5706 illorum
1088 5632 1290 5706 ofﬁcia,
1317 5632 1519 5690 necesse
1545 5643 1599 5685 ut
1621 5632 2025 5706 supertedi/icia,
2055 5642 2164 5689 etc.

640 5699 666 5738 ά
716 5703 872 5760 Rom.
917 5704 1047 5762 edit.
1096 5699 1158 5763 εἷ
1193 5699 1351 5778 pauci
1398 5720 1557 5778 mss.,
1599 5699 1942 5774 dignoscitur.
1981 5705 2166 5778 Cujus-

570 5789 786 5850 cumque
810 5793 939 5851 Opus
969 5777 1303 5849 manifestum
1330 5777 1449 5832 erit.

2358 3238 2483 3310 Ipse
2514 3248 2686 3293 autem
2727 3239 2898 3294 salvus
2931 3240 3050 3304 erit,
3082 3239 3154 3293 sic
3195 3249 3364 3292 tamen
3395 3239 3548 3309 quasi
3583 3254 3672 3310 per
3695 3238 3839 3308 ignem.

2283 3335 2501 3390 Salvum
2533 3335 2685 3388 illum
2718 3334 2960 3389 futurum
2994 3333 3139 3389 dixit
3164 3350 3178 3400 ;
3207 3334 3464 3405 quianon
3493 3334 3732 3388 interibit
3751 3329 3842 3385 sub-

2282 3428 2504 3495 stantia,
2537 3443 2639 3498 qua
2670 3436 2909 3492 constat,
2943 3427 3084 3482 sicut
3113 3437 3166 3482 et
3197 3427 3445 3482 doctrina
3481 3427 3626 3482 mala
3653 3422 3840 3497 peribit;

2281 3522 2408 3593 quia
2437 3521 2692 3578 accidens
2714 3536 2876 3576 causa
2909 3531 3012 3578 est.
3049 3521 3176 3577 Ideo
3203 3531 3384 3577 autem
3415 3521 3552 3576 dixit
3580 3539 3592 3574 :
3623 3521 3693 3575 sic
3716 3529 3841 3573 tamen

2279 3617 2430 3688 quasi
2469 3633 2560 3688 per
2605 3617 2814 3689 ignem;
2860 3626 2917 3670 ut
2965 3617 3114 3671 salus
3144 3616 3263 3672 hazc
3305 3631 3412 3672 non
3451 3616 3572 3672 sine
3610 3628 3756 3687 paena
3778 3612 3840 3670 sit.

2282 3711 2406 3782 quia
2445 3726 2549 3766 non
2591 3710 2778 3766 dixit:
2826 3710 3022 3767 Salvus
3060 3712 3166 3766 erit
3207 3726 3304 3781 per
3341 3711 3562 3783 ignem;
3601 3719 3658 3766 ut
3691 3705 3842 3764 merito

2284 3820 2384 3860 suo
2419 3815 2441 3842 ε
2467 3805 2536 3859 ab
2568 3805 2674 3874 igni
2707 3819 2813 3859 non
2843 3804 3181 3871 combustus,
3211 3805 3396 3859 salvus
3426 3803 3519 3858 ﬁat
3544 3802 3845 3859 examinatus

2285 3910 2384 3966 per
2411 3896 2628 3966 ignem;
2661 3896 2754 3950 scd
2777 3911 2902 3950 cum
2925 3895 3056 3950 dicit
3079 3913 3092 3950 ε
3115 3896 3206 3950 Sic
3227 3906 3397 3950 tamen
3415 3897 3563 3966 quasi
3584 3912 3675 3965 per
3693 3895 3842 3965 ignem,
3943 3895 3945 3946 l

2284 3989 2526 4046 ostendit
2575 3990 2783 4046 salvum
2824 3990 2975 4045 illum
3005 3989 3223 4060 quidem
3256 3990 3518 4057 futurum,
3565 3988 3660 4045 sed
3697 3995 3844 4057 ρωιωε

2287 4084 2424 4154 ignis
2465 4099 2784 4154 passurum;
2822 4091 2881 4138 ut
2916 4099 3010 4153 per
3038 4084 3216 4154 ignem
3245 4094 3508 4156 purgatus
3546 4086 3639 4138 tiat
3677 4080 3842 4141 salvus,
3943 4080 3945 4154 ξ

2285 4185 2338 4229 ει
2357 4191 2460 4230 non
2485 4176 2628 4231 sicut
2641 4175 2828 4247 perﬁdi
2847 4184 3057 4231 aeterno
3081 4176 3204 4246 igne
3223 4176 3274 4230 in
3291 4184 3618 4246 perpetuum
3633 4184 3844 4243 torques.

2286 4277 2374 4322 tur
2405 4287 2417 4323 :
2450 4279 2508 4324 ut
2537 4284 2608 4325 ex
2635 4269 2816 4338 aliqua
2847 4277 3002 4340 parte
3026 4283 3210 4340 opera:
3235 4270 3470 4341 pretium
3497 4269 3570 4324 sit
3591 4264 3844 4324 credidisse

2287 4361 2339 4415 in
2363 4361 2665 4417 Christum.
2689 4360 2921 4432 Semper
2943 4362 3090 4418 enim
3110 4362 3403 4418 erubescat
3420 4377 3646 4418 necesse
3662 4368 3755 4424 εει,
3779 4354 3844 4424 qui

2285 4467 2345 4507 se
2375 4452 2525 4508 videt
2549 4453 2747 4509 falsum
2780 4453 3092 4510 defendisse
3121 4469 3220 4525 pro
3248 4469 3378 4510 vero
3411 4471 3423 4507 :
3456 4463 3513 4510 et
3537 4453 3692 4509 simili
3719 4447 3843 4506 modo

2208 4547 2262 4606 D
2287 4561 2505 4617 semper
2533 4547 2788 4603 ﬁduciam
2818 4548 3041 4604 habebit
3081 4549 3211 4616 Dei;
3245 4548 3336 4617 qui
3359 4547 3576 4618 abjecto
3609 4545 3758 4610 falso,
3783 4556 3845 4596 se-

2280 4650 2438 4695 cutus
2483 4650 2568 4696 est
2621 4656 2851 4706 verum;
2899 4651 2954 4696 et
3000 4650 3186 4711 spreta
3255 4639 3558 4710 impietate,
3599 4633 3842 4695 succubuit

2281 4736 2490 4807 pietati.
2526 4735 2546 4775 τ
2579 4735 2747 4792 Extra
2775 4735 3103 4792 catholicam
3142 4733 3290 4791 enim
3323 4733 3588 4806 quidquid
3612 4740 3712 4798 est,
3738 4743 3842 4785 con-

2281 4829 2508 4886 trarium
2539 4842 2642 4888 εει.

2354 4923 2540 4995 (Vers.
2575 4923 2690 4995 16.)
2721 4923 2952 4980 Nescitis
2975 4924 3095 4995 quia
3132 4920 3496 4994 templumﬁei
3526 4922 3662 4986 estis,
3678 4927 3722 4974 et
3746 4916 3842 4986 Spi-

2281 5017 2412 5072 ritus
2452 5016 2551 5072 Dei
2599 5017 2796 5073 habitat
2832 5020 2888 5073 in
2933 5018 3113 5073 vobis?
3154 5017 3439 5089 Templum
3481 5017 3580 5072 Dei
3625 5028 3719 5071 nos
3745 5023 3842 5067 esse

2280 5109 2431 5174 dicit,
2467 5119 2524 5165 ut
2559 5111 2727 5166 Deum
2762 5110 2817 5165 in
2841 5109 2998 5165 nobis
3021 5109 3269 5166 habitare
3295 5113 3538 5166 sciamus
3562 5125 3578 5175 ;
3599 5108 3651 5163 in
3674 5101 3843 5172 templo

2279 5208 2426 5263 enim
2459 5222 2559 5264 suo
2588 5207 2794 5263 habitet
2824 5221 3048 5264 necesse
3075 5215 3179 5262 est.
3226 5205 3295 5260 Et
3331 5205 3456 5276 quia
3497 5205 3747 5276 Spiritum
3769 5194 3840 5253 Dei

2355 5360 2378 5384 υ
2406 5347 2590 5404 Codex
2621 5346 2789 5414 Vall.,
2812 5348 2874 5401 ab
2903 5347 3022 5417 igne
3042 5346 3358 5401 combustus.

2354 5418 2559 5474 fRom.
2595 5419 2754 5486 edit.,
2808 5416 2974 5474 Extra
3019 5418 3364 5483 catholicum;
3411 5416 3556 5480 alite,
3605 5431 3668 5469 ac
3707 5426 3836 5474 mss.,

2278 5491 2443 5546 Extra
2488 5491 2828 5555 catholicam;
2860 5491 2949 5545 ubi
2995 5489 3356 5560 supplendum
3398 5486 3835 5560 est,rEcclesis_m.

2317 5579 2438 5618 uam
2469 5578 2656 5617 vocem
2687 5562 2947 5630 exprimit
2987 5555 3136 5616 solus
3162 5575 3262 5615 ms.
3307 5559 3475 5614 Corh.
3524 5559 3626 5614 hoc
3663 5555 3833 5610 modo:

2275 5577 2444 5691 ἶλαι-α
2464 5634 2771 5688 catholicam
2796 5634 2932 5688 enim
2949 5633 3241 5690 Ecclesium
3262 5630 3518 5691 quidquid
3539 5640 3632 5691 est,
3655 5627 3833 5691 impium

2325 5638 2444 5689 xtra
2464 5627 2776 5688 catholicam
2796 5634 2932 5688 enim
2949 5633 3241 5690 Ecclesium
3262 5630 3518 5704 quidquid
3539 5640 3632 5694 est,
3655 5627 3836 5697 impium

2276 5715 2350 5762 est
2376 5717 2422 5762 et
2453 5705 2728 5776 funestum.
