3978 6310
510 259 618 319 205

1446 254 1544 313 AD
1580 249 1811 310 OPERA
1852 248 2076 311 SANCT
2082 251 2097 309 Ι
2136 248 2465 308 AHBBOSH
2503 249 2875 311 APPENDIX.

3726 256 3812 314 εει

502 376 623 433 Dei.
655 374 875 449 (Matth.
898 389 951 440 ν,
977 372 1103 445 20)ι
1126 370 1435 428 Humanum
1466 385 1601 441 ergo
1631 369 1793 445 124
1819 370 1962 426 diem
1991 384 2113 426 eum
2141 372 2197 435 Α
2222 368 2390 425 tacito
2417 376 2600 423 autem
2652 368 2877 425 nomine
2915 367 2960 424 si
2993 367 3116 440 quis
3138 367 3393 436 audiens,
3421 369 3638 427 etiamsi
3678 371 3741 429 de
3763 389 3811 430 se

503 470 671 535 dicit,
705 465 980 539 significat
1010 475 1065 520 ct
1087 464 1335 520 divinum
1368 481 1383 532 ;
1418 464 1471 520 in
1502 480 1614 535 quo
1639 465 1991 535 judicaturus
2036 472 2122 522 est

503 563 779 629 Christus,
811 560 937 633 quia
963 559 1103 615 sicut
1118 559 1497 632 iurisconsulti
1523 573 1619 615 seu
1649 560 1961 630 pontiﬁces,
1984 575 2121 632 quos

504 667 700 714 vocant
725 655 1067 726 sacerdotes,
1100 667 1285 713 certos
1312 656 1430 711 dies
1458 654 1661 726 quibus
1687 654 1985 725 jndicatur,
2018 655 2119 714 de-

501 765 838 820 creverunt;
888 752 960 807 ita
1003 760 1060 809 et
1083 750 1204 808 dies
1254 750 1476 809 Domini
1527 749 1789 809 deﬁnitus
1836 759 1961 817 est,
2010 765 2119 823 quo

494 845 847 921 judicaturus
866 854 955 902 est
984 844 1274 903 mundum.

566 937 754 1012 (Vers.
790 936 875 1009 4.)
909 937 1017 994 Sed
1059 955 1223 1011 neque
1248 954 1329 994 me
1378 940 1552 1011 ipsum
1581 938 1809 1013 judico;
1834 939 1969 995 nihil
1995 939 2115 1006 qui-

494 1031 610 1086 dent
638 1032 766 1085 mihi
808 1032 1049 1087 conscius
1080 1048 1215 1088 sum.
1257 1032 1528 1103 Apertum
1562 1034 1801 1104 estquia
1828 1034 2117 1090 conscien-

493 1124 621 1180 tiam
652 1140 847 1197 puram
903 1126 1115 1181 habens
1158 1126 1439 1182 sollicitus
1488 1126 1559 1184 de
1603 1141 1663 1183 se
1688 1143 1800 1183 non
1828 1139 1970 1183 erat.
2004 1127 2113 1184 Sed

491 1219 676 1273 nonin
704 1220 801 1273 Itoe
822 1218 1148 1290 justifieatus
1188 1236 1324 1277 sum.
1360 1219 1518 1274 Nunc
1550 1218 1805 1274 humiliat
1832 1236 1922 1289 se,
1956 1230 2009 1277 et
2032 1220 2114 1276 lo-

494 1312 685 1385 quitur
708 1322 765 1366 ut
794 1311 984 1380 homo,
1012 1314 1296 1384 quipossit
1315 1312 1536 1383 culpam
1561 1314 1843 1371 incurrere
1866 1316 2107 1371 nescius.

495 1405 600 1476 Qui
619 1418 795 1461 autem
814 1407 1022 1477 judicat
1045 1424 1145 1476 me,
1178 1407 1436 1465 Dominus
1463 1419 1557 1464 est.
1583 1409 1753 1465 Recte
1777 1409 1883 1475 ait;
1916 1425 2108 1481 quam-

491 1499 579 1556 vis
609 1500 759 1556 enim
808 1499 1183 1556 humiliaverit
1229 1515 1329 1568 se,
1386 1509 1568 1556 tamen
1620 1501 1857 1559 Domino
1886 1500 2108 1559 Christo

489 1593 786 1664 plurimum
816 1592 1000 1661 dedit;
1034 1594 1159 1665 quia
1201 1602 1424 1664 potest,
1459 1594 1600 1664 quod
1632 1594 1911 1651 hominem
1941 1595 2102 1664 latet,

490 1684 623 1742 dum
654 1686 870 1741 occulta
896 1684 1109 1756 judicat
1135 1726 1151 1752 ,
1196 1685 1585 1755 tnanilestae,
1619 1702 1726 1743 non
1754 1696 1813 1743 ut
1844 1702 1995 1741 reum
2025 1686 2105 1741 l'a.

2225 459 2499 532 intelligat
2551 460 2785 528 dictum,
2843 460 3181 518 dissimulat.
3205 462 3322 521 Sub
3349 463 3454 521 hac
3480 480 3610 536 ergo
3640 481 3813 537 propo~

2223 553 2425 610 sitione
2483 556 2771 611 evacuavit
2837 570 3106 626 personas
3154 556 3377 615 illorum
3407 597 3426 625 ,
3476 573 3602 613 cum
3655 557 3809 615 dicit:

2223 644 2340 723 Ego
2369 649 2620 719 plantavi,
2673 649 2863 719 Apollo
2914 651 3122 722 rigarit,
3153 661 3261 707 etc.
3295 651 3340 725 (ι
3367 650 3489 707 Cor.
3524 667 3607 721 ut,
3641 650 3721 725 6),
3762 662 3811 711 ut

2223 741 2276 795 in
2311 739 2396 796 bis
2418 740 2696 796 discerent
2722 740 2857 796 nihil
2882 741 3123 798 dandum
3148 742 3484 800 hominibus.

2293 833 2476 908 (Vers.
2509 832 2591 908 7.)
2617 834 2759 890 Nam
2786 836 2900 905 quis
2927 846 2977 894 te
3019 837 3311 894 discernit?
3338 838 3398 897 Id
3444 846 3553 907 est,
3580 847 3705 897 sunt
3729 839 3811 896 ali-

2218 930 2309 1001 qui
2334 973 2354 999 ,
2382 931 2477 1003 qui
2507 932 2745 1001 amplius
2796 932 3135 1004 accipientes
3175 934 3229 990 in
3267 934 3596 1004 baptismate
3647 944 3736 991 aut
3767 936 3810 992 in

2216 1023 2489 1093 doctrina,
2520 1036 2753 1082 eceteros
2783 1026 2970 1084 dicant
3005 1029 3184 1085 minus
3227 1040 3589 1089 consecutos.
3618 1031 3726 1086 lloc
3759 1032 3812 1087 iis

2217 1117 2484 1190 loquitur,
2515 1119 2607 1189 qui
2662 1120 2966 1191 baptizatos
3019 1122 3088 1179 ab
3117 1122 3241 1181 aliis
3262 1163 3279 1190 ,
3310 1123 3436 1195 plus
3480 1122 3688 1193 aliquid
3708 1138 3811 1180 esse

2217 1212 2481 1285 putabant
2514 1230 2528 1268 :
2554 1231 2787 1284 quorum
2816 1215 3131 1287 eloquentia
3154 1216 3588 1280 seducebantnr,
3624 1227 3681 1271 ut
3709 1217 3812 1273 luco

2212 1307 2447 1379 quodam
2474 1324 2726 1377 perversa
2767 1319 2915 1364 recta
2946 1319 3221 1380 putarent.
3248 1308 3422 1364 Tanta
3437 1308 3584 1365 enim
3604 1308 3802 1364 discor-

2213 1402 2301 1458 dia
2343 1402 2536 1458 eratin
2571 1406 2797 1475 populo,
2840 1412 2895 1459 nt
2950 1406 3117 1459 multa
3149 1414 3337 1460 essent
3368 1404 3554 1460 studia
3581 1402 3809 1458 diversa-

2211 1512 2332 1551 rum
2363 1497 2596 1565 partium
2624 1516 2638 1552 :
2673 1509 2728 1552 et
2751 1495 2834 1552 sic
2859 1499 3039 1553 omnia
3068 1497 3211 1553 dicta
3233 1512 3329 1552 sua
3356 1499 3570 1569 aptavit
3596 1500 3812 1570 Aposto-

2210 1590 2294 1646 lus
2320 1592 2439 1647 sine
2464 1592 2907 1649 inanilestatione
2945 1594 3228 1649 nominum
3262 1594 3522 1648 omnibus
3547 1594 3809 1666 partibus;

2211 1696 2268 1740 ut
2311 1702 2433 1741 cum
2481 1685 2757 1754 legeretur
2802 1688 3059 1761 epistola,
3125 1704 3474 1762 unaqnmque
3518 1704 3644 1761 pars
3675 1689 3812 1745 adse

489 1780 624 1846 ciat,
672 1779 769 1836 sed
826 1781 1168 1851 prudentem.
1202 1779 1511 1848 “Quamvis
1552 1780 1701 1835 enim
1733 1792 1954 1836 sanctus
1979 1823 1994 1849 ,
2021 1790 2101 1839 ιιι-
2130 1773 2177 1833 Β
2205 1778 2349 1834 dicta
2393 1782 2699 1853 susciperet
2720 1822 2738 1849 ,
2766 1782 2995 1838 audiens
3022 1781 3169 1854 quod
3218 1797 3405 1839 causa:
3452 1797 3569 1839 sua:
3617 1781 3813 1839 intendi

492 1891 616 1932 men
657 1874 821 1931 homo
849 1885 969 1941 est,
1001 1893 1164 1947 quem
1199 1891 1305 1932 non
1337 1885 1515 1948 potest
1548 1876 1668 1932 ﬁeri
1691 1917 1707 1945 ,
1742 1886 1800 1935 ut
1850 1894 1956 1933 non
2003 1877 2103 1932 ali-

493 1970 623 2042 quid
678 1970 864 2026 lateat.
922 1969 1203 2026 lnterdnm
1237 1973 1383 2027 enim
1417 1971 1624 2043 aliquid
1668 1973 1797 2028 utile
1824 1984 2098 2044 putamus,

498 2064 642 2136 quod
672 2062 866 2119 inutile
890 2074 1010 2133 est;
1048 2080 1147 2121 nec
1177 2065 1324 2121 enim
1350 2066 1535 2122 omnia
1568 2066 1812 2121 membra
1844 2078 1937 2121 aut
1967 2067 2101 2123 late-

495 2174 550 2213 ra
582 2160 1022 2216 ceuversatinnis
1068 2161 1324 2216 humanm
1363 2161 1637 2230 descripta
1689 2162 1953 2219 habemus
1985 2180 2001 2217 ;
2029 2160 2100 2218 ab

489 2252 554 2307 iis
587 2265 770 2308 autem
799 2269 918 2323 qua:
943 2255 1127 2322 gravia
1160 2265 1288 2309 sunt
1311 2295 1327 2319 ,
1359 2263 1550 2324 aperte
1582 2254 1840 2324 prohibiti
1884 2271 2094 2313 smnus.

487 2344 619 2399 Nam
651 2345 901 2416 quaedam
926 2360 1107 2400 cause
1133 2362 1234 2402 nos
1271 2345 1462 2405 fallere
1494 2347 1674 2403 solent
1699 2364 1763 2402 ex
1795 2348 1971 2404 causis
1999 2350 2098 2405 ali-

484 2438 685 2510 quibus
713 2448 884 2504 ortae;
919 2448 979 2494 ut
1012 2440 1154 2510 quod
1186 2456 1295 2495 non
1318 2451 1402 2497 est
1425 2440 1583 2504 utile,
1624 2450 1882 2515 putemus
1910 2443 2045 2500 utile
2077 2458 2092 2498 :

482 2530 627 2603 quod
653 2531 771 2587 leve
798 2531 1020 2601 quidem
1050 2544 1169 2599 est;
1202 2534 1327 2605 quia
1352 2538 1694 2605 propositum
1724 2536 1955 2591 liberant
1986 2543 2092 2592 est.

563 2623 769 2697 (\‘ers.
822 2623 929 2697 5.)
985 2622 1175 2697 Itaque
1222 2627 1382 2681 nolite
1433 2639 1555 2684 ante
1607 2638 1807 2698 tempus
1831 2627 2091 2700 judicare,

481 2715 644 2774 donec
713 2720 882 2773 veniat
935 2718 1207 2775 Dominus.
1264 2721 1451 2776 Monet
1518 2722 1641 2777 illos
1689 2738 1757 2777 ne
1811 2722 2093 2794 judicent,

484 2830 609 2870 cum
659 2813 941 2885 jndicandi
992 2815 1122 2881 sint,
1172 2825 1221 2870 et
1259 2814 1497 2871 habeant
1546 2815 1755 2887 duplex
1786 2826 2092 2887 peccatum,

483 2905 626 2962 sicut
684 2907 763 2961 ait
811 2898 1076 2963 Dominus
1107 2925 1120 2962 :
1153 2905 1335 2963 Nolite
1354 2910 1600 2979 judicare
1625 2951 1641 2976 ,
1673 2919 1729 2963 ut
1759 2926 1860 2964 non
1884 2910 2095 2980 judice-

482 2999 610 3055 ntini
631 2998 848 3072 (Matth.
868 3016 966 3066 vn,
995 3002 1087 3072 i);
1120 3002 1217 3058 sed
1241 3013 1559 3074 exspectate
1585 3003 1729 3060 diem
1748 3003 1939 3074 jndicii
1973 3002 2092 3071 Dei,

482 3109 547 3149 ac
568 3094 614 3148 si
640 3095 832 3151 titleles
859 3104 913 3150 et
938 3095 1066 3150 boni
1094 3097 1222 3151 sint.
1252 3096 1461 3167 lnjuria
1489 3098 1637 3153 enim
1664 3098 1871 3168 jutilCiS
1903 3104 2019 3166 est,
2046 3097 2091 3152 si

480 3196 606 3243 ante
632 3186 1006 3259 cognitionem
1030 3189 1148 3263 ejus
1172 3206 1203 3246 a
1223 3206 1387 3249 servo
1415 3192 1679 3263 procedat
1697 3191 1967 3263 judicium
1995 3198 2092 3248 aut
2118 3175 2163 3245 C.

485 3284 782 3339 sententia.

562 3375 661 3444 Qui
684 3390 730 3432 et
758 3376 1073 3432 illuminabit
1102 3378 1306 3435 occulta
1334 3381 1686 3445 tenebrarum,
1711 3389 1759 3434 et
1787 3381 2092 3451 manifesta-

482 3471 555 3526 bit
598 3471 816 3527 consilia
861 3471 1096 3527 cordium
1125 3490 1140 3527 :
1167 3483 1216 3530 et
1259 3483 1383 3530 tunc
1421 3475 1541 3529 laus
1592 3475 1691 3530 erit
1735 3474 2012 3543 unicuique
2058 3492 2092 3529 α

486 3564 615 3620 Deo.
661 3562 775 3621 [ioc
830 3566 1003 3634 dicit,
1050 3568 1180 3638 quia
1233 3568 1287 3623 in
1315 3568 1406 3625 die
1428 3569 1618 3640 jndicii
1648 3567 1784 3625 nihil
1816 3570 2089 3624 occultum

483 3660 588 3717 erit
615 3675 833 3727 eorum,
867 3676 990 3729 qua:
1016 3670 1171 3733 gesta
1208 3671 1303 3716 aut
1326 3663 1566 3733 eogitata
1594 3670 1728 3718 sunt
1753 3682 1765 3717 :
1792 3672 1848 3719 et
1878 3660 2091 3734 simpli-

482 3755 617 3809 citas
639 3765 693 3807 ct
715 3752 1028 3826 hypocrisis
1053 3752 1167 3809 illic
1195 3756 1508 3826 apparebit;
1536 3764 1594 3810 ut
1616 3754 1771 3825 etqui
1799 3754 2089 3826 despectus

481 3848 805 3915 habebatur,
858 3850 997 3904 forte
1052 3858 1314 3918 appareat
1357 3848 1594 3920 dignus:
1628 3858 1685 3905 et
1734 3849 1830 3918 qui
1884 3847 2090 3920 aliquid

481 3957 603 3998 esse
631 3941 948 4012 putabatur,
984 3942 1295 3996 inveniatur
1336 3943 1623 4010 reprobus.
1654 3939 1683 3979 δ
1714 3940 1909 3996 Omnia
1943 3939 2091 3995 enim

485 4032 625 4088 nuda
671 4046 832 4088 erunt
879 4033 931 4087 in
985 4033 1079 4089 die
1116 4033 1333 4103 jndicii,
1384 4044 1438 4087 et
1478 4044 1606 4086 tunc
1654 4034 1772 4087 laus
1802 4033 1909 4086 erit
1949 4033 2092 4088 bene

484 4128 665 4200 agenti
722 4128 810 4182 vel
833 4127 1114 4194 cogitanti.
1143 4127 1238 4181 llic
1277 4127 1426 4182 enim
1459 4126 1552 4196 qui
1585 4125 1861 4191 laudatur,
1888 4126 2087 4197 impro-

486 4223 664 4279 babile
686 4231 773 4277 est
797 4237 864 4276 an
896 4220 1093 4292 dignus
1122 4221 1226 4287 sit,
1261 4221 1409 4276 sicut
1436 4230 1492 4276 et
1531 4221 1586 4277 in
1616 4222 1724 4275 alio
1754 4221 1877 4275 loco
1907 4220 2040 4275 dicit
2073 4238 2088 4274 :

488 4313 610 4370 Non
637 4313 775 4368 enim
799 4314 885 4383 qui
927 4329 981 4367 se
1001 4312 1172 4379 ipsum
1200 4313 1558 4378 commendat,
1581 4314 1671 4367 ille
1697 4312 1946 4383 probatus
1975 4323 2047 4368 est
2071 4329 2092 4368 :

483 4413 573 4464 sed
599 4425 750 4481 quem
777 4407 914 4462 Deus
954 4407 1280 4463 commendat
1303 4410 1321 4479 (
1343 4407 1386 4464 ll
1410 4405 1530 4463 Cor.
1573 4424 1626 4475 χ,
1656 4408 1767 4480 l7),
1803 4423 1965 4479 quem
1988 4407 2094 4465 uti-

485 4519 594 4575 que
624 4503 758 4561 nihil
783 4505 934 4560 latet.

2206 1881 2591 1941 cognosceret.

2281 1964 2422 2033 Quid
2452 1965 2587 2020 enim
2613 1965 2787 2031 habes,
2816 1967 2957 2038 quod
2989 1985 3091 2023 non
3121 1969 3416 2042 accepisti?
3472 1969 3617 2028 Nihil
3671 1971 3809 2028 illum

2204 2056 2333 2113 boni
2361 2058 2500 2115 ultra
2528 2058 2661 2114 dicit
2689 2071 3046 2116 Consecutnm
3073 2062 3141 2115 ab
3163 2063 3309 2130 aliis,
3334 2079 3496 2133 quam
3524 2064 3591 2118 ab
3624 2080 3693 2119 eo
3723 2078 3807 2121 ae-

2203 2161 2423 2224 eeperat
2452 2194 2468 2221 ,
2532 2152 2654 2208 ideo
2696 2152 2896 2209 frustra
2929 2156 3085 2227 queri
3112 2172 3126 2221 ;
3158 2155 3303 2228 quod
3335 2158 3482 2212 enim
3518 2158 3808 2228 habebant,

2201 2247 2271 2300 ab
2303 2247 2570 2317 Apostolo
2601 2258 2950 2318 acceperant.
2979 2248 3063 2305 Ad
3092 2266 3261 2305 unum
3287 2262 3474 2308 antetn
3503 2253 3719 2310 videtur
3742 2253 3810 2309 lo-

2200 2340 2318 2412 qui,
2351 2342 2475 2413 quia
2507 2340 2573 2397 ad
2613 2353 2823 2413 partem
2854 2344 3028 2415 plehis
3059 2344 3325 2415 loquitur.

2277 2434 2340 2490 Si
2369 2447 2541 2489 autem
2568 2437 2813 2509 accepisti
2835 2478 2851 2505 ,
2883 2436 3012 2506 quid
3036 2438 3282 2510 gloriaris
3304 2481 3319 2506 ,
3348 2441 3501 2509 quasi
3530 2456 3635 2495 non
3664 2457 3802 2496 ncce-

2203 2530 2374 2601 peris?
2401 2528 2513 2585 lloc
2550 2531 2704 2601 quasi
2760 2531 3120 2588 insultatores
3161 2532 3409 2603 Apostoli
3459 2534 3701 2605 agebant
3727 2550 3810 2602 per

2203 2624 2565 2695 imperitiam;
2608 2634 2666 2680 ut
2714 2625 2905 2681 eadem
2952 2627 3269 2693 audientes,
3301 2645 3423 2700 qua:
3452 2631 3522 2685 ab
3551 2627 3809 2698 Apostolo

2195 2716 2307 2788 jam
2334 2717 2656 2783 didicerant,
2687 2718 2840 2775 illum
2864 2731 3217 2786 evacuantes,
3243 2720 3310 2775 de
3335 2719 3530 2776 horum
3559 2723 3810 2790 magiste-

2200 2808 2284 2865 rio
2329 2808 2736 2880 gloriarentur;
2802 2812 3118 2883 eloquentia
3191 2815 3337 2869 enim
3411 2812 3807 2879 commendati,

2202 2904 2608 2974 praadicationis
2635 2906 2867 2977 gloriam
2891 2904 2946 2962 in
2987 2924 3045 2961 se
3076 2906 3495 2963 com-ertebant.
3521 2906 3810 2978 Apostolus

2200 3014 2332 3053 vero
2371 3000 2845 3070 contemptibilem
2885 3013 2946 3055 se
2978 2999 3199 3055 volebat
3256 3000 3467 3067 rideri,
3513 2997 3807 3055 dummodo

2200 3092 2294 3147 Dei
2319 3092 2549 3162 gloriam
2582 3091 2789 3148 laceret
2812 3092 3232 3162 acceptabilem.

2272 3184 2457 3257 (Vers.
2488 3184 2569 3258 8.)
2623 3184 2746 3239 1am
2799 3187 3026 3241 saturati
3066 3188 3220 3255 estis,
3266 3188 3386 3262 jam
3458 3187 3645 3241 diuites
3697 3184 3809 3257 farti

2197 3278 2320 3337 estis
2341 3321 2355 3345 ,
2387 3280 2497 3334 sine
2524 3277 2670 3334 nobis
2715 3281 2963 3352 regnetis.
2994 3278 3173 3334 lronia
3205 3287 3311 3346 est,
3344 3287 3404 3333 ut
3450 3278 3680 3344 dicunt;
3713 3277 3810 3333 ira-

2197 3372 2561 3428 seentiscnim
2583 3372 2751 3430 verba
2787 3372 2944 3447 125
2974 3384 3134 3440 sunt,
3160 3391 3267 3428 non
3322 3373 3727 3429 conﬁrmantis.
3755 3370 3805 3426 ln

2196 3469 2394 3540 quibus
2416 3469 2561 3524 enim
2583 3478 2728 3523 tanta
2750 3471 2877 3523 vitia
2905 3469 3105 3540 arguit,
3134 3484 3368 3541 regnare
3398 3469 3525 3525 illos
3541 3468 3711 3535 dicit;
3738 3467 3808 3523 sic

2196 3561 2341 3620 enim
2368 3560 2647 3632 putabant,
2671 3563 2968 3634 gloriantes
2989 3563 3056 3620 de
3082 3562 3149 3618 iis
3175 3578 3296 3635 quae
3318 3578 3349 3618 a
3373 3564 3616 3636 pseudoa
3629 3570 3806 3631 posto-

2197 3659 2264 3714 lis
2297 3657 2674 3714 tradebantur.

2272 3752 2341 3808 Et
2365 3753 2566 3808 utinam
2607 3754 2828 3825 regnetis
2854 3794 2869 3819 ,
2902 3762 2958 3808 ut
3003 3763 3053 3808 et
3081 3770 3175 3809 nos
3213 3753 3477 3808 vobiscum
3506 3767 3797 3827 reguernus.

2198 3850 2269 3908 Ut
2307 3852 2427 3922 pius
2460 3859 2614 3922 pater
2638 3850 2803 3905 etiam
2856 3850 3089 3922 ingratis
3118 3848 3245 3905 [iliis
3298 3849 3440 3905 bene
3484 3856 3664 3919 optat.
3710 3846 3807 3914 Qui

2198 3948 2344 4002 enim
2366 3956 2584 4016 poterat
2606 3945 2746 4011 lieri,
2772 3953 2832 4001 ut
2853 3945 2973 4000 sine
3004 3945 3272 4016 apostolis
3291 3941 3619 4016 regnarent?
3641 3938 3807 4010 Quid-

2198 4040 2326 4111 quid
2353 4040 2500 4097 enim
2530 4053 2636 4094 non
2667 4038 2735 4094 ab
2754 4039 3019 4109 apostolis
3046 4038 3307 4094 traditum
3340 4045 3450 4101 est,
3506 4033 3806 4091 sceleribus

2201 4135 2424 4207 plenum
2456 4145 2562 4191 est.
2596 4134 2689 4191 Sic
2724 4147 2907 4189 tamen
2954 4133 3091 4188 ordo
3120 4132 3297 4189 fuerat
3341 4132 3532 4188 dicere
3567 4148 3579 4182 :
3607 4129 3685 4185 Ut
3714 4145 3807 4183 no-

2198 4228 2411 4284 hiscum
2443 4229 2722 4300 regnetis;
2770 4227 2867 4283 sed
2914 4227 3041 4300 quia
3085 4224 3431 4298 prauulserat
3462 4240 3477 4278 :
3508 4220 3576 4278 Et
3604 4222 3806 4275 utinam

2198 4327 2441 4397 regnetis,
2474 4326 2638 4382 aliter
2674 4324 2862 4380 dicere
2896 4341 3008 4379 non
3044 4322 3219 4394 potuit
3252 4320 3393 4377 nisi:
3431 4318 3499 4378 Ut
3524 4331 3569 4375 et
3599 4334 3695 4372 nos
3722 4332 3805 4372 so—

2199 4416 2396 4471 biscunt
2421 4433 2716 4485 regnemus.
2753 4414 3005 4487 Regnare
3034 4424 3219 4470 autem
3259 4423 3345 4469 est
3375 4412 3446 4466 de
3473 4425 3571 4481 spe
3599 4419 3655 4465 et
3683 4423 3804 4482 pro-

2201 4511 2383 4567 missis
2406 4511 2609 4566 Christi
2652 4526 2908 4566 securum
2937 4525 3094 4577 esse,
3131 4519 3184 4564 et
3213 4505 3454 4578 gaudere
3482 4506 3532 4560 in
3567 4506 3655 4568 iis,
3685 4517 3803 4576 qua

557 4598 742 4673 (Vers.
771 4599 852 4672 6.)
889 4596 1014 4653 Haec
1042 4606 1233 4663 autem,
1265 4597 1477 4668 fratres,
1505 4597 1879 4669 transﬁguravi
1902 4600 1954 4653 in
1983 4616 2080 4666 me,
2116 4582 2171 4643 D
2198 4605 2433 4662 adversa
2481 4612 2708 4675 propter
2756 4620 2957 4659 nomen
3010 4602 3213 4658 Christi
3259 4599 3544 4664 accidunt;
3592 4599 3802 4654 lucrum

482 4703 529 4747 et
560 4692 749 4762 Apollo
774 4702 986 4766 propter
1031 4707 1154 4755 ros;
1185 4701 1239 4745 ut
1270 4692 1322 4744 in
1367 4691 1515 4745 nobis
1544 4691 1775 4753 dissatis,
1829 4707 1890 4745 ne
1928 4708 2091 4764 supra

482 4788 620 4859 quod
641 4787 895 4858 scriptum
926 4794 1020 4851 est,
1051 4802 1187 4840 unus
1224 4802 1320 4856 pro
1352 4802 1457 4840 uno
1483 4786 1694 4856 inﬂetur
1722 4785 1967 4841 adversus
2008 4790 2091 4841 al-

480 4890 665 4937 terum.
717 4878 1147 4951 Transtiguravit
1179 4880 1295 4934 bzcc
1351 4880 1405 4934 in
1467 4894 1527 4934 sc
1580 4889 1633 4934 et
1686 4878 1906 4949 Apollo,
1956 4880 2085 4936 dum

483 4971 1067 5043 pseudoapostolornm
1100 4970 1309 5042 glorias
1348 4980 1404 5027 et
1444 4971 1763 5027 traditiones
1797 4988 2088 5042 perversae

479 5069 579 5124 sub
601 5084 697 5125 sua
730 5082 966 5139 persona
994 5077 1049 5120 et
1072 5066 1269 5135 Apollo
1310 5075 1541 5122 evacnat
1564 5108 1576 5131 ,
1614 5068 1926 5122 summatim
1961 5069 2086 5124 illos

478 5161 798 5234 designans,
827 5176 936 5216 non
961 5159 1274 5232 singulatim
1302 5177 1317 5226 ;
1349 5176 1417 5215 ne
1438 5160 1581 5216 forte
1614 5161 1787 5233 major
1810 5161 2082 5217 discordia

479 5257 531 5312 in
564 5259 763 5329 populo
811 5267 1155 5321 nasceretur.
1200 5253 1373 5310 Nemo
1417 5256 1563 5312 enim
1604 5256 1833 5312 audiens
1881 5272 2083 5312 nomen

477 5366 632 5409 suum
657 5354 852 5420 taxari,
874 5361 971 5408 aut
991 5351 1109 5425 ejus
1129 5350 1213 5407 cui
1240 5348 1410 5419 lavet,
1432 5359 1727 5407 contentus
1743 5360 1831 5407 est
1859 5360 2040 5408 tacere
2065 5372 2079 5405 :

551 5540 576 5567 ιι
608 5530 709 5588 Vel
733 5532 864 5588 edit.
888 5541 946 5587 et
972 5545 1108 5589 mss.
1138 5545 1245 5587 non
1269 5531 1449 5601 pauci,
1474 5530 1723 5596 Quamvis
1756 5531 1895 5583 enim
1923 5530 2079 5583 boum

478 5606 571 5670 est,
600 5621 750 5672 quem
781 5621 880 5657 non
922 5613 1107 5675 potest,
1149 5604 1249 5659 nisi
1274 5603 1480 5671 aliquid
1518 5604 1715 5667 lateat;
1746 5602 1906 5655 Rom.
1937 5603 2073 5675 edit.

475 5671 752 5737 enm'Gill.
803 5671 1061 5747 inniarg.
1109 5685 1165 5730 et
1208 5692 1342 5731 mss.
1393 5674 1672 5747 {mamillis
1716 5674 1897 5727 locum
1938 5671 2075 5726 satis

472 5748 759 5804 Commode
807 5748 887 5804 sic
934 5746 1254 5804 amendarat
1304 5764 1319 5801 :
1372 5746 1506 5815 Quis
1552 5746 1690 5815 enim
1729 5747 1897 5815 homo
1958 5752 2070 5808 est,

470 5828 617 5884 Quem
647 5835 750 5877 non
776 5819 976 5893 aliquid
1018 5819 1172 5877 lateat
1196 5835 1218 5890 ,°
1256 5818 1353 5878 sed
1380 5814 1583 5876 Veram
1614 5814 1905 5870 lectionem
1937 5826 2070 5884 sup-

2198 4702 2345 4759 enim
2374 4701 2635 4768 afferunt,
2679 4717 2783 4755 non
2812 4698 3224 4756 detrimentum.
3260 4694 3419 4752 Unde
3448 4696 3557 4749 alio
3577 4694 3703 4749 loco
3723 4690 3803 4746 di-

2196 4799 2303 4854 cit:
2328 4796 2458 4852 Cum
2482 4797 2745 4868 inﬁrntor,
2774 4804 2897 4850 tunc
2922 4804 3105 4864 potens
3143 4809 3259 4847 sum
3299 4790 3375 4864 (il
3402 4788 3521 4845 Cor.
3554 4803 3649 4852 an,
3683 4784 3798 4860 10).

2271 4888 2457 4960 (Vers.
2487 4886 2564 4960 9).
2591 4886 2732 4942 Puto
2782 4887 2919 4942 enim
2946 4886 3088 4957 quod
3131 4883 3274 4938 Deus
3306 4900 3400 4937 nos
3423 4880 3685 4955 apostolos
3711 4894 3805 4934 no.

2196 4981 2433 5037 nissimos
2493 4979 2740 5046 ostendit,
2778 4979 2930 5049 quasi
2968 4978 3122 5032 morti
3155 4976 3464 5032 destinatos.
3514 4975 3623 5030 lloc
3679 4971 3802 5027 ideo

2196 5087 2447 5141 personae
2493 5087 2603 5129 sna-
2642 5073 2908 5143 deputat,
2942 5073 3072 5141 quia
3116 5084 3336 5139 semper
3378 5070 3431 5123 in
3474 5067 3802 5122 necessitate

2196 5166 2317 5230 fuit,
2369 5166 2786 5234 persecutiones
2839 5174 2894 5219 et
2927 5177 3215 5233 pressuras
3252 5162 3394 5215 ultra
3421 5170 3648 5217 catteros
3678 5170 3801 5226 pas-

2197 5273 2313 5321 sus,
2356 5258 2495 5311 sicut
2529 5258 2742 5327 passuri
2785 5264 2915 5312 sunt
2946 5254 3133 5311 linoeh
3156 5263 3212 5310 et
3234 5252 3407 5318 Elius,
3435 5262 3456 5291 ο
3484 5250 3573 5323 qui
3601 5249 3802 5305 ultimo

2197 5360 2451 5423 tempore
2480 5349 2646 5408 futuri
2674 5364 2803 5408 sunt
2830 5350 3089 5425 apostoli.
3114 5348 3253 5406 Mitti
3277 5348 3425 5407 enim
3449 5347 3646 5404 habent
3673 5352 3801 5401 ante

2189 5527 2452 5598 peditavit
2477 5526 2602 5582 cod.
2636 5528 2778 5585 Vall.
2806 5538 2866 5585 ut
2887 5544 2987 5585 nos
3017 5531 3069 5584 in
3102 5536 3275 5584 textu.

2260 5598 2287 5638 ι)
2314 5598 2445 5656 Mss.
2476 5600 2706 5669 aliquot,
2740 5603 2913 5655 omnia
2937 5602 3072 5655 enim
3094 5612 3218 5654 nota
3249 5608 3425 5655 erunt.

2263 5665 2641 5745 {co_rb._ms.,
2672 5674 2767 5745 qui
2790 5675 2843 5727 in
2888 5674 3136 5727 ultionem
3190 5665 3476 5745 praefuturi
3517 5670 3631 5719 sunt
3656 5676 3763 5733 apo

2188 5742 2329 5797 stoli.
2352 5741 2491 5798 Mitti
2518 5745 2657 5798 enim
2680 5741 2866 5800 habent
2896 5753 3014 5798 ante
3037 5741 3427 5799 antichrisimtl.

2134 5966 2211 5987 ..ι-Ἀ.
