3978 6310
223 279 330 334 2ῧῦ

225 485 325 540 das
371 499 568 540 omnes
609 483 922 546 Ecclesias,
968 478 1036 535 ad
1067 477 1430 533 resistendum
1482 475 1830 541 anticlu'isto,

225 593 366 650 quos
388 584 446 632 et
472 577 886 646 persecutiones
913 572 1021 643 pati
1045 581 1097 626 et
1123 568 1302 625 occidi
1328 566 1491 624 lectio
1515 566 1836 638 Apocalysis

228 679 489 726 testatur.
536 667 741 722 Horum
766 680 898 735 ergo
921 674 1132 733 tempus
1161 676 1260 715 suo
1293 661 1526 729 tempori
1550 671 1837 727 compara-

228 764 305 818 vit
327 761 637 832 Apostolus
668 761 861 816 dicens
895 776 908 814 :
945 756 1104 823 Quasi
1145 755 1300 810 morti
1330 753 1615 810 destinatos
1647 751 1832 824 (Apoc.

229 874 308 926 tu,
340 858 372 914 8
395 867 445 914 et
472 856 719 928 seq.),ad
751 856 852 910 hoc
882 852 1024 910 enim
1069 851 1282 907 venturi
1305 860 1466 920 sunt,
1492 859 1552 905 ut
1576 847 1833 904 occidan-

231 963 344 1010 tur.

305 1049 444 1118 Quia
468 1047 824 1118 spectaculum
847 1045 975 1117 facti
1006 1059 1182 1099 sumus
1215 1041 1333 1096 ltuit:
1361 1040 1576 1105 mundo,
1605 1047 1651 1092 et
1681 1052 1836 1110 ange-

227 1145 294 1204 lis
310 1156 359 1198 et
389 1144 709 1200 hominibus.
741 1143 874 1212 Quia
909 1154 1075 1211 erunt
1095 1137 1466 1209 spectaculum
1495 1149 1549 1192 et
1583 1134 1762 1190 linocb
1783 1141 1839 1188 et

228 1237 382 1292 Elias
411 1252 584 1308 usque
615 1237 750 1292 adeo
772 1278 787 1304 ,
818 1245 876 1292 ut
903 1248 1141 1303 corpora
1185 1249 1374 1288 eorum
1403 1233 1455 1285 in
1495 1232 1672 1301 platea
1714 1244 1839 1299 pro-

221 1329 489 1404 jiciantur
515 1329 570 1388 in
609 1339 907 1398 eonSpectu
942 1327 1110 1382 totius
1141 1326 1324 1400 populi
1375 1323 1644 1390 inﬁdelis;
1690 1324 1758 1378 ita
1785 1330 1840 1376 ct

227 1422 468 1498 apostoli
484 1422 858 1490 spectaculum
875 1422 1000 1476 lacti
1017 1432 1177 1483 sunt;
1203 1419 1324 1491 quia
1343 1418 1558 1491 publice
1581 1417 1836 1474 rideban-

229 1525 338 1584 tur,
372 1516 538 1588 positi
572 1515 643 1575 ad
684 1515 936 1584 injuriatn
973 1523 1027 1570 et
1060 1525 1290 1568 mortem
1329 1528 1489 1581 quam
1518 1512 1662 1583 passi
1688 1521 1836 1566 sunt.

231 1610 494 1672 Mundnm
522 1620 728 1674 autem,
744 1609 970 1680 angelos
991 1619 1042 1664 et
1066 1610 1322 1666 homines
1346 1607 1475 1664 dixit
1498 1623 1512 1671 ;
1534 1608 1658 1678 quia
1674 1616 1726 1661 et
1744 1623 1841 1661 an-

223 1705 338 1778 geli
364 1706 493 1762 mali
516 1714 666 1770 sunt,
694 1704 908 1760 dicente
938 1704 1103 1759 David
1127 1704 1180 1758 in
1204 1704 1416 1772 psalmo
1435 1702 1839 1774 septuagesimo

1017 267 1517 330 COMMENTARIA
1560 265 1624 324 ΙΝ
1665 264 1882 326 EPIST.
1924 261 2017 320 AD
2055 261 2380 323 CORINTll.
2422 263 2710 330 PRIMAM.

225 390 506 446 Christum
531 390 600 444 ad
628 386 1040 462 praeparandum
1073 384 1332 456 pOpulum
1367 383 1480 448 Dei,
1514 383 1834 438 etmunien-
1859 388 1915 450 Α

3429 272 3540 332 εδδ

2008 376 2194 449 (Vers.
2226 377 2338 451 15.)
2358 377 2726 436 Maledicimur
2745 390 2793 440 et
2814 381 3162 439 benedicimus
3191 401 3210 440 :
3235 386 3380 443 male
3428 399 3541 444 tra-

1938 481 2152 528 ctantes
2182 474 2326 528 enim
2357 489 2416 528 se
2449 475 2808 530 hortabantur
2837 477 2902 531 ad
2945 477 3170 534 bonum.
3205 478 3538 537 Persecutio-

1939 582 2056 620 nem
2086 567 2314 635 patimur
2361 575 2408 621 et
2439 569 2791 636 sustinemus;
2834 570 2961 641 quia
2995 574 3450 643 persequentibus
3483 590 3545 630 se

1947 679 2052 717 non
2087 663 2438 720 resistebant.
2474 662 2907 733 Blasphemamur
2932 677 2979 721 et
3007 667 3333 724 obsecramus
3357 686 3376 724 :
3401 669 3546 726 blas-

1939 758 2264 830 phetnantes
2291 760 2435 818 enim
2461 761 2749 834 rogabant,
2773 774 2833 820 ut
2857 766 3240 835 permitterent
3261 767 3366 826 sibi
3388 768 3542 825 reddi

1937 864 2231 911 rationem.

2017 950 2176 1025 126
2208 949 2494 1020 Tamquam
2522 964 2870 1025 purgamenta
2896 955 3056 1030 hujus
3086 959 3264 1014 mundi
3293 963 3417 1033 facti
3446 978 3539 1017 su-

1941 1055 2111 1112 ntus,a
2137 1046 2368 1101 oniuium
2387 1047 2677 1119 peripsemo
2705 1065 2864 1119 sisque
2885 1049 3057 1106 modo.
3083 1052 3199 1108 Non
3233 1055 3547 1112 resistendo

1945 1142 2061 1206 ulli,
2093 1156 2272 1215 neque
2312 1141 2485 1196 vicem
2517 1143 2569 1197 in
2595 1145 2754 1198 malis
2784 1145 3083 1211 reddendo.
3118 1148 3213 1203 sed
3246 1165 3466 1219 semper
3486 1166 3547 1207 se

1941 1235 2324 1307 subjiciendo;
2360 1246 2417 1292 ut
2446 1255 2544 1306 per
2570 1239 2883 1309 patientiam
2909 1250 3196 1298 revocaret
3218 1244 3282 1298 ad
3317 1245 3543 1313 bonum,

1941 1331 2371 1400 contemptibilis
2389 1341 2445 1388 et
2466 1331 2758 1401 chpcctus
2782 1334 2966 1390 lie-hat.
2989 1334 3163 1396 Usque
3185 1339 3355 1397 modo,
3374 1339 3422 1392 id
3438 1349 3545 1405 est,

1945 1442 2118 1495 usque
2141 1441 2283 1482 mmc
2311 1426 2478 1482 etiam
2511 1427 2654 1496 apud
2675 1426 3023 1494 Corinthios,
3060 1445 3157 1499 pro
3185 1429 3378 1500 quibus
3409 1433 3549 1497 Ιιειεε,

1945 1537 2066 1592 quae
2108 1536 2274 1590 supra
2307 1531 2582 1578 memorat
2606 1563 2620 1586 ,
2673 1522 2813 1576 mala
2842 1537 3037 1594 passus
3063 1535 3168 1578 est.
3193 1524 3256 1579 Et
3287 1524 3548 1594 quoniam

1943 1614 2308 1670 humilitatem
2333 1630 2485 1670 suam
2510 1613 2645 1669 nihil
2672 1615 2722 1669 in
2748 1614 2832 1670 his
2856 1615 3125 1686 prolicere
3159 1617 3398 1684 ridebat,
3422 1633 3559 1687 quo-

1944 1710 2085 1763 ritur
2116 1708 2309 1764 dolore
2355 1717 2666 1764 commotus
2710 1718 2913 1765 tantam
2953 1710 3347 1780 subjectionem
3375 1723 3432 1768 et
3461 1714 3549 1769 in-

227 1802 470 1872 septimo
500 1818 515 1854 :
548 1799 794 1856 chabat
822 1798 944 1853 illos
970 1813 1064 1872 per
1086 1798 1311 1865 angelos
1339 1797 1548 1858 malos,
1579 1805 1634 1850 et
1658 1795 1832 1849 homi-
1866 1803 1914 1866 Β
1936 1801 2112 1872 jnrias
2149 1801 2360 1857 nullum
2413 1801 2650 1858 lructum
2715 1803 2923 1865 habere
2989 1806 3277 1874 potuisse;
3333 1810 3431 1863 sed
3493 1819 3551 1864 et.

231 1912 331 1951 nes
364 1895 493 1950 mali
525 1903 580 1950 et
619 1893 918 1957 increduli;
967 1893 1054 1948 his
1089 1891 1464 1964 apostolorum
1499 1888 1710 1960 injuriae
1741 1888 1840 1946 ob—

229 1989 569 2045 lectamento
613 1997 762 2042 sunt.
807 1986 1038 2042 Mundus
1088 1996 1272 2042 autem
1308 1983 1514 2041 idcirco
1548 1982 1838 2039 intidclizas

230 2083 455 2150 dicitur,
485 2082 609 2153 quia
644 2081 876 2137 risibilia
901 2079 1170 2149 sequitur.

301 2178 491 2250 (Vers.
527 2176 640 2247 10.)
677 2176 787 2230 Nos
809 2176 954 2230 stulti
985 2185 1195 2245 prapter
1217 2172 1498 2230 Christum.
1530 2172 1732 2228 Verum
1754 2180 1840 2228 est

236 2270 366 2343 quia
395 2281 644 2324 amantes
669 2266 980 2334 Christum,
1017 2267 1170 2322 stulti
1197 2277 1326 2322 sunt
1355 2266 1579 2321 tnundo.
1621 2264 1724 2320 Vos
1745 2282 1838 2320 au-

239 2375 337 2420 tem
359 2363 630 2436 prudentes
677 2364 730 2417 in
756 2362 981 2418 Christo.
1014 2362 1113 2428 Qui
1150 2361 1390 2431 prudens
1422 2363 1474 2414 in
1497 2359 1718 2415 Christo
1751 2361 1839 2430 ju-

235 2457 449 2522 dicatur
477 2475 507 2513 a
545 2457 763 2528 perﬁdis
789 2498 805 2525 ,
850 2472 958 2513 non
1002 2464 1147 2512 recte
1171 2457 1367 2512 asserit
1403 2456 1700 2511 Christum.
1735 2456 1837 2510 De-

232 2554 400 2624 nique
426 2553 686 2620 Marcion,
737 2555 862 2624 quia
903 2559 1069 2622 negat
1109 2552 1307 2607 Filium
1338 2552 1452 2618 Dei,
1479 2561 1536 2607 et
1567 2551 1840 2608 incarnari

231 2647 408 2706 Deum
435 2647 700 2718 potuisse.
731 2648 966 2717 prudens
985 2655 1066 2702 est
1089 2645 1315 2711 mundo,
1334 2655 1388 2700 et
1410 2645 1695 2712 Photinus,
1716 2644 1840 2715 quia

232 2757 343 2797 non
376 2740 578 2798 fatetur
606 2740 884 2798 Christum
919 2757 1015 2812 per
1038 2741 1087 2796 id
1118 2740 1261 2812 quod
1297 2747 1456 2796 natus
1483 2748 1588 2808 est,
1635 2739 1838 2806 Deum,

232 2836 460 2907 sapiens
492 2835 710 2891 videtur
734 2835 1046 2892 mundanis.

310 2929 662 3001 Nasinﬁrmi.
699 2929 904 2985 inﬁrmi
931 2929 1086 2997 ideo,
1131 2927 1255 3000 quia
1285 2926 1404 2983 sine
1441 2924 1759 2982 adulatione
1790 2935 1844 2980 ct

233 3042 362 3082 cum
387 3027 619 3081 stultitia
643 3068 657 3092 ,
703 3025 846 3082 sicut
873 3025 1092 3080 videtur
1119 3023 1438 3089 mundanis,
1481 3023 1844 3094 praedicantes

232 3118 522 3177 Christum
571 3119 786 3190 injuriis
833 3117 1287 3190 subjiciebautur.
1339 3116 1437 3172 Vos
1468 3127 1641 3172 autent
1663 3120 1841 3187 fortes.

231 3214 370 3272 Ideo
401 3213 604 3282 fortes,
646 3213 772 3286 quia
796 3213 877 3270 sic
906 3213 1307 3284 proﬁtebantur
1327 3210 1426 3268 Clu
1443 3211 1638 3279 istum,
1672 3226 1739 3268 ne
1769 3210 1850 3267 ol-

232 3309 530 3366 l’cnderent
561 3311 836 3376 homines,
863 3319 920 3366 ut
944 3318 1134 3365 essent
1159 3308 1365 3366 securi.

321 3405 428 3460 Vos
457 3405 672 3461 nobiles.
699 3406 802 3474 Qui
846 3406 994 3462 enim
1021 3405 1303 3461 Christum
1329 3421 1436 3462 non
1469 3403 1691 3472 fatetur,
1723 3403 1850 3474 quia

234 3498 481 3555 Abraha:
506 3500 807 3570 promissus
837 3510 945 3567 est,
971 3508 1025 3556 et
1055 3500 1123 3555 ab
1164 3499 1318 3554 initio
1349 3497 1677 3568 praedicatus
1699 3539 1713 3562 ,
1761 3497 1849 3554 hic

236 3593 448 3649 nobilis
472 3603 663 3649 contra
694 3592 973 3650 Christum
1001 3605 1122 3658 est;
1149 3594 1274 3661 quia
1311 3593 1688 3664 antiquitatem
1720 3607 1851 3662 pro-

235 3687 398 3746 missi
431 3687 636 3744 Christi
665 3688 788 3745 aliis
825 3688 1075 3759 deputat.
1107 3686 1220 3742 Nos
1251 3702 1368 3742 vero
1388 3685 1658 3758 ignobiles.
1688 3684 1846 3755 Igno-

235 3781 373 3844 bitis
403 3783 606 3839 numdo
633 3792 738 3852 est,
771 3785 861 3855 qui
889 3783 1198 3852 Christum,
1227 3782 1371 3854 quod
1403 3781 1642 3838 mundus
1680 3780 1848 3837 dene-

234 3887 355 3948 gat,
383 3875 451 3932 ab
473 3875 629 3934 initio
652 3879 960 3948 proﬁtetur.
989 3877 1114 3934 Hice
1131 3878 1291 3948 igitur
1314 3877 1494 3932 omnia
1513 3876 1848 3947 supradicta,

235 3989 367 4043 qua:
402 3987 603 4042 negare
643 3972 878 4039 videtur,
901 3973 1208 4038 conﬁrmat,
1244 3980 1299 4026 et
1323 3987 1445 4042 qua:
1469 3971 1625 4042 quasi
1650 3969 1851 4025 contir—

238 4079 402 4120 mare
425 4064 658 4126 videtur,
688 4076 871 4136 negat.
905 4065 1197 4121 lrascentis
1219 4065 1367 4121 enim
1397 4064 1557 4120 verba
1583 4074 1732 4131 sunt,
1760 4062 1852 4133 qui

239 4156 504 4230 negando
533 4158 850 4223 conlitetur,
885 4170 936 4213 et
965 4157 1280 4215 conﬁtendo
1308 4167 1489 4227 negat.

315 4251 510 4324 (Vers.
547 4252 633 4320 ll,
656 4251 768 4323 η.)
797 4250 971 4324 Usque
996 4253 1064 4308 od
1087 4254 1222 4307 hanc
1243 4251 1423 4308 horum
1444 4260 1490 4306 ct
1512 4249 1852 4315 esttritnus,et

236 4344 475 4408 sitimus,
507 4354 555 4398 et
580 4343 706 4398 nudi
736 4361 912 4402 sumus
938 4385 953 4411 ,
995 4355 1040 4399 et
1072 4344 1484 4414 colaphizamur,
1513 4353 1557 4397 et
1588 4341 1852 4396 instabiles

239 4453 455 4503 sumus,
481 4447 525 4493 et
555 4437 849 4494 laboramus
868 4450 1139 4509 operantes
1164 4438 1396 4494 monibus
1416 4437 1627 4494 nostris.
1657 4435 1853 4492 Libero

241 4532 402 4586 enim
445 4541 500 4586 et
547 4530 702 4600 juxta
733 4547 915 4588 veram
971 4531 1130 4587 ﬁdem
1161 4533 1278 4586 sine
1309 4531 1487 4602 aliqua
1536 4530 1853 4586 adulatione

241 4623 526 4686 Christum
559 4625 944 4695 praedicantes,
983 4635 1039 4682 et
1064 4634 1215 4696 gesta
1247 4640 1426 4696 pravae
1469 4625 1593 4680 vitae
1623 4640 1857 4695 arguen-
1881 4623 1936 4684 D

245 4730 356 4781 tes,
391 4719 621 4788 gratiam
653 4719 795 4790 apud
825 4718 1080 4776 homines
1121 4735 1226 4774 non
1278 4717 1576 4783 habebant,
1629 4727 1681 4772 et
1712 4716 1858 4771 cola-

243 4811 620 4884 phizabantur
640 4853 656 4879 ,
689 4812 740 4868 id
762 4822 848 4870 est
876 4813 1093 4882 injuriis
1122 4811 1425 4883 agebantur
1446 4854 1459 4876 .
1489 4819 1547 4867 et
1576 4809 1860 4866 instabiles

243 4916 447 4973 erant;
498 4905 624 4978 quia
660 4907 986 4978 ﬁngebantur
1017 4949 1030 4972 ,
1080 4923 1147 4962 ue
1181 4909 1231 4960 in
1263 4907 1386 4960 loco
1417 4903 1509 4960 diu
1553 4911 1861 4969 manentes,

248 5001 445 5073 plures
472 5000 758 5056 docerent.
799 5000 927 5058 Ideo
947 5010 1002 5057 et
1024 4999 1278 5055 omnibus
1309 4997 1698 5068 operabaulur,
1732 4995 1859 5066 quia

250 5109 373 5156 non
399 5093 578 5150 solum
606 5095 832 5163 gratiam
857 5093 1002 5164 apud
1023 5093 1271 5149 homines
1301 5108 1409 5146 non
1444 5091 1746 5155 habebant;
1779 5104 1863 5145 ve-

250 5201 383 5248 rum
411 5186 576 5246 etiam
605 5186 676 5244 ab
704 5186 788 5244 his
819 5189 1072 5256 accipere
1092 5185 1371 5257 indignum
1403 5195 1540 5248 erat,
1567 5183 1658 5254 qui
1685 5181 1862 5238 errori

249 5279 584 5347 studebant,
626 5282 766 5336 sicut
811 5281 944 5337 dicit
975 5282 1028 5336 in
1066 5281 1277 5351 psalmo
1299 5280 1600 5335 centesimo
1628 5278 1862 5349 quadra-

247 5380 471 5448 gesimo
497 5395 510 5431 :
541 5377 727 5432 Oleum
754 5389 927 5434 autem
959 5378 1244 5448 peccatoris
1269 5393 1372 5431 non
1394 5377 1678 5448 impinguet
1708 5381 1866 5445 caput

254 5481 432 5525 mum
453 5471 631 5544 (Psal.
654 5486 777 5536 ch,
793 5473 868 5543 5).
883 5472 1018 5540 Quia
1038 5480 1091 5527 et
1109 5471 1417 5525 libertatem
1439 5468 1697 5540 arguendi
1715 5467 1869 5522 amit-

257 5556 348 5627 ιίι,
382 5569 439 5614 ει
468 5574 677 5634 peccat,
706 5567 793 5636 qui
818 5567 885 5622 ab
904 5582 969 5622 eo
999 5563 1214 5638 accipit,
1241 5563 1332 5635 qui
1363 5562 1487 5620 ideo
1519 5562 1633 5632 dat,
1661 5578 1729 5620 ne
1755 5577 1871 5618 cor-

254 5662 522 5722 l‘tptutllr.

337 5798 366 5870 ξ
399 5787 570 5870 item.
597 5791 753 5870 edit...
784 5807 1042 5870 tamquam
1074 5799 1412 5852 tustramenta
1440 5812 1602 5869 usque
1627 5795 1800 5856 modo.

338 5857 368 5898 ι’
395 5858 610 5916 Omnes
640 5857 800 5927 edit.,
825 5875 878 5916 se

1942 1895 2089 1967 quod
2128 1896 2378 1950 deterius
2405 1906 2514 1964 est,
2545 1897 2598 1952 in
2625 1896 2778 1967 pejus
2809 1898 3134 1966 profecisse.

2013 1991 2198 2064 (Vet's.
2222 1989 2334 2064 Η.)
2363 1989 2487 2046 Non
2506 2001 2558 2045 ut
2576 1993 2896 2063 confundunt
2925 2009 3038 2059 ros,
3073 1993 3181 2049 hcet:
3203 1996 3372 2050 scribo
3401 2013 3420 2052 .'
3443 1996 3550 2053 hoc

1940 2093 2056 2149 est,
2114 2100 2220 2138 non
2255 2096 2312 2138 ut
2341 2085 2593 2138 ruborem
2624 2086 2779 2139 Vultis
2803 2084 2998 2140 faciam
3018 2129 3033 2154 ,
3067 2086 3182 2142 haec
3203 2090 3422 2156 scribo,
3454 2091 3551 2148 sed

1946 2187 2003 2231 ut
2024 2176 2333 2247 corrigatis.
2363 2177 2471 2232 Sed
2491 2179 2641 2247 quasi
2657 2179 2798 2250 ﬁlios
2823 2196 2961 2236 nteos
2991 2181 3325 2238 charissimos
3345 2199 3553 2237 moneo.

1945 2271 2138 2328 Adhuc
2181 2287 2240 2328 se
2285 2272 2589 2340 supplicem
2623 2272 2750 2327 facit
2771 2315 2786 2338 ,
2835 2290 2900 2326 ne
2931 2276 3170 2345 Correpti
3199 2318 3212 2338 ,
3243 2290 3290 2332 et
3317 2277 3383 2332 ad
3415 2279 3551 2334 iram

1945 2382 2137 2438 prevot
2159 2368 2232 2420 ati
2260 2409 2275 2434 ,
2308 2368 2712 2424 adtnouitiOnes
2741 2367 2861 2436 ejus
2893 2378 3238 2437 spernerent.
3273 2370 3329 2424 ιιι
3353 2371 3464 2440 agit
3498 2381 3557 2426 ut

1947 2458 2192 2516 medicus
2216 2457 2471 2515 salutaris
2501 2499 2517 2526 ,
2569 2460 2661 2528 qui
2691 2459 2970 2528 putamina
3001 2461 3330 2516 abscindens
3355 2503 3372 2530 ,
3402 2463 3556 2518 doli.-

1943 2569 2058 2608 rctn
2089 2553 2299 2608 illatutu
2322 2567 2419 2624 spe
2450 2562 2505 2607 et
2531 2551 2816 2608 blanditiis
2840 2553 3084 2625 mitigat,
3120 2564 3176 2610 ut
3199 2570 3343 2628 {eger
3366 2572 3426 2611 se
3448 2571 3549 2612 cu-

1947 2650 2052 2704 rari
2086 2648 2383 2718 permittat.

2023 2740 2178 2797 Vers.
2211 2738 2329 2812 15.)
2358 2738 2422 2796 Si
2453 2741 2591 2795 enim
2620 2740 2796 2798 decem
2822 2742 2992 2797 millia
3029 2743 3439 2817 pwdagogoruni
3461 2744 3555 2798 ha-

1950 2835 2164 2889 bueritis
2210 2835 2264 2889 in
2307 2833 2513 2890 Christo
2538 2878 2553 2902 ,
2613 2837 2704 2890 sed
2749 2853 2853 2890 non
2891 2836 3082 2890 multos
3107 2848 3300 2907 patres.
3330 2836 3471 2892 Nam
3503 2839 3558 2892 in

1951 2927 2158 2984 Christo
2181 2926 2313 2983 Jesu
2340 2945 2429 3000 per
2465 2927 2807 3000 Evangelium
2834 2945 2928 3001 ego
2963 2946 3050 2986 ros
3072 2930 3246 3002 genui.
3281 2929 3373 2984 llis
3398 2930 3561 2986 (lictis

1951 3024 2192 3080 ostendit
2217 3024 2424 3078 nullum
2459 3039 2622 3095 posse
2663 3040 2730 3079 eo
2772 3023 2968 3080 aliaetu
2999 3025 3224 3095 diligere
3255 3025 3380 3080 illos
3404 3065 3419 3091 ,
3449 3040 3556 3095 quo

1953 3119 2069 3189 ipse
2095 3133 2192 3174 eos
2215 3117 2494 3190 diligebat.
2521 3117 2653 3186 Quis
2680 3118 2825 3172 enim
2854 3119 3066 3174 alienos
3108 3118 3246 3174 ﬁlios
3278 3120 3392 3174 suis
3424 3135 3562 3190 pric-

1877 3213 1924 3278 Ο
1958 3224 2120 3284 ponat
2147 3213 2202 3269 in
2236 3213 2460 3269 amore?
2483 3214 2562 3267 Ac
2594 3229 2689 3284 per
2711 3213 2814 3272 hoc
2849 3216 3052 3271 monita
3076 3213 3226 3284 ejus,
3256 3217 3348 3286 qui
3376 3227 3430 3270 et
3462 3232 3560 3284 pro

1953 3307 2038 3362 bis
2093 3315 2239 3362 tanta
2280 3307 2421 3362 mala
2454 3321 2648 3377 passus
2683 3317 2770 3363 est
2798 3349 2812 3372 ,
2862 3325 2970 3362 non
3023 3307 3231 3364 debere
3271 3324 3367 3366 eos
3409 3327 3563 3380 sper-

1953 3417 2111 3458 nere.

2025 3493 2221 3566 (Vers.
2269 3493 2351 3550 16.
2379 3494 2422 3566 ).
2456 3493 2684 3549 Obsecro
2706 3510 2830 3567 ergo
2871 3511 2992 3562 vos,
3026 3495 3310 3552 imitatores
3346 3499 3444 3552 mei
3483 3516 3564 3552 es—

1954 3601 2076 3646 tote.
2122 3590 2166 3646 Ο
2207 3589 2651 3646 benevolentiam
2692 3590 2870 3644 sancti
2918 3590 3198 3658 Apostoli,
3244 3591 3336 3661 qui
3393 3592 3558 3649 obse-

1953 3695 2070 3742 crat
2097 3683 2259 3751 lilios,
2293 3695 2350 3741 ut
2379 3685 2665 3739 imitentur
2693 3695 2901 3754 patrem
2925 3725 2938 3748 ,
2966 3684 3068 3738 hoc
3094 3693 3204 3751 est,
3238 3694 3436 3754 sponte
3474 3702 3561 3741 ro-

1951 3787 2043 3850 gat
2085 3793 2300 3848 a-gros,
2345 3786 2403 3830 ut
2441 3776 2708 3844 recipiant
2752 3776 3112 3833 medicinam!
3157 3776 3216 3832 lu
3261 3775 3346 3832 his
3379 3787 3564 3834 tamen

1953 3873 2037 3929 sui
2065 3874 2190 3929 illos
2220 3873 2524 3928 imitatores
2547 3873 2661 3926 vult
2685 3887 2838 3936 esse;
2865 3879 2924 3927 ut
2950 3871 3092 3928 sicut
3123 3871 3212 3929 hic
3241 3876 3413 3929 niutta
3445 3875 3566 3930 esi-

1957 3969 2031 4023 tia
2050 3983 2148 4038 pro
2163 3967 2337 4022 salute
2357 3981 2550 4023 eorum
2584 3966 2650 4022 ab
2670 3965 2967 4022 incredulis
2999 3982 3192 4036 paSstlS
3212 3979 3295 4023 est
3319 4009 3336 4035 ,
3369 3977 3556 4025 etnon

1955 4066 2142 4128 cessit,
2175 4061 2473 4117 dummodo
2505 4079 2599 4132 per
2621 4061 2739 4117 dies
2766 4071 2819 4116 et
2849 4070 3040 4116 noctes
3072 4063 3475 4134 evangelizuret
3502 4064 3568 4119 il-

1957 4154 2022 4210 lis
2048 4155 2249 4210 douum
2291 4155 2482 4224 gratia:
2533 4154 2668 4220 Dei;
2715 4153 2790 4212 ita
2845 4154 3012 4214 etilli
3045 4167 3332 4212 tuanentes
3378 4156 3565 4215 inﬁdo

1957 4249 2072 4318 ejus
2093 4259 2147 4305 et
2169 4249 2439 4317 doctrina,
2491 4265 2599 4304 non
2635 4249 2944 4318 reciperent
2980 4247 3246 4306 falsorum
3283 4251 3561 4322 apostolo-

1955 4362 2073 4402 rum
2101 4362 2261 4415 prava
2285 4355 2616 4409 commenta,
2632 4343 2658 4382 ι)
2677 4344 2772 4400 sed
2797 4344 3123 4400 resisterent
3141 4355 3561 4404 eontemneutes

1957 4439 2275 4510 Opprobria,
2329 4449 2422 4492 aut
2464 4436 2876 4504 detractiones,
2917 4445 2976 4492 ιιι
3016 4437 3156 4508 patri
3199 4453 3300 4494 suo
3331 4440 3568 4511 spiritali

1957 4533 2276 4588 inviolatum
2304 4543 2663 4588 reservarem
2689 4530 2966 4590 allectum.

2032 4625 2214 4696 (Vers.
2260 4625 2372 4695 17.)
2414 4623 2546 4680 Ideo
2582 4625 2699 4680 misi
2745 4624 2814 4679 ad
2846 4640 2930 4680 tas
2961 4625 3292 4682 Timotheum
3324 4670 3338 4695 ,
3376 4629 3566 4700 quiest

1960 4719 2104 4789 ﬁlius
2136 4735 2276 4774 meus
2306 4717 2644 4773 charissimus
2674 4727 2722 4772 et
2749 4717 2922 4788 ﬁdelis
2949 4719 3002 4774 in
3016 4717 3264 4778 Domino.
3299 4721 3567 4780 Hortatur

1962 4813 2084 4868 illos
2125 4812 2178 4866 in
2212 4812 2316 4866 huc
2343 4811 2537 4866 eodem
2565 4809 2856 4867 Timotheo
2878 4851 2893 4876 ,
2950 4827 3112 4883 quem
3145 4813 3271 4870 ideo
3296 4817 3565 4874 charissi-

1965 4924 2111 4963 mum
2145 4917 2202 4963 et
2235 4907 2450 4962 ﬁdelem
2481 4904 2652 4962 ﬁlium
2691 4906 3002 4962 obtestatur
3031 4907 3084 4962 in
3118 4907 3380 4977 Domino,
3422 4920 3478 4964 ut
3507 4912 3567 4968 in

1969 5000 2070 5055 hoc
2101 4999 2414 5064 discerent,
2465 4997 2594 5068 quid
2625 5009 2927 5068 pecarent;
2973 5014 3096 5056 cum
3129 5000 3279 5056 enim
3326 5000 3452 5056 huic
3485 5011 3568 5058 te-

1971 5094 2284 5148 stiumnium
2318 5091 2590 5162 perhibet,
2626 5092 2752 5146 illos
2779 5092 2980 5161 arguit.

2047 5187 2150 5254 Qui
2189 5204 2276 5242 vos
2330 5186 2762 5246 cominouefociat
2799 5187 2908 5240 rius
2959 5203 3136 5250 meas,
3187 5201 3303 5255 qua:
3355 5191 3572 5246 suntin

1970 5277 2175 5335 Christo
2195 5279 2346 5343 Jesu,
2379 5279 2513 5332 sicut
2543 5279 2727 5348 ubique
2757 5279 2810 5332 in
2839 5280 2980 5332 omni
3000 5277 3235 5331 Ecclesia
3259 5279 3438 5334 doceo.
3467 5282 3574 5339 Per

1972 5374 2134 5430 istum
2167 5388 2330 5444 quem
2363 5372 2580 5429 ﬁdelem
2633 5372 2806 5427 lilium
2858 5371 2912 5424 in
2971 5369 3202 5424 Domino
3245 5372 3568 5444 coitﬁrmat,

1974 5469 2173 5522 reverti
2207 5467 2334 5521 illos
2362 5466 2476 5522 vult
2517 5465 2583 5518 ad
2617 5463 2861 5533 regulam
2893 5475 2923 5515 a
2946 5475 3007 5515 se
3041 5461 3254 5518 tradita:
3289 5468 3570 5537 veritatis;

1976 5571 2036 5620 ut
2061 5561 2381 5618 commoniti
2421 5560 2610 5616 verbis
2643 5569 2698 5613 et
2726 5553 2994 5624 exetnplis
3033 5571 3262 5624 cperunt
3293 5561 3414 5632 ejus
3437 5566 3580 5620 resi-

1980 5657 2286 5726 piscerent,
2340 5661 2736 5723 cognoscentes
2768 5663 2876 5704 non
2906 5663 3190 5720 perperam
3219 5669 3281 5711 se
3312 5655 3482 5713 fuisse
3513 5661 3583 5718 ab

956 5869 1320 5932 parsisset-ent;
1352 5865 1544 5926 omnes
1573 5882 1734 5934 mss.,
1761 5865 1850 5921 sed
1873 5865 2182 5923 resisterent.
