  <div class='ocr_page' id='page_1' title='image "/cluster/home/n/w/nwhite01/storage/ocr_20150623/17/hvd.32044015471329/109.png"; bbox 0 0 3978 6310; ppageno 0'>
   <div class='ocr_carea' id='block_1_1' title="bbox 486 284 594 341">
    <p class='ocr_par' dir='ltr' id='par_1_1' title="bbox 486 284 594 341">
     <span class='ocr_line' id='line_1_1' title="bbox 486 284 594 341; baseline 0 0"><span class='ocrx_word' id='word_1_1' title='bbox 486 284 594 341; x_wconf 72' lang='grc'><strong>207</strong></span> 
     </span>
    </p>
   </div>
   <div class='ocr_carea' id='block_1_2' title="bbox 1419 267 2838 336">
    <p class='ocr_par' dir='ltr' id='par_1_2' title="bbox 1419 267 2838 336">
     <span class='ocr_line' id='line_1_2' title="bbox 1419 267 2838 336; baseline 0.002 -6"><span class='ocrx_word' id='word_1_2' title='bbox 1419 269 1513 330; x_wconf 79' lang='grc' dir='ltr'><strong>ΑΒ</strong></span> <span class='ocrx_word' id='word_1_3' title='bbox 1549 269 1782 330; x_wconf 70' lang='lat' dir='ltr'><strong>OPERA</strong></span> <span class='ocrx_word' id='word_1_4' title='bbox 1821 267 2068 332; x_wconf 79' lang='lat' dir='ltr'><strong>S.\NCTI</strong></span> <span class='ocrx_word' id='word_1_5' title='bbox 2107 275 2434 336; x_wconf 76' lang='lat' dir='ltr'><strong>AMBROSII</strong></span> <span class='ocrx_word' id='word_1_6' title='bbox 2469 273 2838 336; x_wconf 76' lang='lat' dir='ltr'><strong>APPENDIX.</strong></span> 
     </span>
    </p>
   </div>
   <div class='ocr_carea' id='block_1_3' title="bbox 3661 279 3754 341">
    <p class='ocr_par' dir='ltr' id='par_1_3' title="bbox 3661 279 3754 341">
     <span class='ocr_line' id='line_1_3' title="bbox 3661 279 3754 341; baseline 0.032 -3"><span class='ocrx_word' id='word_1_7' title='bbox 3661 279 3754 341; x_wconf 66' lang='lat'><strong>208</strong></span> 
     </span>
    </p>
   </div>
   <div class='ocr_carea' id='block_1_4' title="bbox 485 390 3757 472">
    <p class='ocr_par' dir='ltr' id='par_1_4' title="bbox 485 390 3757 472">
     <span class='ocr_line' id='line_1_4' title="bbox 485 390 3757 472; baseline -0 -15"><span class='ocrx_word' id='word_1_8' title='bbox 485 399 750 472; x_wconf 78' lang='lat' dir='ltr'><strong>Apostolo</strong></span> <span class='ocrx_word' id='word_1_9' title='bbox 790 397 1002 460; x_wconf 79' lang='lat' dir='ltr'><strong>doctos,</strong></span> <span class='ocrx_word' id='word_1_10' title='bbox 1047 390 1264 464; x_wconf 85' lang='lat' dir='ltr'><strong>quando</strong></span> <span class='ocrx_word' id='word_1_11' title='bbox 1302 391 1494 448; x_wconf 87' lang='lat' dir='ltr'><strong>eadem</strong></span> <span class='ocrx_word' id='word_1_12' title='bbox 1531 405 1722 450; x_wconf 89' lang='lat' dir='ltr'><strong>tenere</strong></span> <span class='ocrx_word' id='word_1_13' title='bbox 1754 409 1943 450; x_wconf 88' lang='lat' dir='ltr'><strong>omnes</strong></span> <span class='ocrx_word' id='word_1_14' title='bbox 1975 392 2077 448; x_wconf 86' lang='lat' dir='ltr'><strong>Ee-</strong></span> <span class='ocrx_word' id='word_1_15' title='bbox 2105 397 2156 458; x_wconf 81' lang='grc' dir='ltr'><strong>Α</strong></span> <span class='ocrx_word' id='word_1_16' title='bbox 2184 411 2346 466; x_wconf 86' lang='lat' dir='ltr'><strong>quem</strong></span> <span class='ocrx_word' id='word_1_17' title='bbox 2374 395 2440 451; x_wconf 89' lang='lat' dir='ltr'><strong>sit</strong></span> <span class='ocrx_word' id='word_1_18' title='bbox 2473 411 2648 462; x_wconf 88' lang='lat' dir='ltr'><strong>reum,</strong></span> <span class='ocrx_word' id='word_1_19' title='bbox 2676 395 2935 467; x_wconf 69' lang='lat' dir='ltr'><strong>alijicere,</strong></span> <span class='ocrx_word' id='word_1_20' title='bbox 2965 403 3058 450; x_wconf 92' lang='lat' dir='ltr'><strong>aut</strong></span> <span class='ocrx_word' id='word_1_21' title='bbox 3083 394 3316 466; x_wconf 84' lang='lat' dir='ltr'><strong>probare</strong></span> <span class='ocrx_word' id='word_1_22' title='bbox 3349 409 3458 452; x_wconf 88' lang='lat' dir='ltr'><strong>non</strong></span> <span class='ocrx_word' id='word_1_23' title='bbox 3486 396 3646 464; x_wconf 80' lang='lat' dir='ltr'><strong>valet,</strong></span> <span class='ocrx_word' id='word_1_24' title='bbox 3669 399 3757 456; x_wconf 53' lang='lat' dir='ltr'><strong>im.</strong></span> 
     </span>
    </p>
   </div>
   <div class='ocr_carea' id='block_1_5' title="bbox 481 491 1006 551">
    <p class='ocr_par' dir='ltr' id='par_1_5' title="bbox 481 491 1006 551">
     <span class='ocr_line' id='line_1_5' title="bbox 481 491 1006 551; baseline -0.017 0"><span class='ocrx_word' id='word_1_25' title='bbox 481 494 680 551; x_wconf 81' lang='lat' dir='ltr'><strong>clesias</strong></span> <span class='ocrx_word' id='word_1_26' title='bbox 708 491 1006 546; x_wconf 87' lang='lat' dir='ltr'><strong>discerent.</strong></span> 
     </span>
    </p>
   </div>
   <div class='ocr_carea' id='block_1_6' title="bbox 551 581 2076 659">
    <p class='ocr_par' dir='ltr' id='par_1_6' title="bbox 551 581 2076 659">
     <span class='ocr_line' id='line_1_6' title="bbox 551 581 2076 659; baseline -0.003 -19"><span class='ocrx_word' id='word_1_27' title='bbox 551 585 732 659; x_wconf 82' lang='lat' dir='ltr'><strong>(Vcrs.</strong></span> <span class='ocrx_word' id='word_1_28' title='bbox 753 582 866 653; x_wconf 78' lang='grc'><strong>18.)</strong></span> <span class='ocrx_word' id='word_1_29' title='bbox 886 581 1172 652; x_wconf 83' lang='lat' dir='ltr'><strong>Tamquam</strong></span> <span class='ocrx_word' id='word_1_30' title='bbox 1191 599 1292 636; x_wconf 89' lang='lat' dir='ltr'><strong>non</strong></span> <span class='ocrx_word' id='word_1_31' title='bbox 1322 589 1562 636; x_wconf 83' lang='lat' dir='ltr'><strong>venturus</strong></span> <span class='ocrx_word' id='word_1_32' title='bbox 1591 597 1749 636; x_wconf 84' lang='lat' dir='ltr'><strong>essent</strong></span> <span class='ocrx_word' id='word_1_33' title='bbox 1777 581 1844 635; x_wconf 87' lang='lat' dir='ltr'><strong>ad</strong></span> <span class='ocrx_word' id='word_1_34' title='bbox 1871 597 1978 646; x_wconf 83' lang='lat' dir='ltr'><strong>ros,</strong></span> <span class='ocrx_word' id='word_1_35' title='bbox 2003 582 2076 635; x_wconf 84' lang='lat' dir='ltr'><strong>sic</strong></span> 
     </span>
    </p>
   </div>
   <div class='ocr_carea' id='block_1_7' title="bbox 475 671 2076 751">
    <p class='ocr_par' dir='ltr' id='par_1_7' title="bbox 475 671 2076 751">
     <span class='ocr_line' id='line_1_7' title="bbox 475 671 2076 751; baseline -0.004 -16"><span class='ocrx_word' id='word_1_36' title='bbox 475 680 648 751; x_wconf 81' lang='lat' dir='ltr'><strong>inﬂati</strong></span> <span class='ocrx_word' id='word_1_37' title='bbox 691 686 806 732; x_wconf 86' lang='lat' dir='ltr'><strong>sunt</strong></span> <span class='ocrx_word' id='word_1_38' title='bbox 854 676 1090 746; x_wconf 86' lang='lat' dir='ltr'><strong>quidam.</strong></span> <span class='ocrx_word' id='word_1_39' title='bbox 1153 674 1586 746; x_wconf 81' lang='lat' dir='ltr'><strong>lndignahantur</strong></span> <span class='ocrx_word' id='word_1_40' title='bbox 1625 676 1842 745; x_wconf 89' lang='lat' dir='ltr'><strong>quidam</strong></span> <span class='ocrx_word' id='word_1_41' title='bbox 1879 671 2076 729; x_wconf 83' lang='lat' dir='ltr'><strong>Corin-</strong></span> 
     </span>
    </p>
   </div>
   <div class='ocr_carea' id='block_1_8' title="bbox 475 766 2078 842">
    <p class='ocr_par' dir='ltr' id='par_1_8' title="bbox 475 766 2078 842">
     <span class='ocr_line' id='line_1_8' title="bbox 475 766 2078 842; baseline -0.004 -13"><span class='ocrx_word' id='word_1_42' title='bbox 475 775 713 829; x_wconf 88' lang='lat' dir='ltr'><strong>thiorum</strong></span> <span class='ocrx_word' id='word_1_43' title='bbox 731 811 746 838; x_wconf 94' lang='lat'><strong>,</strong></span> <span class='ocrx_word' id='word_1_44' title='bbox 763 769 888 842; x_wconf 88' lang='lat' dir='ltr'><strong>quia</strong></span> <span class='ocrx_word' id='word_1_45' title='bbox 908 783 1018 824; x_wconf 90' lang='lat' dir='ltr'><strong>non</strong></span> <span class='ocrx_word' id='word_1_46' title='bbox 1035 769 1145 824; x_wconf 85' lang='lat' dir='ltr'><strong>ibat</strong></span> <span class='ocrx_word' id='word_1_47' title='bbox 1165 767 1236 824; x_wconf 87' lang='lat' dir='ltr'><strong>ad</strong></span> <span class='ocrx_word' id='word_1_48' title='bbox 1255 767 1402 834; x_wconf 91' lang='lat' dir='ltr'><strong>illos,</strong></span> <span class='ocrx_word' id='word_1_49' title='bbox 1429 783 1535 823; x_wconf 90' lang='lat' dir='ltr'><strong>non</strong></span> <span class='ocrx_word' id='word_1_50' title='bbox 1550 767 1853 832; x_wconf 88' lang='lat' dir='ltr'><strong>desiderio,</strong></span> <span class='ocrx_word' id='word_1_51' title='bbox 1873 766 1969 823; x_wconf 88' lang='lat' dir='ltr'><strong>sed</strong></span> <span class='ocrx_word' id='word_1_52' title='bbox 1985 783 2078 822; x_wconf 90' lang='lat' dir='ltr'><strong>su-</strong></span> 
     </span>
    </p>
   </div>
   <div class='ocr_carea' id='block_1_9' title="bbox 475 863 2078 940">
    <p class='ocr_par' dir='ltr' id='par_1_9' title="bbox 475 863 2078 940">
     <span class='ocr_line' id='line_1_9' title="bbox 475 863 2078 940; baseline -0.006 -15"><span class='ocrx_word' id='word_1_53' title='bbox 475 867 684 940; x_wconf 86' lang='lat' dir='ltr'><strong>perbia,</strong></span> <span class='ocrx_word' id='word_1_54' title='bbox 710 865 856 938; x_wconf 88' lang='lat' dir='ltr'><strong>quod</strong></span> <span class='ocrx_word' id='word_1_55' title='bbox 885 865 1042 937; x_wconf 81' lang='lat' dir='ltr'><strong>quasi</strong></span> <span class='ocrx_word' id='word_1_56' title='bbox 1073 863 1331 936; x_wconf 78' lang='lat' dir='ltr'><strong>indignos</strong></span> <span class='ocrx_word' id='word_1_57' title='bbox 1359 863 1484 919; x_wconf 91' lang='lat' dir='ltr'><strong>illos</strong></span> <span class='ocrx_word' id='word_1_58' title='bbox 1515 863 1774 930; x_wconf 91' lang='lat' dir='ltr'><strong>haberet;</strong></span> <span class='ocrx_word' id='word_1_59' title='bbox 1807 877 1931 916; x_wconf 89' lang='lat' dir='ltr'><strong>cum</strong></span> <span class='ocrx_word' id='word_1_60' title='bbox 1963 877 2078 917; x_wconf 90' lang='lat' dir='ltr'><strong>ma-</strong></span> 
     </span>
    </p>
   </div>
   <div class='ocr_carea' id='block_1_10' title="bbox 471 956 2080 1036">
    <p class='ocr_par' dir='ltr' id='par_1_10' title="bbox 471 956 2080 1036">
     <span class='ocr_line' id='line_1_10' title="bbox 471 956 2080 1036; baseline -0.005 -16"><span class='ocrx_word' id='word_1_61' title='bbox 471 965 554 1036; x_wconf 75' lang='lat' dir='ltr'><strong>gis</strong></span> <span class='ocrx_word' id='word_1_62' title='bbox 583 962 846 1034; x_wconf 83' lang='lat' dir='ltr'><strong>Apostolo</strong></span> <span class='ocrx_word' id='word_1_63' title='bbox 869 960 972 1016; x_wconf 88' lang='lat' dir='ltr'><strong>hoc</strong></span> <span class='ocrx_word' id='word_1_64' title='bbox 997 959 1238 1014; x_wconf 91' lang='lat' dir='ltr'><strong>studium</strong></span> <span class='ocrx_word' id='word_1_65' title='bbox 1276 958 1459 1024; x_wconf 83' lang='lat' dir='ltr'><strong>tuerit,</strong></span> <span class='ocrx_word' id='word_1_66' title='bbox 1485 969 1544 1014; x_wconf 90' lang='lat' dir='ltr'><strong>ut</strong></span> <span class='ocrx_word' id='word_1_67' title='bbox 1566 957 1634 1013; x_wconf 88' lang='lat' dir='ltr'><strong>de</strong></span> <span class='ocrx_word' id='word_1_68' title='bbox 1665 956 1902 1029; x_wconf 83' lang='lat' dir='ltr'><strong>indignis</strong></span> <span class='ocrx_word' id='word_1_69' title='bbox 1933 957 2080 1012; x_wconf 81' lang='lat' dir='ltr'><strong>face-</strong></span> 
     </span>
    </p>
   </div>
   <div class='ocr_carea' id='block_1_11' title="bbox 469 1051 2075 1127">
    <p class='ocr_par' dir='ltr' id='par_1_11' title="bbox 469 1051 2075 1127">
     <span class='ocr_line' id='line_1_11' title="bbox 469 1051 2075 1127; baseline -0.005 -13"><span class='ocrx_word' id='word_1_70' title='bbox 469 1067 552 1114; x_wconf 89' lang='lat' dir='ltr'><strong>ret</strong></span> <span class='ocrx_word' id='word_1_71' title='bbox 579 1057 796 1127; x_wconf 79' lang='lat' dir='ltr'><strong>dignos.</strong></span> <span class='ocrx_word' id='word_1_72' title='bbox 833 1054 1083 1110; x_wconf 81' lang='lat' dir='ltr'><strong>Habebat</strong></span> <span class='ocrx_word' id='word_1_73' title='bbox 1115 1068 1248 1125; x_wconf 82' lang='lat' dir='ltr'><strong>ergo</strong></span> <span class='ocrx_word' id='word_1_74' title='bbox 1275 1061 1459 1110; x_wconf 88' lang='lat' dir='ltr'><strong>votum</strong></span> <span class='ocrx_word' id='word_1_75' title='bbox 1485 1051 1686 1118; x_wconf 87' lang='lat' dir='ltr'><strong>eundi,</strong></span> <span class='ocrx_word' id='word_1_76' title='bbox 1717 1052 1812 1108; x_wconf 91' lang='lat' dir='ltr'><strong>sed</strong></span> <span class='ocrx_word' id='word_1_77' title='bbox 1867 1051 2075 1122; x_wconf 85' lang='lat' dir='ltr'><strong>majora</strong></span> 
     </span>
    </p>
   </div>
   <div class='ocr_carea' id='block_1_12' title="bbox 469 1150 1054 1222">
    <p class='ocr_par' dir='ltr' id='par_1_12' title="bbox 469 1150 1054 1222">
     <span class='ocr_line' id='line_1_12' title="bbox 469 1150 1054 1222; baseline -0.012 -12"><span class='ocrx_word' id='word_1_78' title='bbox 469 1161 651 1220; x_wconf 87' lang='lat' dir='ltr'><strong>erant,</strong></span> <span class='ocrx_word' id='word_1_79' title='bbox 683 1167 807 1222; x_wconf 68' lang='lat' dir='ltr'><strong>qua:</strong></span> <span class='ocrx_word' id='word_1_80' title='bbox 839 1150 1054 1220; x_wconf 85' lang='lat' dir='ltr'><strong>agebat.</strong></span> 
     </span>
    </p>
   </div>
   <div class='ocr_carea' id='block_1_13' title="bbox 543 1237 2074 1320">
    <p class='ocr_par' dir='ltr' id='par_1_13' title="bbox 543 1237 2074 1320">
     <span class='ocr_line' id='line_1_13' title="bbox 543 1237 2074 1320; baseline -0.005 -18"><span class='ocrx_word' id='word_1_81' title='bbox 543 1246 728 1320; x_wconf 85' lang='lat' dir='ltr'><strong>(Vers.</strong></span> <span class='ocrx_word' id='word_1_82' title='bbox 767 1244 883 1314; x_wconf 77' lang='grc'><strong>19.)</strong></span> <span class='ocrx_word' id='word_1_83' title='bbox 921 1242 1140 1298; x_wconf 83' lang='lat' dir='ltr'><strong>Veniam</strong></span> <span class='ocrx_word' id='word_1_84' title='bbox 1169 1250 1340 1296; x_wconf 83' lang='lat' dir='ltr'><strong>autem</strong></span> <span class='ocrx_word' id='word_1_85' title='bbox 1369 1242 1472 1296; x_wconf 87' lang='lat' dir='ltr'><strong>cito</strong></span> <span class='ocrx_word' id='word_1_86' title='bbox 1497 1241 1567 1296; x_wconf 89' lang='lat' dir='ltr'><strong>ad</strong></span> <span class='ocrx_word' id='word_1_87' title='bbox 1591 1257 1698 1306; x_wconf 79' lang='lat' dir='ltr'><strong>eos,</strong></span> <span class='ocrx_word' id='word_1_88' title='bbox 1731 1240 1774 1294; x_wconf 87' lang='lat' dir='ltr'><strong>si</strong></span> <span class='ocrx_word' id='word_1_89' title='bbox 1811 1237 2074 1296; x_wconf 76' lang='lat' dir='ltr'><strong>Dominus</strong></span> 
     </span>
    </p>
   </div>
   <div class='ocr_carea' id='block_1_14' title="bbox 466 1333 2073 1414">
    <p class='ocr_par' dir='ltr' id='par_1_14' title="bbox 466 1333 2073 1414">
     <span class='ocr_line' id='line_1_14' title="bbox 466 1333 2073 1414; baseline -0.004 -17"><span class='ocrx_word' id='word_1_90' title='bbox 466 1341 813 1414; x_wconf 77' lang='lat' dir='ltr'><strong>permiserit.a</strong></span> <span class='ocrx_word' id='word_1_91' title='bbox 839 1339 970 1394; x_wconf 83' lang='lat' dir='ltr'><strong>Post</strong></span> <span class='ocrx_word' id='word_1_92' title='bbox 995 1336 1482 1393; x_wconf 75' lang='lat' dir='ltr'><strong>commonitionem</strong></span> <span class='ocrx_word' id='word_1_93' title='bbox 1509 1335 1786 1408; x_wconf 77' lang='lat' dir='ltr'><strong>promittit</strong></span> <span class='ocrx_word' id='word_1_94' title='bbox 1811 1349 1871 1390; x_wconf 88' lang='lat' dir='ltr'><strong>se</strong></span> <span class='ocrx_word' id='word_1_95' title='bbox 1901 1335 1982 1391; x_wconf 89' lang='lat' dir='ltr'><strong>ire</strong></span> <span class='ocrx_word' id='word_1_96' title='bbox 2003 1333 2073 1390; x_wconf 89' lang='lat' dir='ltr'><strong>ad</strong></span> 
     </span>
    </p>
   </div>
   <div class='ocr_carea' id='block_1_15' title="bbox 469 1426 2074 1504">
    <p class='ocr_par' dir='ltr' id='par_1_15' title="bbox 469 1426 2074 1504">
     <span class='ocr_line' id='line_1_15' title="bbox 469 1426 2074 1504; baseline -0.004 -13"><span class='ocrx_word' id='word_1_97' title='bbox 469 1436 614 1504; x_wconf 90' lang='lat' dir='ltr'><strong>illos,</strong></span> <span class='ocrx_word' id='word_1_98' title='bbox 641 1435 738 1491; x_wconf 87' lang='lat' dir='ltr'><strong>sed</strong></span> <span class='ocrx_word' id='word_1_99' title='bbox 765 1434 810 1490; x_wconf 89' lang='lat' dir='ltr'><strong>si</strong></span> <span class='ocrx_word' id='word_1_100' title='bbox 849 1432 1112 1488; x_wconf 86' lang='lat' dir='ltr'><strong>Dominus</strong></span> <span class='ocrx_word' id='word_1_101' title='bbox 1140 1430 1518 1504; x_wconf 86' lang='lat' dir='ltr'><strong>permitteret;</strong></span> <span class='ocrx_word' id='word_1_102' title='bbox 1569 1437 1627 1483; x_wconf 90' lang='lat' dir='ltr'><strong>ut</strong></span> <span class='ocrx_word' id='word_1_103' title='bbox 1654 1429 1780 1500; x_wconf 84' lang='lat' dir='ltr'><strong>quia</strong></span> <span class='ocrx_word' id='word_1_104' title='bbox 1816 1427 1937 1499; x_wconf 86' lang='lat' dir='ltr'><strong>plus</strong></span> <span class='ocrx_word' id='word_1_105' title='bbox 1967 1426 2074 1484; x_wconf 86' lang='lat' dir='ltr'><strong>scit</strong></span> 
     </span>
    </p>
   </div>
   <div class='ocr_carea' id='block_1_16' title="bbox 467 1523 2068 1601">
    <p class='ocr_par' dir='ltr' id='par_1_16' title="bbox 467 1523 2068 1601">
     <span class='ocr_line' id='line_1_16' title="bbox 467 1523 2068 1601; baseline -0.005 -15"><span class='ocrx_word' id='word_1_106' title='bbox 467 1532 611 1587; x_wconf 90' lang='lat' dir='ltr'><strong>Deus</strong></span> <span class='ocrx_word' id='word_1_107' title='bbox 628 1545 790 1601; x_wconf 90' lang='lat' dir='ltr'><strong>quam</strong></span> <span class='ocrx_word' id='word_1_108' title='bbox 817 1529 1001 1591; x_wconf 76' lang='lat' dir='ltr'><strong>horno,</strong></span> <span class='ocrx_word' id='word_1_109' title='bbox 1021 1526 1145 1582; x_wconf 89' lang='lat' dir='ltr'><strong>ideo</strong></span> <span class='ocrx_word' id='word_1_110' title='bbox 1167 1528 1212 1581; x_wconf 90' lang='lat' dir='ltr'><strong>si</strong></span> <span class='ocrx_word' id='word_1_111' title='bbox 1237 1525 1406 1581; x_wconf 86' lang='lat' dir='ltr'><strong>sciret</strong></span> <span class='ocrx_word' id='word_1_112' title='bbox 1431 1539 1617 1595; x_wconf 66' lang='lat' dir='ltr'><strong>opera:</strong></span> <span class='ocrx_word' id='word_1_113' title='bbox 1647 1523 1882 1594; x_wconf 85' lang='lat' dir='ltr'><strong>pretium</strong></span> <span class='ocrx_word' id='word_1_114' title='bbox 1913 1537 2068 1590; x_wconf 88' lang='lat' dir='ltr'><strong>esse,</strong></span> 
     </span>
    </p>
   </div>
   <div class='ocr_carea' id='block_1_17' title="bbox 465 1617 2070 1697">
    <p class='ocr_par' dir='ltr' id='par_1_17' title="bbox 465 1617 2070 1697">
     <span class='ocr_line' id='line_1_17' title="bbox 465 1617 2070 1697; baseline -0.006 -15"><span class='ocrx_word' id='word_1_115' title='bbox 465 1625 928 1697; x_wconf 81' lang='lat' dir='ltr'><strong>permitteretzet</strong></span> <span class='ocrx_word' id='word_1_116' title='bbox 962 1623 1006 1677; x_wconf 91' lang='lat' dir='ltr'><strong>si</strong></span> <span class='ocrx_word' id='word_1_117' title='bbox 1037 1637 1144 1676; x_wconf 91' lang='lat' dir='ltr'><strong>non</strong></span> <span class='ocrx_word' id='word_1_118' title='bbox 1189 1621 1325 1685; x_wconf 89' lang='lat' dir='ltr'><strong>iret,</strong></span> <span class='ocrx_word' id='word_1_119' title='bbox 1375 1620 1665 1674; x_wconf 88' lang='lat' dir='ltr'><strong>Dominum</strong></span> <span class='ocrx_word' id='word_1_120' title='bbox 1715 1633 1822 1674; x_wconf 90' lang='lat' dir='ltr'><strong>non</strong></span> <span class='ocrx_word' id='word_1_121' title='bbox 1870 1617 2070 1673; x_wconf 88' lang='lat' dir='ltr'><strong>sivisse</strong></span> 
     </span>
    </p>
   </div>
   <div class='ocr_carea' id='block_1_18' title="bbox 463 1713 1854 1786">
    <p class='ocr_par' dir='ltr' id='par_1_18' title="bbox 463 1713 1854 1786">
     <span class='ocr_line' id='line_1_18' title="bbox 463 1713 1854 1786; baseline -0.006 -12"><span class='ocrx_word' id='word_1_122' title='bbox 463 1719 808 1785; x_wconf 83' lang='lat' dir='ltr'><strong>ostenderet,</strong></span> <span class='ocrx_word' id='word_1_123' title='bbox 841 1732 1004 1771; x_wconf 90' lang='lat' dir='ltr'><strong>causa</strong></span> <span class='ocrx_word' id='word_1_124' title='bbox 1029 1715 1217 1786; x_wconf 83' lang='lat' dir='ltr'><strong>utique</strong></span> <span class='ocrx_word' id='word_1_125' title='bbox 1249 1713 1854 1785; x_wconf 79' lang='lat' dir='ltr'><strong>indignitatisillnrum.</strong></span> 
     </span>
    </p>
   </div>
   <div class='ocr_carea' id='block_1_19' title="bbox 2183 489 3757 560">
    <p class='ocr_par' dir='ltr' id='par_1_19' title="bbox 2183 489 3757 560">
     <span class='ocr_line' id='line_1_19' title="bbox 2183 489 3757 560; baseline 0.003 -18"><span class='ocrx_word' id='word_1_126' title='bbox 2183 489 2362 543; x_wconf 89' lang='lat' dir='ltr'><strong>munis</strong></span> <span class='ocrx_word' id='word_1_127' title='bbox 2394 498 2500 554; x_wconf 86' lang='lat' dir='ltr'><strong>est,</strong></span> <span class='ocrx_word' id='word_1_128' title='bbox 2547 501 2600 546; x_wconf 89' lang='lat' dir='ltr'><strong>et</strong></span> <span class='ocrx_word' id='word_1_129' title='bbox 2641 489 2844 560; x_wconf 87' lang='lat' dir='ltr'><strong>judicis</strong></span> <span class='ocrx_word' id='word_1_130' title='bbox 2894 506 3000 546; x_wconf 87' lang='lat' dir='ltr'><strong>non</strong></span> <span class='ocrx_word' id='word_1_131' title='bbox 3033 489 3252 544; x_wconf 87' lang='lat' dir='ltr'><strong>estsine</strong></span> <span class='ocrx_word' id='word_1_132' title='bbox 3280 501 3601 547; x_wconf 87' lang='lat' dir='ltr'><strong>accusatore</strong></span> <span class='ocrx_word' id='word_1_133' title='bbox 3623 491 3757 547; x_wconf 78' lang='lat' dir='ltr'><strong>dam-</strong></span> 
     </span>
    </p>
   </div>
   <div class='ocr_carea' id='block_1_20' title="bbox 2180 581 3758 658">
    <p class='ocr_par' dir='ltr' id='par_1_20' title="bbox 2180 581 3758 658">
     <span class='ocr_line' id='line_1_20' title="bbox 2180 581 3758 658; baseline 0.004 -21"><span class='ocrx_word' id='word_1_134' title='bbox 2180 597 2333 651; x_wconf 71' lang='lat' dir='ltr'><strong>nare,</strong></span> <span class='ocrx_word' id='word_1_135' title='bbox 2357 583 2480 651; x_wconf 84' lang='lat' dir='ltr'><strong>quia</strong></span> <span class='ocrx_word' id='word_1_136' title='bbox 2520 593 2576 638; x_wconf 90' lang='lat' dir='ltr'><strong>et</strong></span> <span class='ocrx_word' id='word_1_137' title='bbox 2605 581 2868 639; x_wconf 88' lang='lat' dir='ltr'><strong>Dominus</strong></span> <span class='ocrx_word' id='word_1_138' title='bbox 2907 581 3128 648; x_wconf 84' lang='lat' dir='ltr'><strong>Judam,</strong></span> <span class='ocrx_word' id='word_1_139' title='bbox 3179 598 3302 638; x_wconf 90' lang='lat' dir='ltr'><strong>cum</strong></span> <span class='ocrx_word' id='word_1_140' title='bbox 3337 583 3420 640; x_wconf 80' lang='lat' dir='ltr'><strong>fur</strong></span> <span class='ocrx_word' id='word_1_141' title='bbox 3444 593 3617 652; x_wconf 86' lang='lat' dir='ltr'><strong>esset,</strong></span> <span class='ocrx_word' id='word_1_142' title='bbox 3645 587 3758 658; x_wconf 79' lang='lat' dir='ltr'><strong>quia</strong></span> 
     </span>
    </p>
   </div>
   <div class='ocr_carea' id='block_1_21' title="bbox 2181 675 3242 747">
    <p class='ocr_par' dir='ltr' id='par_1_21' title="bbox 2181 675 3242 747">
     <span class='ocr_line' id='line_1_21' title="bbox 2181 675 3242 747; baseline 0.001 -16"><span class='ocrx_word' id='word_1_143' title='bbox 2181 693 2288 732; x_wconf 86' lang='lat' dir='ltr'><strong>non</strong></span> <span class='ocrx_word' id='word_1_144' title='bbox 2320 685 2406 733; x_wconf 81' lang='lat' dir='ltr'><strong>est</strong></span> <span class='ocrx_word' id='word_1_145' title='bbox 2427 685 2736 745; x_wconf 73' lang='lat' dir='ltr'><strong>accusatus,</strong></span> <span class='ocrx_word' id='word_1_146' title='bbox 2767 675 2992 732; x_wconf 87' lang='lat' dir='ltr'><strong>minime</strong></span> <span class='ocrx_word' id='word_1_147' title='bbox 3021 677 3242 747; x_wconf 88' lang='lat' dir='ltr'><strong>abjecit.</strong></span> 
     </span>
    </p>
   </div>
   <div class='ocr_carea' id='block_1_22' title="bbox 2179 769 3756 845">
    <p class='ocr_par' dir='ltr' id='par_1_22' title="bbox 2179 769 3756 845">
     <span class='ocr_line' id='line_1_22' title="bbox 2179 769 3756 845; baseline 0.003 -19"><span class='ocrx_word' id='word_1_148' title='bbox 2179 783 2182 786; x_wconf 87' lang='lat'>&#39;</span> <span class='ocrx_word' id='word_1_149' title='bbox 2255 769 2322 826; x_wconf 90' lang='lat' dir='ltr'><strong>Ut</strong></span> <span class='ocrx_word' id='word_1_150' title='bbox 2345 771 2618 826; x_wconf 83' lang='lat' dir='ltr'><strong>tolleretur</strong></span> <span class='ocrx_word' id='word_1_151' title='bbox 2647 772 2710 826; x_wconf 86' lang='lat' dir='ltr'><strong>de</strong></span> <span class='ocrx_word' id='word_1_152' title='bbox 2737 771 2908 826; x_wconf 79' lang='lat' dir='ltr'><strong>medio</strong></span> <span class='ocrx_word' id='word_1_153' title='bbox 2937 782 3162 827; x_wconf 75' lang='lat' dir='ltr'><strong>vestrum</strong></span> <span class='ocrx_word' id='word_1_154' title='bbox 3183 813 3198 839; x_wconf 89' lang='lat'><strong>,</strong></span> <span class='ocrx_word' id='word_1_155' title='bbox 3241 771 3332 842; x_wconf 85' lang='lat' dir='ltr'><strong>qui</strong></span> <span class='ocrx_word' id='word_1_156' title='bbox 3359 773 3455 828; x_wconf 81' lang='lat' dir='ltr'><strong>hoc</strong></span> <span class='ocrx_word' id='word_1_157' title='bbox 3473 789 3604 844; x_wconf 80' lang='lat' dir='ltr'><strong>Opus</strong></span> <span class='ocrx_word' id='word_1_158' title='bbox 3625 774 3756 845; x_wconf 77' lang='lat' dir='ltr'><strong>fecit.</strong></span> 
     </span>
    </p>
   </div>
   <div class='ocr_carea' id='block_1_23' title="bbox 2177 865 3762 938">
    <p class='ocr_par' dir='ltr' id='par_1_23' title="bbox 2177 865 3762 938">
     <span class='ocr_line' id='line_1_23' title="bbox 2177 865 3762 938; baseline 0.003 -17"><span class='ocrx_word' id='word_1_159' title='bbox 2177 865 2412 938; x_wconf 81' lang='lat' dir='ltr'><strong>Cognito</strong></span> <span class='ocrx_word' id='word_1_160' title='bbox 2433 881 2602 936; x_wconf 88' lang='lat' dir='ltr'><strong>opere</strong></span> <span class='ocrx_word' id='word_1_161' title='bbox 2635 867 2742 922; x_wconf 86' lang='lat' dir='ltr'><strong>isto</strong></span> <span class='ocrx_word' id='word_1_162' title='bbox 2768 909 2782 934; x_wconf 94' lang='lat'><strong>,</strong></span> <span class='ocrx_word' id='word_1_163' title='bbox 2817 866 3129 938; x_wconf 81' lang='lat' dir='ltr'><strong>pellendum</strong></span> <span class='ocrx_word' id='word_1_164' title='bbox 3159 866 3314 923; x_wconf 89' lang='lat' dir='ltr'><strong>illum</strong></span> <span class='ocrx_word' id='word_1_165' title='bbox 3343 867 3515 924; x_wconf 79' lang='lat' dir='ltr'><strong>fuisse</strong></span> <span class='ocrx_word' id='word_1_166' title='bbox 3545 869 3612 924; x_wconf 91' lang='lat' dir='ltr'><strong>de</strong></span> <span class='ocrx_word' id='word_1_167' title='bbox 3631 878 3762 927; x_wconf 74' lang='lat' dir='ltr'><strong>cmtu</strong></span> 
     </span>
    </p>
   </div>
   <div class='ocr_carea' id='block_1_24' title="bbox 2175 957 3760 1032">
    <p class='ocr_par' dir='ltr' id='par_1_24' title="bbox 2175 957 3760 1032">
     <span class='ocr_line' id='line_1_24' title="bbox 2175 957 3760 1032; baseline 0.003 -18"><span class='ocrx_word' id='word_1_168' title='bbox 2175 957 2556 1027; x_wconf 78' lang='lat' dir='ltr'><strong>fraternitatis;</strong></span> <span class='ocrx_word' id='word_1_169' title='bbox 2573 975 2766 1017; x_wconf 88' lang='lat' dir='ltr'><strong>omnes</strong></span> <span class='ocrx_word' id='word_1_170' title='bbox 2785 961 2930 1016; x_wconf 89' lang='lat' dir='ltr'><strong>enim</strong></span> <span class='ocrx_word' id='word_1_171' title='bbox 2949 961 3158 1017; x_wconf 88' lang='lat' dir='ltr'><strong>crimen</strong></span> <span class='ocrx_word' id='word_1_172' title='bbox 3173 961 3290 1032; x_wconf 87' lang='lat' dir='ltr'><strong>ejus</strong></span> <span class='ocrx_word' id='word_1_173' title='bbox 3311 961 3581 1028; x_wconf 77' lang='lat' dir='ltr'><strong>sciebant,</strong></span> <span class='ocrx_word' id='word_1_174' title='bbox 3598 971 3760 1018; x_wconf 86' lang='lat' dir='ltr'><strong>etnon</strong></span> 
     </span>
    </p>
   </div>
   <div class='ocr_carea' id='block_1_25' title="bbox 2177 1052 3760 1124">
    <p class='ocr_par' dir='ltr' id='par_1_25' title="bbox 2177 1052 3760 1124">
     <span class='ocr_line' id='line_1_25' title="bbox 2177 1052 3760 1124; baseline 0.002 -18"><span class='ocrx_word' id='word_1_175' title='bbox 2177 1052 2508 1122; x_wconf 79' lang='lat' dir='ltr'><strong>arguebant;</strong></span> <span class='ocrx_word' id='word_1_176' title='bbox 2559 1053 2774 1124; x_wconf 88' lang='lat' dir='ltr'><strong>publice</strong></span> <span class='ocrx_word' id='word_1_177' title='bbox 2801 1054 2946 1110; x_wconf 90' lang='lat' dir='ltr'><strong>enim</strong></span> <span class='ocrx_word' id='word_1_178' title='bbox 2982 1069 3276 1110; x_wconf 79' lang='lat' dir='ltr'><strong>novercam</strong></span> <span class='ocrx_word' id='word_1_179' title='bbox 3301 1070 3460 1110; x_wconf 88' lang='lat' dir='ltr'><strong>suam</strong></span> <span class='ocrx_word' id='word_1_180' title='bbox 3490 1054 3612 1111; x_wconf 90' lang='lat' dir='ltr'><strong>loco</strong></span> <span class='ocrx_word' id='word_1_181' title='bbox 3639 1071 3760 1110; x_wconf 76' lang='lat' dir='ltr'><strong>uxo-</strong></span> 
     </span>
    </p>
   </div>
   <div class='ocr_carea' id='block_1_26' title="bbox 2176 1147 3762 1224">
    <p class='ocr_par' dir='ltr' id='par_1_26' title="bbox 2176 1147 3762 1224">
     <span class='ocr_line' id='line_1_26' title="bbox 2176 1147 3762 1224; baseline 0.003 -22"><span class='ocrx_word' id='word_1_182' title='bbox 2176 1147 2252 1203; x_wconf 89' lang='lat' dir='ltr'><strong>ris</strong></span> <span class='ocrx_word' id='word_1_183' title='bbox 2291 1147 2548 1204; x_wconf 84' lang='lat' dir='ltr'><strong>habebat.</strong></span> <span class='ocrx_word' id='word_1_184' title='bbox 2569 1147 2626 1203; x_wconf 83' lang='grc' dir='ltr'><strong>ιη</strong></span> <span class='ocrx_word' id='word_1_185' title='bbox 2656 1164 2761 1220; x_wconf 89' lang='lat' dir='ltr'><strong>qua</strong></span> <span class='ocrx_word' id='word_1_186' title='bbox 2789 1165 2850 1205; x_wconf 90' lang='lat' dir='ltr'><strong>re</strong></span> <span class='ocrx_word' id='word_1_187' title='bbox 2873 1165 3052 1222; x_wconf 91' lang='lat' dir='ltr'><strong>neque</strong></span> <span class='ocrx_word' id='word_1_188' title='bbox 3084 1150 3316 1206; x_wconf 84' lang='lat' dir='ltr'><strong>testibus</strong></span> <span class='ocrx_word' id='word_1_189' title='bbox 3345 1165 3482 1224; x_wconf 89' lang='lat' dir='ltr'><strong>opus</strong></span> <span class='ocrx_word' id='word_1_190' title='bbox 3513 1160 3651 1220; x_wconf 87' lang='lat' dir='ltr'><strong>erat,</strong></span> <span class='ocrx_word' id='word_1_191' title='bbox 3679 1165 3762 1207; x_wconf 85' lang='lat' dir='ltr'><strong>ne-</strong></span> 
     </span>
    </p>
   </div>
   <div class='ocr_carea' id='block_1_27' title="bbox 2176 1241 3632 1316">
    <p class='ocr_par' dir='ltr' id='par_1_27' title="bbox 2176 1241 3632 1316">
     <span class='ocr_line' id='line_1_27' title="bbox 2176 1241 3632 1316; baseline 0.002 -19"><span class='ocrx_word' id='word_1_192' title='bbox 2176 1257 2282 1312; x_wconf 90' lang='lat' dir='ltr'><strong>que</strong></span> <span class='ocrx_word' id='word_1_193' title='bbox 2317 1241 2778 1314; x_wconf 78' lang='lat' dir='ltr'><strong>tergiversatione</strong></span> <span class='ocrx_word' id='word_1_194' title='bbox 2806 1243 2988 1315; x_wconf 90' lang='lat' dir='ltr'><strong>aliqua</strong></span> <span class='ocrx_word' id='word_1_195' title='bbox 3019 1253 3238 1316; x_wconf 84' lang='lat' dir='ltr'><strong>poterat</strong></span> <span class='ocrx_word' id='word_1_196' title='bbox 3268 1245 3376 1316; x_wconf 76' lang='lat' dir='ltr'><strong>tegi</strong></span> <span class='ocrx_word' id='word_1_197' title='bbox 3403 1247 3632 1303; x_wconf 82' lang='lat' dir='ltr'><strong>crimen.</strong></span> 
     </span>
    </p>
   </div>
   <div class='ocr_carea' id='block_1_28' title="bbox 2177 1334 3766 1413">
    <p class='ocr_par' dir='ltr' id='par_1_28' title="bbox 2177 1334 3766 1413">
     <span class='ocr_line' id='line_1_28' title="bbox 2177 1334 3766 1413; baseline 0.006 -24"><span class='ocrx_word' id='word_1_198' title='bbox 2177 1355 2180 1358; x_wconf 94' lang='grc'>·</span> <span class='ocrx_word' id='word_1_199' title='bbox 2245 1334 2424 1406; x_wconf 82' lang='lat' dir='ltr'><strong>(Vers.</strong></span> <span class='ocrx_word' id='word_1_200' title='bbox 2458 1335 2604 1408; x_wconf 77' lang='lat'><strong>5-5,)</strong></span> <span class='ocrx_word' id='word_1_201' title='bbox 2641 1337 2752 1410; x_wconf 83' lang='lat' dir='ltr'><strong>Ego</strong></span> <span class='ocrx_word' id='word_1_202' title='bbox 2787 1339 2996 1410; x_wconf 82' lang='lat' dir='ltr'><strong>quidem</strong></span> <span class='ocrx_word' id='word_1_203' title='bbox 3031 1339 3216 1396; x_wconf 77' lang='lat' dir='ltr'><strong>absens</strong></span> <span class='ocrx_word' id='word_1_204' title='bbox 3255 1355 3500 1413; x_wconf 82' lang='lat' dir='ltr'><strong>corpore,</strong></span> <span class='ocrx_word' id='word_1_205' title='bbox 3555 1358 3766 1412; x_wconf 66' lang='lat' dir='ltr'><strong>presens</strong></span> 
     </span>
    </p>
   </div>
   <div class='ocr_carea' id='block_1_29' title="bbox 2173 1431 3764 1504">
    <p class='ocr_par' dir='ltr' id='par_1_29' title="bbox 2173 1431 3764 1504">
     <span class='ocr_line' id='line_1_29' title="bbox 2173 1431 3764 1504; baseline 0.005 -22"><span class='ocrx_word' id='word_1_206' title='bbox 2173 1439 2344 1483; x_wconf 84' lang='lat' dir='ltr'><strong>autem</strong></span> <span class='ocrx_word' id='word_1_207' title='bbox 2373 1431 2564 1502; x_wconf 76' lang='lat' dir='ltr'><strong>spiritu</strong></span> <span class='ocrx_word' id='word_1_208' title='bbox 2591 1447 2610 1486; x_wconf 90' lang='lat'><strong><em>:</em></strong></span> <span class='ocrx_word' id='word_1_209' title='bbox 2643 1431 2696 1488; x_wconf 87' lang='lat' dir='ltr'><strong>id</strong></span> <span class='ocrx_word' id='word_1_210' title='bbox 2725 1441 2833 1498; x_wconf 85' lang='lat' dir='ltr'><strong>est,</strong></span> <span class='ocrx_word' id='word_1_211' title='bbox 2883 1432 3084 1488; x_wconf 88' lang='lat' dir='ltr'><strong>absens</strong></span> <span class='ocrx_word' id='word_1_212' title='bbox 3107 1432 3264 1501; x_wconf 80' lang='lat' dir='ltr'><strong>facie,</strong></span> <span class='ocrx_word' id='word_1_213' title='bbox 3315 1447 3563 1504; x_wconf 64' lang='lat' dir='ltr'><strong>praesens</strong></span> <span class='ocrx_word' id='word_1_214' title='bbox 3591 1445 3764 1490; x_wconf 88' lang='lat' dir='ltr'><strong>autem</strong></span> 
     </span>
    </p>
   </div>
   <div class='ocr_carea' id='block_1_30' title="bbox 2173 1525 3768 1599">
    <p class='ocr_par' dir='ltr' id='par_1_30' title="bbox 2173 1525 3768 1599">
     <span class='ocr_line' id='line_1_30' title="bbox 2173 1525 3768 1599; baseline 0.004 -21"><span class='ocrx_word' id='word_1_215' title='bbox 2173 1525 2502 1581; x_wconf 83' lang='lat' dir='ltr'><strong>auctoritate</strong></span> <span class='ocrx_word' id='word_1_216' title='bbox 2551 1525 2779 1595; x_wconf 88' lang='lat' dir='ltr'><strong>spiritus</strong></span> <span class='ocrx_word' id='word_1_217' title='bbox 2801 1569 2816 1591; x_wconf 89' lang='lat'><strong>,</strong></span> <span class='ocrx_word' id='word_1_218' title='bbox 2871 1527 2962 1597; x_wconf 93' lang='lat' dir='ltr'><strong>qui</strong></span> <span class='ocrx_word' id='word_1_219' title='bbox 2988 1543 3258 1599; x_wconf 90' lang='lat' dir='ltr'><strong>nusquam</strong></span> <span class='ocrx_word' id='word_1_220' title='bbox 3289 1529 3463 1584; x_wconf 85' lang='lat' dir='ltr'><strong>abest.</strong></span> <span class='ocrx_word' id='word_1_221' title='bbox 3489 1527 3614 1582; x_wconf 81' lang='lat' dir='ltr'><strong>Jam</strong></span> <span class='ocrx_word' id='word_1_222' title='bbox 3631 1531 3768 1599; x_wconf 82' lang='lat' dir='ltr'><strong>judi-</strong></span> 
     </span>
    </p>
   </div>
   <div class='ocr_carea' id='block_1_31' title="bbox 2173 1619 3768 1692">
    <p class='ocr_par' dir='ltr' id='par_1_31' title="bbox 2173 1619 3768 1692">
     <span class='ocr_line' id='line_1_31' title="bbox 2173 1619 3768 1692; baseline 0.005 -21"><span class='ocrx_word' id='word_1_223' title='bbox 2173 1619 2282 1672; x_wconf 85' lang='lat' dir='ltr'><strong>caui</strong></span> <span class='ocrx_word' id='word_1_224' title='bbox 2309 1627 2364 1672; x_wconf 86' lang='lat' dir='ltr'><strong>ut</strong></span> <span class='ocrx_word' id='word_1_225' title='bbox 2391 1635 2642 1692; x_wconf 73' lang='lat' dir='ltr'><strong>prwsens,</strong></span> <span class='ocrx_word' id='word_1_226' title='bbox 2671 1637 2786 1676; x_wconf 86' lang='lat' dir='ltr'><strong>eum</strong></span> <span class='ocrx_word' id='word_1_227' title='bbox 2813 1621 2900 1692; x_wconf 86' lang='lat' dir='ltr'><strong>qui</strong></span> <span class='ocrx_word' id='word_1_228' title='bbox 2930 1622 3026 1676; x_wconf 83' lang='lat' dir='ltr'><strong>hoc</strong></span> <span class='ocrx_word' id='word_1_229' title='bbox 3057 1622 3306 1690; x_wconf 86' lang='lat' dir='ltr'><strong>admisit,</strong></span> <span class='ocrx_word' id='word_1_230' title='bbox 3349 1623 3404 1678; x_wconf 87' lang='lat' dir='ltr'><strong>in</strong></span> <span class='ocrx_word' id='word_1_231' title='bbox 3443 1625 3650 1678; x_wconf 79' lang='lat' dir='ltr'><strong>nomine</strong></span> <span class='ocrx_word' id='word_1_232' title='bbox 3671 1624 3768 1679; x_wconf 87' lang='lat' dir='ltr'><strong>Do-</strong></span> 
     </span>
    </p>
   </div>
   <div class='ocr_carea' id='block_1_32' title="bbox 2173 1713 3770 1792">
    <p class='ocr_par' dir='ltr' id='par_1_32' title="bbox 2173 1713 3770 1792">
     <span class='ocr_line' id='line_1_32' title="bbox 2173 1713 3770 1792; baseline 0.006 -27"><span class='ocrx_word' id='word_1_233' title='bbox 2173 1713 2302 1767; x_wconf 86' lang='lat' dir='ltr'><strong>mini</strong></span> <span class='ocrx_word' id='word_1_234' title='bbox 2325 1715 2492 1768; x_wconf 82' lang='lat' dir='ltr'><strong>nostri</strong></span> <span class='ocrx_word' id='word_1_235' title='bbox 2530 1713 2658 1770; x_wconf 77' lang='lat' dir='ltr'><strong>Jesu</strong></span> <span class='ocrx_word' id='word_1_236' title='bbox 2689 1714 2890 1770; x_wconf 81' lang='lat' dir='ltr'><strong>Christi</strong></span> <span class='ocrx_word' id='word_1_237' title='bbox 2925 1719 3254 1790; x_wconf 78' lang='lat' dir='ltr'><strong>congregatis</strong></span> <span class='ocrx_word' id='word_1_238' title='bbox 3285 1719 3424 1774; x_wconf 78' lang='lat' dir='ltr'><strong>vobis</strong></span> <span class='ocrx_word' id='word_1_239' title='bbox 3452 1728 3504 1774; x_wconf 85' lang='lat' dir='ltr'><strong>et</strong></span> <span class='ocrx_word' id='word_1_240' title='bbox 3531 1737 3644 1774; x_wconf 88' lang='lat' dir='ltr'><strong>meo</strong></span> <span class='ocrx_word' id='word_1_241' title='bbox 3671 1721 3770 1792; x_wconf 83' lang='lat' dir='ltr'><strong>spi-</strong></span> 
     </span>
    </p>
   </div>
   <div class='ocr_carea' id='block_1_33' title="bbox 536 1799 3768 1886">
    <p class='ocr_par' dir='ltr' id='par_1_33' title="bbox 536 1799 3768 1886">
     <span class='ocr_line' id='line_1_33' title="bbox 536 1799 3768 1886; baseline 0.001 -20"><span class='ocrx_word' id='word_1_242' title='bbox 536 1812 605 1866; x_wconf 88' lang='lat' dir='ltr'><strong>Et</strong></span> <span class='ocrx_word' id='word_1_243' title='bbox 635 1827 1003 1886; x_wconf 83' lang='lat' dir='ltr'><strong>recognoscam</strong></span> <span class='ocrx_word' id='word_1_244' title='bbox 1033 1826 1136 1864; x_wconf 79' lang='lat' dir='ltr'><strong>non</strong></span> <span class='ocrx_word' id='word_1_245' title='bbox 1181 1817 1472 1864; x_wconf 77' lang='lat' dir='ltr'><strong>sermunem</strong></span> <span class='ocrx_word' id='word_1_246' title='bbox 1511 1808 1720 1862; x_wconf 78' lang='lat' dir='ltr'><strong>illorum</strong></span> <span class='ocrx_word' id='word_1_247' title='bbox 1743 1849 1756 1874; x_wconf 89' lang='lat'><strong>,</strong></span> <span class='ocrx_word' id='word_1_248' title='bbox 1789 1807 1877 1878; x_wconf 87' lang='lat' dir='ltr'><strong>qui</strong></span> <span class='ocrx_word' id='word_1_249' title='bbox 1901 1805 2074 1876; x_wconf 80' lang='lat' dir='ltr'><strong>inﬂati</strong></span> <span class='ocrx_word' id='word_1_250' title='bbox 2103 1799 2150 1860; x_wconf 83' lang='grc' dir='ltr'>Β</span> <span class='ocrx_word' id='word_1_251' title='bbox 2181 1807 2311 1872; x_wconf 85' lang='lat' dir='ltr'><strong>ritu,</strong></span> <span class='ocrx_word' id='word_1_252' title='bbox 2347 1823 2468 1860; x_wconf 89' lang='lat' dir='ltr'><strong>cum</strong></span> <span class='ocrx_word' id='word_1_253' title='bbox 2519 1809 2707 1866; x_wconf 71' lang='lat' dir='ltr'><strong>uirtute</strong></span> <span class='ocrx_word' id='word_1_254' title='bbox 2741 1807 2958 1864; x_wconf 84' lang='lat' dir='ltr'><strong>Domini</strong></span> <span class='ocrx_word' id='word_1_255' title='bbox 3003 1812 3169 1866; x_wconf 79' lang='lat' dir='ltr'><strong>nostri</strong></span> <span class='ocrx_word' id='word_1_256' title='bbox 3193 1811 3356 1878; x_wconf 85' lang='lat' dir='ltr'><strong>Jesu,</strong></span> <span class='ocrx_word' id='word_1_257' title='bbox 3387 1813 3596 1869; x_wconf 86' lang='lat' dir='ltr'><strong>tradere</strong></span> <span class='ocrx_word' id='word_1_258' title='bbox 3643 1817 3768 1869; x_wconf 77' lang='lat' dir='ltr'><strong>hunc</strong></span> 
     </span>
    </p>
   </div>
   <div class='ocr_carea' id='block_1_34' title="bbox 457 1897 2070 1974">
    <p class='ocr_par' dir='ltr' id='par_1_34' title="bbox 457 1897 2070 1974">
     <span class='ocr_line' id='line_1_34' title="bbox 457 1897 2070 1974; baseline -0.007 -10"><span class='ocrx_word' id='word_1_259' title='bbox 457 1918 600 1974; x_wconf 88' lang='lat' dir='ltr'><strong>sunt,</strong></span> <span class='ocrx_word' id='word_1_260' title='bbox 629 1905 718 1961; x_wconf 84' lang='lat' dir='ltr'><strong>sed</strong></span> <span class='ocrx_word' id='word_1_261' title='bbox 745 1907 1008 1960; x_wconf 83' lang='lat' dir='ltr'><strong>virtutem.</strong></span> <span class='ocrx_word' id='word_1_262' title='bbox 1031 1902 1332 1960; x_wconf 85' lang='lat' dir='ltr'><strong>Coniundit</strong></span> <span class='ocrx_word' id='word_1_263' title='bbox 1354 1903 1502 1968; x_wconf 89' lang='lat' dir='ltr'><strong>illos,</strong></span> <span class='ocrx_word' id='word_1_264' title='bbox 1538 1903 1663 1972; x_wconf 89' lang='lat' dir='ltr'><strong>quia</strong></span> <span class='ocrx_word' id='word_1_265' title='bbox 1689 1915 1813 1955; x_wconf 91' lang='lat' dir='ltr'><strong>cum</strong></span> <span class='ocrx_word' id='word_1_266' title='bbox 1843 1897 2070 1969; x_wconf 85' lang='lat' dir='ltr'><strong>oblique</strong></span> 
     </span>
    </p>
   </div>
   <div class='ocr_carea' id='block_1_35' title="bbox 458 1991 2071 2066">
    <p class='ocr_par' dir='ltr' id='par_1_35' title="bbox 458 1991 2071 2066">
     <span class='ocr_line' id='line_1_35' title="bbox 458 1991 2071 2066; baseline -0.006 -10"><span class='ocrx_word' id='word_1_267' title='bbox 458 2007 930 2058; x_wconf 84' lang='lat' dir='ltr'><strong>cunvcrsarentur</strong></span> <span class='ocrx_word' id='word_1_268' title='bbox 961 2039 974 2064; x_wconf 91' lang='lat'><strong>,</strong></span> <span class='ocrx_word' id='word_1_269' title='bbox 1031 1995 1492 2066; x_wconf 82' lang='lat' dir='ltr'><strong>indignabantur,</strong></span> <span class='ocrx_word' id='word_1_270' title='bbox 1527 1993 1682 2064; x_wconf 88' lang='lat' dir='ltr'><strong>quasi</strong></span> <span class='ocrx_word' id='word_1_271' title='bbox 1705 1991 1854 2063; x_wconf 83' lang='lat' dir='ltr'><strong>digni</strong></span> <span class='ocrx_word' id='word_1_272' title='bbox 1881 2003 2071 2048; x_wconf 87' lang='lat' dir='ltr'><strong>essent</strong></span> 
     </span>
    </p>
   </div>
   <div class='ocr_carea' id='block_1_36' title="bbox 460 2093 1090 2165">
    <p class='ocr_par' dir='ltr' id='par_1_36' title="bbox 460 2093 1090 2165">
     <span class='ocr_line' id='line_1_36' title="bbox 460 2093 1090 2165; baseline -0.01 -14"><span class='ocrx_word' id='word_1_273' title='bbox 460 2097 530 2151; x_wconf 87' lang='lat' dir='ltr'><strong>ab</strong></span> <span class='ocrx_word' id='word_1_274' title='bbox 564 2094 830 2165; x_wconf 80' lang='lat' dir='ltr'><strong>Apostolo</strong></span> <span class='ocrx_word' id='word_1_275' title='bbox 856 2093 1090 2147; x_wconf 87' lang='lat' dir='ltr'><strong>visitari.</strong></span> 
     </span>
    </p>
   </div>
   <div class='ocr_carea' id='block_1_37' title="bbox 535 2180 2062 2262">
    <p class='ocr_par' dir='ltr' id='par_1_37' title="bbox 535 2180 2062 2262">
     <span class='ocr_line' id='line_1_37' title="bbox 535 2180 2062 2262; baseline -0.006 -17"><span class='ocrx_word' id='word_1_276' title='bbox 535 2189 722 2262; x_wconf 82' lang='lat' dir='ltr'><strong>(Vers.</strong></span> <span class='ocrx_word' id='word_1_277' title='bbox 745 2187 865 2260; x_wconf 63' lang='grc' dir='ltr'><strong>ευ.)</strong></span> <span class='ocrx_word' id='word_1_278' title='bbox 897 2185 1006 2241; x_wconf 71' lang='lat' dir='ltr'><strong>Nec</strong></span> <span class='ocrx_word' id='word_1_279' title='bbox 1057 2187 1190 2240; x_wconf 87' lang='lat' dir='ltr'><strong>enim</strong></span> <span class='ocrx_word' id='word_1_280' title='bbox 1229 2185 1286 2238; x_wconf 88' lang='lat' dir='ltr'><strong>in</strong></span> <span class='ocrx_word' id='word_1_281' title='bbox 1325 2199 1559 2240; x_wconf 81' lang='lat' dir='ltr'><strong>sermone</strong></span> <span class='ocrx_word' id='word_1_282' title='bbox 1600 2192 1672 2238; x_wconf 84' lang='lat' dir='ltr'><strong>est</strong></span> <span class='ocrx_word' id='word_1_283' title='bbox 1701 2199 1919 2255; x_wconf 82' lang='lat' dir='ltr'><strong>regnum</strong></span> <span class='ocrx_word' id='word_1_284' title='bbox 1943 2180 2062 2248; x_wconf 79' lang='lat' dir='ltr'><strong>Dei,</strong></span> 
     </span>
    </p>
   </div>
   <div class='ocr_carea' id='block_1_38' title="bbox 463 2277 2068 2352">
    <p class='ocr_par' dir='ltr' id='par_1_38' title="bbox 463 2277 2068 2352">
     <span class='ocr_line' id='line_1_38' title="bbox 463 2277 2068 2352; baseline -0.005 -12"><span class='ocrx_word' id='word_1_285' title='bbox 463 2285 552 2340; x_wconf 85' lang='lat' dir='ltr'><strong>sed</strong></span> <span class='ocrx_word' id='word_1_286' title='bbox 569 2285 624 2338; x_wconf 89' lang='lat' dir='ltr'><strong>in</strong></span> <span class='ocrx_word' id='word_1_287' title='bbox 649 2285 856 2337; x_wconf 80' lang='lat' dir='ltr'><strong>virtute.</strong></span> <span class='ocrx_word' id='word_1_288' title='bbox 909 2281 978 2338; x_wconf 92' lang='lat' dir='ltr'><strong>Ut</strong></span> <span class='ocrx_word' id='word_1_289' title='bbox 1023 2281 1169 2336; x_wconf 88' lang='lat' dir='ltr'><strong>sicut</strong></span> <span class='ocrx_word' id='word_1_290' title='bbox 1207 2295 1434 2352; x_wconf 85' lang='lat' dir='ltr'><strong>regnum</strong></span> <span class='ocrx_word' id='word_1_291' title='bbox 1490 2279 1584 2334; x_wconf 88' lang='lat' dir='ltr'><strong>Dei</strong></span> <span class='ocrx_word' id='word_1_292' title='bbox 1629 2295 1736 2335; x_wconf 91' lang='lat' dir='ltr'><strong>non</strong></span> <span class='ocrx_word' id='word_1_293' title='bbox 1767 2277 2068 2348; x_wconf 81' lang='lat' dir='ltr'><strong>Splendore</strong></span> 
     </span>
    </p>
   </div>
   <div class='ocr_carea' id='block_1_39' title="bbox 465 2372 2064 2444">
    <p class='ocr_par' dir='ltr' id='par_1_39' title="bbox 465 2372 2064 2444">
     <span class='ocr_line' id='line_1_39' title="bbox 465 2372 2064 2444; baseline -0.003 -12"><span class='ocrx_word' id='word_1_294' title='bbox 465 2379 759 2436; x_wconf 89' lang='lat' dir='ltr'><strong>verborum</strong></span> <span class='ocrx_word' id='word_1_295' title='bbox 792 2376 1226 2442; x_wconf 85' lang='lat' dir='ltr'><strong>commendatur,</strong></span> <span class='ocrx_word' id='word_1_296' title='bbox 1275 2375 1370 2430; x_wconf 87' lang='lat' dir='ltr'><strong>sed</strong></span> <span class='ocrx_word' id='word_1_297' title='bbox 1399 2375 1601 2430; x_wconf 88' lang='lat' dir='ltr'><strong>virtute</strong></span> <span class='ocrx_word' id='word_1_298' title='bbox 1643 2374 1955 2444; x_wconf 79' lang='lat' dir='ltr'><strong>signorum,</strong></span> <span class='ocrx_word' id='word_1_299' title='bbox 1989 2372 2064 2428; x_wconf 87' lang='lat' dir='ltr'><strong>ita</strong></span> 
     </span>
    </p>
   </div>
   <div class='ocr_carea' id='block_1_40' title="bbox 455 2469 2065 2540">
    <p class='ocr_par' dir='ltr' id='par_1_40' title="bbox 455 2469 2065 2540">
     <span class='ocr_line' id='line_1_40' title="bbox 455 2469 2065 2540; baseline -0.004 -10"><span class='ocrx_word' id='word_1_300' title='bbox 455 2482 510 2530; x_wconf 91' lang='lat' dir='ltr'><strong>et</strong></span> <span class='ocrx_word' id='word_1_301' title='bbox 537 2473 588 2528; x_wconf 89' lang='lat' dir='ltr'><strong>hi</strong></span> <span class='ocrx_word' id='word_1_302' title='bbox 621 2490 728 2528; x_wconf 86' lang='lat' dir='ltr'><strong>non</strong></span> <span class='ocrx_word' id='word_1_303' title='bbox 752 2473 935 2529; x_wconf 88' lang='lat' dir='ltr'><strong>verbis</strong></span> <span class='ocrx_word' id='word_1_304' title='bbox 959 2471 1145 2538; x_wconf 93' lang='lat' dir='ltr'><strong>nudis,</strong></span> <span class='ocrx_word' id='word_1_305' title='bbox 1177 2469 1273 2526; x_wconf 83' lang='lat' dir='ltr'><strong>sed</strong></span> <span class='ocrx_word' id='word_1_306' title='bbox 1303 2471 1508 2526; x_wconf 86' lang='lat' dir='ltr'><strong>virtute</strong></span> <span class='ocrx_word' id='word_1_307' title='bbox 1537 2485 1770 2540; x_wconf 90' lang='lat' dir='ltr'><strong>operum</strong></span> <span class='ocrx_word' id='word_1_308' title='bbox 1804 2469 2065 2540; x_wconf 85' lang='lat' dir='ltr'><strong>spiritua-</strong></span> 
     </span>
    </p>
   </div>
   <div class='ocr_carea' id='block_1_41' title="bbox 454 2563 1947 2638">
    <p class='ocr_par' dir='ltr' id='par_1_41' title="bbox 454 2563 1947 2638">
     <span class='ocr_line' id='line_1_41' title="bbox 454 2563 1947 2638; baseline -0.005 -14"><span class='ocrx_word' id='word_1_309' title='bbox 454 2569 590 2624; x_wconf 91' lang='lat' dir='ltr'><strong>lium</strong></span> <span class='ocrx_word' id='word_1_310' title='bbox 621 2568 817 2638; x_wconf 81' lang='lat' dir='ltr'><strong>dignos</strong></span> <span class='ocrx_word' id='word_1_311' title='bbox 847 2582 906 2622; x_wconf 91' lang='lat' dir='ltr'><strong>se</strong></span> <span class='ocrx_word' id='word_1_312' title='bbox 929 2564 1289 2621; x_wconf 90' lang='lat' dir='ltr'><strong>ostenderent</strong></span> <span class='ocrx_word' id='word_1_313' title='bbox 1321 2565 1391 2620; x_wconf 87' lang='lat' dir='ltr'><strong>ab</strong></span> <span class='ocrx_word' id='word_1_314' title='bbox 1421 2563 1693 2633; x_wconf 80' lang='lat' dir='ltr'><strong>Apostolo</strong></span> <span class='ocrx_word' id='word_1_315' title='bbox 1715 2563 1947 2616; x_wconf 89' lang='lat' dir='ltr'><strong>visitari.</strong></span> 
     </span>
    </p>
   </div>
   <div class='ocr_carea' id='block_1_42' title="bbox 530 2656 2061 2733">
    <p class='ocr_par' dir='ltr' id='par_1_42' title="bbox 530 2656 2061 2733">
     <span class='ocr_line' id='line_1_42' title="bbox 530 2656 2061 2733; baseline -0.003 -17"><span class='ocrx_word' id='word_1_316' title='bbox 530 2661 717 2733; x_wconf 84' lang='lat' dir='ltr'><strong>(Vers.</strong></span> <span class='ocrx_word' id='word_1_317' title='bbox 751 2659 872 2730; x_wconf 73' lang='lat' dir='ltr'><strong>2L)</strong></span> <span class='ocrx_word' id='word_1_318' title='bbox 905 2659 1046 2724; x_wconf 83' lang='lat' dir='ltr'><strong>Quid</strong></span> <span class='ocrx_word' id='word_1_319' title='bbox 1077 2659 1278 2712; x_wconf 82' lang='lat' dir='ltr'><strong>uultis?</strong></span> <span class='ocrx_word' id='word_1_320' title='bbox 1321 2656 1387 2711; x_wconf 83' lang='lat' dir='ltr'><strong>In</strong></span> <span class='ocrx_word' id='word_1_321' title='bbox 1433 2658 1578 2728; x_wconf 70' lang='lat' dir='ltr'><strong>virga</strong></span> <span class='ocrx_word' id='word_1_322' title='bbox 1609 2657 1808 2712; x_wconf 73' lang='lat' dir='ltr'><strong>veniam</strong></span> <span class='ocrx_word' id='word_1_323' title='bbox 1841 2657 1910 2710; x_wconf 87' lang='lat' dir='ltr'><strong>ad</strong></span> <span class='ocrx_word' id='word_1_324' title='bbox 1949 2673 2061 2724; x_wconf 83' lang='lat' dir='ltr'><strong>ros,</strong></span> 
     </span>
    </p>
   </div>
   <div class='ocr_carea' id='block_1_43' title="bbox 455 2751 2062 2822">
    <p class='ocr_par' dir='ltr' id='par_1_43' title="bbox 455 2751 2062 2822">
     <span class='ocr_line' id='line_1_43' title="bbox 455 2751 2062 2822; baseline 0.001 -16"><span class='ocrx_word' id='word_1_325' title='bbox 455 2771 522 2807; x_wconf 87' lang='lat' dir='ltr'><strong>an</strong></span> <span class='ocrx_word' id='word_1_326' title='bbox 571 2755 626 2806; x_wconf 89' lang='lat' dir='ltr'><strong>in</strong></span> <span class='ocrx_word' id='word_1_327' title='bbox 675 2753 928 2806; x_wconf 85' lang='lat' dir='ltr'><strong>charitate</strong></span> <span class='ocrx_word' id='word_1_328' title='bbox 975 2762 1022 2806; x_wconf 88' lang='lat' dir='ltr'><strong>et</strong></span> <span class='ocrx_word' id='word_1_329' title='bbox 1063 2753 1252 2822; x_wconf 86' lang='lat' dir='ltr'><strong>spiritu</strong></span> <span class='ocrx_word' id='word_1_330' title='bbox 1311 2751 1768 2805; x_wconf 84' lang='lat' dir='ltr'><strong>mansuetudinis?</strong></span> <span class='ocrx_word' id='word_1_331' title='bbox 1809 2751 2062 2808; x_wconf 86' lang='lat' dir='ltr'><strong>Terroris</strong></span> 
     </span>
    </p>
   </div>
   <div class='ocr_carea' id='block_1_44' title="bbox 453 2844 2058 2915">
    <p class='ocr_par' dir='ltr' id='par_1_44' title="bbox 453 2844 2058 2915">
     <span class='ocr_line' id='line_1_44' title="bbox 453 2844 2058 2915; baseline -0.001 -12"><span class='ocrx_word' id='word_1_332' title='bbox 453 2848 617 2903; x_wconf 88' lang='lat' dir='ltr'><strong>verba</strong></span> <span class='ocrx_word' id='word_1_333' title='bbox 642 2845 841 2912; x_wconf 80' lang='lat' dir='ltr'><strong>infert,</strong></span> <span class='ocrx_word' id='word_1_334' title='bbox 897 2855 956 2900; x_wconf 90' lang='lat' dir='ltr'><strong>ut</strong></span> <span class='ocrx_word' id='word_1_335' title='bbox 1005 2845 1267 2915; x_wconf 83' lang='lat' dir='ltr'><strong>pudorem</strong></span> <span class='ocrx_word' id='word_1_336' title='bbox 1294 2845 1464 2915; x_wconf 81' lang='lat' dir='ltr'><strong>passi,</strong></span> <span class='ocrx_word' id='word_1_337' title='bbox 1523 2845 1620 2915; x_wconf 92' lang='lat' dir='ltr'><strong>qui</strong></span> <span class='ocrx_word' id='word_1_338' title='bbox 1651 2844 1820 2900; x_wconf 83' lang='lat' dir='ltr'><strong>inﬂati</strong></span> <span class='ocrx_word' id='word_1_339' title='bbox 1879 2856 2058 2912; x_wconf 86' lang='lat' dir='ltr'><strong>erant.</strong></span> 
     </span>
    </p>
   </div>
   <div class='ocr_carea' id='block_1_45' title="bbox 455 2939 2062 3009">
    <p class='ocr_par' dir='ltr' id='par_1_45' title="bbox 455 2939 2062 3009">
     <span class='ocr_line' id='line_1_45' title="bbox 455 2939 2062 3009; baseline 0.001 -14"><span class='ocrx_word' id='word_1_340' title='bbox 455 2941 920 3005; x_wconf 89' lang='lat' dir='ltr'><strong>humiliarentur;</strong></span> <span class='ocrx_word' id='word_1_341' title='bbox 968 2949 1028 2994; x_wconf 91' lang='lat' dir='ltr'><strong>ut</strong></span> <span class='ocrx_word' id='word_1_342' title='bbox 1077 2941 1122 2995; x_wconf 92' lang='lat' dir='ltr'><strong>si</strong></span> <span class='ocrx_word' id='word_1_343' title='bbox 1149 2953 1279 2994; x_wconf 85' lang='lat' dir='ltr'><strong>vere</strong></span> <span class='ocrx_word' id='word_1_344' title='bbox 1309 2939 1562 3009; x_wconf 86' lang='lat' dir='ltr'><strong>Apostoli</strong></span> <span class='ocrx_word' id='word_1_345' title='bbox 1593 2941 1941 3009; x_wconf 65' lang='lat' dir='ltr'><strong>praesentiam</strong></span> <span class='ocrx_word' id='word_1_346' title='bbox 1967 2939 2062 2996; x_wconf 84' lang='lat' dir='ltr'><strong>de-</strong></span> 
     </span>
    </p>
   </div>
   <div class='ocr_carea' id='block_1_46' title="bbox 453 3031 2060 3103">
    <p class='ocr_par' dir='ltr' id='par_1_46' title="bbox 453 3031 2060 3103">
     <span class='ocr_line' id='line_1_46' title="bbox 453 3031 2060 3103; baseline 0.002 -16"><span class='ocrx_word' id='word_1_347' title='bbox 453 3033 788 3099; x_wconf 87' lang='lat' dir='ltr'><strong>siderarent,</strong></span> <span class='ocrx_word' id='word_1_348' title='bbox 817 3042 1194 3103; x_wconf 70' lang='lat' dir='ltr'><strong>praepararent</strong></span> <span class='ocrx_word' id='word_1_349' title='bbox 1222 3047 1282 3087; x_wconf 93' lang='lat' dir='ltr'><strong>se</strong></span> <span class='ocrx_word' id='word_1_350' title='bbox 1304 3031 1372 3087; x_wconf 86' lang='lat' dir='ltr'><strong>ad</strong></span> <span class='ocrx_word' id='word_1_351' title='bbox 1399 3032 1780 3103; x_wconf 83' lang='lat' dir='ltr'><strong>excipiendum</strong></span> <span class='ocrx_word' id='word_1_352' title='bbox 1813 3049 1962 3102; x_wconf 89' lang='lat' dir='ltr'><strong>eum,</strong></span> <span class='ocrx_word' id='word_1_353' title='bbox 2005 3033 2060 3090; x_wconf 90' lang='lat' dir='ltr'><strong>id</strong></span> 
     </span>
    </p>
   </div>
   <div class='ocr_carea' id='block_1_47' title="bbox 458 3123 2058 3194">
    <p class='ocr_par' dir='ltr' id='par_1_47' title="bbox 458 3123 2058 3194">
     <span class='ocr_line' id='line_1_47' title="bbox 458 3123 2058 3194; baseline 0.001 -12"><span class='ocrx_word' id='word_1_354' title='bbox 458 3139 567 3194; x_wconf 67' lang='lat' dir='ltr'><strong>est,</strong></span> <span class='ocrx_word' id='word_1_355' title='bbox 597 3125 888 3182; x_wconf 87' lang='lat' dir='ltr'><strong>abluerent</strong></span> <span class='ocrx_word' id='word_1_356' title='bbox 913 3139 972 3182; x_wconf 90' lang='lat' dir='ltr'><strong>se</strong></span> <span class='ocrx_word' id='word_1_357' title='bbox 1002 3123 1030 3164; x_wconf 72' lang='lat'><strong>1’</strong></span> <span class='ocrx_word' id='word_1_358' title='bbox 1053 3126 1120 3180; x_wconf 87' lang='lat' dir='ltr'><strong>ab</strong></span> <span class='ocrx_word' id='word_1_359' title='bbox 1148 3125 1300 3180; x_wconf 89' lang='lat' dir='ltr'><strong>omni</strong></span> <span class='ocrx_word' id='word_1_360' title='bbox 1335 3125 1548 3182; x_wconf 86' lang='lat' dir='ltr'><strong>macula</strong></span> <span class='ocrx_word' id='word_1_361' title='bbox 1571 3126 1846 3194; x_wconf 81' lang='lat' dir='ltr'><strong>criminis;</strong></span> <span class='ocrx_word' id='word_1_362' title='bbox 1881 3137 1938 3182; x_wconf 93' lang='lat' dir='ltr'><strong>ut</strong></span> <span class='ocrx_word' id='word_1_363' title='bbox 1967 3143 2058 3184; x_wconf 82' lang='lat' dir='ltr'><strong>ve—</strong></span> 
     </span>
    </p>
   </div>
   <div class='ocr_carea' id='block_1_48' title="bbox 2178 1899 3768 1972">
    <p class='ocr_par' dir='ltr' id='par_1_48' title="bbox 2178 1899 3768 1972">
     <span class='ocr_line' id='line_1_48' title="bbox 2178 1899 3768 1972; baseline 0.006 -18"><span class='ocrx_word' id='word_1_364' title='bbox 2178 1899 2396 1954; x_wconf 72' lang='lat' dir='ltr'><strong>Satanar</strong></span> <span class='ocrx_word' id='word_1_365' title='bbox 2426 1902 2480 1955; x_wconf 90' lang='lat' dir='ltr'><strong>in</strong></span> <span class='ocrx_word' id='word_1_366' title='bbox 2512 1903 2778 1958; x_wconf 84' lang='lat' dir='ltr'><strong>interitum</strong></span> <span class='ocrx_word' id='word_1_367' title='bbox 2811 1905 3008 1959; x_wconf 81' lang='lat' dir='ltr'><strong>carnis.</strong></span> <span class='ocrx_word' id='word_1_368' title='bbox 3029 1905 3300 1972; x_wconf 84' lang='lat' dir='ltr'><strong>Quoniam</strong></span> <span class='ocrx_word' id='word_1_369' title='bbox 3325 1903 3354 1944; x_wconf 75' lang='grc' dir='ltr'>ἀ</span> <span class='ocrx_word' id='word_1_370' title='bbox 3385 1907 3570 1964; x_wconf 89' lang='lat' dir='ltr'><strong>omnis</strong></span> <span class='ocrx_word' id='word_1_371' title='bbox 3599 1911 3768 1964; x_wconf 84' lang='lat' dir='ltr'><strong>carnis</strong></span> 
     </span>
    </p>
   </div>
   <div class='ocr_carea' id='block_1_49' title="bbox 2173 1993 3768 2072">
    <p class='ocr_par' dir='ltr' id='par_1_49' title="bbox 2173 1993 3768 2072">
     <span class='ocr_line' id='line_1_49' title="bbox 2173 1993 3768 2072; baseline 0.007 -24"><span class='ocrx_word' id='word_1_372' title='bbox 2173 1993 2428 2064; x_wconf 81' lang='lat' dir='ltr'><strong>voluptas</strong></span> <span class='ocrx_word' id='word_1_373' title='bbox 2449 2011 2478 2050; x_wconf 90' lang='lat' dir='ltr'><strong>a</strong></span> <span class='ocrx_word' id='word_1_374' title='bbox 2505 1995 2723 2052; x_wconf 88' lang='lat' dir='ltr'><strong>diabolo</strong></span> <span class='ocrx_word' id='word_1_375' title='bbox 2747 2007 2932 2064; x_wconf 89' lang='lat' dir='ltr'><strong>est,ac</strong></span> <span class='ocrx_word' id='word_1_376' title='bbox 2957 2013 3054 2070; x_wconf 87' lang='lat' dir='ltr'><strong>per</strong></span> <span class='ocrx_word' id='word_1_377' title='bbox 3069 1999 3174 2056; x_wconf 86' lang='lat' dir='ltr'><strong>hoc</strong></span> <span class='ocrx_word' id='word_1_378' title='bbox 3196 2015 3319 2056; x_wconf 91' lang='lat' dir='ltr'><strong>eum</strong></span> <span class='ocrx_word' id='word_1_379' title='bbox 3353 2001 3480 2056; x_wconf 87' lang='lat' dir='ltr'><strong>huic</strong></span> <span class='ocrx_word' id='word_1_380' title='bbox 3509 2003 3768 2072; x_wconf 82' lang='lat' dir='ltr'><strong>voluptati</strong></span> 
     </span>
    </p>
   </div>
   <div class='ocr_carea' id='block_1_50' title="bbox 2173 2089 3766 2158">
    <p class='ocr_par' dir='ltr' id='par_1_50' title="bbox 2173 2089 3766 2158">
     <span class='ocr_line' id='line_1_50' title="bbox 2173 2089 3766 2158; baseline 0.005 -14"><span class='ocrx_word' id='word_1_381' title='bbox 2173 2089 2496 2156; x_wconf 87' lang='lat' dir='ltr'><strong>remittitur,</strong></span> <span class='ocrx_word' id='word_1_382' title='bbox 2529 2091 2768 2147; x_wconf 88' lang='lat' dir='ltr'><strong>traditur</strong></span> <span class='ocrx_word' id='word_1_383' title='bbox 2788 2092 3041 2158; x_wconf 76' lang='lat' dir='ltr'><strong>Satanae;</strong></span> <span class='ocrx_word' id='word_1_384' title='bbox 3075 2109 3206 2150; x_wconf 88' lang='lat' dir='ltr'><strong>caro</strong></span> <span class='ocrx_word' id='word_1_385' title='bbox 3229 2097 3375 2151; x_wconf 88' lang='lat' dir='ltr'><strong>enim</strong></span> <span class='ocrx_word' id='word_1_386' title='bbox 3399 2097 3504 2152; x_wconf 86' lang='lat' dir='ltr'><strong>hoc</strong></span> <span class='ocrx_word' id='word_1_387' title='bbox 3535 2097 3698 2154; x_wconf 80' lang='lat' dir='ltr'><strong>habet</strong></span> <span class='ocrx_word' id='word_1_388' title='bbox 3721 2099 3766 2153; x_wconf 91' lang='lat' dir='ltr'><strong>in</strong></span> 
     </span>
    </p>
   </div>
   <div class='ocr_carea' id='block_1_51' title="bbox 2171 2182 3770 2262">
    <p class='ocr_par' dir='ltr' id='par_1_51' title="bbox 2171 2182 3770 2262">
     <span class='ocr_line' id='line_1_51' title="bbox 2171 2182 3770 2262; baseline 0.006 -26"><span class='ocrx_word' id='word_1_389' title='bbox 2171 2191 2387 2248; x_wconf 83' lang='lat' dir='ltr'><strong>natura,</strong></span> <span class='ocrx_word' id='word_1_390' title='bbox 2421 2192 2478 2238; x_wconf 91' lang='lat' dir='ltr'><strong>ut</strong></span> <span class='ocrx_word' id='word_1_391' title='bbox 2507 2182 2776 2250; x_wconf 87' lang='lat' dir='ltr'><strong>intereat;</strong></span> <span class='ocrx_word' id='word_1_392' title='bbox 2811 2185 2991 2241; x_wconf 89' lang='lat' dir='ltr'><strong>anima</strong></span> <span class='ocrx_word' id='word_1_393' title='bbox 3030 2203 3160 2259; x_wconf 83' lang='lat' dir='ltr'><strong>ergo</strong></span> <span class='ocrx_word' id='word_1_394' title='bbox 3187 2203 3310 2244; x_wconf 90' lang='lat' dir='ltr'><strong>cum</strong></span> <span class='ocrx_word' id='word_1_395' title='bbox 3344 2205 3404 2244; x_wconf 90' lang='lat' dir='ltr'><strong>se</strong></span> <span class='ocrx_word' id='word_1_396' title='bbox 3434 2189 3614 2262; x_wconf 80' lang='lat' dir='ltr'><strong>jungit</strong></span> <span class='ocrx_word' id='word_1_397' title='bbox 3639 2189 3770 2247; x_wconf 85' lang='lat' dir='ltr'><strong>desi-</strong></span> 
     </span>
    </p>
   </div>
   <div class='ocr_carea' id='block_1_52' title="bbox 2170 2273 3770 2354">
    <p class='ocr_par' dir='ltr' id='par_1_52' title="bbox 2170 2273 3770 2354">
     <span class='ocr_line' id='line_1_52' title="bbox 2170 2273 3770 2354; baseline 0.006 -25"><span class='ocrx_word' id='word_1_398' title='bbox 2170 2273 2324 2330; x_wconf 90' lang='lat' dir='ltr'><strong>derio</strong></span> <span class='ocrx_word' id='word_1_399' title='bbox 2355 2276 2496 2346; x_wconf 82' lang='lat' dir='ltr'><strong>ejus,</strong></span> <span class='ocrx_word' id='word_1_400' title='bbox 2529 2277 2817 2334; x_wconf 79' lang='lat' dir='ltr'><strong>intirmans</strong></span> <span class='ocrx_word' id='word_1_401' title='bbox 2847 2279 3184 2350; x_wconf 89' lang='lat' dir='ltr'><strong>spiritualem</strong></span> <span class='ocrx_word' id='word_1_402' title='bbox 3215 2298 3372 2337; x_wconf 89' lang='lat' dir='ltr'><strong>suum</strong></span> <span class='ocrx_word' id='word_1_403' title='bbox 3407 2284 3676 2354; x_wconf 81' lang='lat' dir='ltr'><strong>vigorem,</strong></span> <span class='ocrx_word' id='word_1_404' title='bbox 3703 2285 3770 2339; x_wconf 87' lang='lat' dir='ltr'><strong>si-</strong></span> 
     </span>
    </p>
   </div>
   <div class='ocr_carea' id='block_1_53' title="bbox 2169 2369 3768 2448">
    <p class='ocr_par' dir='ltr' id='par_1_53' title="bbox 2169 2369 3768 2448">
     <span class='ocr_line' id='line_1_53' title="bbox 2169 2369 3768 2448; baseline 0.006 -25"><span class='ocrx_word' id='word_1_405' title='bbox 2169 2370 2282 2424; x_wconf 89' lang='lat' dir='ltr'><strong>mul</strong></span> <span class='ocrx_word' id='word_1_406' title='bbox 2312 2369 2596 2426; x_wconf 90' lang='lat' dir='ltr'><strong>interitum</strong></span> <span class='ocrx_word' id='word_1_407' title='bbox 2631 2372 2856 2442; x_wconf 85' lang='lat' dir='ltr'><strong>patitur.</strong></span> <span class='ocrx_word' id='word_1_408' title='bbox 2891 2373 3076 2445; x_wconf 87' lang='lat' dir='ltr'><strong>Itaque</strong></span> <span class='ocrx_word' id='word_1_409' title='bbox 3109 2376 3152 2430; x_wconf 88' lang='lat' dir='ltr'><strong>si</strong></span> <span class='ocrx_word' id='word_1_410' title='bbox 3183 2376 3272 2430; x_wconf 89' lang='lat' dir='ltr'><strong>hic</strong></span> <span class='ocrx_word' id='word_1_411' title='bbox 3290 2388 3580 2446; x_wconf 88' lang='lat' dir='ltr'><strong>correptus</strong></span> <span class='ocrx_word' id='word_1_412' title='bbox 3601 2377 3768 2448; x_wconf 87' lang='lat' dir='ltr'><strong>stupri</strong></span> 
     </span>
    </p>
   </div>
   <div class='ocr_carea' id='block_1_54' title="bbox 2167 2463 3768 2540">
    <p class='ocr_par' dir='ltr' id='par_1_54' title="bbox 2167 2463 3768 2540">
     <span class='ocr_line' id='line_1_54' title="bbox 2167 2463 3768 2540; baseline 0.007 -23"><span class='ocrx_word' id='word_1_413' title='bbox 2167 2463 2420 2530; x_wconf 83' lang='lat' dir='ltr'><strong>admissi,</strong></span> <span class='ocrx_word' id='word_1_414' title='bbox 2451 2463 2804 2522; x_wconf 79' lang='lat' dir='ltr'><strong>erubesceret</strong></span> <span class='ocrx_word' id='word_1_415' title='bbox 2833 2465 3070 2537; x_wconf 85' lang='lat' dir='ltr'><strong>ejectum</strong></span> <span class='ocrx_word' id='word_1_416' title='bbox 3100 2484 3182 2534; x_wconf 89' lang='lat' dir='ltr'><strong>se,</strong></span> <span class='ocrx_word' id='word_1_417' title='bbox 3213 2485 3318 2524; x_wconf 91' lang='lat' dir='ltr'><strong>non</strong></span> <span class='ocrx_word' id='word_1_418' title='bbox 3350 2469 3626 2536; x_wconf 83' lang='lat' dir='ltr'><strong>interiret,</strong></span> <span class='ocrx_word' id='word_1_419' title='bbox 3657 2486 3768 2540; x_wconf 80' lang='lat' dir='ltr'><strong>pa:-</strong></span> 
     </span>
    </p>
   </div>
   <div class='ocr_carea' id='block_1_55' title="bbox 2169 2559 3766 2632">
    <p class='ocr_par' dir='ltr' id='par_1_55' title="bbox 2169 2559 3766 2632">
     <span class='ocr_line' id='line_1_55' title="bbox 2169 2559 3766 2632; baseline 0.007 -19"><span class='ocrx_word' id='word_1_420' title='bbox 2169 2559 2401 2615; x_wconf 88' lang='lat' dir='ltr'><strong>nitentia</strong></span> <span class='ocrx_word' id='word_1_421' title='bbox 2458 2561 2852 2632; x_wconf 81' lang='lat' dir='ltr'><strong>subsequente.</strong></span> <span class='ocrx_word' id='word_1_422' title='bbox 2909 2573 2930 2600; x_wconf 76' lang='grc' dir='ltr'><strong>θ</strong></span> <span class='ocrx_word' id='word_1_423' title='bbox 2961 2563 3078 2619; x_wconf 83' lang='lat' dir='ltr'><strong>Non</strong></span> <span class='ocrx_word' id='word_1_424' title='bbox 3128 2575 3334 2620; x_wconf 87' lang='lat' dir='ltr'><strong>tantum</strong></span> <span class='ocrx_word' id='word_1_425' title='bbox 3364 2565 3611 2621; x_wconf 87' lang='lat' dir='ltr'><strong>omnium</strong></span> <span class='ocrx_word' id='word_1_426' title='bbox 3643 2581 3766 2624; x_wconf 82' lang='lat' dir='ltr'><strong>con-</strong></span> 
     </span>
    </p>
   </div>
   <div class='ocr_carea' id='block_1_56' title="bbox 2164 2654 3770 2728">
    <p class='ocr_par' dir='ltr' id='par_1_56' title="bbox 2164 2654 3770 2728">
     <span class='ocr_line' id='line_1_56' title="bbox 2164 2654 3770 2728; baseline 0.005 -20"><span class='ocrx_word' id='word_1_427' title='bbox 2164 2667 2332 2708; x_wconf 84' lang='lat' dir='ltr'><strong>sensu</strong></span> <span class='ocrx_word' id='word_1_428' title='bbox 2361 2663 2414 2707; x_wconf 92' lang='lat' dir='ltr'><strong>ct</strong></span> <span class='ocrx_word' id='word_1_429' title='bbox 2449 2654 2738 2723; x_wconf 76' lang='lat' dir='ltr'><strong>prmsentia</strong></span> <span class='ocrx_word' id='word_1_430' title='bbox 2765 2672 2779 2721; x_wconf 93' lang='lat'><strong>;</strong></span> <span class='ocrx_word' id='word_1_431' title='bbox 2826 2656 2924 2711; x_wconf 91' lang='lat' dir='ltr'><strong>sed</strong></span> <span class='ocrx_word' id='word_1_432' title='bbox 2957 2657 3166 2713; x_wconf 88' lang='lat' dir='ltr'><strong>virtute</strong></span> <span class='ocrx_word' id='word_1_433' title='bbox 3199 2657 3412 2714; x_wconf 87' lang='lat' dir='ltr'><strong>Domini</strong></span> <span class='ocrx_word' id='word_1_434' title='bbox 3436 2659 3586 2728; x_wconf 80' lang='lat' dir='ltr'><strong>Jesu,</strong></span> <span class='ocrx_word' id='word_1_435' title='bbox 3613 2661 3668 2717; x_wconf 88' lang='lat' dir='ltr'><strong>id</strong></span> <span class='ocrx_word' id='word_1_436' title='bbox 3695 2671 3770 2718; x_wconf 88' lang='lat' dir='ltr'><strong>est</strong></span> 
     </span>
    </p>
   </div>
   <div class='ocr_carea' id='block_1_57' title="bbox 2165 2747 3766 2824">
    <p class='ocr_par' dir='ltr' id='par_1_57' title="bbox 2165 2747 3766 2824">
     <span class='ocr_line' id='line_1_57' title="bbox 2165 2747 3766 2824; baseline 0.007 -26"><span class='ocrx_word' id='word_1_437' title='bbox 2165 2747 2434 2802; x_wconf 86' lang='lat' dir='ltr'><strong>sententia</strong></span> <span class='ocrx_word' id='word_1_438' title='bbox 2471 2747 2626 2818; x_wconf 89' lang='lat' dir='ltr'><strong>cujus</strong></span> <span class='ocrx_word' id='word_1_439' title='bbox 2653 2749 2930 2820; x_wconf 81' lang='lat' dir='ltr'><strong>legatione</strong></span> <span class='ocrx_word' id='word_1_440' title='bbox 2963 2749 3292 2822; x_wconf 76' lang='lat' dir='ltr'><strong>iurigebatur</strong></span> <span class='ocrx_word' id='word_1_441' title='bbox 3319 2753 3652 2824; x_wconf 81' lang='lat' dir='ltr'><strong>Apostolus,</strong></span> <span class='ocrx_word' id='word_1_442' title='bbox 3683 2755 3766 2810; x_wconf 86' lang='lat' dir='ltr'><strong>ab-</strong></span> 
     </span>
    </p>
   </div>
   <div class='ocr_carea' id='block_1_58' title="bbox 2161 2837 3763 2917">
    <p class='ocr_par' dir='ltr' id='par_1_58' title="bbox 2161 2837 3763 2917">
     <span class='ocr_line' id='line_1_58' title="bbox 2161 2837 3763 2917; baseline 0.007 -25"><span class='ocrx_word' id='word_1_443' title='bbox 2161 2837 2464 2906; x_wconf 90' lang='lat' dir='ltr'><strong>jiciendum</strong></span> <span class='ocrx_word' id='word_1_444' title='bbox 2495 2841 2646 2896; x_wconf 91' lang='lat' dir='ltr'><strong>illum</strong></span> <span class='ocrx_word' id='word_1_445' title='bbox 2685 2841 2752 2896; x_wconf 85' lang='lat' dir='ltr'><strong>de</strong></span> <span class='ocrx_word' id='word_1_446' title='bbox 2797 2841 3043 2898; x_wconf 87' lang='lat' dir='ltr'><strong>Ecclesia</strong></span> <span class='ocrx_word' id='word_1_447' title='bbox 3085 2847 3321 2901; x_wconf 86' lang='lat' dir='ltr'><strong>censuit.</strong></span> <span class='ocrx_word' id='word_1_448' title='bbox 3366 2844 3502 2901; x_wconf 86' lang='lat' dir='ltr'><strong>Cum</strong></span> <span class='ocrx_word' id='word_1_449' title='bbox 3528 2847 3763 2917; x_wconf 91' lang='lat' dir='ltr'><strong>ejicitur,</strong></span> 
     </span>
    </p>
   </div>
   <div class='ocr_carea' id='block_1_59' title="bbox 2165 2933 3763 3004">
    <p class='ocr_par' dir='ltr' id='par_1_59' title="bbox 2165 2933 3763 3004">
     <span class='ocr_line' id='line_1_59' title="bbox 2165 2933 3763 3004; baseline 0.006 -19"><span class='ocrx_word' id='word_1_450' title='bbox 2165 2933 2402 2988; x_wconf 86' lang='lat' dir='ltr'><strong>traditur</strong></span> <span class='ocrx_word' id='word_1_451' title='bbox 2435 2933 2658 2990; x_wconf 72' lang='lat' dir='ltr'><strong>Satanm</strong></span> <span class='ocrx_word' id='word_1_452' title='bbox 2689 2935 2741 2989; x_wconf 90' lang='lat' dir='ltr'><strong>in</strong></span> <span class='ocrx_word' id='word_1_453' title='bbox 2779 2935 3062 2991; x_wconf 87' lang='lat' dir='ltr'><strong>interitum</strong></span> <span class='ocrx_word' id='word_1_454' title='bbox 3091 2939 3304 3004; x_wconf 89' lang='lat' dir='ltr'><strong>carnis;</strong></span> <span class='ocrx_word' id='word_1_455' title='bbox 3333 2946 3388 2994; x_wconf 90' lang='lat' dir='ltr'><strong>et</strong></span> <span class='ocrx_word' id='word_1_456' title='bbox 3413 2939 3594 2994; x_wconf 88' lang='lat' dir='ltr'><strong>anima</strong></span> <span class='ocrx_word' id='word_1_457' title='bbox 3627 2941 3763 2996; x_wconf 88' lang='lat' dir='ltr'><strong>enim</strong></span> 
     </span>
    </p>
   </div>
   <div class='ocr_carea' id='block_1_60' title="bbox 2163 3026 3763 3104">
    <p class='ocr_par' dir='ltr' id='par_1_60' title="bbox 2163 3026 3763 3104">
     <span class='ocr_line' id='line_1_60' title="bbox 2163 3026 3763 3104; baseline 0.005 -24"><span class='ocrx_word' id='word_1_458' title='bbox 2163 3033 2216 3080; x_wconf 87' lang='lat' dir='ltr'><strong>et</strong></span> <span class='ocrx_word' id='word_1_459' title='bbox 2243 3040 2444 3095; x_wconf 87' lang='lat' dir='ltr'><strong>corpus</strong></span> <span class='ocrx_word' id='word_1_460' title='bbox 2477 3026 2774 3094; x_wconf 89' lang='lat' dir='ltr'><strong>intereunt,</strong></span> <span class='ocrx_word' id='word_1_461' title='bbox 2809 3029 3029 3099; x_wconf 87' lang='lat' dir='ltr'><strong>quando</strong></span> <span class='ocrx_word' id='word_1_462' title='bbox 3051 3045 3175 3101; x_wconf 73' lang='lat' dir='ltr'><strong>qua:</strong></span> <span class='ocrx_word' id='word_1_463' title='bbox 3201 3039 3394 3086; x_wconf 82' lang='lat' dir='ltr'><strong>contra</strong></span> <span class='ocrx_word' id='word_1_464' title='bbox 3423 3031 3600 3104; x_wconf 82' lang='lat' dir='ltr'><strong>legem</strong></span> <span class='ocrx_word' id='word_1_465' title='bbox 3625 3041 3763 3098; x_wconf 85' lang='lat' dir='ltr'><strong>sunt,</strong></span> 
     </span>
    </p>
   </div>
   <div class='ocr_carea' id='block_1_61' title="bbox 2163 3115 3766 3179">
    <p class='ocr_par' dir='ltr' id='par_1_61' title="bbox 2163 3115 3766 3179">
     <span class='ocr_line' id='line_1_61' title="bbox 2163 3115 3766 3179; baseline 0.005 -8"><span class='ocrx_word' id='word_1_466' title='bbox 2163 3115 2302 3172; x_wconf 84' lang='lat' dir='ltr'><strong>ﬁunt</strong></span> <span class='ocrx_word' id='word_1_467' title='bbox 2331 3135 2344 3172; x_wconf 89' lang='lat'><strong>:</strong></span> <span class='ocrx_word' id='word_1_468' title='bbox 2377 3117 2475 3173; x_wconf 88' lang='lat' dir='ltr'><strong>sed</strong></span> <span class='ocrx_word' id='word_1_469' title='bbox 2521 3121 2573 3174; x_wconf 93' lang='lat' dir='ltr'><strong>in</strong></span> <span class='ocrx_word' id='word_1_470' title='bbox 2627 3119 2730 3176; x_wconf 88' lang='lat' dir='ltr'><strong>hac</strong></span> <span class='ocrx_word' id='word_1_471' title='bbox 2771 3120 2934 3176; x_wconf 86' lang='lat' dir='ltr'><strong>aliter</strong></span> <span class='ocrx_word' id='word_1_472' title='bbox 2963 3135 3126 3176; x_wconf 88' lang='lat' dir='ltr'><strong>causa</strong></span> <span class='ocrx_word' id='word_1_473' title='bbox 3170 3122 3432 3178; x_wconf 89' lang='lat' dir='ltr'><strong>interitus</strong></span> <span class='ocrx_word' id='word_1_474' title='bbox 3463 3124 3650 3179; x_wconf 83' lang='lat' dir='ltr'><strong>carnis</strong></span> <span class='ocrx_word' id='word_1_475' title='bbox 3675 3123 3766 3179; x_wconf 87' lang='lat' dir='ltr'><strong>ho-</strong></span> 
     </span>
    </p>
   </div>
   <div class='ocr_carea' id='block_1_62' title="bbox 459 3195 3766 3288">
    <p class='ocr_par' dir='ltr' id='par_1_62' title="bbox 459 3195 3766 3288">
     <span class='ocr_line' id='line_1_62' title="bbox 459 3195 3766 3288; baseline 0 -17"><span class='ocrx_word' id='word_1_476' title='bbox 459 3219 618 3272; x_wconf 82' lang='lat' dir='ltr'><strong>niens</strong></span> <span class='ocrx_word' id='word_1_477' title='bbox 649 3217 716 3272; x_wconf 86' lang='lat' dir='ltr'><strong>ad</strong></span> <span class='ocrx_word' id='word_1_478' title='bbox 746 3217 892 3284; x_wconf 89' lang='lat' dir='ltr'><strong>illos,</strong></span> <span class='ocrx_word' id='word_1_479' title='bbox 922 3216 1165 3272; x_wconf 82' lang='lat' dir='ltr'><strong>laetitiam</strong></span> <span class='ocrx_word' id='word_1_480' title='bbox 1189 3216 1420 3274; x_wconf 89' lang='lat' dir='ltr'><strong>haberet</strong></span> <span class='ocrx_word' id='word_1_481' title='bbox 1446 3219 1597 3288; x_wconf 88' lang='lat' dir='ltr'><strong>quasi</strong></span> <span class='ocrx_word' id='word_1_482' title='bbox 1623 3233 1745 3274; x_wconf 88' lang='lat' dir='ltr'><strong>cum</strong></span> <span class='ocrx_word' id='word_1_483' title='bbox 1777 3218 1902 3274; x_wconf 81' lang='lat' dir='ltr'><strong>filiis</strong></span> <span class='ocrx_word' id='word_1_484' title='bbox 1929 3218 2059 3275; x_wconf 87' lang='lat' dir='ltr'><strong>cha-</strong></span> <span class='ocrx_word' id='word_1_485' title='bbox 2085 3195 2130 3257; x_wconf 67' lang='grc' dir='ltr'>Ο</span> <span class='ocrx_word' id='word_1_486' title='bbox 2164 3211 2296 3264; x_wconf 78' lang='lat' dir='ltr'><strong>mini</strong></span> <span class='ocrx_word' id='word_1_487' title='bbox 2321 3209 2637 3281; x_wconf 73' lang='lat' dir='ltr'><strong>deputatur.</strong></span> <span class='ocrx_word' id='word_1_488' title='bbox 2669 3212 3007 3285; x_wconf 80' lang='lat' dir='ltr'><strong>Quamquam</strong></span> <span class='ocrx_word' id='word_1_489' title='bbox 3039 3215 3184 3270; x_wconf 88' lang='lat' dir='ltr'><strong>enim</strong></span> <span class='ocrx_word' id='word_1_490' title='bbox 3203 3217 3388 3272; x_wconf 88' lang='lat' dir='ltr'><strong>omnia</strong></span> <span class='ocrx_word' id='word_1_491' title='bbox 3413 3225 3638 3288; x_wconf 82' lang='lat' dir='ltr'><strong>peccata</strong></span> <span class='ocrx_word' id='word_1_492' title='bbox 3663 3232 3766 3273; x_wconf 83' lang='lat' dir='ltr'><strong>car-</strong></span> 
     </span>
    </p>
   </div>
   <div class='ocr_carea' id='block_1_63' title="bbox 459 3309 715 3367">
    <p class='ocr_par' dir='ltr' id='par_1_63' title="bbox 459 3309 715 3367">
     <span class='ocr_line' id='line_1_63' title="bbox 459 3309 715 3367; baseline -0.004 -1"><span class='ocrx_word' id='word_1_493' title='bbox 459 3309 715 3367; x_wconf 90' lang='lat' dir='ltr'><strong>rissimis.</strong></span> 
     </span>
    </p>
   </div>
   <div class='ocr_carea' id='block_1_64' title="bbox 1081 3400 1419 3459">
    <p class='ocr_par' dir='ltr' id='par_1_64' title="bbox 1081 3400 1419 3459">
     <span class='ocr_line' id='line_1_64' title="bbox 1081 3400 1419 3459; baseline 0.003 -2"><span class='ocrx_word' id='word_1_494' title='bbox 1081 3400 1312 3459; x_wconf 84' lang='lat' dir='ltr'><strong>CAPUT</strong></span> <span class='ocrx_word' id='word_1_495' title='bbox 1358 3403 1419 3459; x_wconf 78' lang='grc' dir='ltr'><strong>ν.</strong></span> 
     </span>
    </p>
   </div>
   <div class='ocr_carea' id='block_1_65' title="bbox 531 3495 2058 3569">
    <p class='ocr_par' dir='ltr' id='par_1_65' title="bbox 531 3495 2058 3569">
     <span class='ocr_line' id='line_1_65' title="bbox 531 3495 2058 3569; baseline 0.001 -15"><span class='ocrx_word' id='word_1_496' title='bbox 531 3497 712 3569; x_wconf 84' lang='lat' dir='ltr'><strong>(Vcrs.</strong></span> <span class='ocrx_word' id='word_1_497' title='bbox 737 3495 814 3568; x_wconf 82' lang='lat' dir='ltr'><strong>l.)</strong></span> <span class='ocrx_word' id='word_1_498' title='bbox 839 3495 1060 3551; x_wconf 86' lang='lat' dir='ltr'><strong>Omnino</strong></span> <span class='ocrx_word' id='word_1_499' title='bbox 1080 3497 1294 3551; x_wconf 86' lang='lat' dir='ltr'><strong>auditur</strong></span> <span class='ocrx_word' id='word_1_500' title='bbox 1312 3497 1445 3551; x_wconf 82' lang='lat' dir='ltr'><strong>inter</strong></span> <span class='ocrx_word' id='word_1_501' title='bbox 1460 3513 1547 3550; x_wconf 80' lang='lat' dir='ltr'><strong>vos</strong></span> <span class='ocrx_word' id='word_1_502' title='bbox 1557 3497 1862 3567; x_wconf 77' lang='lat' dir='ltr'><strong>fornicatio,</strong></span> <span class='ocrx_word' id='word_1_503' title='bbox 1877 3509 1924 3554; x_wconf 82' lang='lat' dir='ltr'><strong>et</strong></span> <span class='ocrx_word' id='word_1_504' title='bbox 1939 3500 2058 3555; x_wconf 89' lang='lat' dir='ltr'><strong>talis</strong></span> 
     </span>
    </p>
   </div>
   <div class='ocr_carea' id='block_1_66' title="bbox 457 3591 2058 3664">
    <p class='ocr_par' dir='ltr' id='par_1_66' title="bbox 457 3591 2058 3664">
     <span class='ocr_line' id='line_1_66' title="bbox 457 3591 2058 3664; baseline 0.001 -18"><span class='ocrx_word' id='word_1_505' title='bbox 457 3591 760 3658; x_wconf 80' lang='lat' dir='ltr'><strong>fornicatio,</strong></span> <span class='ocrx_word' id='word_1_506' title='bbox 786 3591 958 3659; x_wconf 81' lang='lat' dir='ltr'><strong>quatis</strong></span> <span class='ocrx_word' id='word_1_507' title='bbox 986 3607 1078 3645; x_wconf 83' lang='lat' dir='ltr'><strong>nec</strong></span> <span class='ocrx_word' id='word_1_508' title='bbox 1097 3591 1233 3646; x_wconf 86' lang='lat' dir='ltr'><strong>inter</strong></span> <span class='ocrx_word' id='word_1_509' title='bbox 1268 3602 1466 3664; x_wconf 82' lang='lat' dir='ltr'><strong>gentes.</strong></span> <span class='ocrx_word' id='word_1_510' title='bbox 1513 3591 1579 3648; x_wconf 91' lang='lat' dir='ltr'><strong>Ut</strong></span> <span class='ocrx_word' id='word_1_511' title='bbox 1606 3607 1768 3662; x_wconf 88' lang='lat' dir='ltr'><strong>quam</strong></span> <span class='ocrx_word' id='word_1_512' title='bbox 1800 3609 1966 3663; x_wconf 82' lang='lat' dir='ltr'><strong>grave</strong></span> <span class='ocrx_word' id='word_1_513' title='bbox 1985 3595 2058 3648; x_wconf 90' lang='lat' dir='ltr'><strong>sit</strong></span> 
     </span>
    </p>
   </div>
   <div class='ocr_carea' id='block_1_67' title="bbox 452 3684 2060 3758">
    <p class='ocr_par' dir='ltr' id='par_1_67' title="bbox 452 3684 2060 3758">
     <span class='ocr_line' id='line_1_67' title="bbox 452 3684 2060 3758; baseline 0.001 -18"><span class='ocrx_word' id='word_1_514' title='bbox 452 3685 596 3741; x_wconf 86' lang='lat' dir='ltr'><strong>istud</strong></span> <span class='ocrx_word' id='word_1_515' title='bbox 621 3684 776 3758; x_wconf 74' lang='lat'><strong>127</strong></span> <span class='ocrx_word' id='word_1_516' title='bbox 807 3693 1091 3756; x_wconf 89' lang='lat' dir='ltr'><strong>peccatum</strong></span> <span class='ocrx_word' id='word_1_517' title='bbox 1119 3685 1464 3752; x_wconf 87' lang='lat' dir='ltr'><strong>ostenderet,</strong></span> <span class='ocrx_word' id='word_1_518' title='bbox 1495 3685 1675 3740; x_wconf 89' lang='lat' dir='ltr'><strong>necab</strong></span> <span class='ocrx_word' id='word_1_519' title='bbox 1695 3685 1761 3740; x_wconf 90' lang='lat' dir='ltr'><strong>iis</strong></span> <span class='ocrx_word' id='word_1_520' title='bbox 1789 3684 1895 3741; x_wconf 91' lang='lat' dir='ltr'><strong>hoc</strong></span> <span class='ocrx_word' id='word_1_521' title='bbox 1921 3685 2060 3741; x_wconf 79' lang='lat' dir='ltr'><strong>dixit</strong></span> 
     </span>
    </p>
   </div>
   <div class='ocr_carea' id='block_1_68' title="bbox 445 3777 2056 3849">
    <p class='ocr_par' dir='ltr' id='par_1_68' title="bbox 445 3777 2056 3849">
     <span class='ocr_line' id='line_1_68' title="bbox 445 3777 2056 3849; baseline -0.001 -15"><span class='ocrx_word' id='word_1_522' title='bbox 445 3779 680 3844; x_wconf 87' lang='lat' dir='ltr'><strong>admitti,</strong></span> <span class='ocrx_word' id='word_1_523' title='bbox 702 3778 793 3848; x_wconf 88' lang='lat' dir='ltr'><strong>qui</strong></span> <span class='ocrx_word' id='word_1_524' title='bbox 816 3777 986 3834; x_wconf 88' lang='lat' dir='ltr'><strong>Deum</strong></span> <span class='ocrx_word' id='word_1_525' title='bbox 1007 3777 1294 3844; x_wconf 89' lang='lat' dir='ltr'><strong>nesciunt;</strong></span> <span class='ocrx_word' id='word_1_526' title='bbox 1323 3777 1743 3848; x_wconf 87' lang='lat' dir='ltr'><strong>utproindequa</strong></span> <span class='ocrx_word' id='word_1_527' title='bbox 1771 3793 1931 3849; x_wconf 79' lang='lat' dir='ltr'><strong>pmna</strong></span> <span class='ocrx_word' id='word_1_528' title='bbox 1963 3777 2056 3834; x_wconf 90' lang='lat' dir='ltr'><strong>hic</strong></span> 
     </span>
    </p>
   </div>
   <div class='ocr_carea' id='block_1_69' title="bbox 449 3870 2056 3943">
    <p class='ocr_par' dir='ltr' id='par_1_69' title="bbox 449 3870 2056 3943">
     <span class='ocr_line' id='line_1_69' title="bbox 449 3870 2056 3943; baseline -0.002 -14"><span class='ocrx_word' id='word_1_529' title='bbox 449 3870 796 3929; x_wconf 88' lang='lat' dir='ltr'><strong>mulctaudus</strong></span> <span class='ocrx_word' id='word_1_530' title='bbox 815 3879 984 3939; x_wconf 87' lang='lat' dir='ltr'><strong>esset,</strong></span> <span class='ocrx_word' id='word_1_531' title='bbox 1001 3871 1346 3938; x_wconf 85' lang='lat' dir='ltr'><strong>ostenderet,</strong></span> <span class='ocrx_word' id='word_1_532' title='bbox 1368 3881 1390 3910; x_wconf 74' lang='grc' dir='ltr'><strong>ε</strong></span> <span class='ocrx_word' id='word_1_533' title='bbox 1415 3871 1510 3943; x_wconf 89' lang='lat' dir='ltr'><strong>qui</strong></span> <span class='ocrx_word' id='word_1_534' title='bbox 1535 3871 1636 3926; x_wconf 85' lang='lat' dir='ltr'><strong>sub</strong></span> <span class='ocrx_word' id='word_1_535' title='bbox 1666 3880 1868 3926; x_wconf 69' lang='lat' dir='ltr'><strong>aeterna</strong></span> <span class='ocrx_word' id='word_1_536' title='bbox 1891 3879 1949 3928; x_wconf 89' lang='lat' dir='ltr'><strong>et</strong></span> <span class='ocrx_word' id='word_1_537' title='bbox 1973 3871 2056 3927; x_wconf 80' lang='lat' dir='ltr'><strong>di-</strong></span> 
     </span>
    </p>
   </div>
   <div class='ocr_carea' id='block_1_70' title="bbox 449 3962 2056 4032">
    <p class='ocr_par' dir='ltr' id='par_1_70' title="bbox 449 3962 2056 4032">
     <span class='ocr_line' id='line_1_70' title="bbox 449 3962 2056 4032; baseline 0.002 -15"><span class='ocrx_word' id='word_1_538' title='bbox 449 3965 578 4018; x_wconf 86' lang='lat' dir='ltr'><strong>vina</strong></span> <span class='ocrx_word' id='word_1_539' title='bbox 619 3962 836 4032; x_wconf 79' lang='lat' dir='ltr'><strong>justitia</strong></span> <span class='ocrx_word' id='word_1_540' title='bbox 863 3963 1196 4018; x_wconf 91' lang='lat' dir='ltr'><strong>constitutus</strong></span> <span class='ocrx_word' id='word_1_541' title='bbox 1224 4005 1238 4030; x_wconf 96' lang='lat'><strong>,</strong></span> <span class='ocrx_word' id='word_1_542' title='bbox 1283 3964 1418 4018; x_wconf 90' lang='lat' dir='ltr'><strong>tanti</strong></span> <span class='ocrx_word' id='word_1_543' title='bbox 1451 3963 1680 4020; x_wconf 91' lang='lat' dir='ltr'><strong>sceleris</strong></span> <span class='ocrx_word' id='word_1_544' title='bbox 1715 3965 1924 4022; x_wconf 90' lang='lat' dir='ltr'><strong>crimen</strong></span> <span class='ocrx_word' id='word_1_545' title='bbox 1955 3965 2056 4020; x_wconf 87' lang='lat' dir='ltr'><strong>ad-</strong></span> 
     </span>
    </p>
   </div>
   <div class='ocr_carea' id='block_1_71' title="bbox 452 4058 701 4113">
    <p class='ocr_par' dir='ltr' id='par_1_71' title="bbox 452 4058 701 4113">
     <span class='ocr_line' id='line_1_71' title="bbox 452 4058 701 4113; baseline -0.016 0"><span class='ocrx_word' id='word_1_546' title='bbox 452 4058 701 4113; x_wconf 84' lang='lat' dir='ltr'><strong>miserat.</strong></span> 
     </span>
    </p>
   </div>
   <div class='ocr_carea' id='block_1_72' title="bbox 523 4149 2057 4224">
    <p class='ocr_par' dir='ltr' id='par_1_72' title="bbox 523 4149 2057 4224">
     <span class='ocr_line' id='line_1_72' title="bbox 523 4149 2057 4224; baseline 0.004 -21"><span class='ocrx_word' id='word_1_547' title='bbox 523 4149 609 4204; x_wconf 85' lang='lat' dir='ltr'><strong>Ita</strong></span> <span class='ocrx_word' id='word_1_548' title='bbox 633 4159 688 4204; x_wconf 86' lang='lat' dir='ltr'><strong>ut</strong></span> <span class='ocrx_word' id='word_1_549' title='bbox 715 4153 830 4222; x_wconf 84' lang='lat' dir='ltr'><strong>quis</strong></span> <span class='ocrx_word' id='word_1_550' title='bbox 861 4167 1079 4206; x_wconf 79' lang='lat' dir='ltr'><strong>uxorem</strong></span> <span class='ocrx_word' id='word_1_551' title='bbox 1119 4153 1284 4224; x_wconf 84' lang='lat' dir='ltr'><strong>patris</strong></span> <span class='ocrx_word' id='word_1_552' title='bbox 1313 4149 1521 4206; x_wconf 86' lang='lat' dir='ltr'><strong>habeat.</strong></span> <span class='ocrx_word' id='word_1_553' title='bbox 1567 4151 1843 4208; x_wconf 67' lang='lat' dir='ltr'><strong>Praemissi</strong></span> <span class='ocrx_word' id='word_1_554' title='bbox 1871 4152 2057 4210; x_wconf 90' lang='lat' dir='ltr'><strong>crimi-</strong></span> 
     </span>
    </p>
   </div>
   <div class='ocr_carea' id='block_1_73' title="bbox 457 4245 2056 4319">
    <p class='ocr_par' dir='ltr' id='par_1_73' title="bbox 457 4245 2056 4319">
     <span class='ocr_line' id='line_1_73' title="bbox 457 4245 2056 4319; baseline 0.002 -18"><span class='ocrx_word' id='word_1_555' title='bbox 457 4249 542 4302; x_wconf 88' lang='lat' dir='ltr'><strong>nis</strong></span> <span class='ocrx_word' id='word_1_556' title='bbox 583 4246 826 4316; x_wconf 85' lang='lat' dir='ltr'><strong>prodidit</strong></span> <span class='ocrx_word' id='word_1_557' title='bbox 878 4262 1093 4318; x_wconf 83' lang='lat' dir='ltr'><strong>genus;</strong></span> <span class='ocrx_word' id='word_1_558' title='bbox 1155 4253 1215 4300; x_wconf 90' lang='lat' dir='ltr'><strong>ut</strong></span> <span class='ocrx_word' id='word_1_559' title='bbox 1267 4261 1376 4300; x_wconf 86' lang='lat' dir='ltr'><strong>non</strong></span> <span class='ocrx_word' id='word_1_560' title='bbox 1427 4245 1604 4300; x_wconf 85' lang='lat' dir='ltr'><strong>solum</strong></span> <span class='ocrx_word' id='word_1_561' title='bbox 1649 4245 1804 4302; x_wconf 88' lang='lat' dir='ltr'><strong>illum</strong></span> <span class='ocrx_word' id='word_1_562' title='bbox 1865 4255 2056 4319; x_wconf 89' lang='lat' dir='ltr'><strong>aperte</strong></span> 
     </span>
    </p>
   </div>
   <div class='ocr_carea' id='block_1_74' title="bbox 449 4337 2056 4406">
    <p class='ocr_par' dir='ltr' id='par_1_74' title="bbox 449 4337 2056 4406">
     <span class='ocr_line' id='line_1_74' title="bbox 449 4337 2056 4406; baseline 0.001 -12"><span class='ocrx_word' id='word_1_563' title='bbox 449 4355 604 4395; x_wconf 89' lang='lat' dir='ltr'><strong>reum</strong></span> <span class='ocrx_word' id='word_1_564' title='bbox 635 4340 828 4394; x_wconf 87' lang='lat' dir='ltr'><strong>mortis</strong></span> <span class='ocrx_word' id='word_1_565' title='bbox 859 4339 1066 4394; x_wconf 86' lang='lat' dir='ltr'><strong>laceret</strong></span> <span class='ocrx_word' id='word_1_566' title='bbox 1087 4381 1102 4406; x_wconf 90' lang='lat'><strong>,</strong></span> <span class='ocrx_word' id='word_1_567' title='bbox 1137 4337 1234 4393; x_wconf 89' lang='lat' dir='ltr'><strong>sed</strong></span> <span class='ocrx_word' id='word_1_568' title='bbox 1257 4347 1312 4394; x_wconf 91' lang='lat' dir='ltr'><strong>et</strong></span> <span class='ocrx_word' id='word_1_569' title='bbox 1341 4337 1684 4395; x_wconf 69' lang='lat' dir='ltr'><strong>adhmrentes</strong></span> <span class='ocrx_word' id='word_1_570' title='bbox 1707 4340 1781 4395; x_wconf 93' lang='lat' dir='ltr'><strong>illi</strong></span> <span class='ocrx_word' id='word_1_571' title='bbox 1810 4355 1918 4396; x_wconf 88' lang='lat' dir='ltr'><strong>non</strong></span> <span class='ocrx_word' id='word_1_572' title='bbox 1953 4341 2056 4396; x_wconf 87' lang='lat' dir='ltr'><strong>im-</strong></span> 
     </span>
    </p>
   </div>
   <div class='ocr_carea' id='block_1_75' title="bbox 449 4431 2052 4504">
    <p class='ocr_par' dir='ltr' id='par_1_75' title="bbox 449 4431 2052 4504">
     <span class='ocr_line' id='line_1_75' title="bbox 449 4431 2052 4504; baseline 0.001 -16"><span class='ocrx_word' id='word_1_573' title='bbox 449 4450 644 4489; x_wconf 88' lang='lat' dir='ltr'><strong>munes</strong></span> <span class='ocrx_word' id='word_1_574' title='bbox 670 4449 700 4488; x_wconf 91' lang='lat' dir='ltr'><strong>a</strong></span> <span class='ocrx_word' id='word_1_575' title='bbox 731 4433 970 4489; x_wconf 89' lang='lat' dir='ltr'><strong>crimine</strong></span> <span class='ocrx_word' id='word_1_576' title='bbox 1011 4432 1441 4501; x_wconf 89' lang='lat' dir='ltr'><strong>demonstraret,</strong></span> <span class='ocrx_word' id='word_1_577' title='bbox 1486 4431 1542 4487; x_wconf 91' lang='lat' dir='ltr'><strong>in</strong></span> <span class='ocrx_word' id='word_1_578' title='bbox 1591 4448 1700 4504; x_wconf 90' lang='lat' dir='ltr'><strong>quo</strong></span> <span class='ocrx_word' id='word_1_579' title='bbox 1731 4434 1876 4490; x_wconf 91' lang='lat' dir='ltr'><strong>enim</strong></span> <span class='ocrx_word' id='word_1_580' title='bbox 1905 4433 2052 4490; x_wconf 55' lang='lat' dir='ltr'><strong>diitiv</strong></span> 
     </span>
    </p>
   </div>
   <div class='ocr_carea' id='block_1_76' title="bbox 447 4527 1368 4600">
    <p class='ocr_par' dir='ltr' id='par_1_76' title="bbox 447 4527 1368 4600">
     <span class='ocr_line' id='line_1_76' title="bbox 447 4527 1368 4600; baseline 0 -17"><span class='ocrx_word' id='word_1_581' title='bbox 447 4529 552 4584; x_wconf 87' lang='lat' dir='ltr'><strong>cile</strong></span> <span class='ocrx_word' id='word_1_582' title='bbox 581 4542 860 4600; x_wconf 85' lang='lat' dir='ltr'><strong>peccatur,</strong></span> <span class='ocrx_word' id='word_1_583' title='bbox 890 4528 1012 4599; x_wconf 88' lang='lat' dir='ltr'><strong>plus</strong></span> <span class='ocrx_word' id='word_1_584' title='bbox 1035 4527 1165 4582; x_wconf 81' lang='lat' dir='ltr'><strong>facit</strong></span> <span class='ocrx_word' id='word_1_585' title='bbox 1191 4543 1368 4584; x_wconf 88' lang='lat' dir='ltr'><strong>reum.</strong></span> 
     </span>
    </p>
   </div>
   <div class='ocr_carea' id='block_1_77' title="bbox 2163 3304 3765 3381">
    <p class='ocr_par' dir='ltr' id='par_1_77' title="bbox 2163 3304 3765 3381">
     <span class='ocr_line' id='line_1_77' title="bbox 2163 3304 3765 3381; baseline 0.004 -23"><span class='ocrx_word' id='word_1_586' title='bbox 2163 3304 2345 3358; x_wconf 90' lang='lat' dir='ltr'><strong>nalem</strong></span> <span class='ocrx_word' id='word_1_587' title='bbox 2371 3304 2650 3362; x_wconf 87' lang='lat' dir='ltr'><strong>hominem</strong></span> <span class='ocrx_word' id='word_1_588' title='bbox 2703 3316 3000 3376; x_wconf 72' lang='lat' dir='ltr'><strong>prmstent,</strong></span> <span class='ocrx_word' id='word_1_589' title='bbox 3058 3307 3164 3364; x_wconf 91' lang='lat' dir='ltr'><strong>hoc</strong></span> <span class='ocrx_word' id='word_1_590' title='bbox 3219 3317 3403 3364; x_wconf 87' lang='lat' dir='ltr'><strong>tamen</strong></span> <span class='ocrx_word' id='word_1_591' title='bbox 3451 3310 3765 3381; x_wconf 81' lang='lat' dir='ltr'><strong>Specialitcr</strong></span> 
     </span>
    </p>
   </div>
   <div class='ocr_carea' id='block_1_78' title="bbox 2160 3395 3762 3475">
    <p class='ocr_par' dir='ltr' id='par_1_78' title="bbox 2160 3395 3762 3475">
     <span class='ocr_line' id='line_1_78' title="bbox 2160 3395 3762 3475; baseline 0.004 -23"><span class='ocrx_word' id='word_1_592' title='bbox 2160 3395 2496 3452; x_wconf 88' lang='lat' dir='ltr'><strong>desiderium</strong></span> <span class='ocrx_word' id='word_1_593' title='bbox 2527 3397 2710 3453; x_wconf 88' lang='lat' dir='ltr'><strong>carnis</strong></span> <span class='ocrx_word' id='word_1_594' title='bbox 2735 3407 2851 3466; x_wconf 91' lang='lat' dir='ltr'><strong>est,</strong></span> <span class='ocrx_word' id='word_1_595' title='bbox 2885 3397 2905 3437; x_wconf 68' lang='grc' dir='ltr'><strong><em>ί</em></strong></span> <span class='ocrx_word' id='word_1_596' title='bbox 2927 3414 3035 3471; x_wconf 91' lang='lat' dir='ltr'><strong>quo</strong></span> <span class='ocrx_word' id='word_1_597' title='bbox 3057 3415 3181 3456; x_wconf 89' lang='lat' dir='ltr'><strong>eum</strong></span> <span class='ocrx_word' id='word_1_598' title='bbox 3217 3416 3458 3473; x_wconf 90' lang='lat' dir='ltr'><strong>corpore</strong></span> <span class='ocrx_word' id='word_1_599' title='bbox 3483 3403 3649 3458; x_wconf 87' lang='lat' dir='ltr'><strong>tradit</strong></span> <span class='ocrx_word' id='word_1_600' title='bbox 3679 3417 3762 3475; x_wconf 78' lang='lat' dir='ltr'><strong>ge-</strong></span> 
     </span>
    </p>
   </div>
   <div class='ocr_carea' id='block_1_79' title="bbox 2163 3491 3762 3566">
    <p class='ocr_par' dir='ltr' id='par_1_79' title="bbox 2163 3491 3762 3566">
     <span class='ocr_line' id='line_1_79' title="bbox 2163 3491 3762 3566; baseline 0.004 -19"><span class='ocrx_word' id='word_1_601' title='bbox 2163 3491 2360 3548; x_wconf 75' lang='lat' dir='ltr'><strong>hennte</strong></span> <span class='ocrx_word' id='word_1_602' title='bbox 2385 3510 2400 3558; x_wconf 89' lang='lat'><strong>;</strong></span> <span class='ocrx_word' id='word_1_603' title='bbox 2430 3494 2554 3563; x_wconf 87' lang='lat' dir='ltr'><strong>quia</strong></span> <span class='ocrx_word' id='word_1_604' title='bbox 2583 3494 2721 3550; x_wconf 87' lang='lat' dir='ltr'><strong>victa</strong></span> <span class='ocrx_word' id='word_1_605' title='bbox 2752 3495 2954 3562; x_wconf 86' lang='lat' dir='ltr'><strong>anima,</strong></span> <span class='ocrx_word' id='word_1_606' title='bbox 2987 3496 3241 3552; x_wconf 90' lang='lat' dir='ltr'><strong>sordibus</strong></span> <span class='ocrx_word' id='word_1_607' title='bbox 3269 3499 3540 3554; x_wconf 78' lang='lat' dir='ltr'><strong>maculata</strong></span> <span class='ocrx_word' id='word_1_608' title='bbox 3561 3499 3762 3566; x_wconf 83' lang='lat' dir='ltr'><strong>anima,</strong></span> 
     </span>
    </p>
   </div>
   <div class='ocr_carea' id='block_1_80' title="bbox 2163 3585 3762 3664">
    <p class='ocr_par' dir='ltr' id='par_1_80' title="bbox 2163 3585 3762 3664">
     <span class='ocr_line' id='line_1_80' title="bbox 2163 3585 3762 3664; baseline 0.006 -24"><span class='ocrx_word' id='word_1_609' title='bbox 2163 3585 2388 3642; x_wconf 84' lang='lat' dir='ltr'><strong>libidine</strong></span> <span class='ocrx_word' id='word_1_610' title='bbox 2419 3587 2600 3642; x_wconf 85' lang='lat' dir='ltr'><strong>carnis</strong></span> <span class='ocrx_word' id='word_1_611' title='bbox 2625 3587 2689 3643; x_wconf 81' lang='lat' dir='ltr'><strong>lit</strong></span> <span class='ocrx_word' id='word_1_612' title='bbox 2717 3603 2882 3656; x_wconf 91' lang='lat' dir='ltr'><strong>caro;</strong></span> <span class='ocrx_word' id='word_1_613' title='bbox 2916 3589 3058 3645; x_wconf 90' lang='lat' dir='ltr'><strong>sicut</strong></span> <span class='ocrx_word' id='word_1_614' title='bbox 3079 3599 3136 3645; x_wconf 91' lang='lat' dir='ltr'><strong>et</strong></span> <span class='ocrx_word' id='word_1_615' title='bbox 3160 3605 3364 3661; x_wconf 87' lang='lat' dir='ltr'><strong>corpus</strong></span> <span class='ocrx_word' id='word_1_616' title='bbox 3393 3601 3546 3648; x_wconf 88' lang='lat' dir='ltr'><strong>recte</strong></span> <span class='ocrx_word' id='word_1_617' title='bbox 3565 3593 3762 3664; x_wconf 42' lang='lat' dir='ltr'><strong>guber‘</strong></span> 
     </span>
    </p>
   </div>
   <div class='ocr_carea' id='block_1_81' title="bbox 2163 3681 3766 3758">
    <p class='ocr_par' dir='ltr' id='par_1_81' title="bbox 2163 3681 3766 3758">
     <span class='ocr_line' id='line_1_81' title="bbox 2163 3681 3766 3758; baseline 0.004 -24"><span class='ocrx_word' id='word_1_618' title='bbox 2163 3689 2350 3735; x_wconf 89' lang='lat' dir='ltr'><strong>natum</strong></span> <span class='ocrx_word' id='word_1_619' title='bbox 2389 3681 2637 3751; x_wconf 88' lang='lat' dir='ltr'><strong>spiritale</strong></span> <span class='ocrx_word' id='word_1_620' title='bbox 2676 3683 3009 3754; x_wconf 90' lang='lat' dir='ltr'><strong>appellatur.</strong></span> <span class='ocrx_word' id='word_1_621' title='bbox 3042 3682 3272 3739; x_wconf 84' lang='lat' dir='ltr'><strong>Animus</strong></span> <span class='ocrx_word' id='word_1_622' title='bbox 3303 3693 3487 3740; x_wconf 89' lang='lat' dir='ltr'><strong>tamen</strong></span> <span class='ocrx_word' id='word_1_623' title='bbox 3509 3693 3594 3741; x_wconf 86' lang='lat' dir='ltr'><strong>est</strong></span> <span class='ocrx_word' id='word_1_624' title='bbox 3621 3734 3636 3755; x_wconf 84' lang='lat'><strong>,</strong></span> <span class='ocrx_word' id='word_1_625' title='bbox 3681 3685 3766 3758; x_wconf 88' lang='lat' dir='ltr'><strong>qui</strong></span> 
     </span>
    </p>
   </div>
   <div class='ocr_carea' id='block_1_82' title="bbox 2161 3776 3762 3846">
    <p class='ocr_par' dir='ltr' id='par_1_82' title="bbox 2161 3776 3762 3846">
     <span class='ocr_line' id='line_1_82' title="bbox 2161 3776 3762 3846; baseline 0.002 -16"><span class='ocrx_word' id='word_1_626' title='bbox 2161 3785 2254 3831; x_wconf 89' lang='lat' dir='ltr'><strong>aut</strong></span> <span class='ocrx_word' id='word_1_627' title='bbox 2275 3777 2456 3832; x_wconf 89' lang='lat' dir='ltr'><strong>victus</strong></span> <span class='ocrx_word' id='word_1_628' title='bbox 2478 3776 2781 3846; x_wconf 88' lang='lat' dir='ltr'><strong>illecebris,</strong></span> <span class='ocrx_word' id='word_1_629' title='bbox 2807 3786 2982 3834; x_wconf 86' lang='lat' dir='ltr'><strong>totum</strong></span> <span class='ocrx_word' id='word_1_630' title='bbox 3003 3777 3280 3834; x_wconf 88' lang='lat' dir='ltr'><strong>hominem</strong></span> <span class='ocrx_word' id='word_1_631' title='bbox 3311 3795 3572 3836; x_wconf 89' lang='lat' dir='ltr'><strong>carneum</strong></span> <span class='ocrx_word' id='word_1_632' title='bbox 3595 3779 3726 3836; x_wconf 80' lang='lat' dir='ltr'><strong>facit</strong></span> <span class='ocrx_word' id='word_1_633' title='bbox 3748 3797 3762 3834; x_wconf 87' lang='lat'><strong>:</strong></span> 
     </span>
    </p>
   </div>
   <div class='ocr_carea' id='block_1_83' title="bbox 2161 3871 3763 3946">
    <p class='ocr_par' dir='ltr' id='par_1_83' title="bbox 2161 3871 3763 3946">
     <span class='ocr_line' id='line_1_83' title="bbox 2161 3871 3763 3946; baseline 0.002 -20"><span class='ocrx_word' id='word_1_634' title='bbox 2161 3879 2257 3926; x_wconf 89' lang='lat' dir='ltr'><strong>aut</strong></span> <span class='ocrx_word' id='word_1_635' title='bbox 2283 3871 2336 3926; x_wconf 91' lang='lat' dir='ltr'><strong>in</strong></span> <span class='ocrx_word' id='word_1_636' title='bbox 2359 3872 2550 3942; x_wconf 73' lang='lat' dir='ltr'><strong>vigore</strong></span> <span class='ocrx_word' id='word_1_637' title='bbox 2575 3880 2786 3926; x_wconf 68' lang='lat' dir='ltr'><strong>natura:</strong></span> <span class='ocrx_word' id='word_1_638' title='bbox 2817 3886 2930 3928; x_wconf 65' lang='lat' dir='ltr'><strong>suae</strong></span> <span class='ocrx_word' id='word_1_639' title='bbox 2953 3887 3203 3938; x_wconf 87' lang='lat' dir='ltr'><strong>manens,</strong></span> <span class='ocrx_word' id='word_1_640' title='bbox 3235 3875 3389 3929; x_wconf 86' lang='lat' dir='ltr'><strong>carni</strong></span> <span class='ocrx_word' id='word_1_641' title='bbox 3425 3882 3654 3946; x_wconf 63' lang='lat' dir='ltr'><strong>praestat</strong></span> <span class='ocrx_word' id='word_1_642' title='bbox 3671 3917 3686 3943; x_wconf 90' lang='lat'><strong>,</strong></span> <span class='ocrx_word' id='word_1_643' title='bbox 3711 3883 3763 3930; x_wconf 90' lang='lat' dir='ltr'><strong>ut</strong></span> 
     </span>
    </p>
   </div>
   <div class='ocr_carea' id='block_1_84' title="bbox 2160 3964 2734 4035">
    <p class='ocr_par' dir='ltr' id='par_1_84' title="bbox 2160 3964 2734 4035">
     <span class='ocr_line' id='line_1_84' title="bbox 2160 3964 2734 4035; baseline -0.002 -16"><span class='ocrx_word' id='word_1_644' title='bbox 2160 3964 2468 4035; x_wconf 87' lang='lat' dir='ltr'><strong>spiritualis</strong></span> <span class='ocrx_word' id='word_1_645' title='bbox 2497 3965 2734 4020; x_wconf 89' lang='lat' dir='ltr'><strong>dicatur.</strong></span> 
     </span>
    </p>
   </div>
   <div class='ocr_carea' id='block_1_85' title="bbox 2236 4057 3757 4127">
    <p class='ocr_par' dir='ltr' id='par_1_85' title="bbox 2236 4057 3757 4127">
     <span class='ocr_line' id='line_1_85' title="bbox 2236 4057 3757 4127; baseline -0.001 -12"><span class='ocrx_word' id='word_1_646' title='bbox 2236 4057 2306 4115; x_wconf 85' lang='lat' dir='ltr'><strong>Ut</strong></span> <span class='ocrx_word' id='word_1_647' title='bbox 2354 4059 2569 4127; x_wconf 86' lang='lat' dir='ltr'><strong>spiritus</strong></span> <span class='ocrx_word' id='word_1_648' title='bbox 2615 4057 2791 4114; x_wconf 83' lang='lat' dir='ltr'><strong>saluus</strong></span> <span class='ocrx_word' id='word_1_649' title='bbox 2835 4060 2900 4114; x_wconf 89' lang='lat' dir='ltr'><strong>sit</strong></span> <span class='ocrx_word' id='word_1_650' title='bbox 2941 4060 2996 4114; x_wconf 89' lang='lat' dir='ltr'><strong>in</strong></span> <span class='ocrx_word' id='word_1_651' title='bbox 3033 4059 3118 4114; x_wconf 86' lang='lat' dir='ltr'><strong>die</strong></span> <span class='ocrx_word' id='word_1_652' title='bbox 3139 4059 3354 4114; x_wconf 88' lang='lat' dir='ltr'><strong>Domini</strong></span> <span class='ocrx_word' id='word_1_653' title='bbox 3391 4058 3520 4116; x_wconf 71' lang='lat' dir='ltr'><strong>Iesu</strong></span> <span class='ocrx_word' id='word_1_654' title='bbox 3545 4059 3757 4116; x_wconf 82' lang='lat' dir='ltr'><strong>Christi.</strong></span> 
     </span>
    </p>
   </div>
   <div class='ocr_carea' id='block_1_86' title="bbox 2169 4152 3760 4224">
    <p class='ocr_par' dir='ltr' id='par_1_86' title="bbox 2169 4152 3760 4224">
     <span class='ocr_line' id='line_1_86' title="bbox 2169 4152 3760 4224; baseline 0.001 -17"><span class='ocrx_word' id='word_1_655' title='bbox 2169 4152 2360 4208; x_wconf 89' lang='lat' dir='ltr'><strong>Tradit</strong></span> <span class='ocrx_word' id='word_1_656' title='bbox 2383 4153 2816 4208; x_wconf 88' lang='lat' dir='ltr'><strong>contaminatum</strong></span> <span class='ocrx_word' id='word_1_657' title='bbox 2841 4153 3218 4223; x_wconf 87' lang='lat' dir='ltr'><strong>supradictum</strong></span> <span class='ocrx_word' id='word_1_658' title='bbox 3243 4154 3486 4220; x_wconf 73' lang='lat' dir='ltr'><strong>Satante,</strong></span> <span class='ocrx_word' id='word_1_659' title='bbox 3513 4163 3570 4210; x_wconf 90' lang='lat' dir='ltr'><strong>ut</strong></span> <span class='ocrx_word' id='word_1_660' title='bbox 3601 4153 3760 4224; x_wconf 76' lang='lat' dir='ltr'><strong>Spiri-</strong></span> 
     </span>
    </p>
   </div>
   <div class='ocr_carea' id='block_1_87' title="bbox 2161 4245 3754 4317">
    <p class='ocr_par' dir='ltr' id='par_1_87' title="bbox 2161 4245 3754 4317">
     <span class='ocr_line' id='line_1_87' title="bbox 2161 4245 3754 4317; baseline 0 -17"><span class='ocrx_word' id='word_1_661' title='bbox 2161 4253 2251 4302; x_wconf 91' lang='lat' dir='ltr'><strong>tus</strong></span> <span class='ocrx_word' id='word_1_662' title='bbox 2279 4246 2464 4301; x_wconf 90' lang='lat' dir='ltr'><strong>salvus</strong></span> <span class='ocrx_word' id='word_1_663' title='bbox 2492 4247 2566 4302; x_wconf 91' lang='lat' dir='ltr'><strong>sit</strong></span> <span class='ocrx_word' id='word_1_664' title='bbox 2604 4247 2659 4301; x_wconf 91' lang='lat' dir='ltr'><strong>in</strong></span> <span class='ocrx_word' id='word_1_665' title='bbox 2701 4245 3018 4303; x_wconf 88' lang='lat' dir='ltr'><strong>hominibus</strong></span> <span class='ocrx_word' id='word_1_666' title='bbox 3057 4247 3321 4304; x_wconf 71' lang='lat' dir='ltr'><strong>Ecclesiae</strong></span> <span class='ocrx_word' id='word_1_667' title='bbox 3345 4247 3398 4302; x_wconf 92' lang='lat' dir='ltr'><strong>in</strong></span> <span class='ocrx_word' id='word_1_668' title='bbox 3417 4247 3510 4302; x_wconf 90' lang='lat' dir='ltr'><strong>die</strong></span> <span class='ocrx_word' id='word_1_669' title='bbox 3525 4245 3754 4317; x_wconf 89' lang='lat' dir='ltr'><strong>judicii;</strong></span> 
     </span>
    </p>
   </div>
   <div class='ocr_carea' id='block_1_88' title="bbox 2158 4333 3758 4411">
    <p class='ocr_par' dir='ltr' id='par_1_88' title="bbox 2158 4333 3758 4411">
     <span class='ocr_line' id='line_1_88' title="bbox 2158 4333 3758 4411; baseline 0 -17"><span class='ocrx_word' id='word_1_670' title='bbox 2158 4339 2262 4394; x_wconf 91' lang='lat' dir='ltr'><strong>nisi</strong></span> <span class='ocrx_word' id='word_1_671' title='bbox 2307 4339 2452 4395; x_wconf 90' lang='lat' dir='ltr'><strong>enim</strong></span> <span class='ocrx_word' id='word_1_672' title='bbox 2493 4341 2700 4406; x_wconf 91' lang='lat' dir='ltr'><strong>ejectus</strong></span> <span class='ocrx_word' id='word_1_673' title='bbox 2729 4349 2911 4408; x_wconf 87' lang='lat' dir='ltr'><strong>esset,</strong></span> <span class='ocrx_word' id='word_1_674' title='bbox 2971 4354 3080 4395; x_wconf 92' lang='lat' dir='ltr'><strong>non</strong></span> <span class='ocrx_word' id='word_1_675' title='bbox 3127 4339 3282 4396; x_wconf 86' lang='lat' dir='ltr'><strong>ﬁeret</strong></span> <span class='ocrx_word' id='word_1_676' title='bbox 3309 4333 3500 4396; x_wconf 84' lang='lat' dir='ltr'><strong>salvus</strong></span> <span class='ocrx_word' id='word_1_677' title='bbox 3539 4340 3758 4411; x_wconf 86' lang='lat' dir='ltr'><strong>spiritus</strong></span> 
     </span>
    </p>
   </div>
   <div class='ocr_carea' id='block_1_89' title="bbox 2158 4434 3758 4505">
    <p class='ocr_par' dir='ltr' id='par_1_89' title="bbox 2158 4434 3758 4505">
     <span class='ocr_line' id='line_1_89' title="bbox 2158 4434 3758 4505; baseline 0 -15"><span class='ocrx_word' id='word_1_678' title='bbox 2158 4434 2423 4490; x_wconf 81' lang='lat' dir='ltr'><strong>Ecclesiae</strong></span> <span class='ocrx_word' id='word_1_679' title='bbox 2457 4435 2510 4490; x_wconf 93' lang='lat' dir='ltr'><strong>in</strong></span> <span class='ocrx_word' id='word_1_680' title='bbox 2547 4434 2871 4505; x_wconf 91' lang='lat' dir='ltr'><strong>diejudicii.</strong></span> <span class='ocrx_word' id='word_1_681' title='bbox 2893 4435 3196 4492; x_wconf 85' lang='lat' dir='ltr'><strong>Deserebat</strong></span> <span class='ocrx_word' id='word_1_682' title='bbox 3221 4437 3368 4492; x_wconf 86' lang='lat' dir='ltr'><strong>enim</strong></span> <span class='ocrx_word' id='word_1_683' title='bbox 3401 4451 3594 4492; x_wconf 90' lang='lat' dir='ltr'><strong>omnes</strong></span> <span class='ocrx_word' id='word_1_684' title='bbox 3623 4451 3758 4492; x_wconf 90' lang='lat' dir='ltr'><strong>con-</strong></span> 
     </span>
    </p>
   </div>
   <div class='ocr_carea' id='block_1_90' title="bbox 2161 4526 3757 4596">
    <p class='ocr_par' dir='ltr' id='par_1_90' title="bbox 2161 4526 3757 4596">
     <span class='ocr_line' id='line_1_90' title="bbox 2161 4526 3757 4596; baseline -0.001 -14"><span class='ocrx_word' id='word_1_685' title='bbox 2161 4527 2538 4584; x_wconf 87' lang='lat' dir='ltr'><strong>taminationis</strong></span> <span class='ocrx_word' id='word_1_686' title='bbox 2564 4543 2726 4584; x_wconf 87' lang='lat' dir='ltr'><strong>causa</strong></span> <span class='ocrx_word' id='word_1_687' title='bbox 2749 4569 2764 4594; x_wconf 93' lang='lat'><strong>,</strong></span> <span class='ocrx_word' id='word_1_688' title='bbox 2822 4537 2881 4583; x_wconf 87' lang='lat' dir='ltr'><strong>ut</strong></span> <span class='ocrx_word' id='word_1_689' title='bbox 2919 4528 2974 4583; x_wconf 88' lang='lat' dir='ltr'><strong>in</strong></span> <span class='ocrx_word' id='word_1_690' title='bbox 3003 4527 3093 4582; x_wconf 89' lang='lat' dir='ltr'><strong>die</strong></span> <span class='ocrx_word' id='word_1_691' title='bbox 3127 4527 3342 4583; x_wconf 87' lang='lat' dir='ltr'><strong>Domini</strong></span> <span class='ocrx_word' id='word_1_692' title='bbox 3373 4528 3504 4583; x_wconf 91' lang='lat' dir='ltr'><strong>nudi</strong></span> <span class='ocrx_word' id='word_1_693' title='bbox 3545 4527 3610 4582; x_wconf 88' lang='lat' dir='ltr'><strong>ab</strong></span> <span class='ocrx_word' id='word_1_694' title='bbox 3633 4526 3757 4596; x_wconf 84' lang='lat' dir='ltr'><strong>Spi-</strong></span> 
     </span>
    </p>
   </div>
   <div class='ocr_carea' id='block_1_91' title="bbox 497 4599 3758 4700">
    <p class='ocr_par' dir='ltr' id='par_1_91' title="bbox 497 4599 3758 4700">
     <span class='ocr_line' id='line_1_91' title="bbox 497 4599 3758 4700; baseline -0.001 -24"><span class='ocrx_word' id='word_1_695' title='bbox 497 4599 706 4694; x_wconf 54' lang='grc' dir='ltr'><strong>(Σίρι-ε.</strong></span> <span class='ocrx_word' id='word_1_696' title='bbox 735 4619 818 4692; x_wconf 70' lang='lat'><strong>2.)</strong></span> <span class='ocrx_word' id='word_1_697' title='bbox 847 4619 915 4675; x_wconf 86' lang='lat' dir='ltr'><strong>Et</strong></span> <span class='ocrx_word' id='word_1_698' title='bbox 937 4637 1024 4675; x_wconf 79' lang='lat' dir='ltr'><strong>vos</strong></span> <span class='ocrx_word' id='word_1_699' title='bbox 1047 4622 1222 4692; x_wconf 84' lang='lat' dir='ltr'><strong>inﬂati</strong></span> <span class='ocrx_word' id='word_1_700' title='bbox 1247 4623 1367 4677; x_wconf 85' lang='lat' dir='ltr'><strong>estis</strong></span> <span class='ocrx_word' id='word_1_701' title='bbox 1395 4663 1409 4689; x_wconf 94' lang='lat'><strong>,</strong></span> <span class='ocrx_word' id='word_1_702' title='bbox 1452 4633 1502 4677; x_wconf 86' lang='lat' dir='ltr'><strong>et</strong></span> <span class='ocrx_word' id='word_1_703' title='bbox 1535 4639 1636 4679; x_wconf 89' lang='lat' dir='ltr'><strong>non</strong></span> <span class='ocrx_word' id='word_1_704' title='bbox 1666 4626 1830 4700; x_wconf 81' lang='lat' dir='ltr'><strong>magis</strong></span> <span class='ocrx_word' id='word_1_705' title='bbox 1857 4627 2053 4682; x_wconf 84' lang='lat' dir='ltr'><strong>luctum</strong></span> <span class='ocrx_word' id='word_1_706' title='bbox 2075 4599 2130 4660; x_wconf 84' lang='grc' dir='ltr'><strong>Ῑ)</strong></span> <span class='ocrx_word' id='word_1_707' title='bbox 2159 4624 2268 4678; x_wconf 89' lang='lat' dir='ltr'><strong>ritu</strong></span> <span class='ocrx_word' id='word_1_708' title='bbox 2297 4631 2486 4676; x_wconf 90' lang='lat' dir='ltr'><strong>sancto</strong></span> <span class='ocrx_word' id='word_1_709' title='bbox 2518 4621 2724 4676; x_wconf 83' lang='lat' dir='ltr'><strong>inventi</strong></span> <span class='ocrx_word' id='word_1_710' title='bbox 2749 4663 2764 4689; x_wconf 95' lang='lat'><strong>,</strong></span> <span class='ocrx_word' id='word_1_711' title='bbox 2792 4620 3047 4676; x_wconf 88' lang='lat' dir='ltr'><strong>audirent</strong></span> <span class='ocrx_word' id='word_1_712' title='bbox 3081 4636 3110 4675; x_wconf 88' lang='lat' dir='ltr'><strong>a</strong></span> <span class='ocrx_word' id='word_1_713' title='bbox 3137 4620 3322 4690; x_wconf 85' lang='lat' dir='ltr'><strong>judice</strong></span> <span class='ocrx_word' id='word_1_714' title='bbox 3349 4621 3581 4676; x_wconf 87' lang='lat' dir='ltr'><strong>Domino</strong></span> <span class='ocrx_word' id='word_1_715' title='bbox 3614 4637 3628 4676; x_wconf 87' lang='lat'><strong>;</strong></span> <span class='ocrx_word' id='word_1_716' title='bbox 3655 4618 3758 4675; x_wconf 84' lang='lat' dir='ltr'><strong>Re-</strong></span> 
     </span>
    </p>
   </div>
   <div class='ocr_carea' id='block_1_92' title="bbox 449 4715 2057 4790">
    <p class='ocr_par' dir='ltr' id='par_1_92' title="bbox 449 4715 2057 4790">
     <span class='ocr_line' id='line_1_92' title="bbox 449 4715 2057 4790; baseline 0.005 -20"><span class='ocrx_word' id='word_1_717' title='bbox 449 4717 722 4772; x_wconf 78' lang='lat' dir='ltr'><strong>Iiabuistis.</strong></span> <span class='ocrx_word' id='word_1_718' title='bbox 754 4715 1084 4786; x_wconf 88' lang='lat' dir='ltr'><strong>Superbiam</strong></span> <span class='ocrx_word' id='word_1_719' title='bbox 1115 4716 1334 4772; x_wconf 89' lang='lat' dir='ltr'><strong>illorum</strong></span> <span class='ocrx_word' id='word_1_720' title='bbox 1365 4718 1420 4773; x_wconf 93' lang='lat' dir='ltr'><strong>in</strong></span> <span class='ocrx_word' id='word_1_721' title='bbox 1453 4727 1664 4776; x_wconf 89' lang='lat' dir='ltr'><strong>tantum</strong></span> <span class='ocrx_word' id='word_1_722' title='bbox 1697 4722 1966 4790; x_wconf 86' lang='lat' dir='ltr'><strong>humiliat,</strong></span> <span class='ocrx_word' id='word_1_723' title='bbox 1998 4731 2057 4779; x_wconf 93' lang='lat' dir='ltr'><strong>ut</strong></span> 
     </span>
    </p>
   </div>
   <div class='ocr_carea' id='block_1_93' title="bbox 445 4810 2054 4884">
    <p class='ocr_par' dir='ltr' id='par_1_93' title="bbox 445 4810 2054 4884">
     <span class='ocr_line' id='line_1_93' title="bbox 445 4810 2054 4884; baseline 0.002 -17"><span class='ocrx_word' id='word_1_724' title='bbox 445 4827 554 4868; x_wconf 90' lang='lat' dir='ltr'><strong>non</strong></span> <span class='ocrx_word' id='word_1_725' title='bbox 581 4810 976 4883; x_wconf 88' lang='lat' dir='ltr'><strong>querulosjam</strong></span> <span class='ocrx_word' id='word_1_726' title='bbox 997 4851 1012 4875; x_wconf 96' lang='lat'><strong>,</strong></span> <span class='ocrx_word' id='word_1_727' title='bbox 1043 4810 1138 4865; x_wconf 89' lang='lat' dir='ltr'><strong>sed</strong></span> <span class='ocrx_word' id='word_1_728' title='bbox 1165 4813 1340 4882; x_wconf 81' lang='lat' dir='ltr'><strong>magis</strong></span> <span class='ocrx_word' id='word_1_729' title='bbox 1367 4814 1643 4884; x_wconf 89' lang='lat' dir='ltr'><strong>supplices</strong></span> <span class='ocrx_word' id='word_1_730' title='bbox 1670 4816 1850 4870; x_wconf 79' lang='lat' dir='ltr'><strong>faciat.</strong></span> <span class='ocrx_word' id='word_1_731' title='bbox 1881 4816 2054 4871; x_wconf 84' lang='lat' dir='ltr'><strong>Erant</strong></span> 
     </span>
    </p>
   </div>
   <div class='ocr_carea' id='block_1_94' title="bbox 443 4904 2046 4976">
    <p class='ocr_par' dir='ltr' id='par_1_94' title="bbox 443 4904 2046 4976">
     <span class='ocr_line' id='line_1_94' title="bbox 443 4904 2046 4976; baseline 0.001 -14"><span class='ocrx_word' id='word_1_732' title='bbox 443 4907 592 4962; x_wconf 89' lang='lat' dir='ltr'><strong>enim</strong></span> <span class='ocrx_word' id='word_1_733' title='bbox 627 4917 684 4962; x_wconf 89' lang='lat' dir='ltr'><strong>et</strong></span> <span class='ocrx_word' id='word_1_734' title='bbox 717 4904 822 4975; x_wconf 87' lang='lat' dir='ltr'><strong>ipsi</strong></span> <span class='ocrx_word' id='word_1_735' title='bbox 851 4904 1156 4975; x_wconf 88' lang='lat' dir='ltr'><strong>participes</strong></span> <span class='ocrx_word' id='word_1_736' title='bbox 1185 4949 1199 4974; x_wconf 91' lang='lat'><strong>,</strong></span> <span class='ocrx_word' id='word_1_737' title='bbox 1257 4905 1386 4960; x_wconf 91' lang='lat' dir='ltr'><strong>dum</strong></span> <span class='ocrx_word' id='word_1_738' title='bbox 1417 4917 1736 4976; x_wconf 87' lang='lat' dir='ltr'><strong>paterentur</strong></span> <span class='ocrx_word' id='word_1_739' title='bbox 1763 4925 1914 4964; x_wconf 90' lang='lat' dir='ltr'><strong>reum</strong></span> <span class='ocrx_word' id='word_1_740' title='bbox 1939 4919 2046 4965; x_wconf 89' lang='lat' dir='ltr'><strong>tam</strong></span> 
     </span>
    </p>
   </div>
   <div class='ocr_carea' id='block_1_95' title="bbox 443 4998 2047 5072">
    <p class='ocr_par' dir='ltr' id='par_1_95' title="bbox 443 4998 2047 5072">
     <span class='ocr_line' id='line_1_95' title="bbox 443 4998 2047 5072; baseline 0.002 -16"><span class='ocrx_word' id='word_1_741' title='bbox 443 4999 687 5072; x_wconf 82' lang='lat' dir='ltr'><strong>ingentis</strong></span> <span class='ocrx_word' id='word_1_742' title='bbox 727 4998 988 5054; x_wconf 77' lang='lat' dir='ltr'><strong>facinoris</strong></span> <span class='ocrx_word' id='word_1_743' title='bbox 1044 5013 1232 5054; x_wconf 89' lang='lat' dir='ltr'><strong>secum</strong></span> <span class='ocrx_word' id='word_1_744' title='bbox 1288 4999 1664 5070; x_wconf 81' lang='lat' dir='ltr'><strong>incorreptum</strong></span> <span class='ocrx_word' id='word_1_745' title='bbox 1705 5003 1999 5060; x_wconf 89' lang='lat' dir='ltr'><strong>convenire</strong></span> <span class='ocrx_word' id='word_1_746' title='bbox 2033 5021 2047 5072; x_wconf 90' lang='lat'><strong>;</strong></span> 
     </span>
    </p>
   </div>
   <div class='ocr_carea' id='block_1_96' title="bbox 441 5089 2050 5167">
    <p class='ocr_par' dir='ltr' id='par_1_96' title="bbox 441 5089 2050 5167">
     <span class='ocr_line' id='line_1_96' title="bbox 441 5089 2050 5167; baseline 0.004 -21"><span class='ocrx_word' id='word_1_747' title='bbox 441 5101 714 5147; x_wconf 88' lang='lat' dir='ltr'><strong>utomnes</strong></span> <span class='ocrx_word' id='word_1_748' title='bbox 765 5105 877 5145; x_wconf 90' lang='lat' dir='ltr'><strong>uno</strong></span> <span class='ocrx_word' id='word_1_749' title='bbox 906 5090 1142 5145; x_wconf 89' lang='lat' dir='ltr'><strong>consilio</strong></span> <span class='ocrx_word' id='word_1_750' title='bbox 1177 5089 1483 5160; x_wconf 86' lang='lat' dir='ltr'><strong>abjicerent</strong></span> <span class='ocrx_word' id='word_1_751' title='bbox 1521 5107 1642 5148; x_wconf 89' lang='lat' dir='ltr'><strong>eum</strong></span> <span class='ocrx_word' id='word_1_752' title='bbox 1677 5135 1692 5162; x_wconf 90' lang='lat'><strong>,</strong></span> <span class='ocrx_word' id='word_1_753' title='bbox 1745 5095 1790 5150; x_wconf 89' lang='lat' dir='ltr'><strong>si</strong></span> <span class='ocrx_word' id='word_1_754' title='bbox 1823 5105 2050 5167; x_wconf 79' lang='lat' dir='ltr'><strong>negaret</strong></span> 
     </span>
    </p>
   </div>
   <div class='ocr_carea' id='block_1_97' title="bbox 438 5182 2042 5259">
    <p class='ocr_par' dir='ltr' id='par_1_97' title="bbox 438 5182 2042 5259">
     <span class='ocr_line' id='line_1_97' title="bbox 438 5182 2042 5259; baseline 0.002 -18"><span class='ocrx_word' id='word_1_755' title='bbox 438 5185 732 5242; x_wconf 88' lang='lat' dir='ltr'><strong>emendare</strong></span> <span class='ocrx_word' id='word_1_756' title='bbox 763 5199 846 5242; x_wconf 88' lang='lat' dir='ltr'><strong>se.</strong></span> <span class='ocrx_word' id='word_1_757' title='bbox 881 5182 940 5239; x_wconf 88' lang='lat' dir='ltr'><strong>Si</strong></span> <span class='ocrx_word' id='word_1_758' title='bbox 981 5191 1164 5238; x_wconf 88' lang='lat' dir='ltr'><strong>autem</strong></span> <span class='ocrx_word' id='word_1_759' title='bbox 1199 5183 1321 5254; x_wconf 88' lang='lat' dir='ltr'><strong>quis</strong></span> <span class='ocrx_word' id='word_1_760' title='bbox 1369 5193 1692 5256; x_wconf 84' lang='lat' dir='ltr'><strong>potestatem</strong></span> <span class='ocrx_word' id='word_1_761' title='bbox 1719 5203 1829 5242; x_wconf 88' lang='lat' dir='ltr'><strong>non</strong></span> <span class='ocrx_word' id='word_1_762' title='bbox 1857 5187 2042 5259; x_wconf 88' lang='lat' dir='ltr'><strong>habet,</strong></span> 
     </span>
    </p>
   </div>
   <div class='ocr_carea' id='block_1_98' title="bbox 508 5367 1894 5438">
    <p class='ocr_par' dir='ltr' id='par_1_98' title="bbox 508 5367 1894 5438">
     <span class='ocr_line' id='line_1_98' title="bbox 508 5367 1894 5438; baseline 0 -14"><span class='ocrx_word' id='word_1_763' title='bbox 508 5379 536 5409; x_wconf 77' lang='grc'>⁸</span> <span class='ocrx_word' id='word_1_764' title='bbox 567 5371 666 5425; x_wconf 86' lang='lat' dir='ltr'><strong>Ms.</strong></span> <span class='ocrx_word' id='word_1_765' title='bbox 697 5367 890 5436; x_wconf 85' lang='lat' dir='ltr'><strong>Corb.,</strong></span> <span class='ocrx_word' id='word_1_766' title='bbox 926 5368 1031 5423; x_wconf 88' lang='lat' dir='ltr'><strong>Pia</strong></span> <span class='ocrx_word' id='word_1_767' title='bbox 1063 5368 1458 5422; x_wconf 85' lang='lat' dir='ltr'><strong>commonitione</strong></span> <span class='ocrx_word' id='word_1_768' title='bbox 1485 5369 1756 5438; x_wconf 85' lang='lat' dir='ltr'><strong>promittit,</strong></span> <span class='ocrx_word' id='word_1_769' title='bbox 1787 5379 1894 5427; x_wconf 85' lang='lat' dir='ltr'><strong>etc.</strong></span> 
     </span>
    </p>
   </div>
   <div class='ocr_carea' id='block_1_99' title="bbox 507 5439 1750 5511">
    <p class='ocr_par' dir='ltr' id='par_1_99' title="bbox 507 5439 1750 5511">
     <span class='ocr_line' id='line_1_99' title="bbox 507 5439 1750 5511; baseline -0.001 -16"><span class='ocrx_word' id='word_1_770' title='bbox 507 5439 534 5478; x_wconf 70' lang='grc' dir='ltr'>δ</span> <span class='ocrx_word' id='word_1_771' title='bbox 565 5441 825 5495; x_wconf 81' lang='lat' dir='ltr'><strong>Nonnulli</strong></span> <span class='ocrx_word' id='word_1_772' title='bbox 856 5455 1016 5504; x_wconf 80' lang='lat' dir='ltr'><strong>mss.,</strong></span> <span class='ocrx_word' id='word_1_773' title='bbox 1051 5440 1114 5493; x_wconf 88' lang='lat' dir='ltr'><strong>ab</strong></span> <span class='ocrx_word' id='word_1_774' title='bbox 1144 5441 1285 5492; x_wconf 86' lang='lat' dir='ltr'><strong>omni</strong></span> <span class='ocrx_word' id='word_1_775' title='bbox 1311 5443 1467 5511; x_wconf 84' lang='lat' dir='ltr'><strong>plaga</strong></span> <span class='ocrx_word' id='word_1_776' title='bbox 1497 5442 1750 5495; x_wconf 84' lang='lat' dir='ltr'><strong>criminis.</strong></span> 
     </span>
    </p>
   </div>
   <div class='ocr_carea' id='block_1_100' title="bbox 510 5512 1964 5583">
    <p class='ocr_par' dir='ltr' id='par_1_100' title="bbox 510 5512 1964 5583">
     <span class='ocr_line' id='line_1_100' title="bbox 510 5512 1964 5583; baseline 0.001 -18"><span class='ocrx_word' id='word_1_777' title='bbox 510 5523 531 5583; x_wconf 65' lang='grc' dir='ltr'>ς</span> <span class='ocrx_word' id='word_1_778' title='bbox 565 5512 695 5566; x_wconf 73' lang='lat' dir='ltr'><strong>Mss.</strong></span> <span class='ocrx_word' id='word_1_779' title='bbox 731 5514 956 5582; x_wconf 60' lang='lat' dir='ltr'><strong>aliquot,</strong></span> <span class='ocrx_word' id='word_1_780' title='bbox 983 5513 1072 5580; x_wconf 86' lang='lat' dir='ltr'><strong>qui</strong></span> <span class='ocrx_word' id='word_1_781' title='bbox 1109 5513 1200 5564; x_wconf 82' lang='lat' dir='ltr'><strong>sub</strong></span> <span class='ocrx_word' id='word_1_782' title='bbox 1233 5523 1436 5566; x_wconf 76' lang='lat' dir='ltr'><strong>terrena</strong></span> <span class='ocrx_word' id='word_1_783' title='bbox 1466 5522 1512 5564; x_wconf 83' lang='lat' dir='ltr'><strong>et</strong></span> <span class='ocrx_word' id='word_1_784' title='bbox 1539 5514 1714 5566; x_wconf 79' lang='lat' dir='ltr'><strong>divina</strong></span> <span class='ocrx_word' id='word_1_785' title='bbox 1733 5515 1964 5583; x_wconf 88' lang='lat' dir='ltr'><strong>justitia.</strong></span> 
     </span>
    </p>
   </div>
   <div class='ocr_carea' id='block_1_101' title="bbox 502 5580 2041 5646">
    <p class='ocr_par' dir='ltr' id='par_1_101' title="bbox 502 5580 2041 5646">
     <span class='ocr_line' id='line_1_101' title="bbox 502 5580 2041 5646; baseline 0 -8"><span class='ocrx_word' id='word_1_786' title='bbox 502 5580 528 5619; x_wconf 75' lang='grc' dir='ltr'><strong>ι¹</strong></span> <span class='ocrx_word' id='word_1_787' title='bbox 551 5583 627 5638; x_wconf 86' lang='lat' dir='ltr'><strong>Ita</strong></span> <span class='ocrx_word' id='word_1_788' title='bbox 661 5599 793 5638; x_wconf 88' lang='lat' dir='ltr'><strong>mss.</strong></span> <span class='ocrx_word' id='word_1_789' title='bbox 814 5580 868 5637; x_wconf 80' lang='lat' dir='ltr'><strong>et</strong></span> <span class='ocrx_word' id='word_1_790' title='bbox 896 5583 1028 5638; x_wconf 83' lang='lat' dir='ltr'><strong>edit.</strong></span> <span class='ocrx_word' id='word_1_791' title='bbox 1062 5592 1196 5646; x_wconf 78' lang='lat' dir='ltr'><strong>vct.;</strong></span> <span class='ocrx_word' id='word_1_792' title='bbox 1222 5595 1277 5638; x_wconf 82' lang='lat' dir='ltr'><strong>at</strong></span> <span class='ocrx_word' id='word_1_793' title='bbox 1309 5583 1468 5639; x_wconf 67' lang='lat' dir='ltr'><strong>llum.</strong></span> <span class='ocrx_word' id='word_1_794' title='bbox 1500 5585 1632 5639; x_wconf 88' lang='lat' dir='ltr'><strong>edit.</strong></span> <span class='ocrx_word' id='word_1_795' title='bbox 1653 5580 1840 5640; x_wconf 75' lang='lat' dir='ltr'><strong>vocem</strong></span> <span class='ocrx_word' id='word_1_796' title='bbox 1872 5585 2041 5638; x_wconf 84' lang='lat' dir='ltr'><strong>omnis</strong></span> 
     </span>
    </p>
   </div>
   <div class='ocr_carea' id='block_1_102' title="bbox 434 5654 894 5710">
    <p class='ocr_par' dir='ltr' id='par_1_102' title="bbox 434 5654 894 5710">
     <span class='ocr_line' id='line_1_102' title="bbox 434 5654 894 5710; baseline -0.007 1"><span class='ocrx_word' id='word_1_797' title='bbox 434 5654 560 5710; x_wconf 89' lang='lat' dir='ltr'><strong>hinc</strong></span> <span class='ocrx_word' id='word_1_798' title='bbox 601 5666 894 5708; x_wconf 74' lang='lat' dir='ltr'><strong>resu-arat.</strong></span> 
     </span>
    </p>
   </div>
   <div class='ocr_carea' id='block_1_103' title="bbox 506 5724 2044 5794">
    <p class='ocr_par' dir='ltr' id='par_1_103' title="bbox 506 5724 2044 5794">
     <span class='ocr_line' id='line_1_103' title="bbox 506 5724 2044 5794; baseline 0.001 -14"><span class='ocrx_word' id='word_1_799' title='bbox 506 5737 528 5764; x_wconf 74' lang='grc' dir='ltr'><strong>ε’</strong></span> <span class='ocrx_word' id='word_1_800' title='bbox 559 5727 813 5780; x_wconf 74' lang='lat' dir='ltr'><strong>Nutiuullt</strong></span> <span class='ocrx_word' id='word_1_801' title='bbox 845 5727 992 5786; x_wconf 81' lang='lat' dir='ltr'><strong>cod..</strong></span> <span class='ocrx_word' id='word_1_802' title='bbox 1021 5724 1160 5780; x_wconf 85' lang='lat' dir='ltr'><strong>Nam</strong></span> <span class='ocrx_word' id='word_1_803' title='bbox 1186 5728 1414 5780; x_wconf 79' lang='lat' dir='ltr'><strong>omnium</strong></span> <span class='ocrx_word' id='word_1_804' title='bbox 1447 5745 1721 5790; x_wconf 84' lang='lat' dir='ltr'><strong>consensu,</strong></span> <span class='ocrx_word' id='word_1_805' title='bbox 1747 5739 1792 5782; x_wconf 84' lang='lat' dir='ltr'><strong>et</strong></span> <span class='ocrx_word' id='word_1_806' title='bbox 1815 5742 2044 5794; x_wconf 60' lang='lat' dir='ltr'><strong>pra’sen-</strong></span> 
     </span>
    </p>
   </div>
   <div class='ocr_carea' id='block_1_104' title="bbox 427 5799 2041 5871">
    <p class='ocr_par' dir='ltr' id='par_1_104' title="bbox 427 5799 2041 5871">
     <span class='ocr_line' id='line_1_104' title="bbox 427 5799 2041 5871; baseline 0.001 -20"><span class='ocrx_word' id='word_1_807' title='bbox 427 5801 498 5854; x_wconf 88' lang='lat' dir='ltr'><strong>tia</strong></span> <span class='ocrx_word' id='word_1_808' title='bbox 529 5799 781 5869; x_wconf 72' lang='lat' dir='ltr'><strong>Spiritus,</strong></span> <span class='ocrx_word' id='word_1_809' title='bbox 817 5802 967 5871; x_wconf 83' lang='lat' dir='ltr'><strong>cujus</strong></span> <span class='ocrx_word' id='word_1_810' title='bbox 999 5801 1350 5869; x_wconf 81' lang='lat' dir='ltr'><strong>iegatione....</strong></span> <span class='ocrx_word' id='word_1_811' title='bbox 1383 5801 1454 5871; x_wconf 64' lang='lat' dir='ltr'><strong>de</strong></span> <span class='ocrx_word' id='word_1_812' title='bbox 1480 5799 1712 5853; x_wconf 69' lang='lat' dir='ltr'><strong>Ecclesia</strong></span> <span class='ocrx_word' id='word_1_813' title='bbox 1755 5803 1996 5871; x_wconf 61' lang='lat' dir='ltr'><strong>prati-epit</strong></span> <span class='ocrx_word' id='word_1_814' title='bbox 2021 5815 2041 5863; x_wconf 88' lang='lat'><strong>,&#39;</strong></span> 
     </span>
    </p>
   </div>
   <div class='ocr_carea' id='block_1_105' title="bbox 423 5869 2033 5943">
    <p class='ocr_par' dir='ltr' id='par_1_105' title="bbox 423 5869 2033 5943">
     <span class='ocr_line' id='line_1_105' title="bbox 423 5869 2033 5943; baseline -0.002 -17"><span class='ocrx_word' id='word_1_815' title='bbox 423 5871 516 5930; x_wconf 86' lang='lat' dir='ltr'><strong>alii</strong></span> <span class='ocrx_word' id='word_1_816' title='bbox 541 5888 673 5930; x_wconf 88' lang='lat' dir='ltr'><strong>mss.</strong></span> <span class='ocrx_word' id='word_1_817' title='bbox 699 5880 756 5929; x_wconf 89' lang='lat' dir='ltr'><strong>et</strong></span> <span class='ocrx_word' id='word_1_818' title='bbox 777 5869 911 5929; x_wconf 82' lang='lat' dir='ltr'><strong>edit.</strong></span> <span class='ocrx_word' id='word_1_819' title='bbox 947 5871 1091 5930; x_wconf 87' lang='lat' dir='ltr'><strong>inter</strong></span> <span class='ocrx_word' id='word_1_820' title='bbox 1114 5887 1174 5929; x_wconf 79' lang='lat' dir='ltr'><strong>se</strong></span> <span class='ocrx_word' id='word_1_821' title='bbox 1205 5869 1585 5940; x_wconf 85' lang='lat' dir='ltr'><strong>consentiunt,</strong></span> <span class='ocrx_word' id='word_1_822' title='bbox 1611 5872 1713 5928; x_wconf 81' lang='lat' dir='ltr'><strong>nisi</strong></span> <span class='ocrx_word' id='word_1_823' title='bbox 1750 5869 1896 5943; x_wconf 84' lang='lat' dir='ltr'><strong>quod</strong></span> <span class='ocrx_word' id='word_1_824' title='bbox 1922 5869 2033 5928; x_wconf 79' lang='lat' dir='ltr'><strong>vet.</strong></span> 
     </span>
    </p>
   </div>
   <div class='ocr_carea' id='block_1_106' title="bbox 2159 4712 3752 4787">
    <p class='ocr_par' dir='ltr' id='par_1_106' title="bbox 2159 4712 3752 4787">
     <span class='ocr_line' id='line_1_106' title="bbox 2159 4712 3752 4787; baseline -0.003 -16"><span class='ocrx_word' id='word_1_825' title='bbox 2159 4715 2336 4772; x_wconf 89' lang='lat' dir='ltr'><strong>cedite</strong></span> <span class='ocrx_word' id='word_1_826' title='bbox 2361 4731 2391 4770; x_wconf 90' lang='lat' dir='ltr'><strong>a</strong></span> <span class='ocrx_word' id='word_1_827' title='bbox 2421 4730 2530 4782; x_wconf 88' lang='lat' dir='ltr'><strong>me,</strong></span> <span class='ocrx_word' id='word_1_828' title='bbox 2563 4731 2672 4770; x_wconf 92' lang='lat' dir='ltr'><strong>non</strong></span> <span class='ocrx_word' id='word_1_829' title='bbox 2706 4718 2832 4770; x_wconf 90' lang='lat' dir='ltr'><strong>novi</strong></span> <span class='ocrx_word' id='word_1_830' title='bbox 2861 4729 2960 4772; x_wconf 87' lang='lat' dir='ltr'><strong>vos</strong></span> <span class='ocrx_word' id='word_1_831' title='bbox 2991 4713 3210 4787; x_wconf 81' lang='lat' dir='ltr'><strong>(Matth.</strong></span> <span class='ocrx_word' id='word_1_832' title='bbox 3237 4729 3333 4782; x_wconf 86' lang='lat' dir='ltr'><strong>vn,</strong></span> <span class='ocrx_word' id='word_1_833' title='bbox 3361 4712 3479 4785; x_wconf 73' lang='lat'><strong>25);</strong></span> <span class='ocrx_word' id='word_1_834' title='bbox 3509 4713 3648 4768; x_wconf 87' lang='lat' dir='ltr'><strong>sicut</strong></span> <span class='ocrx_word' id='word_1_835' title='bbox 3671 4712 3752 4767; x_wconf 90' lang='lat' dir='ltr'><strong>di-</strong></span> 
     </span>
    </p>
   </div>
   <div class='ocr_carea' id='block_1_107' title="bbox 2157 4805 3754 4881">
    <p class='ocr_par' dir='ltr' id='par_1_107' title="bbox 2157 4805 3754 4881">
     <span class='ocr_line' id='line_1_107' title="bbox 2157 4805 3754 4881; baseline -0.004 -15"><span class='ocrx_word' id='word_1_836' title='bbox 2157 4811 2232 4866; x_wconf 92' lang='lat' dir='ltr'><strong>cit</strong></span> <span class='ocrx_word' id='word_1_837' title='bbox 2275 4811 2344 4866; x_wconf 86' lang='lat' dir='ltr'><strong>ad</strong></span> <span class='ocrx_word' id='word_1_838' title='bbox 2377 4811 2653 4866; x_wconf 80' lang='lat' dir='ltr'><strong>Romanos</strong></span> <span class='ocrx_word' id='word_1_839' title='bbox 2681 4825 2696 4862; x_wconf 89' lang='lat'><strong>:</strong></span> <span class='ocrx_word' id='word_1_840' title='bbox 2733 4809 2794 4864; x_wconf 88' lang='lat' dir='ltr'><strong>Si</strong></span> <span class='ocrx_word' id='word_1_841' title='bbox 2819 4811 2935 4880; x_wconf 86' lang='lat' dir='ltr'><strong>quis</strong></span> <span class='ocrx_word' id='word_1_842' title='bbox 2964 4805 3136 4864; x_wconf 86' lang='lat' dir='ltr'><strong>autem</strong></span> <span class='ocrx_word' id='word_1_843' title='bbox 3165 4808 3404 4881; x_wconf 82' lang='lat' dir='ltr'><strong>spiritum</strong></span> <span class='ocrx_word' id='word_1_844' title='bbox 3431 4806 3624 4863; x_wconf 88' lang='lat' dir='ltr'><strong>Christi</strong></span> <span class='ocrx_word' id='word_1_845' title='bbox 3653 4822 3754 4861; x_wconf 86' lang='lat' dir='ltr'><strong>non</strong></span> 
     </span>
    </p>
   </div>
   <div class='ocr_carea' id='block_1_108' title="bbox 2157 4897 3750 4977">
    <p class='ocr_par' dir='ltr' id='par_1_108' title="bbox 2157 4897 3750 4977">
     <span class='ocr_line' id='line_1_108' title="bbox 2157 4897 3750 4977; baseline -0.003 -19"><span class='ocrx_word' id='word_1_846' title='bbox 2157 4905 2331 4970; x_wconf 83' lang='lat' dir='ltr'><strong>habet,</strong></span> <span class='ocrx_word' id='word_1_847' title='bbox 2374 4905 2458 4958; x_wconf 82' lang='lat' dir='ltr'><strong>hic</strong></span> <span class='ocrx_word' id='word_1_848' title='bbox 2509 4921 2613 4958; x_wconf 88' lang='lat' dir='ltr'><strong>non</strong></span> <span class='ocrx_word' id='word_1_849' title='bbox 2659 4914 2734 4959; x_wconf 83' lang='lat' dir='ltr'><strong>est</strong></span> <span class='ocrx_word' id='word_1_850' title='bbox 2784 4907 2920 4977; x_wconf 87' lang='lat' dir='ltr'><strong>ejus.</strong></span> <span class='ocrx_word' id='word_1_851' title='bbox 2971 4903 3152 4975; x_wconf 82' lang='lat' dir='ltr'><strong>(Rom.</strong></span> <span class='ocrx_word' id='word_1_852' title='bbox 3187 4917 3304 4971; x_wconf 82' lang='lat' dir='ltr'><strong>vili,</strong></span> <span class='ocrx_word' id='word_1_853' title='bbox 3343 4897 3441 4974; x_wconf 85' lang='lat'><strong>9);</strong></span> <span class='ocrx_word' id='word_1_854' title='bbox 3481 4901 3614 4958; x_wconf 90' lang='lat' dir='ltr'><strong>etin</strong></span> <span class='ocrx_word' id='word_1_855' title='bbox 3643 4901 3750 4955; x_wconf 80' lang='lat' dir='ltr'><strong>alia</strong></span> 
     </span>
    </p>
   </div>
   <div class='ocr_carea' id='block_1_109' title="bbox 2154 4994 3748 5069">
    <p class='ocr_par' dir='ltr' id='par_1_109' title="bbox 2154 4994 3748 5069">
     <span class='ocr_line' id='line_1_109' title="bbox 2154 4994 3748 5069; baseline -0.004 -13"><span class='ocrx_word' id='word_1_856' title='bbox 2154 4997 2393 5067; x_wconf 78' lang='lat' dir='ltr'><strong>cpistola</strong></span> <span class='ocrx_word' id='word_1_857' title='bbox 2426 5014 2438 5051; x_wconf 96' lang='lat'><strong>:</strong></span> <span class='ocrx_word' id='word_1_858' title='bbox 2475 4995 2656 5052; x_wconf 85' lang='lat' dir='ltr'><strong>Nolite</strong></span> <span class='ocrx_word' id='word_1_859' title='bbox 2701 4998 3008 5052; x_wconf 84' lang='lat' dir='ltr'><strong>contristare</strong></span> <span class='ocrx_word' id='word_1_860' title='bbox 3042 4996 3301 5069; x_wconf 84' lang='lat' dir='ltr'><strong>Spiritum</strong></span> <span class='ocrx_word' id='word_1_861' title='bbox 3355 5007 3588 5051; x_wconf 81' lang='lat' dir='ltr'><strong>sanctum</strong></span> <span class='ocrx_word' id='word_1_862' title='bbox 3629 4994 3748 5050; x_wconf 78' lang='lat' dir='ltr'><strong>Dei.</strong></span> 
     </span>
    </p>
   </div>
   <div class='ocr_carea' id='block_1_110' title="bbox 2155 5087 3832 5166">
    <p class='ocr_par' dir='ltr' id='par_1_110' title="bbox 2155 5087 3832 5166">
     <span class='ocr_line' id='line_1_110' title="bbox 2155 5087 3832 5166; baseline -0.002 -21"><span class='ocrx_word' id='word_1_863' title='bbox 2155 5090 2381 5166; x_wconf 82' lang='lat' dir='ltr'><strong>(Ephes.</strong></span> <span class='ocrx_word' id='word_1_864' title='bbox 2413 5106 2486 5156; x_wconf 86' lang='lat' dir='ltr'><strong>tv,</strong></span> <span class='ocrx_word' id='word_1_865' title='bbox 2519 5089 2636 5163; x_wconf 79' lang='grc'><strong>50).</strong></span> <span class='ocrx_word' id='word_1_866' title='bbox 2669 5089 2726 5145; x_wconf 90' lang='lat' dir='ltr'><strong>Si</strong></span> <span class='ocrx_word' id='word_1_867' title='bbox 2749 5090 2896 5145; x_wconf 91' lang='lat' dir='ltr'><strong>enim</strong></span> <span class='ocrx_word' id='word_1_868' title='bbox 2920 5090 3280 5145; x_wconf 88' lang='lat' dir='ltr'><strong>contristatur</strong></span> <span class='ocrx_word' id='word_1_869' title='bbox 3307 5087 3534 5154; x_wconf 88' lang='lat' dir='ltr'><strong>deserit,</strong></span> <span class='ocrx_word' id='word_1_870' title='bbox 3559 5097 3613 5144; x_wconf 87' lang='lat' dir='ltr'><strong>et</strong></span> <span class='ocrx_word' id='word_1_871' title='bbox 3641 5101 3749 5142; x_wconf 88' lang='lat' dir='ltr'><strong>non</strong></span> <span class='ocrx_word' id='word_1_872' title='bbox 3815 5095 3832 5106; x_wconf 74' lang='lat'><strong><em>‘</em></strong></span> 
     </span>
    </p>
   </div>
   <div class='ocr_carea' id='block_1_111' title="bbox 2151 5179 3748 5254">
    <p class='ocr_par' dir='ltr' id='par_1_111' title="bbox 2151 5179 3748 5254">
     <span class='ocr_line' id='line_1_111' title="bbox 2151 5179 3748 5254; baseline -0.007 -11"><span class='ocrx_word' id='word_1_873' title='bbox 2151 5188 2252 5242; x_wconf 90' lang='lat' dir='ltr'><strong>erit</strong></span> <span class='ocrx_word' id='word_1_874' title='bbox 2281 5185 2504 5241; x_wconf 86' lang='lat' dir='ltr'><strong>salvus:</strong></span> <span class='ocrx_word' id='word_1_875' title='bbox 2535 5197 2646 5238; x_wconf 90' lang='lat' dir='ltr'><strong>non</strong></span> <span class='ocrx_word' id='word_1_876' title='bbox 2689 5183 2880 5254; x_wconf 91' lang='lat' dir='ltr'><strong>utique</strong></span> <span class='ocrx_word' id='word_1_877' title='bbox 2903 5183 3042 5252; x_wconf 91' lang='lat' dir='ltr'><strong>sibi,</strong></span> <span class='ocrx_word' id='word_1_878' title='bbox 3085 5182 3178 5254; x_wconf 90' lang='lat' dir='ltr'><strong>qui</strong></span> <span class='ocrx_word' id='word_1_879' title='bbox 3235 5179 3588 5252; x_wconf 85' lang='lat' dir='ltr'><strong>impassibilis</strong></span> <span class='ocrx_word' id='word_1_880' title='bbox 3619 5189 3748 5234; x_wconf 85' lang='lat' dir='ltr'><strong>est:</strong></span> 
     </span>
    </p>
   </div>
   <div class='ocr_carea' id='block_1_112' title="bbox 2149 5357 3746 5438">
    <p class='ocr_par' dir='ltr' id='par_1_112' title="bbox 2149 5357 3746 5438">
     <span class='ocr_line' id='line_1_112' title="bbox 2149 5357 3746 5438; baseline -0.008 -13"><span class='ocrx_word' id='word_1_881' title='bbox 2149 5367 2283 5425; x_wconf 92' lang='lat' dir='ltr'><strong>edit.</strong></span> <span class='ocrx_word' id='word_1_882' title='bbox 2313 5366 2618 5438; x_wconf 74' lang='lat' dir='ltr'><strong>prmierunt</strong></span> <span class='ocrx_word' id='word_1_883' title='bbox 2644 5365 2810 5420; x_wconf 89' lang='lat' dir='ltr'><strong>etiam</strong></span> <span class='ocrx_word' id='word_1_884' title='bbox 2833 5381 2953 5419; x_wconf 89' lang='lat' dir='ltr'><strong>nam</strong></span> <span class='ocrx_word' id='word_1_885' title='bbox 2975 5378 3072 5434; x_wconf 91' lang='lat' dir='ltr'><strong>pro</strong></span> <span class='ocrx_word' id='word_1_886' title='bbox 3095 5379 3222 5428; x_wconf 86' lang='lat' dir='ltr'><strong>non,</strong></span> <span class='ocrx_word' id='word_1_887' title='bbox 3251 5376 3354 5438; x_wconf 82' lang='lat' dir='ltr'><strong>nec</strong></span> <span class='ocrx_word' id='word_1_888' title='bbox 3385 5375 3494 5416; x_wconf 90' lang='lat' dir='ltr'><strong>non</strong></span> <span class='ocrx_word' id='word_1_889' title='bbox 3527 5357 3746 5438; x_wconf 76' lang='lat' dir='ltr'><strong>perinde</strong></span> 
     </span>
    </p>
   </div>
   <div class='ocr_carea' id='block_1_113' title="bbox 2147 5431 3746 5507">
    <p class='ocr_par' dir='ltr' id='par_1_113' title="bbox 2147 5431 3746 5507">
     <span class='ocr_line' id='line_1_113' title="bbox 2147 5431 3746 5507; baseline -0.011 -12"><span class='ocrx_word' id='word_1_890' title='bbox 2147 5456 2210 5495; x_wconf 82' lang='lat' dir='ltr'><strong>ac</strong></span> <span class='ocrx_word' id='word_1_891' title='bbox 2238 5431 2398 5494; x_wconf 47' lang='lat' dir='ltr'><strong>lio-tn.</strong></span> <span class='ocrx_word' id='word_1_892' title='bbox 2428 5439 2564 5493; x_wconf 86' lang='lat' dir='ltr'><strong>edit.</strong></span> <span class='ocrx_word' id='word_1_893' title='bbox 2592 5439 2850 5494; x_wconf 89' lang='lat' dir='ltr'><strong>omittunt</strong></span> <span class='ocrx_word' id='word_1_894' title='bbox 2879 5431 3101 5504; x_wconf 78' lang='lat' dir='ltr'><strong>tantum,</strong></span> <span class='ocrx_word' id='word_1_895' title='bbox 3131 5436 3276 5507; x_wconf 90' lang='lat' dir='ltr'><strong>quod</strong></span> <span class='ocrx_word' id='word_1_896' title='bbox 3303 5447 3404 5490; x_wconf 91' lang='lat' dir='ltr'><strong>nos</strong></span> <span class='ocrx_word' id='word_1_897' title='bbox 3431 5449 3463 5490; x_wconf 90' lang='lat' dir='ltr'><strong>e</strong></span> <span class='ocrx_word' id='word_1_898' title='bbox 3490 5446 3618 5488; x_wconf 88' lang='lat' dir='ltr'><strong>mss.</strong></span> <span class='ocrx_word' id='word_1_899' title='bbox 3651 5431 3746 5480; x_wconf 79' lang='lat' dir='ltr'><strong>all-</strong></span> 
     </span>
    </p>
   </div>
   <div class='ocr_carea' id='block_1_114' title="bbox 2144 5511 2670 5582">
    <p class='ocr_par' dir='ltr' id='par_1_114' title="bbox 2144 5511 2670 5582">
     <span class='ocr_line' id='line_1_114' title="bbox 2144 5511 2670 5582; baseline -0.006 -17"><span class='ocrx_word' id='word_1_900' title='bbox 2144 5523 2278 5582; x_wconf 87' lang='lat' dir='ltr'><strong>quot</strong></span> <span class='ocrx_word' id='word_1_901' title='bbox 2310 5511 2670 5564; x_wconf 76' lang='lat' dir='ltr'><strong>restituimus.</strong></span> 
     </span>
    </p>
   </div>
   <div class='ocr_carea' id='block_1_115' title="bbox 2223 5573 3744 5650">
    <p class='ocr_par' dir='ltr' id='par_1_115' title="bbox 2223 5573 3744 5650">
     <span class='ocr_line' id='line_1_115' title="bbox 2223 5573 3744 5650; baseline -0.009 -14"><span class='ocrx_word' id='word_1_902' title='bbox 2223 5581 2242 5619; x_wconf 74' lang='grc' dir='ltr'><em>τ</em></span> <span class='ocrx_word' id='word_1_903' title='bbox 2277 5583 2404 5636; x_wconf 69' lang='lat' dir='ltr'><strong>Mss.</strong></span> <span class='ocrx_word' id='word_1_904' title='bbox 2443 5581 2716 5645; x_wconf 84' lang='lat' dir='ltr'><strong>nonnulli,</strong></span> <span class='ocrx_word' id='word_1_905' title='bbox 2751 5589 2807 5634; x_wconf 92' lang='lat' dir='ltr'><strong>et</strong></span> <span class='ocrx_word' id='word_1_906' title='bbox 2837 5579 2996 5634; x_wconf 82' lang='lat' dir='ltr'><strong>Rom.</strong></span> <span class='ocrx_word' id='word_1_907' title='bbox 3029 5577 3189 5644; x_wconf 82' lang='lat' dir='ltr'><strong>edit.,</strong></span> <span class='ocrx_word' id='word_1_908' title='bbox 3219 5593 3319 5650; x_wconf 86' lang='lat' dir='ltr'><strong>quo</strong></span> <span class='ocrx_word' id='word_1_909' title='bbox 3345 5573 3588 5650; x_wconf 65' lang='lat' dir='ltr'><strong>sordibus</strong></span> <span class='ocrx_word' id='word_1_910' title='bbox 3629 5582 3744 5621; x_wconf 85' lang='lat' dir='ltr'><strong>ma-</strong></span> 
     </span>
    </p>
   </div>
   <div class='ocr_carea' id='block_1_116' title="bbox 2145 5642 3742 5721">
    <p class='ocr_par' dir='ltr' id='par_1_116' title="bbox 2145 5642 3742 5721">
     <span class='ocr_line' id='line_1_116' title="bbox 2145 5642 3742 5721; baseline -0.011 -13"><span class='ocrx_word' id='word_1_911' title='bbox 2145 5656 2317 5708; x_wconf 78' lang='lat' dir='ltr'><strong>culata</strong></span> <span class='ocrx_word' id='word_1_912' title='bbox 2349 5654 2548 5720; x_wconf 65' lang='lat' dir='ltr'><strong>anima,</strong></span> <span class='ocrx_word' id='word_1_913' title='bbox 2583 5671 2612 5704; x_wconf 88' lang='lat' dir='ltr'><strong>a</strong></span> <span class='ocrx_word' id='word_1_914' title='bbox 2645 5642 2858 5706; x_wconf 67' lang='lat' dir='ltr'><strong>liliidine</strong></span> <span class='ocrx_word' id='word_1_915' title='bbox 2885 5652 3060 5705; x_wconf 87' lang='lat' dir='ltr'><strong>carnis</strong></span> <span class='ocrx_word' id='word_1_916' title='bbox 3085 5651 3145 5721; x_wconf 85' lang='lat' dir='ltr'><strong>ﬁt</strong></span> <span class='ocrx_word' id='word_1_917' title='bbox 3177 5642 3322 5714; x_wconf 63' lang='lat' dir='ltr'><strong>en&#39;ro,</strong></span> <span class='ocrx_word' id='word_1_918' title='bbox 3348 5657 3492 5709; x_wconf 89' lang='lat' dir='ltr'><strong>etc.;</strong></span> <span class='ocrx_word' id='word_1_919' title='bbox 3531 5642 3742 5721; x_wconf 74' lang='lat' dir='ltr'><strong>&#39;l‘liuan.</strong></span> 
     </span>
    </p>
   </div>
   <div class='ocr_carea' id='block_1_117' title="bbox 2143 5715 3746 5794">
    <p class='ocr_par' dir='ltr' id='par_1_117' title="bbox 2143 5715 3746 5794">
     <span class='ocr_line' id='line_1_117' title="bbox 2143 5715 3746 5794; baseline -0.004 -18"><span class='ocrx_word' id='word_1_920' title='bbox 2143 5726 2280 5794; x_wconf 83' lang='lat' dir='ltr'><strong>quod</strong></span> <span class='ocrx_word' id='word_1_921' title='bbox 2307 5715 2546 5778; x_wconf 77' lang='lat' dir='ltr'><strong>sordibus</strong></span> <span class='ocrx_word' id='word_1_922' title='bbox 2574 5725 2892 5779; x_wconf 71' lang='lat' dir='ltr'><strong>maculatam</strong></span> <span class='ocrx_word' id='word_1_923' title='bbox 2927 5715 3156 5778; x_wconf 71' lang='lat' dir='ltr'><strong>animum</strong></span> <span class='ocrx_word' id='word_1_924' title='bbox 3187 5738 3306 5775; x_wconf 87' lang='lat' dir='ltr'><strong>cum</strong></span> <span class='ocrx_word' id='word_1_925' title='bbox 3349 5728 3562 5782; x_wconf 80' lang='lat' dir='ltr'><strong>corpore</strong></span> <span class='ocrx_word' id='word_1_926' title='bbox 3589 5715 3746 5765; x_wconf 68' lang='lat' dir='ltr'><strong>tradi!</strong></span> 
     </span>
    </p>
   </div>
   <div class='ocr_carea' id='block_1_118' title="bbox 2142 5798 2408 5867">
    <p class='ocr_par' dir='ltr' id='par_1_118' title="bbox 2142 5798 2408 5867">
     <span class='ocr_line' id='line_1_118' title="bbox 2142 5798 2408 5867; baseline 0 -18"><span class='ocrx_word' id='word_1_927' title='bbox 2142 5798 2408 5867; x_wconf 75' lang='lat' dir='ltr'><strong>gehennw.</strong></span> 
     </span>
    </p>
   </div>
  </div>
