3978 6310
220 337 334 397 209

1029 332 1528 392 COMMENTARIA
1565 332 1633 392 ΙΝ
1675 332 1889 391 EPIST.
1933 335 2024 391 AD
2062 333 2387 394 CORINTH.
2430 339 2723 400 PRIMAM.

3429 347 3536 406 ειο

221 455 320 511 sed
347 454 516 510 nobis
545 455 744 527 quibus
769 453 926 509 datus
944 461 1027 508 est
1052 470 1062 505 :
1092 462 1147 506 nt
1180 469 1274 524 per
1299 453 1448 506 illtun
1469 452 1564 507 Dei
1589 451 1686 506 ﬁlii
1709 467 1831 507 esse
1858 456 1911 514 Α
2011 451 2122 507 Nec
2151 455 2204 508 in
2227 459 2476 526 fermento
2505 461 2719 516 malitia:
2742 472 2790 516 et
2818 465 3087 535 nequitiae,
3140 466 3230 520 sed
3260 468 3312 522 in
3339 469 3538 540 azymis

219 550 550 621 probemur.
590 551 698 606 Res
735 550 882 605 enim
912 565 1031 619 qua:
1059 548 1348 614 amittitur,
1405 549 1552 602 salva
1585 563 1691 603 non
1720 557 1823 613 est,

219 659 332 698 non
360 645 558 716 utique
587 644 712 711 sibi,
761 659 884 714 quae
908 642 1233 712 ubicumque
1261 644 1371 709 sit,
1409 657 1638 699 necesse
1663 651 1746 699 cst
1773 652 1831 698 ut

217 739 292 794 sit
318 756 333 802 ;
364 740 464 795 sed
495 741 544 794 ei
569 755 596 792 a
625 755 732 810 quo
761 738 1051 794 amittitur.

291 831 484 905 (νει-ε.
505 833 592 906 6.)
627 843 651 870 ει
678 832 828 886 Bona
855 843 928 886 est
953 833 1195 904 gloriatio
1223 833 1426 887 vestra?
1445 831 1556 888 lloc
1574 840 1659 888 est
1677 872 1690 896 ,
1717 845 1824 886 non

214 922 359 980 bona
390 936 505 991 est;
537 926 641 980 bcti
669 926 813 980 enim
838 936 1014 991 erant,
1034 940 1156 980 cum
1187 927 1358 996 magis
1380 925 1698 981 contristari
1730 924 1826 980 de-

214 1015 446 1073 buerint
473 1019 525 1074 in
561 1018 728 1074 fratre
762 1027 871 1073 tam
919 1019 1118 1074 acerbe
1148 1030 1447 1088 peccante,
1478 1019 1623 1073 sicut
1655 1018 1825 1072 tristis

215 1110 318 1164 fuit
351 1111 580 1166 Samuel
615 1113 668 1166 in
725 1111 854 1169 Saul
910 1121 1190 1181 peccante.
1225 1113 1270 1166 A
1301 1127 1409 1182 quo
1439 1112 1667 1166 crimine
1696 1111 1822 1165 mali

211 1199 476 1258 doctores
502 1213 598 1258 aut
624 1203 1074 1270 dissimulabant,
1104 1216 1196 1258 aut
1227 1205 1591 1276 negligentius
1624 1219 1822 1275 argue-

210 1294 532 1368 bant(sicut
559 1307 614 1354 et
633 1297 752 1352 Heli
777 1299 1035 1353 sacerdos
1064 1299 1254 1369 (lReg.
1291 1315 1350 1364 ιι,
1380 1298 1498 1371 ‘25),
1530 1299 1669 1354 ﬁlios
1693 1313 1821 1353 suos

213 1401 515 1459 peccantes
556 1390 609 1444 in
656 1389 852 1460 Deum)
887 1389 914 1427 ι’
944 1406 1013 1444 ηε
1040 1392 1212 1445 amari
1266 1402 1452 1446 essent
1481 1390 1817 1445 hominibus.

285 1481 516 1537 Nescitis
565 1484 689 1554 quia
733 1483 994 1537 modicum
1040 1486 1344 1555 fermentum
1399 1494 1557 1538 totam
1594 1501 1820 1539 massam

207 1576 548 1646 corrumpit?
593 1575 669 1631 Ita
721 1586 775 1632 ει
820 1589 1105 1649 peccatum
1137 1581 1298 1634 unius
1321 1622 1335 1646 ,
1364 1580 1508 1650 quod
1539 1579 1818 1651 cognitum

210 1686 319 1726 non
351 1673 622 1743 arguitur,
656 1673 861 1729 multos
887 1676 1265 1739 contaminat;
1310 1675 1479 1729 immo
1505 1689 1700 1730 omnes
1725 1675 1818 1746 qui

209 1778 417 1822 norunt
451 1809 466 1835 ,
500 1777 554 1824 et
587 1783 695 1824 non
734 1768 1008 1833 devitant,
1033 1780 1128 1826 aut
1165 1785 1287 1825 cum
1321 1771 1534 1840 possint
1557 1785 1814 1842 arguere,

1930 549 2249 604 sinceritatis
2303 562 2350 604 ct
2391 555 2642 609 veritatis.
2679 556 2790 613 lloc
2817 568 2924 626 cst,
2961 570 3018 614 ut
3053 561 3345 616 sinceritas
3376 579 3538 616 inun-

1928 640 2054 697 dam
2085 645 2250 698 vitam
2294 644 2500 711 faciat,
2527 648 2730 705 veritas
2774 661 2955 708 autem
3006 670 3225 710 omnem
3277 655 3529 712 fraudem

1927 737 2202 794 excludat.

1999 830 2185 903 (Vers.
2223 832 2416 905 9,10).
2446 834 2646 904 Scripsi
2683 837 2822 891 vobis
2855 840 2906 893 in
2936 842 3188 910 epistola,
3224 859 3285 897 ne
3310 845 3528 898 commi-

1925 926 2175 978 sceamini
2219 927 2538 997 fornicariis.
2565 929 2868 997 Scripsisse
2905 945 2965 987 se
3019 934 3287 1003 signiﬁcat
3341 936 3528 1005 prius,

1927 1018 2019 1072 ubi
2052 1028 2366 1074 commonet
2395 1020 2520 1075 illos
2544 1062 2559 1088 ,
2595 1038 2662 1076 ne
2682 1023 2979 1094 jnngerent
3002 1042 3060 1080 sc
3093 1029 3250 1082 malm
3278 1028 3401 1084 vita:
3424 1027 3530 1082 ho-

1928 1112 2186 1167 minibus.
2217 1113 2431 1182 thuia
2459 1130 2566 1169 non
2607 1116 2953 1173 intellexisse
2991 1117 3131 1174 forte
3147 1137 3208 1176 ea
3242 1138 3361 1189 qua:
3391 1121 3531 1177 scri-

1926 1218 2134 1276 pserat,
2171 1208 2531 1274 videbantur;
2565 1225 2707 1266 nunc
2754 1213 2808 1267 in
2842 1211 2943 1268 hac
2969 1214 3205 1284 epistola
3241 1215 3369 1286 quid
3402 1217 3536 1270 scri-

1927 1303 2125 1372 pserit,
2179 1303 2580 1373 interpretatur
2607 1305 2796 1362 dicens
2829 1325 2842 1360 :
2873 1305 2998 1362 Non
3036 1309 3214 1377 utique
3235 1311 3535 1378 fornicariis

1923 1394 2083 1468 hujus
2134 1397 2314 1450 mtmdi
2346 1397 2831 1456 :sedafratribus
2882 1401 3084 1458 talibus
3137 1403 3331 1473 scripsi
3376 1419 3527 1459 rece-

1923 1490 2104 1546 dendu
2117 1507 2190 1546 ιιι.

1997 1583 2099 1638 Aut
2127 1586 2301 1640 avaris
2324 1628 2338 1652 ,
2370 1598 2460 1640 aut
2490 1589 2768 1657 rapacibus
2797 1633 2811 1656 ,
2853 1601 2942 1645 aut
2965 1591 3122 1646 idolis
3146 1593 3485 1648 serrientibus
3513 1612 3530 1658 ;

1922 1679 2156 1748 alioquin
2187 1680 2482 1735 debueratis
2513 1683 2576 1736 de
2607 1683 2703 1738 hoc
2727 1686 2922 1739 mundo
2943 1687 3133 1740 exisse.
3164 1687 3334 1758 Igitur
3364 1688 3529 1742 iutcl-

1925 1771 2124 1828 lectum
2149 1789 2338 1829 eorum
2368 1775 2587 1846 arguit,
2618 1777 2705 1847 qui
2737 1779 3004 1848 putabant
3033 1779 3174 1834 forte
3205 1781 3333 1852 quia
3358 1781 3426 1836 ab
3451 1782 3532 1835 in-

208 1861 584 1918 dissimulant.
615 1863 729 1918 Non
764 1864 911 1919 enim
944 1865 1048 1920 sibi
1074 1864 1287 1921 videtur
1317 1879 1570 1937 peccare,
1601 1865 1819 1936 quando
1851 1864 1898 1922 B
1926 1865 2189 1933 credulis,
2223 1867 2535 1924 fornicariis
2557 1911 2570 1935 ,
2605 1881 2698 1924 aut
2731 1873 2934 1940 avaris,
2970 1884 3060 1927 aut
3089 1874 3399 1945 rapacibus,
3435 1884 3530 1929 aut

208 1969 237 2010 a
264 1956 418 2011 nullo
449 1957 744 2028 corripitur
773 1971 865 2012 aut
891 1959 1113 2015 vitatur.

286 2049 652 2122 128(Vers.
679 2050 756 2122 7.)
779 2051 1081 2126 Expurgate
1101 2065 1243 2109 vetus
1272 2055 1600 2125 fermentum,
1623 2065 1679 2109 ut
1705 2056 1818 2111 sitis

207 2157 340 2196 nova
361 2145 682 2215 conspersio.
711 2145 825 2202 Hoc
847 2145 1050 2217 duplici
1072 2164 1278 2220 genere
1301 2151 1680 2222 accipiendum
1709 2159 1813 2219 est,

210 2237 334 2306 quia
369 2246 453 2291 est
483 2247 538 2292 et
561 2235 893 2295 fermentum
917 2241 1150 2297 humana
1167 2244 1440 2311 doctrina,
1461 2245 1682 2301 dicente
1699 2245 1819 2300 Sal-

213 2337 399 2384 valore
432 2347 444 2383 :
478 2329 665 2386 Cavete
691 2347 724 2387 a
745 2336 998 2404 fermento
1024 2334 1414 2392 Pharisccorum
1447 2337 1664 2411 (Matth.
1701 2354 1815 2403 xvt,

220 2422 329 2495 ll),
363 2423 412 2478 id
442 2434 529 2480 est
559 2441 588 2480 a
620 2427 894 2483 doctrina.
929 2429 995 2483 Et
1026 2430 1091 2483 ad
1120 2432 1318 2486 malam
1352 2447 1482 2503 ergo
1509 2432 1816 2488 doctrinam

216 2517 538 2585 cavendam,
571 2530 625 2575 et
649 2521 716 2576 ad
747 2521 889 2577 hanc
917 2537 1134 2578 causam
1170 2524 1376 2580 dictum
1402 2535 1508 2592 est,
1539 2526 1664 2595 quia
1706 2525 1820 2596 eje-

210 2623 298 2669 clo
325 2615 680 2686 fornicatore,
701 2630 858 2676 vetus
874 2620 1202 2677 fermentum
1230 2622 1465 2691 ejicitur.
1491 2621 1616 2676 ldeo
1634 2633 1816 2676 autem

209 2719 366 2768 vetus
394 2713 519 2782 quia
553 2715 763 2786 antiqui
785 2717 992 2771 erroris
1019 2725 1302 2786 peccatum
1327 2724 1432 2771 cst.
1466 2715 1616 2771 Nova
1634 2726 1814 2772 autem

207 2807 563 2874 compositio,
595 2803 798 2862 Christi
833 2808 1078 2863 doctrina
1111 2818 1215 2864 est.

279 2898 433 2954 Sicut
464 2899 586 2954 estis
614 2901 806 2971 azymi.
850 2899 1054 2972 Azyma
1084 2917 1150 2956 ex
1181 2917 1344 2956 causa
1379 2917 1486 2957 non
1523 2901 1817 2956 fermenta-

205 2999 274 3046 ta:
302 2991 496 3048 farina:
521 2992 728 3049 dictum
761 3004 882 3061 est,
917 3011 1038 3050 cum
1069 2995 1162 3049 ﬁlii
1205 2995 1374 3051 Israel
1403 2995 1563 3066 ejecti
1594 3005 1716 3051 sunt
1746 2998 1816 3053 de

205 3085 484 3160 Egypto;
518 3099 575 3143 ut
613 3088 940 3145 fermentum
981 3099 1228 3145 vetustas
1257 3090 1555 3146 haberetur
1577 3131 1591 3155 ,
1624 3106 1814 3163 azyma

205 3195 392 3237 autem
451 3184 687 3238 novitas.
740 3183 986 3254 Abjectis
1018 3184 1162 3238 enim
1204 3184 1482 3240 veteribus
1535 3186 1814 3240 erroribus

1923 1958 2088 2014 idolis
2116 1961 2484 2018 servientibus
2515 1964 2907 2032 prohibuisset,
2944 1983 3051 2022 non
3083 1985 3109 2020 a
3143 1969 3439 2034 fratribus;
3474 1978 3532 2025 ct

1923 2053 2044 2109 ideo
2075 2055 2227 2110 illum
2257 2056 2347 2126 qui
2373 2072 2600 2113 uxorem
2636 2059 2806 2128 patris
2852 2059 3111 2125 habebat,
3149 2061 3290 2116 inter
3318 2077 3379 2116 se
3405 2075 3531 2115 esse

1923 2168 2030 2206 non
2055 2169 2200 2223 mgre
2232 2153 2501 2209 ferebant.
2526 2155 2580 2210 Si
2614 2155 2780 2225 igitur
2813 2157 2894 2210 his
2924 2157 3413 2223 commisceamini,
3450 2158 3533 2210 in-

1923 2245 2059 2314 quit,
2096 2246 2296 2300 melius
2327 2256 2445 2300 erat
2495 2247 2631 2301 mori
2664 2262 2800 2313 vos;
2831 2249 3218 2318 compendium
3250 2257 3333 2302 est
3380 2249 3528 2301 cnim

1925 2339 2112 2394 °male
2129 2341 2440 2410 agentibus,
2472 2342 2517 2395 si
2536 2341 2698 2397 citius
2726 2342 3054 2410 moriantur,
3076 2357 3236 2412 quam
3252 2343 3295 2396 si
3323 2340 3529 2396 diutius

1921 2431 1974 2486 in
2005 2433 2243 2501 peccatis
2262 2446 2573 2489 versentur.

1997 2525 2180 2597 (γει-ε.
2221 2528 2335 2599 ll.)
2369 2527 2530 2583 Nunc
2551 2539 2723 2583 autem
2753 2529 2939 2598 scripsi
2986 2530 3159 2597 vobis,
3202 2545 3266 2583 ne
3315 2531 3530 2582 commi—

1920 2622 2186 2675 sceamini.
2219 2621 2284 2676 Si
2307 2623 2350 2674 is
2380 2624 2471 2691 qui
2497 2627 2658 2694 frater
2683 2623 2982 2676 nominatur
3007 2623 3142 2676 inter
3161 2638 3248 2676 vos
3273 2664 3286 2687 ,
3316 2631 3388 2675 est
3414 2625 3527 2691 foro

1920 2715 2142 2781 nicator,
2177 2725 2266 2769 aut
2288 2733 2498 2782 avarus,
2524 2727 2613 2770 aut
2641 2717 2798 2772 idolis
2824 2717 3071 2783 serviens,
3101 2725 3192 2770 aut
3215 2714 3522 2778 maledicus,

1920 2816 2009 2860 aut
2035 2808 2291 2876 ebriosus,
2312 2817 2404 2862 aut
2432 2826 2622 2881 rapax,
2656 2826 2770 2862 cum
2804 2808 3112 2875 huiusmodi
3134 2825 3198 2862 ne
3224 2808 3392 2861 cibum
3413 2806 3530 2873 qui-

1921 2900 2035 2954 dem
2075 2917 2294 2956 sumere.
2350 2900 2484 2955 Cum
2528 2899 2698 2956 fratre
2741 2901 2997 2972 prohibet
3051 2901 3232 2955 cibum
3283 2914 3524 2965 sumere,

1918 3012 2043 3052 cum
2074 2997 2280 3053 inﬁdeli
2299 3007 2480 3053 autem
2505 3014 2611 3053 non
2643 2998 2947 3068 prohibuit,
2970 2998 3168 3070 quippe
3195 3012 3314 3050 cum
3343 2996 3486 3050 dicat
3512 3013 3526 3050 :

1918 3089 1972 3146 Si
2003 3092 2126 3162 quis
2154 3107 2252 3147 vos
2297 3102 2457 3148 vocat
2503 3108 2568 3147 ex
2604 3092 2856 3148 ﬁdelibus
2888 3091 2954 3146 ad
2986 3105 3196 3146 cmnain
3217 3132 3232 3158 ,
3283 3099 3338 3145 et
3367 3089 3533 3144 vultis

1919 3185 2020 3250 ire,
2057 3201 2220 3241 omne
2266 3187 2411 3257 quod
2445 3187 2756 3258 appositum
2798 3186 2984 3251 fuerit,
3018 3185 3342 3242 manducate
3372 3183 3527 3258 (Luc.

204 3274 591 3347 Egyptiorum
641 3277 695 3333 in
752 3293 948 3332 nov;im
986 3278 1162 3348 legem
1208 3277 1416 3360 inducti
1449 3288 1604 3344 sunt;
1660 3280 1730 3332 ita
1761 3289 1815 3334 et
1843 3263 1888 3326 (ἶ
1923 3293 1981 3344 x,
2013 3276 2094 3349 8).
2130 3278 2258 3333 Ideo
2286 3281 2362 3334 ait
2397 3299 2410 3333 :

200 3371 478 3427 Corinthii
533 3383 655 3444 post
711 3388 1044 3444 paganorum
1088 3389 1307 3429 errores
1357 3374 1408 3428 in
1467 3374 1811 3444 Evangilium

204 3463 416 3521 Chriin
468 3467 672 3522 inducti
719 3476 868 3522 sunt.
919 3467 1180 3522 Hortatur
1219 3483 1373 3538 ergo,
1421 3479 1478 3522 ut
1510 3467 1812 3524 secundum

203 3559 609 3629 professionem
641 3575 796 3616 suam
825 3601 840 3627 ,
875 3577 1036 3631 quam
1079 3561 1146 3615 ab
1168 3561 1431 3631 Apostolo
1454 3561 1556 3616 sub
1593 3562 1815 3618 nomine

201 3652 419 3708 Christi
447 3665 799 3725 acceperant,
834 3664 888 3710 et
917 3653 1185 3721 viverent,
1217 3656 1329 3725 jam
1358 3655 1481 3711 vitae
1508 3671 1663 3712 nova:
1694 3657 1814 3711 cul-

202 3755 360 3803 tores
392 3765 406 3800 :
435 3757 490 3802 et
519 3747 620 3804 hoc
645 3758 730 3804 est
759 3764 979 3821 azymos
1003 3765 1146 3805 esse.

276 3845 496 3900 Pascha
523 3857 756 3900 nostrum
787 3847 1086 3900 immolatus
1113 3857 1185 3900 est
1217 3846 1474 3900 Christus.
1501 3847 1812 3902 Secundum

198 3941 410 4014 Legem
439 3943 602 3999 docet
649 3944 952 3999 novitatem
997 3944 1211 4014 pascha:
1249 3943 1459 3998 ratione
1487 3943 1814 4006 consistere,

197 4043 251 4091 et
281 4035 414 4090 ideo
443 4034 723 4091 Christum
749 4051 876 4091 esse
894 4036 1171 4102 occisum,
1198 4045 1256 4090 ut
1282 4051 1350 4092 ex
1369 4051 1435 4091 eo
1461 4050 1604 4091 nova
1621 4032 1816 4105 pracdi-

202 4129 361 4185 catio
379 4145 574 4185 novam
597 4131 804 4186 faceret
824 4131 1340 4196 conversationem;
1370 4141 1425 4184 ut
1446 4132 1569 4201 quia
1596 4129 1816 4200 pascha:

199 4223 484 4276 rationem
508 4222 742 4277 colimus
773 4263 786 4287 ,
847 4234 1090 4278 veterem
1142 4225 1308 4278 vitam
1360 4238 1466 4277 non
1499 4237 1811 4293 sequamur.

201 4313 421 4369 Pascha
470 4314 652 4384 itaque
704 4315 1008 4370 immolatio
1057 4327 1176 4383 cst,
1224 4333 1330 4370 non
1367 4317 1630 4370 transitus
1672 4315 1816 4370 sicut

199 4406 537 4476 quibusdam
573 4407 822 4474 videtur;
859 4408 1008 4477 prius
1033 4408 1180 4462 enim
1203 4411 1432 4478 pascha,
1463 4408 1614 4463 etsic
1636 4417 1816 4462 trans-

201 4501 338 4567 itus,
365 4501 495 4570 quia
517 4512 645 4556 ante
669 4502 983 4571 exemplum
1003 4501 1306 4556 Salvatoris
1330 4512 1411 4556 cst
1429 4511 1482 4556 et
1502 4503 1580 4556 sic
1598 4503 1813 4572 signum

199 4594 427 4649 salutis.
459 4593 568 4650 Nec
593 4597 738 4649 enim
772 4606 899 4650 ante
937 4595 1174 4665 signum,
1199 4610 1360 4665 quam
1385 4610 1540 4659 crux;
1575 4609 1698 4648 nam
1725 4609 1816 4649 oc-

1994 3371 2178 3444 (Vers.
2210 3372 2323 3444 12.)
2354 3373 2468 3440 Quo
2497 3374 2631 3428 enim
2656 3371 2779 3426 mihi
2815 3373 2879 3426 de
2907 3373 3012 3438 his,
3031 3373 3119 3444 qui
3145 3372 3274 3444 foris
3301 3375 3523 3444 suntju-

1920 3466 2136 3522 dicare?
2178 3467 2378 3523 Verum
2413 3477 2497 3523 est
2528 3469 2654 3539 quia
2703 3466 2940 3539 perﬁdos
2968 3470 3261 3536 episcopus
3292 3483 3400 3522 non
3435 3483 3531 3537 po-

1923 3570 2028 3617 test
2052 3563 2341 3634 judicare:
2373 3578 2498 3617 cum
2523 3562 2693 3617 fratre
2721 3573 2900 3616 autem
2935 3563 3118 3632 inquo
3142 3561 3273 3616 vitia
3306 3561 3423 3615 lucc
3444 3578 3528 3615 re-

1921 3658 2240 3726 periuntur,
2274 3672 2380 3711 non
2413 3656 2588 3711 solum
2620 3664 2961 3710 sacramenta
3012 3670 3117 3709 non
3152 3653 3396 3720 edenda,
3431 3653 3526 3708 sed

1919 3751 2015 3806 sed
2041 3766 2141 3805 nec
2171 3765 2518 3805 communem
2543 3763 2724 3803 escam
2754 3747 2945 3811 docet;
2978 3756 3035 3802 ut
3055 3746 3363 3811 erubescat,
3397 3761 3519 3799 eum

1922 3845 2132 3900 vitatur
2153 3853 2212 3898 ει
2236 3859 2296 3898 se
2321 3844 2582 3913 corrigat.

1996 3938 2178 4009 (Vers.
2215 3937 2330 4009 l3.)
2373 3935 2568 3992 Nonne
2609 3937 2673 3991 de
2715 3937 2783 3992 iis
2806 3936 2894 4007 qui
2917 3935 3060 3989 intus
3089 3944 3231 4000 sunt,
3265 3949 3353 3987 ros
3375 3932 3526 4005 judi-

1921 4035 2089 4090 catis?
2113 4033 2329 4090 Judicat
2352 4035 2510 4104 quis,
2565 4032 2691 4088 dum
2734 4031 3002 4087 discernit
3029 4031 3115 4085 cui
3156 4028 3309 4084 fratri
3339 4027 3526 4082 adhae-

1921 4135 2061 4193 reat,
2091 4141 2254 4198 quem
2279 4135 2504 4196 arguat,
2551 4142 2710 4197 quem
2737 4125 2967 4191 devitet,
3006 4123 3146 4177 Nam
3177 4140 3262 4176 cos
3280 4122 3366 4191 qui
3399 4121 3527 4192 foris

1919 4229 2040 4275 sunt
2067 4261 2082 4286 ,
2117 4217 2258 4274 Deus
2303 4218 2635 4292 dijudicabit.
2684 4217 2951 4288 Superius
2984 4233 2997 4269 :
3032 4215 3214 4270 Nolite
3237 4257 3250 4282 ,
3277 4215 3384 4279 ait,
3413 4224 3531 4266 ante

1921 4324 2123 4384 tempus
2141 4313 2390 4386 judicare
2413 4313 2453 4385 (l
2483 4313 2604 4368 Cor.
2630 4329 2702 4381 tv,
2730 4312 2786 4385 5)
2814 4329 2827 4378 ;
2856 4313 2940 4367 hic
2971 4326 3080 4366 non
3109 4310 3384 4381 prohibet.
3419 4307 3528 4362 Sed

1923 4407 2177 4476 superius
2229 4406 2505 4476 incognita
2536 4422 2633 4476 per
2663 4405 3034 4476 suSpicioncm
3067 4403 3306 4458 maxime
3336 4399 3404 4455 de
3437 4415 3527 4454 re-

1921 4510 2073 4557 ctore
2108 4500 2388 4572 prohibuit
2414 4501 2693 4571 judicare;
2724 4501 2851 4570 quia
2879 4498 2977 4554 Dei
3001 4497 3174 4553 solius
3203 4504 3287 4552 est
3313 4493 3530 4550 occulta

1924 4595 2203 4666 judicare:
2241 4596 2344 4650 hoc
2374 4607 2556 4650 autem
2591 4596 2734 4662 loco,
2766 4603 2822 4648 ut
2859 4593 3028 4649 frater
3057 4593 3278 4648 fratrcm
3311 4591 3526 4646 exami~

195 4690 320 4744 ciso
382 4703 618 4760 veSpere
673 4705 816 4760 agno
840 4732 855 4756 ,
915 4689 969 4743 in
1016 4687 1253 4761 Egypto
1284 4689 1380 4743 ﬁlii
1413 4688 1583 4745 Israel
1611 4690 1812 4759 pascha
1844 4664 1897 4724 D
1925 4698 2014 4743 net
2040 4688 2107 4760 (ll
2129 4689 2253 4744 Cor.
2278 4704 2394 4752 xm,
2418 4689 2499 4760 5),
2525 4687 2688 4742 etiam
2716 4688 2892 4758 jubet,
2923 4688 3062 4742 sicut
3089 4687 3198 4741 alio
3226 4685 3384 4758 129
3407 4684 3527 4738 loco

198 4792 476 4854 egerunt,
539 4799 601 4838 cx
636 4783 798 4854 cujus
836 4784 1101 4854 sanguine
1153 4791 1336 4853 postes
1381 4784 1704 4852 signarunt:
1759 4790 1820 4836 ut

201 4888 377 4931 noctu
411 4877 652 4947 Angelus
693 4876 971 4931 transiens
997 4917 1012 4941 ,
1064 4891 1125 4929 ea
1156 4875 1271 4930 loca
1305 4890 1412 4929 non
1447 4875 1812 4945 contingeret,

201 4985 327 5040 quae
357 4971 626 5040 sanguine
655 4971 780 5040 agni
804 4970 1023 5025 fuerant
1048 4969 1217 5025 oblita
1249 4968 1450 5030 (Exod.
1480 4985 1577 5033 xu,
1601 4969 1722 5040 28).

276 5065 470 5137 (νει-ε.
506 5064 591 5134 8.)
620 5063 808 5134 Itaque
831 5068 963 5135 festa
988 5063 1318 5129 celebremus,
1355 5079 1456 5117 non
1482 5064 1539 5116 in
1567 5067 1820 5134 fermento

201 5159 386 5211 reteri.
412 5157 526 5214 Hoc
554 5167 638 5212 est
670 5157 912 5211 laetitiam
944 5156 1208 5212 habentes
1238 5157 1640 5224 rcnovationis,
1675 5155 1818 5212 facta

203 5261 398 5307 vetera
432 5252 744 5322 fugiamus,
785 5250 1188 5304 immunditiam
1237 5265 1456 5304 omnem
1500 5249 1820 5320 abjicieutes

203 5361 234 5399 a
267 5345 458 5409 nobis,
483 5360 604 5415 quae
633 5344 1197 5414 estcorruplio;quia
1220 5344 1361 5398 sicut
1384 5342 1716 5398 fermentum
1743 5354 1822 5398 to-

207 5444 321 5492 tam
352 5453 593 5492 massam
625 5437 930 5507 corrumpit
960 5479 974 5500 ,
1020 5435 1092 5490 ita
1121 5444 1176 5490 et
1202 5436 1343 5491 mala
1376 5437 1481 5490 vita
1518 5445 1687 5490 totum
1720 5436 1819 5489 ho-

206 5530 440 5585 minem.
493 5531 643 5602 Ergo
674 5541 729 5584 ut
759 5547 865 5585 non
895 5530 1069 5584 solum
1103 5545 1132 5583 a
1181 5529 1519 5599 turpitudine
1558 5529 1679 5582 vita:
1720 5542 1820 5582 nos

205 5622 593 5687 observemus,
625 5622 719 5678 sed
742 5632 794 5678 et
820 5622 888 5676 ab
911 5622 1215 5692 iniquitatis
1237 5620 1444 5686 studio,
1469 5619 1667 5690 adjecit
1694 5636 1707 5672 :

283 5773 310 5800 ι
342 5763 425 5818 Ita
450 5776 588 5817 mss.
612 5777 782 5829 prope
807 5763 871 5816 ad
907 5777 1109 5825 unum;
1141 5774 1331 5814 omnes
1356 5775 1486 5816 vero
1509 5760 1664 5827 edit.,
1692 5758 1812 5814 Non

207 5846 285 5894 est
315 5837 452 5905 bona
481 5833 730 5905 gloriatio
756 5844 938 5905 vestra,
964 5834 1061 5905 hoc
1083 5844 1181 5897 est,
1200 5831 1338 5905 mala
1364 5842 1459 5886 est.
1732 5889 1738 5895 ,

284 5906 313 5945 ι’
351 5895 734 5974 Μεδῖῐὶειιιίς.
768 5918 830 5959 ac
861 5895 1056 5972 Laud,
1090 5919 1153 5958 ne
1170 5895 1386 5956 amarus
1411 5907 1563 5970 esset,
1592 5906 1679 5959 eos
1723 5917 1828 5957 non

1923 4781 2056 4837 dicit
2088 4800 2099 4835 :
2147 4782 2244 4836 l'os
2270 4783 2408 4854 ipsos
2436 4792 2648 4847 tentate,
2674 4782 2718 4836 si
2743 4781 2862 4836 estis
2888 4780 2941 4834 in
2986 4779 3091 4848 [ide
3117 4795 3134 4834 :
3163 4779 3262 4849 ipsi
3293 4794 3378 4832 ros
3407 4792 3530 4846 pro-

1922 4874 2038 4929 bate
2068 4874 2131 4947 (ll
2161 4876 2280 4930 Cor.
2315 4892 2403 4941 xv,
2441 4876 2520 4947 5).
2553 4875 2655 4944 Qui
2680 4885 2864 4930 autem
2897 4873 3030 4928 foris
3061 4882 3211 4938 sunt,
3245 4871 3296 4925 in
3325 4869 3525 4937 dieju-

1921 4965 2047 5021 dicii
2081 4968 2519 5033 damnabantur;
2563 4967 2688 5038 quia
2730 4965 2868 5020 dixit
2914 4966 3227 5021 Dominus:
3278 4961 3378 5027 Qui
3423 4975 3526 5012 non

1921 5061 2221 5127 crediderit,
2245 5062 2362 5133 jam
2379 5062 2651 5134 judicatus
2693 5071 2766 5114 est
2812 5056 2991 5132 (Joan.
3038 5072 3121 5121 ιιι,
3165 5053 3282 5124 18).
3316 5052 3371 5106 In
3415 5066 3526 5122 quo

1924 5152 2072 5209 enim
2105 5169 2230 5225 spes
2263 5169 2370 5209 non
2390 5165 2496 5220 est,
2522 5167 2619 5223 pro
2641 5161 2858 5207 mortuo
2889 5147 3175 5204 habendus
3201 5152 3303 5200 est.

1998 5246 2214 5316 Auferte
2252 5249 2446 5301 malum
2475 5262 2538 5301 ea:
2571 5245 2713 5300 vobis
2755 5247 2906 5315 ipsis.
2953 5241 3146 5296 Adhuc
3187 5244 3528 5303 commonet,

1926 5347 1984 5395 ut
2013 5338 2397 5394 discernantur
2421 5353 2451 5393 a
2483 5337 2643 5393 malis
2668 5347 2724 5393 et
2745 5333 3004 5405 operibus
3031 5341 3088 5386 et
3115 5327 3453 5384 hominibus.

2542 5428 2772 5486 CAPUT
2812 5426 2901 5482 Vl.

1997 5527 2182 5599 (Vcrs.
2217 5528 2294 5598 1.)
2337 5525 2506 5582 Audet
2530 5523 2722 5596 aliquis
2761 5529 2985 5576 oestrum
3026 5516 3269 5572 adversus
3308 5514 3530 5568 alterum

1923 5619 2117 5675 habens
2159 5623 2442 5695 negotium,
2471 5616 2709 5690 judicari
2753 5613 2894 5681 apud
2931 5611 3158 5682 iniquos,
3192 5618 3237 5664 et
3261 5624 3360 5663 non
3389 5607 3532 5679 apud

1924 5762 2222 5889 α’ῗτυῖῖδοῗι).
2247 5831 2394 5898 cod.,
2416 5828 2567 5884 malis
2600 5843 2702 5881 nou
2733 5823 3151 5890 emendantibus,
3174 5823 3219 5879 si
3239 5821 3408 5886 citius,
3427 5819 3537 5874 etc;
