3978 6310
482 304 580 360 211

1407 285 1499 348 AD
1534 286 1766 347 OPERA
1804 283 2052 343 SANCTI
2097 283 2422 343 AMBROSI!
2468 282 2842 342 APPENDIX.

3667 289 3762 346 ΩΒ

473 419 720 475 sanctas?
746 416 962 488 Iniquus
992 412 1199 485 duplici
1223 421 1427 483 genere
1452 407 1744 478 signiﬁcat,
1763 413 1818 462 et
1841 404 1934 477 qui
1961 413 2067 460 non
2095 422 2145 482 Α
2174 419 2296 460 men
2332 413 2585 474 putarent
2613 403 2881 458 audienda
2904 412 2998 458 aut
3023 405 3397 471 terminanda;
3427 405 3491 460 ad
3523 405 3764 461 ruborem

473 515 722 578 credunt,
750 523 803 567 et
826 511 917 581 qui
954 511 1105 581 leges
1130 525 1156 562 a
1189 508 1302 563 Deo
1327 505 1531 561 mundo
1552 504 1789 560 creditas
1818 501 2074 573 frequen-

472 616 554 660 ter
583 621 704 660 cum
732 604 1047 658 adulatione
1077 603 1538 672 interpretantur,
1562 597 1945 652 auctoritatem
1981 592 2076 647 lia-

466 715 588 755 rum
622 698 782 752 idolis
813 697 1162 765 deputantes,
1190 694 1423 762 ideoque
1462 691 1633 761 iniqui
1674 699 1835 754 sunt;
1869 698 1925 742 et
1950 688 2074 758 quia

465 795 522 848 in
549 794 790 848 Ecclesia
816 792 988 862 inagis
1018 792 1102 846 lex
1129 800 1234 856 est,
1265 789 1353 843 ubi
1379 787 1644 841 Dominus
1668 785 1802 855 legis
1831 785 2072 850 timetur,

469 887 665 943 melius
703 885 838 939 dicit
881 883 1024 954 apud
1064 883 1157 938 Dei
1189 883 1467 937 ministros
1503 893 1664 949 agere
1700 892 1959 932 causam:
1993 875 2074 930 l‘a-

463 983 621 1036 cilius
655 982 802 1036 enim
850 979 919 1034 de
969 978 1068 1034 Dei
1102 978 1298 1034 timore
1345 976 1675 1032 sententiam
1728 971 1866 1043 legis
1891 985 2074 1026 veram

465 1081 748 1144 premunt.

541 1164 722 1237 (Vers.
747 1163 836 1234 ‘2.)
871 1165 972 1218 Aut
1000 1165 1256 1235 ignoratis
1285 1163 1527 1233 quoniam
1571 1158 1738 1212 sancti
1759 1159 1897 1212 [tunc
1921 1173 2074 1211 mun-

467 1260 592 1313 dum
618 1257 951 1330 judicabant.
1002 1255 1148 1312 Nihil
1187 1257 1365 1312 Otiose
1406 1254 1541 1309 dicit
1591 1251 1918 1320 Apostolus;
1953 1251 2076 1306 ideo

460 1353 607 1408 enim
645 1353 791 1408 hunc
839 1351 1104 1406 mundum
1125 1351 1286 1418 dixit,
1322 1360 1380 1404 ut
1421 1350 1677 1405 Ostendat
1705 1346 1766 1404 ἐι
1801 1347 2073 1412 alterunt;

459 1448 585 1518 quia
605 1455 659 1501 et
683 1447 922 1500 Joannes
944 1446 1225 1515 apostolus
1253 1444 1296 1515 (1
1324 1443 1484 1497 Joan.
1523 1461 1560 1511 1,
1594 1443 1715 1517 15):
1746 1443 1949 1509 Nolite,
1975 1441 2074 1507 ait,

465 1540 684 1612 diligere
702 1539 1120 1593 huncmnndum.
1150 1539 1214 1592 Et
1236 1538 1496 1591 Dominus
1521 1539 1572 1593 in
1601 1539 1931 1607 Evangelia:
1958 1537 2072 1603 Sic,

466 1634 663 1704 inquit,
695 1633 876 1686 dilexit
902 1631 1044 1685 Deus
1064 1632 1338 1698 mundum,
1360 1641 1489 1697 elc.,
1520 1629 1701 1702 (Joan.
1733 1647 1813 1696 ιιι,
1846 1630 1956 1702 16).
1979 1629 2078 1685 Hic

470 1743 600 1798 ergo
627 1725 859 1780 mundus
891 1726 944 1779 in
972 1740 1160 1779 errore
1190 1733 1292 1785 est.
1325 1739 1434 1778 non
1465 1725 1554 1779 ille
1584 1726 1854 1794 superior,
1888 1723 1954 1778 ad
1980 1739 2075 1777 cu-

2178 513 2370 556 eorum
2389 500 2464 554 ait
2501 499 2962 572 :Coutcmptibiles
3009 502 3099 571 qui
3126 503 3323 556 suntin
3359 501 3610 565 Ecclesia,
3655 503 3765 557 illos

2176 597 2246 650 ad
2265 597 2613 672 indicandum
2650 597 2964 650 constituite.
3013 596 3152 652 Sunt
3178 595 3324 652 enim
3356 597 3409 650 in
3441 596 3678 652 Ecclesia
3715 607 3767 652 et

2176 693 2353 763 lignea
2378 708 2540 758 vasa;
2572 702 2680 746 tam
2704 695 2848 747 enim
2879 692 3251 747 intractaltiles
3270 703 3324 748 et
3348 692 3768 747 ineovsideratos

2177 801 2278 839 eos
2312 783 2660 855 signiﬁcavit,
2713 794 2768 838 ut
2811 784 3093 853 imperitos
3122 784 3261 837 forte
3311 799 3378 838 ex
3409 781 3665 837 fratribus
3687 781 3767 851 ju-

2177 880 2328 934 dices
2358 880 2640 950 eligerent.
2692 878 2808 934 lloc
2845 878 2914 932 de
2942 887 3176 947 experto
3204 878 3533 948 Apostolus;
3577 877 3772 931 sciebat

2178 977 2322 1032 enim
2355 991 2515 1044 quam
2540 974 2784 1047 tepidict
2810 972 3098 1045 improvidi
3128 972 3184 1029 in
3214 971 3442 1043 reliquis
3475 972 3652 1026 causis
3667 970 3773 1026 lue-

2178 1081 2301 1126 rant
2326 1069 2677 1140 deprehensi.

2254 1165 2344 1220 Sic
2364 1172 2560 1218 nonest
2589 1163 2722 1216 inter
2735 1177 2818 1216 vos
2843 1162 3114 1230 quisquam
3143 1159 3381 1227 sapiens,
3401 1158 3488 1227 qui
3516 1157 3679 1229 possit
3693 1157 3776 1228 jac

2179 1260 2354 1314 dicare
2383 1261 2517 1312 inter
2540 1261 2754 1328 fratrem
2781 1256 2970 1310 suum?
2994 1255 3130 1324 Quia
3148 1269 3284 1323 ergo
3308 1266 3458 1321 sunt,
3483 1253 3683 1323 inquit,
3709 1265 3778 1306 sa-

2179 1353 2392 1423 pientes
2435 1349 2656 1416 t‘ratres,
2697 1348 2864 1419 aliqui
2915 1347 3110 1401 hortnu
3151 1347 3428 1417 eligantur
3452 1345 3520 1399 ad
3549 1344 3777 1414 judican-

2177 1445 2306 1500 dum
2350 1457 2580 1514 quorum
2626 1440 2948 1511 judiciumh
2992 1441 3223 1495 miretur
3261 1439 3520 1493 mundus.
3568 1437 3777 1507 Magnus

2179 1539 2325 1593 enim
2357 1539 2534 1608 pudor
2561 1543 2665 1601 est,
2707 1537 2751 1590 si
2789 1535 2934 1590 inter
2957 1548 3056 1590 eos
3081 1535 3172 1605 qui
3201 1534 3459 1587 dicuntur
3500 1532 3667 1586 Deum
3694 1546 3778 1584 oo-

2178 1631 2456 1702 guovisse,
2493 1644 2602 1683 non
2632 1630 2968 1692 inveniatur,
3001 1628 3092 1697 qui
3119 1626 3437 1680 examinare
3480 1624 3657 1694 possit
3697 1639 3782 1677 ne-

2175 1725 2388 1794 gotium
2426 1723 2580 1791 juxta
2615 1723 2702 1791 jus
2739 1722 3139 1790 evangelicum.
3194 1718 3324 1773 Ideo
3347 1727 3526 1773 autem
3567 1717 3780 1771 fratrem

463 1823 554 1892 jus
583 1821 1000 1876 similitudinem
1033 1819 1121 1873 hic
1154 1820 1325 1874 lucius
1362 1828 1465 1873 est.
1497 1817 1652 1874 Unde
1681 1822 1846 1874 homo
1872 1819 1955 1873 hic
1974 1833 2071 1889 po-
2105 1817 2152 1877 B
2176 1817 2415 1888 judicem
2440 1815 2751 1888 eligendum
2785 1815 2940 1878 dicit,
2970 1815 3092 1885 quia
3125 1815 3300 1869 adhuc
3324 1824 3507 1868 rector
3534 1812 3780 1867 Ecclesia

465 1917 602 1972 situs
625 1925 728 1984 est,
765 1916 829 1969 ad
863 1916 1155 1986 imaginem
1193 1917 1282 1968 Dei
1319 1913 1529 1981 lactus,
1556 1926 1610 1968 ut
1641 1915 1780 1969 sicut
1821 1915 1874 1968 in
1907 1930 2068 1982 supe.

467 2011 615 2064 riore
639 2009 843 2064 tl‘lllntlo
863 2009 929 2063 ab
960 2024 1066 2062 uno
1089 2007 1202 2063 Deo
1224 2018 1351 2061 sunt
1380 2008 1583 2074 omnia,
1615 2007 1690 2062 ita
1717 2017 1772 2063 et
1801 2007 1854 2061 iu
1878 2007 1980 2061 hoc
2003 2005 2071 2060 ab

467 2121 579 2160 uno
607 2105 827 2159 homine
853 2117 1045 2158 omnes
1069 2103 1334 2158 haberent
1357 2103 1643 2172 originem.
1674 2102 1810 2157 Hinc
1827 2112 1908 2157 est
1931 2102 2074 2157 unde

462 2200 677 2272 Moyses
705 2201 757 2253 iu
792 2199 1218 2252 Deuteronomio
1242 2214 1255 2251 :
1283 2196 1411 2251 Cum
1445 2197 1715 2264 divideret,
1751 2198 1940 2265 inquit,
1977 2197 2070 2249 Αι-

463 2293 695 2348 tissimus
733 2300 953 2364 gentem,
994 2291 1424 2360 quemadmodum
1470 2290 1711 2358 disponit
1737 2291 1876 2360 ﬁlios
1901 2290 2029 2344 Adio
2054 2304 2073 2342 :

462 2385 641 2438 statuit
684 2385 814 2453 ﬁnes
842 2384 1072 2455 gentium
1113 2381 1394 2435 secundant
1447 2397 1712 2435 nutrierunt
1763 2384 2071 2453 angelorum

463 2475 580 2530 Dei.
643 2473 831 2545 (Deut.
867 2489 1045 2538 xxxii,
1107 2475 1217 2541 18).
1251 2474 1393 2542 Quid
1449 2482 1560 2529 tam
1612 2485 1889 2542 apertum,
1926 2472 2071 2527 hunc

462 2568 724 2623 mundum
768 2568 1074 2637 superioris
1102 2581 1228 2620 esse
1271 2567 1560 2636 imaginem
1594 2580 1742 2621 certa
1775 2582 1842 2620 es
1874 2580 2069 2631 causa;

463 2669 549 2716 est
590 2660 734 2714 enim
784 2669 840 2714 et
895 2659 1234 2714 Hierusalem
1279 2658 1534 2723 inferior;
1567 2670 1618 2713 et
1651 2659 1744 2714 illa
1794 2659 2070 2729 superior,

461 2770 626 2824 quam
663 2765 892 2808 matrem
934 2764 1176 2808 nostram
1215 2761 1375 2807 Vocat.
1416 2753 1560 2807 idem
1591 2752 1890 2823 Apostolus
1942 2750 2072 2819 (Ga-

459 2849 554 2902 lat.
587 2863 668 2911 tv,
707 2846 841 2919 26):
885 2858 970 2902 est
1003 2846 1229 2902 inferior
1274 2847 1589 2918 paradisus,
1648 2848 1701 2902 in
1743 2863 1853 2917 quo
1908 2847 2071 2902 homo

459 2944 694 3010 positus,
731 2942 1046 2993 inlaudatum
1077 2950 1133 2994 et
1165 2946 1223 2994 ut
1251 2951 1572 3011 operaretur
1595 2940 1689 3006 ibi,
1723 2949 1778 2995 et
1801 2948 1860 2994 ut
1887 2952 2070 2995 custo-

463 3035 638 3101 diret,
697 3036 904 3104 accepit
955 3033 1124 3106 (Gen.
1161 3049 1232 3101 ιι,
1281 3033 1378 3104 8).
1424 3034 1520 3088 Est
1565 3045 1617 3088 et
1670 3033 1760 3088 ille
1800 3034 2064 3100 omlcstis,

467 3132 521 3184 in
580 3142 690 3199 quo
754 3140 938 3198 raptus
995 3129 1327 3197 Apostolus,
1392 3128 1604 3183 audivit
1652 3129 1815 3184 verba
1866 3144 2066 3183 arcana

2175 1909 2389 1964 illorum
2420 1924 2525 1962 non
2549 1917 2668 1963 erat
2692 1907 2996 1963 ordinatus.

2253 2003 2439 2073 (νεεδ.
2487 2002 2572 2069 ϐ.)
2617 2003 2725 2058 Sed
2754 2003 2914 2072 frater
2942 2018 3064 2056 cum
3085 2005 3243 2074 fratre
3264 2000 3472 2071 judicio
3503 2000 3776 2064 contudit,

2176 2099 2346 2153 ethoc
2382 2097 2524 2167 apud
2561 2097 2818 2166 inﬁdeles.
2851 2094 3192 2150 Martiis-stum
3225 2102 3309 2150 est
3359 2095 3490 2164 quia
3542 2092 3782 2149 inﬁdeles

2178 2202 2273 2248 aut
2309 2194 2580 2256 arbitros,
2629 2198 2687 2245 ut
2735 2190 2943 2244 assolet
2985 2188 3124 2250 fieri,
3165 2187 3468 2258 postulatos
3497 2187 3780 2257 signiticet,

2179 2299 2273 2343 aut
2317 2288 2562 2360 judicent
2610 2285 2914 2356 publicum,
2964 2283 3050 2336 cui
3083 2283 3186 2334 dici
3230 2281 3412 2335 solet:
3461 2281 3638 2336 llodic
3671 2278 3779 2334 dies

2168 2397 2455 2437 sacrorum
2483 2388 2587 2447 est,
2615 2380 2706 2450 jus
2733 2378 2838 2432 dici
2860 2392 2963 2431 non
2989 2384 3189 2446 potest.

2253 2477 2412 2549 130
2442 2475 2626 2547 (Vers.
2651 2474 2734 2545 7.)
2765 2471 2886 2526 1am
2935 2472 3143 2541 quidem
3194 2472 3405 2525 omnino
3445 2471 3688 2525 delictum
3727 2470 3777 2524 its

2175 2571 2316 2625 vobis
2359 2581 2456 2634 est,
2487 2569 2624 2636 quod
2663 2567 2872 2637 judicia
2919 2565 3118 2619 habetis
3147 2564 3282 2617 inter
3326 2579 3437 2618 vos.
3488 2563 3774 2617 Peccatum

2174 2681 2298 2720 esse
2329 2664 2621 2735 signiﬁcat,
2662 2661 2788 2732 quia
2835 2660 3002 2715 frater
3049 2675 3171 2713 cum
3220 2660 3387 2713 fratre
3418 2658 3614 2728 litigat,
3663 2672 3775 2712 cum

2175 2759 2349 2814 danda
2381 2773 2545 2827 Opera
2572 2757 2662 2822 sit,
2693 2764 2752 2809 ut
2782 2753 3088 2810 concordes
3132 2754 3262 2817 sint,
3303 2754 3456 2821 quasi
3499 2752 3772 2824 germani;

2175 2857 2410 2909 maxime
2437 2868 2558 2906 cum
2604 2851 2739 2904 fides
2784 2859 2972 2903 nostra
3014 2848 3134 2919 paci
3173 2848 3410 2902 studeat.
3441 2849 3770 2916 Quamquam

2173 2949 2317 3003 enim
2346 2945 2680 3000 christianus
2707 2943 2920 3013 litigare
2950 2958 3055 2996 nou
3083 2942 3303 3000 debeat,
3328 2955 3505 2995 tamen
3539 2941 3587 2993 si
3613 2954 3770 3008 grave

2171 3039 2303 3111 quid
2333 3038 2514 3094 luerit.
2541 3048 2593 3092 et
2625 3036 2766 3108 quod
2798 3035 3084 3091 contemni
3116 3052 3222 3088 non
3247 3034 3440 3102 possit,
3467 3050 3690 3087 causam
3713 3032 3772 3086 ad

2173 3133 2476 3188 Ecclesium
2528 3130 2772 3195 delerat;
2828 3145 2894 3183 ne
2933 3139 2988 3183 et
3029 3129 3287 3183 damnum
3320 3127 3388 3182 ad
3434 3142 3698 3198 praesens,
3726 3135 3773 3180 et

464 3222 529 3294 (11
574 3221 692 3276 Cor.
743 3238 840 3287 xu,
870 3222 952 3290 ρ).
987 3221 1316 3276 iudicabunt
1352 3238 1482 3290 ergo
1515 3226 1688 3276 sancti
1724 3225 1868 3277 hunc
1911 3237 2068 3277 mun-
2093 3208 2138 3270 C
2173 3230 2532 3286 offensionem
2567 3229 2716 3282 forte.
2739 3228 3004 3281 itu-nrrat.

466 3316 594 3370 dum
631 3332 644 3369 :
676 3315 801 3385 quia
855 3315 1110 3385 exetuplo
1160 3314 1284 3370 ﬁdei
1343 3317 1562 3370 illorum
1610 3316 1833 3386 perlldia
1880 3317 2066 3371 mundi

467 3409 838 3464 damnabitur.

540 3501 604 3554 Et
634 3501 676 3553 si
702 3501 756 3553 in
779 3500 926 3554 nobis
942 3499 1262 3568 iudicabitur
1291 3501 1534 3554 limpidus.
1565 3500 1718 3556 Tunc
1742 3500 2070 3569 judicabitur

469 3595 555 3652 hic
590 3595 824 3650 tntmdtts
859 3600 912 3647 in
943 3597 1119 3656 nobis,
1152 3595 1199 3649 si
1224 3611 1364 3664 opus
1401 3594 1732 3664 perﬁdorum
1786 3596 2066 3650 hominum

464 3706 570 3743 non
605 3689 912 3744 inveniatur
936 3689 989 3743 iu
1012 3690 1191 3746 nobis.
1217 3687 1431 3760 Indigni
1451 3706 1574 3763 ergo
1594 3700 1712 3745 sunt
1739 3691 2064 3763 hujustuodi,

459 3784 548 3852 qui
579 3784 732 3838 etiam
772 3785 836 3836 de
877 3785 1101 3838 minimis
1145 3784 1430 3856 judicent?
1478 3783 1591 3838 Hoc
1613 3793 1717 3848 est,
1777 3800 1890 3839 non
1941 3794 2070 3840 sunt

461 3877 649 3946 utique
677 3878 884 3947 indigni
914 3879 973 3942 ii,
1002 3878 1091 3947 qui
1116 3877 1292 3948 ipsum
1317 3878 1574 3934 mundum
1590 3878 1890 3950 judicaturi
1915 3892 2064 3950 sunt,

464 3983 526 4023 ea
557 3969 806 4038 judicare
835 3985 958 4039 qua:
988 3970 1177 4026 mundi
1208 3981 1356 4026 sunt.

537 4060 720 4132 (νει-ε..
751 4062 831 4133 5.)
879 4061 1106 4118 Nescitis
1136 4065 1383 4134 quoniam
1425 4066 1638 4135 angelos
1669 4065 2069 4135 judicabitnus.’

461 4153 688 4209 Addidit
719 4156 877 4224 plus,
907 4156 1142 4214 dicendo
1174 4175 1190 4214 :
1219 4161 1432 4231 angelos
1457 4159 1838 4234 judicabinms,
1874 4162 1925 4216 id
1962 4171 2072 4230 est,

460 4249 735 4317 potentias
774 4249 1068 4319 spiritales,
1101 4268 1238 4324 quas
1266 4254 1373 4307 alio
1403 4254 1524 4308 loco
1556 4255 1720 4309 tradit
1745 4253 1800 4309 in
1832 4257 2071 4312 t‘tBlCSti-

460 4341 564 4397 bus
593 4341 816 4414 degere,
848 4345 1046 4400 eodem
1070 4347 1619 4417 generejutlicandos
1659 4351 1884 4421 angelos
1911 4367 1938 4404 ει
1972 4366 2068 4406 ηο-

460 4433 571 4501 his,
598 4451 708 4506 quo
733 4448 789 4492 et
818 4441 1052 4493 mundus
1075 4439 1430 4510 judicabitur.

535 4527 720 4601 (νοτε.
762 4531 817 4597 4,
843 4531 927 4604 5.)
962 4532 1253 4588 Βωοαιιινὶα
1279 4535 1440 4608 igitur
1454 4535 1662 4608 judicia
1695 4537 1738 4591 si
1757 4536 2065 4605 habueritis,

2244 3323 2424 3396 (Yers.
2451 3321 2532 3395 8.)
2584 3323 2757 3389 Quare
2799 3337 2897 3372 non
2947 3319 3113 3391 magis
3147 3328 3167 3355 ε
3217 3317 3468 3389 injuriam
3501 3313 3774 3382 accipitis?

2106 3409 2115 3415 ’
2170 3432 2334 3488 quare
2376 3432 2479 3468 non
2528 3414 2690 3486 magis
2723 3413 3000 3482 fraudem?
3032 3411 3138 3465 Sed
3169 3427 3256 3464 vos
3302 3410 3556 3478 iniuriam
3587 3408 3772 3478 facitis,

2172 3521 2218 3562 et
2270 3510 2569 3582 fraudatis:
2619 3518 2666 3561 et
2724 3506 2820 3560 hoc
2859 3507 3128 3577 fratribus.
3179 3505 3330 3558 Nunc
3378 3503 3479 3557 hos
3531 3503 3772 3571 t-tn'ripit,

2171 3618 2408 3670 quorum
2432 3601 2694 3670 iniustitia
2731 3599 2968 3668 jurgittm
3002 3606 3328 3666 generatur;
3368 3597 3489 3666 quia
3526 3613 3638 3650 non
3687 3610 3772 3648 so-

2170 3695 2281 3750 lum
2317 3710 2412 3764 per
2443 3693 2681 3747 fraudem
2725 3692 3018 3746 admissam
3048 3691 3130 3746 rei
3164 3702 3311 3750 sunt,
3346 3689 3443 3744 sed
3487 3700 3545 3742 et
3572 3699 3772 3758 [mrtem

2172 3791 2372 3846 habent
2395 3789 2573 3843 delicti
2603 3788 2841 3854 illorum,
2867 3788 2959 3858 qui
3004 3786 3176 3841 coacti
3218 3784 3418 3854 injuria
3454 3796 3546 3837 aut
3592 3781 3772 3838 fraude

2169 3899 2382 3946 eorum,
2437 3882 2682 3937 inﬁdeles
2730 3891 2923 3952 rogant
2989 3879 3054 3932 ad
3099 3879 3493 3948 jndicandum:
3546 3887 3604 3932 et.
3657 3891 3774 3931 cum

2170 3977 2415 4033 fraudem
2452 3988 2544 4032 aut
2570 3977 2797 4045 injurias
2828 3975 3006 4031 illatas
3046 3973 3300 4046 persequi
3346 3989 3454 4029 non
3489 3973 3769 4037 deberent,

2172 4089 2280 4128 non
2330 4075 2506 4127 solum
2558 4071 2864 4136 vindicant,
2896 4069 2991 4125 sed
3021 4078 3078 4125 et
3121 4070 3222 4138 ipsi
3272 4067 3512 4122 fraudem
3545 4077 3600 4122 et
3638 4067 3772 4134 inju-

2171 4169 2281 4224 rias
2330 4168 2563 4234 faciunt;
2631 4176 2689 4220 ut
2739 4165 3010 4236 punienda
3072 4163 3320 4234 exempla
3376 4161 3634 4218 fratribus
3684 4159 3774 4214 tri-

2171 4263 2354 4318 buaut.
2388 4262 2455 4316 Et
2483 4261 2611 4333 quid
2649 4261 2768 4314 aliis
2813 4259 2994 4315 facere
3035 4258 3309 4324 credatur,
3334 4257 3425 4328 qui
3473 4270 3581 4312 non
3605 4254 3770 4326 parcit

2167 4354 2324 4409 suis?

2243 4446 2423 4519 (Vcrs.
2453 4445 2646 4517 9,10.)
2691 4446 2766 4499 An
2804 4444 3031 4508 nescitis,
3065 4444 3187 4514 quia
3225 4443 3390 4510 iniqui
3428 4459 3638 4514 regnum
3678 4438 3770 4493 Dei

2171 4559 2271 4595 non
2295 4539 2668 4612 possidebunt?
2699 4539 2809 4594 l‘loc
2840 4539 2988 4593 dicto
3015 4536 3255 4591 ostendit
3282 4537 3403 4590 illos
3425 4552 3530 4588 non
3564 4533 3772 4588 nescios

457 4626 868 4697 contemptibiles
903 4629 993 4698 qui
1026 4639 1146 4684 sunt
1187 4632 1241 4684 in
1283 4628 1543 4698 Ecclesia,
1572 4632 1695 4686 illos
1722 4633 1792 4686 ad
1813 4633 2068 4707 judican-
2094 4612 2143 4672 Ῑ)
2173 4649 2423 4705 peccare,
2453 4649 2516 4687 ac
2549 4649 2644 4704 per
2671 4633 2770 4687 hoc
2797 4633 3017 4703 gravius
3046 4629 3450 4688 vindicandum.
3482 4625 3508 4664 ἀ
3542 4628 3598 4684 Si
3627 4629 3768 4682 enim

461 4721 586 4774 dum
616 4724 933 4778 constituite.
979 4724 1275 4779 Stecularia
1323 4726 1527 4796 judicia
1567 4735 1715 4790 sunt,
1745 4727 1814 4782 ad
1864 4743 2066 4797 corpus

459 4813 794 4882 pertinentia
827 4817 909 4870 vel
939 4817 1313 4887 corporeasEt
1339 4819 1464 4888 quia
1497 4833 1602 4873 non
1637 4821 1718 4875 sic
1743 4820 1857 4874 fieri
1882 4807 2071 4887 debet,

457 4905 660 4977 a‘djecit
692 4925 706 4960 :
740 4918 766 4946 η
799 4908 881 4962 Ad
910 4911 1250 4964 reverentiam
1284 4922 1503 4967 vestram
1541 4913 1679 4967 dico.
1719 4913 1796 4968 Ne
1826 4916 1950 4983 quia
1976 4928 2069 4967 su-

456 5011 556 5067 pra
593 5001 874 5069 negotium
906 5002 1232 5070 nominavit,
1265 5004 1360 5059 sed
1383 5004 1546 5075 quale
1572 5021 1680 5059 non
1704 5005 2027 5075 significavit
2051 5023 2067 5072 ;

457 5102 582 5145 sunt
615 5093 760 5147 enim
792 5104 846 5150 et
872 5095 1064 5150 divina
1095 5098 1331 5167 negotia,
1371 5100 1590 5153 dicente
1627 5100 1822 5155 eodem
1850 5117 1864 5154 :
1901 5102 2069 5174 Adju-

456 5197 538 5241 tor
562 5188 754 5261 negotii
777 5189 879 5243 mei
900 5187 1078 5261 (liam.
1113 5202 1222 5256 xvi,
1252 5191 1331 5260 2).
1360 5192 1425 5246 Et
1452 5193 1737 5248 saecularia
1761 5195 1898 5249 forte
1923 5196 2068 5265 judi-

460 5285 563 5349 cia,
594 5286 717 5353 quia
750 5285 1107 5355 prohibuerat
1129 5285 1270 5354 apud
1301 5287 1543 5358 perﬁdos
1568 5289 2065 5360 agenda,qnamvls

461 5374 514 5426 iu
557 5375 821 5442 Ecclesia,
864 5380 1009 5432 sicut
1057 5377 1364 5445 audierant,
1395 5397 1426 5434 a
1458 5380 1946 5452 qualibuscumque
1985 5393 2065 5438 ta-

533 5518 557 5544 ἰ
602 5508 741 5564 Etlit.
775 5519 826 5566 el
856 5528 987 5586 mss.
1022 5515 1287 5580 nonnulli,
1307 5515 1376 5571 ad
1392 5517 1782 5586 verecundiam;
1812 5518 1903 5573 alii
1929 5536 2057 5576 mss.

458 5580 645 5663 plures
671 5597 732 5633 ae
772 5585 1038 5663 potiores,
1071 5587 1138 5663 ad
1158 5589 1598 5663 reverent‘iamrnt
1623 5605 1733 5659 seq.
1764 5580 1930 5644 versu
1967 5609 2063 5662 pro

456 5650 628 5733 diuino
666 5656 1074 5733 negotia,__so|_us
1096 5659 1260 5712 Corh.
1312 5661 1462 5733 legit,
1497 5661 1669 5715 divina
1690 5650 1916 5733 judicia.

529 5722 555 5760 δ
585 5723 662 5797 Ita
697 5739 824 5777 mss.
855 5725 1043 5791 aliqui,
1076 5738 1129 5780 et
1154 5744 1260 5784 vet.
1288 5722 1630 5797 ριΙιι.;Ἰὶυιιι.
1665 5722 1817 5797 vvere,
1839 5734 2067 5788 imitetur

451 5795 706 5878 mundus;
762 5806 814 5878 at
839 5798 1020 5878 plures
1043 5811 1197 5878 mss,,
1224 5795 1446 5878 meretur
1471 5804 1726 5872 mundus;
1764 5795 1952 5869 Cum,
1975 5808 2069 5875 ju-

447 5866 578 5921 dicio
619 5867 995 5924 exantinabitur
1012 5870 1256 5940 mundus,
1279 5875 1420 5938 Infra
1438 5885 1637 5944 autem,
1664 5866 1752 5935 ubi
1788 5886 1894 5938 vel.
1933 5866 2062 5937 edit.

2169 4728 2632 4784 immisericordes
2662 4729 2741 4783 rei
2779 4735 2909 4781 sunt
2946 4725 3089 4796 apud
3117 4726 3311 4790 Deum,
3353 4736 3559 4796 quanto
3602 4721 3771 4792 magis

2169 4821 2373 4892 iniqui?
2423 4821 2600 4875 Nolite
2645 4837 2850 4886 errare;
2887 4836 3008 4874 nam
3060 4835 3222 4890 neque
3263 4819 3562 4886 fornicarii,
3610 4831 3770 4886 neque

2169 4915 2325 4968 idolis
2369 4914 2664 4978 servientes,
2704 4929 2866 4982 neque
2899 4912 3145 4978 adulteri,
3189 4928 3355 4980 neque
3387 4912 3586 4974 attolles,
3613 4923 3769 4977 neque

2169 5011 2524 5065 masculorum
2560 5009 2936 5071 concubitores,
2986 5023 3150 5078 neque
3188 5007 3354 5076 fures,
3402 5022 3563 5073 neque
3599 5003 3763 5068 altari,

2173 5119 2333 5173 neque
2381 5102 2588 5168 ebriosi,
2623 5117 2785 5171 neque
2822 5100 3080 5167 maledici,
3117 5117 3276 5170 neque
3297 5116 3509 5168 rapaces
3556 5113 3768 5170 regnum

2175 5195 2274 5253 Dei
2300 5198 2657 5270 possidebunt.
2709 5197 2822 5251 Non
2857 5196 2977 5250 hac
3026 5196 3230 5250 idcirco
3266 5195 3582 5250 memoravit
3613 5189 3765 5261 quasi

2172 5294 2472 5354 nescirent,
2521 5291 2664 5358 apud
2709 5305 2845 5360 quos
2873 5304 3072 5344 annum
3117 5297 3172 5342 et
3209 5305 3309 5343 sex
3349 5301 3568 5342 menses
3603 5285 3764 5346 sedit,

2172 5384 2375 5440 docens
2409 5383 2765 5454 Evangelium
2790 5383 2884 5437 Dei
2920 5401 2933 5435 :
2963 5382 3056 5437 sed
3088 5381 3451 5446 commonuit,
3478 5390 3533 5434 ut
3563 5389 3766 5433 restau-

2125 5574 2128 5578 .
2169 5538 2232 5577 ac
2275 5538 2401 5577 mss.
2437 5538 2541 5576 non
2579 5523 2753 5591 pauci,
2807 5524 2954 5583 iuxta
2995 5524 3085 5591 jus
3114 5523 3485 5593 etmngelicum,
3539 5516 3762 5573 habetur

2170 5595 2223 5648 in
2264 5595 2383 5668 al_iis
2412 5593 2558 5656 cod.,
2585 5597 2739 5668 juxta
2759 5598 2872 5667 ejus
2899 5595 3235 5665 evangelium.

2245 5678 2266 5705 ο
2296 5665 2455 5720 Rom.
2487 5659 2618 5720 edil.
2668 5678 2723 5719 et
2753 5659 2970 5735 q'uidam
2998 5659 3154 5730 nias,
3202 5665 3450 5730 iniuriam
3493 5659 3764 5733 patimini?

2172 5753 2335 5807 quare
2359 5754 2459 5790 non
2489 5738 2649 5807 magis
2672 5737 3011 5807 fraudumini.

2244 5806 2270 5844 ἀ
2303 5808 2443 5861 Edit.
2477 5806 2724 5885 quidam
2753 5807 2946 5875 Paris,
2973 5807 3036 5864 Si
3064 5807 3197 5862 enim
3226 5807 3593 5863 misericordes.
