3978 6310
229 299 340 356 215

1034 282 1530 354 cauus-ﬂama
1574 287 1642 350 tu
1680 293 1900 351 BPIST.
1943 294 2035 351 AD
2074 293 2396 353 comma.
2445 295 2728 356 PMMAM.

3441 303 3549 359 2N

228 425 382 472 raret
405 416 460 472 in
496 418 608 473 illis
648 416 1009 474 reverentiam
1044 413 1222 483 chls,
1256 422 1306 465 et
1357 411 1611 466 molitum
1639 409 1708 464 ad
1749 425 1839 466 τε·
1870 413 1922 472 Α
1948 411 2073 479 quid
2101 419 2325 467 acturus
2357 423 2505 469 esset
2535 424 2742 484 postea.
2775 416 3023 486 Denique
3063 419 3245 473 statim
3286 419 3352 474 ad
3379 431 3550 490 supe-

227 523 332 579 gna
363 511 640 565 calorum
668 511 866 579 (Actor.
912 523 1059 573 mu,
1092 504 1205 576 lt).

303 602 493 674 (Vers.
534 606 651 676 11.)
677 605 739 659 Et
763 604 858 658 hoc
886 604 1088 674 quidem
1116 601 1308 669 fuistis.
1343 598 1421 654 Ne
1451 598 1704 654 clunibus
1737 599 1841 653 hoc

225 698 517 753 ascribere
565 699 866 763 videretur,
899 708 989 751 aut
1015 703 1163 750 certe
1192 709 1386 749 omnes
1415 693 1483 746 ab
1525 693 1610 749 his
1653 692 1840 748 crimi-

227 790 396 845 nibus
433 793 707 847 immunes
737 791 959 856 faceret,
990 789 1034 842 si
1062 798 1258 843 taceret
1293 788 1664 859 (prohibuisse
1691 787 1836 842 enim

225 882 544 951 Videbatur,
571 899 678 938 non
702 883 974 938 revelasse
995 882 1222 937 crimina
1253 881 1495 950 illorum)
1529 879 1733 936 idcirco
1761 881 1839 936 sic

227 978 304 1033 ait
333 998 350 1034 :
397 978 468 1032 Et
501 979 600 1033 hoc
627 980 830 1049 quidem
874 979 1068 1048 fuistis.
1105 977 1168 1031 Et
1200 991 1266 1030 nc
1298 976 1363 1029 ad
1397 976 1534 1029 iram
1559 975 1683 1029 illos
1715 987 1838 1045 pro-

225 1081 470 1140 vocaret,
526 1073 767 1143 adjecit:
822 1073 929 1127 Sed
970 1072 1130 1125 abluti
1179 1070 1332 1134 estis;
1379 1076 1437 1122 ιιι
1477 1075 1842 1138 agnoscentes

227 1168 459 1224 crimina
494 1169 576 1223 rei
608 1167 759 1232 faeti,
790 1168 974 1221 statim
1007 1168 1340 1236 respirarent
1371 1163 1661 1218 audientes
1690 1180 1702 1217 :
1735 1163 1841 1219 Sed

227 1260 395 1315 abluti
417 1269 560 1314 estis.
595 1261 788 1314 Solent
810 1260 951 1312 cnim
988 1257 1154 1325 aliqui
1185 1259 1448 1327 pudorem
1481 1257 1611 1326 pati,
1639 1267 1691 1310 et
1719 1267 1840 1310 cor-

227 1353 434 1425 rigere,
455 1371 579 1409 cum
609 1355 677 1410 de
703 1369 762 1408 se
790 1354 1017 1408 audiunt
1051 1354 1212 1406 bona.

301 1447 415 1502 Sed
443 1449 758 1519 sanctiﬁcati
784 1448 925 1514 estis,
959 1446 1050 1500 sed
1087 1445 1373 1517 justiﬁcati
1405 1446 1527 1498 estis
1553 1445 1605 1497 in
1635 1443 1842 1499 nomine

226 1541 444 1597 Domini
474 1545 642 1596 nostri
665 1541 789 1597 Iesu
825 1540 1039 1608 Christi,
1071 1551 1118 1595 et
1143 1539 1349 1610 Spiritu
1376 1539 1472 1592 Dei
1501 1540 1682 1592 nostri.
1715 1537 1842 1592 llaec

223 1637 408 1690 omnia
460 1635 722 1691 beneﬁcia
772 1633 1023 1704 puritatis
1075 1633 1128 1687 in
1176 1633 1500 1703 baptismate
1558 1630 1839 1686 consecuti

224 1742 552 1799 noscuntur,
582 1732 726 1802 quod
757 1741 838 1786 est
883 1730 1291 1786 fundamentum
1321 1728 1650 1799 evangelica:
1695 1727 1838 1781 veri-

1940 503 2140 558 riorem
2168 521 2412 566 sensum.
2442 506 2678 562 breviter
2702 508 2922 563 interim
2950 524 3008 563 re
3025 513 3431 572 commendata.
3461 527 3550 568 re-

1941 597 2049 662 dit;
2087 600 2186 652 hoc
2204 601 2350 655 enim
2383 601 2512 655 ideo
2535 602 2691 665 dixit,
2724 605 2847 674 quia
2879 606 3070 661 licebat
3103 607 3179 661 illi
3202 607 3270 661 ah
3299 608 3383 662 bis
3403 623 3552 662 surn-

1942 703 2068 764 ptus
2097 697 2370 764 accipere.
2406 696 2518 750 Sed
2557 701 2815 766 quonimu
2845 702 3051 756 sciebat
3067 702 3554 770 psemloapo'stolos

1941 786 2288 842 occasionem
2305 802 2554 857 quat-ere
2573 791 2896 860 accipiendi,
2912 793 3085 848 noluit
3098 794 3166 848 ab
3179 795 3262 849 his
3281 794 3551 865 accipere.

1942 893 2013 935 ne
2042 893 2205 935 causa
2243 882 2452 936 ventris
2513 885 2663 952 vigor
2707 886 3036 954 evangelica:
3079 885 3324 940 veritatis
3369 897 3555 956 torpe—

1941 981 2144 1028 sceret.
2173 973 2228 1029 Si
2257 974 2403 1028 enim
2433 974 2502 1028 ab
2528 975 2592 1029 iis
2625 978 2929 1046 acciperet,
2959 993 3097 1047 quos
3127 979 3177 1032 in
3208 978 3375 1033 tantis
3404 979 3553 1033 vitiis

1942 1067 2226 1138 arguebat,
2257 1071 2636 1125 auctoritatem
2683 1071 2984 1139 magisterii
3027 1085 3344 1126 concessam
3391 1072 3496 1126 sibi
3525 1089 3553 1125 a

1947 1163 2175 1218 Domino
2201 1165 2532 1230 inclinabat;
2575 1182 2681 1220 non
2712 1164 2859 1219 enim
2908 1175 3083 1234 potest
3118 1174 3433 1220 c0ttslanter
3463 1175 3552 1219 ar-

1942 1259 2033 1328 gui
2081 1272 2110 1310 a
2135 1273 2245 1329 quo
2272 1259 2566 1330 accipitur:
2604 1261 2837 1312 maxime
2863 1273 2984 1312 cum
3027 1259 3148 1313 ideo
3179 1271 3458 1329 promptus
3487 1260 3552 1312 ad

1944 1351 2182 1407 dandum
2233 1354 2322 1412 sit.
2357 1362 2415 1406 ιιι
2463 1352 2570 1405 sibi
2624 1353 2877 1406 lrtttuiliet
2907 1352 3280 1420 pra‘positum.
3323 1350 3478 1408 Unde
3503 1361 3561 1406 et

1944 1445 2076 1501 dicit
2110 1462 2124 1500 :
2156 1446 2264 1500 Sed
2292 1461 2384 1519 ego
2411 1446 2506 1499 sub
2531 1446 2725 1501 nullius
2755 1444 2969 1518 redigar
2994 1454 3257 1515 potestate.

2017 1540 2198 1609 (νει-ς.
2248 1540 2363 1610 15.)
2396 1539 2530 1593 Esca
2569 1540 2756 1605 uentri,
2791 1549 2839 1591 et
2865 1549 3043 1593 center
3079 1539 3231 1607 escis,
3285 1535 3423 1592 Deus
3462 1555 3556 1592 αιιο

1945 1642 2044 1688 tem
2074 1642 2124 1687 et
2157 1633 2294 1687 hunc
2337 1642 2386 1686 et
2429 1631 2524 1686 has
2555 1633 2802 1685 destruet.
2846 1631 3156 1685 Destructio
3201 1631 3414 1686 ventris
3449 1640 3556 1694 cst,

1944 1740 2068 1780 cum
2097 1726 2293 1782 edendi
2345 1735 2528 1781 cessat
2572 1727 2810 1781 cilicium
2842 1744 2856 1781 :
2890 1741 3028 1780 escae
3074 1741 3205 1781 vero
3253 1727 3557 1782 destructio

223 1827 372 1882 tatis.
412 1827 531 1881 lllic
582 1826 724 1880 enim
755 1825 1011 1879 omnibus
1043 1824 1279 1894 peccatis
1324 1821 1613 1891 depositis,
1660 1818 1911 1882 ablui-B
1943 1829 2069 1874 tunc
2135 1821 2272 1883 erit,
2315 1819 2534 1891 quando
2592 1821 2807 1875 steterit
2866 1821 3143 1876 nativitas.
3205 1821 3555 1892 l’scudoapo—

223 1930 312 1975 tur
363 1919 620 1985 credens,
662 1927 714 1972 et
761 1918 1088 1985 justiticatur
1145 1917 1197 1970 in
1243 1915 1459 1970 Domini
1504 1914 1751 1981 nomine,
1783 1924 1835 1968 et

223 2029 320 2086 per
369 2013 634 2083 Spiritum
686 2012 777 2067 Dei
828 2013 998 2066 nostri
1034 2011 1147 2066 Deo
1180 2010 1326 2064 ﬁlius
1359 2010 1670 2080 adoptatur.
1736 2009 1836 2062 l‘er

225 2105 324 2161 hoc
357 2107 618 2160 admonet
659 2103 787 2158 illos
814 2113 1013 2172 quanta
1055 2113 1110 2157 et
1142 2102 1319 2173 qualis
1349 2101 1419 2156 sit
1447 2101 1642 2172 gratia,
1672 2115 1836 2169 quam

226 2219 318 2271 per
348 2214 536 2256 veram
585 2200 935 2254 traditionem
977 2199 1216 2252 assecuti
1247 2207 1412 2253 sunt:
1463 2211 1647 2269 postea
1703 2211 1836 2253 vero

229 2303 411 2350 eontra
442 2293 582 2348 hanc
613 2294 854 2363 regulam
903 2291 1027 2346 ﬁdei
1059 2291 1292 2362 impulsu
1338 2290 1604 2346 malorum
1648 2292 1837 2346 docto-

231 2401 347 2440 rum
378 2388 696 2452 sentientes,
739 2387 822 2439 his
853 2384 1132 2440 beneﬁcis
1159 2401 1222 2439 se
1263 2393 1556 2439 exuerunt.
1602 2384 1753 2441 Unde
1783 2385 1832 2439 id

230 2482 356 2552 agit,
400 2491 455 2534 ut
485 2489 707 2534 revocet
755 2479 877 2534 illos
908 2478 974 2532 ad
1020 2493 1208 2532 veram
1239 2486 1298 2532 et
1332 2478 1564 2547 primam
1615 2487 1835 2533 senten-

227 2575 386 2639 tiam;
419 2583 476 2627 ut
515 2581 927 2642 recuperarent,
961 2571 1106 2642 quod
1136 2569 1357 2627 fuerant
1383 2572 1686 2627 consecuti.

291 2665 480 2737 (Vers.
517 2665 634 2735 12.)
668 2673 692 2701 ο
724 2664 916 2718 Omnia
946 2663 1074 2717 mihi
1101 2665 1278 2729 licent,
1301 2663 1392 2716 scd
1421 2681 1524 2717 non
1550 2663 1723 2716 oumia
1747 2679 1837 2717 ex-

220 2762 455 2832 pediunt.
487 2758 824 2826 Quibusdam
858 2759 1074 2812 videtur
1100 2768 1322 2828 propter
1352 2756 1660 2812 libertatem
1705 2773 1834 2812 con-

214 2853 358 2910 cessi
405 2853 619 2908 arbitrii
671 2851 872 2907 dixisse
923 2851 1294 2920 Apostolnm:
1349 2850 1538 2905 Omnia
1593 2852 1720 2905 mihi
1771 2853 1838 2906 ti-

215 2960 355 3012 cent,
378 2957 524 3012 etc.;
557 2955 617 3001 ut
662 2945 827 3000 liccat
871 2944 1150 3009 hirnicari,
1184 2961 1291 3000 non
1341 2956 1520 2999 tamen
1553 2944 1828 3014 expediat.

217 3040 329 3096 Sed
360 3037 640 3111 quomodo
663 3038 812 3104 licet,
843 3037 989 3108 quod
1029 3038 1398 3107 prohibetur?
1439 3042 1547 3094 Aut
1590 3049 1742 3093 certe
1787 3038 1834 3093 si

215 3135 402 3191 omnia
437 3138 624 3203 licent,
669 3139 799 3192 nihil
838 3147 1014 3207 potest
1039 3137 1145 3193 diei
1192 3136 1464 3193 illicitum.
1518 3137 1625 3193 Sed
1677 3137 1832 3204 licet,

1941 1917 2066 1970 stoi‘i
2085 1926 2292 1981 autem,
2319 1916 2408 1984 qui
2425 1931 2533 1970 non
2557 1915 2743 1986 utique
2769 1914 3050 1987 religionis
3067 1929 3236 1972 causa
3257 1960 3270 1981 ,
3289 1916 3384 1970 sed
3403 1933 3552 1985 qua:-

1941 2018 2056 2062 stus
2083 2009 2466 2076 circumibant,
2521 2009 2882 2079 peccantibus
2911 2010 3084 2065 amari
3115 2025 3239 2066 esse
3272 2011 3552 2066 nolebant.

2011 2100 2214 2173 Corpus
2243 2113 2415 2157 autem
2447 2119 2548 2156 non
2588 2105 2947 2175 fornicationi,
2990 2104 3080 2157 sed
3106 2103 3352 2157 Domino.
3399 2103 3554 2158 Nunc

1941 2196 2084 2251 redit
2135 2197 2199 2250 ad
2240 2198 2582 2266 superiorem
2613 2212 2837 2252 sensum
2867 2214 2879 2247 :
2915 2195 2980 2250 Et
3027 2195 3288 2252 Dominus
3317 2199 3543 2270 corpori.

1937 2288 2080 2356 Quid
2119 2290 2386 2344 Dominus
2415 2290 2672 2360 corpori?
2701 2289 3042 2347 Subauditur
3075 2291 3546 2346 inlusortalitatcm

1939 2383 2268 2437 resuscitato
2320 2384 2634 2452 praestabit;
2675 2399 2876 2454 corpus
2921 2385 3066 2438 enim
3120 2385 3234 2440 Deo
3285 2385 3550 2453 dicatum,

1939 2477 2084 2532 dono
2133 2477 2369 2548 spiritali
2413 2479 2850 2533 renutucrabitur
2891 2479 3093 2534 merito
3132 2479 3312 2544 ducis,
3354 2481 3409 2534 id
3444 2489 3548 2544 est,

1940 2571 2132 2625 animi.

2012 2665 2198 2735 (γεῖς.
2248 2663 2358 2736 ιι.)
2399 2663 2544 2720 υσεδ
2586 2681 2705 2720 vero
2748 2677 2796 2720 et
2838 2664 3124 2720 Dominum
3169 2669 3458 2734 suscitauit,
3501 2680 3551 2723 et

1938 2773 2030 2812 nos
2076 2759 2342 2812 suscitabtt
2385 2774 2474 2826 per
2515 2759 2752 2812 virtutem
2782 2775 2954 2812 suam.
3004 2757 3152 2813 Idem
3200 2775 3400 2815 sensus
3440 2771 3546 2825 est,

1938 2867 2099 2922 quem
2148 2852 2407 2922 exemplo
2435 2852 2609 2906 voluit
2653 2852 2954 2907 Dominica:
3008 2854 3434 2910 resurrectionis
3460 2857 3547 2910 tir-

1939 2961 2120 3010 mare;
2155 2946 2332 3000 virtus
2357 2946 2503 3001 enim
2543 2945 2640 3000 Dei
2663 2945 2914 3001 Christus
2947 2958 3056 3013 est,
3083 2963 3188 3018 qua
3225 2959 3324 3002 nos
3377 2950 3547 3003 susei-

1937 3041 2094 3106 tabit,
2124 3049 2181 3095 et
2213 3041 2388 3110 ipsum
2441 3040 2754 3095 Dominum.
2785 3039 2899 3095 Hoc
2928 3040 3088 3106 dixit,
3115 3042 3243 3112 quia
3295 3042 3416 3112 ipse
3441 3041 3549 3097 Do-

1939 3137 2120 3191 minus
2149 3151 2350 3206 corpus
2397 3152 2554 3191 suum
2588 3135 2892 3202 suscitavit,
2939 3135 3082 3190 sicut
3109 3147 3165 3190 et
3213 3134 3334 3206 ipse
3372 3136 3552 3191 Domi-

215 3245 325 3284 non
378 3239 559 3287 tamen
617 3232 854 3302 expedit.
911 3231 1035 3286 llaac
1082 3241 1372 3286 susurrant
1421 3231 1622 3300 potius,
1667 3246 1829 3301 quant
1860 3223 1904 3284 C
1941 3248 2042 3286 nus
2069 3233 2190 3289 ait:
2237 3232 2436 3287 Solvite
2487 3231 2738 3300 teut-ptum
2766 3233 2880 3294 hoc,
2915 3239 2964 3284 et
3015 3247 3106 3299 ego
3152 3229 3318 3285 tribus
3371 3231 3551 3285 diebus

213 3336 496 3391 asserunt,
521 3335 615 3380 aut
639 3326 994 3381 immemores
1017 3334 1112 3380 aut
1137 3325 1494 3396 negligentes.
1527 3325 1662 3378 Dicit
1686 3325 1829 3380 enim

1935 3328 2190 3382 suscitabo
2238 3327 2393 3381 illud.
2430 3326 2548 3382 Hoc
2595 3337 2769 3380 autem
2823 3325 2959 3380 dixit
3000 3327 3064 3379 de
3099 3326 3290 3396 tempto
3313 3327 3550 3394 corporis

211 3415 462 3473 Joannes
495 3420 735 3488 Baptista
768 3421 833 3473 ad
863 3418 1136 3474 Herodem
1166 3437 1178 3473 :
1214 3417 1338 3472 Non
1369 3421 1487 3473 licet
1519 3420 1610 3472 tibi
1647 3419 1835 3475 habere
1931 3423 2012 3475 sui
2043 3421 2223 3492 (Iona.
2259 3438 2318 3483 tt,
2351 3421 2463 3492 19).

213 3525 436 3564 uxorem
461 3511 641 3580 fratris
665 3513 740 3564 tui
780 3510 976 3582 (Marc.
1010 3527 1080 3572 γι.
1116 3512 1226 3581 18).
1276 3511 1382 3564 Sed
1427 3511 1565 3566 forte
1595 3510 1832 3567 Joannes

213 3617 422 3671 expers
473 3605 637 3658 luerit
679 3603 902 3658 humani
935 3603 1158 3674 eloquii,
1195 3605 1491 3673 inspiratus
1541 3605 1592 3658 in
1637 3617 1831 3670 utero;

211 3698 346 3765 quia
386 3699 432 3752 si
472 3697 574 3752 hoc
621 3708 726 3760 est,
771 3699 956 3754 dict-re
985 3698 1208 3753 debuit:
1243 3697 1391 3753 Licet
1424 3699 1542 3764 tibi,
1578 3697 1671 3752 sed
1726 3713 1835 3753 non

213 3790 468 3860 ertpedit.
493 3789 604 3846 Sed
643 3802 696 3846 et
723 3791 984 3846 Dominus
1007 3789 1488 3846 similitermuiieri
1510 3789 1833 3844 Chanantea:

212 3883 292 3938 ait
326 3900 341 3938 :
377 3881 512 3946 Non
533 3886 650 3938 licet
672 3886 908 3955 accipere
931 3900 1119 3953 pauent
1147 3885 1404 3954 ﬁliorum,
1437 3894 1485 3937 et
1524 3885 1726 3938 mittere
1752 3901 1838 3938 ca—

212 3976 374 4031 nibus
407 3975 630 4045 (latth.
664 3994 752 4043 xv,
807 3979 913 4048 16).
950 3979 1016 4033 Et
1048 3979 1243 4033 iterum
1271 3979 1406 4032 dicit
1439 3978 1703 4033 Dominus
1742 3976 1838 4032 Ju-

213 4071 403 4124 dwis:
453 4069 577 4124 Non
621 4073 816 4142 legistis
860 4075 984 4142 quid
1015 4075 1134 4144 fecit
1181 4071 1378 4140 David,
1419 4090 1538 4127 cum
1581 4074 1836 4141 eaut-iret;

212 4161 482 4232 quomodo
510 4164 721 4219 intrauit
751 4166 804 4218 iu
845 4166 1058 4220 domum
1092 4165 1328 4231 Domini,
1362 4176 1407 4221 et
1455 4184 1614 4237 partes
1645 4183 1838 4239 prapo-

213 4258 429 4312 sitionis
502 4260 724 4330 accepit,
799 4276 928 4327 quos
995 4277 1097 4314 non
1149 4261 1335 4316 licebat
1389 4262 1435 4315 ei
1482 4262 1655 4328 edere,
1703 4271 1838 4329 etc.,

217 4351 420 4422 (Marc.
475 4368 536 4417 tt,
565 4353 679 4422 25).
728 4353 903 4409 Omne
951 4371 1080 4424 ergo
1129 4355 1273 4425 quod
1332 4355 1674 4424 prohibetur,
1728 4372 1838 4411 non

216 4444 388 4511 licet;
419 4445 447 4484 ι)
470 4457 526 4502 et
549 4461 718 4503 omne
741 4449 881 4517 quod
909 4465 1014 4502 non
1040 4451 1190 4515 licet,
1215 4449 1539 4517 prohibetur
1572 4468 1582 4502 :
1611 4449 1706 4505 sed
1739 4449 1840 4506 ali-

216 4540 466 4610 quando,
504 4540 908 4598 interveniente
952 4558 1113 4598 causa
1149 4543 1348 4612 aliqua,
1405 4545 1552 4609 licet,
1584 4545 1678 4599 sed
1729 4560 1838 4600 non

217 4634 464 4704 expedit.

293 4730 489 4784 (inania
513 4729 638 4784 mihi
665 4729 846 4795 licent,
876 4730 966 4784 sed
991 4746 1082 4800 ego
1104 4729 1199 4784 sub
1225 4730 1427 4783 nullius
1453 4729 1661 4801 redigar
1693 4740 1839 4800 pote-

216 4835 373 4880 state.
394 4824 592 4880 Omnia
611 4826 712 4880 sibi
733 4826 900 4880 licere
922 4826 1076 4890 dicit,
1095 4843 1158 4880 ea
1178 4827 1414 4887 scilicet,
1429 4842 1553 4896 qua:
1572 4838 1625 4881 et
1642 4843 1840 4896 coapo—

217 4922 383 4976 smlis
407 4921 529 4992 ejus
556 4923 848 4988 licuerunt,
880 4938 1002 4992 quae
1030 4936 1082 4976 et
1117 4924 1203 4978 lex
1244 4922 1491 4978 continet
1543 4924 1839 4991 naturalis,

221 5033 332 5071 non
349 5017 551 5086 Moysis
574 5033 588 5079 ;
611 5015 740 5086 quia
765 5016 934 5070 umlta
962 5017 1237 5084 prohibuit
1256 5017 1472 5089 Moyses
1492 5027 1715 5087 propter
1739 5017 1840 5071 du-

223 5111 408 5166 ritiam
452 5110 641 5166 cordis
679 5112 862 5180 populi
908 5111 1171 5166 increduli
1209 5124 1264 5166 et
1300 5112 1570 5167 cervicosi
1617 5111 1837 5184 (Matth.

224 5220 348 5270 xu,
377 5206 461 5262 8i.
495 5205 706 5260 Tamen
725 5206 771 5258 si
791 5207 860 5258 ad
893 5221 1114 5260 causam
1154 5205 1412 5276 respicias
1433 5247 1446 5270 ,
1472 5205 1618 5260 aliud
1658 5205 1756 5260 fuit
1786 5206 1839 5261 in

224 5315 392 5356 sensu
412 5299 682 5369 Apossoli,
703 5311 758 5354 ut
784 5301 898 5354 hare
919 5300 1234 5370 loqueretur
1254 5318 1269 5362 ;
1287 5300 1562 5355 barcenim
1581 5300 1844 5370 praemisit

227 5408 417 5464 postea
444 5407 665 5450 acturus
693 5395 830 5449 hanc
850 5410 1096 5459 causam,
1114 5395 1259 5449 sicut
1277 5394 1404 5449 fecit
1421 5404 1476 5448 et
1491 5394 1557 5449 de
1574 5395 1666 5448 illo
1687 5395 1841 5467 l3]

228 5491 318 5560 qui
361 5492 632 5546 incestum
685 5489 1018 5555 admiserat;
1067 5493 1328 5560 proponit
1375 5492 1520 5543 cnim
1553 5489 1848 5559 designans

303 5666 330 5691 ἰ
371 5655 658 5731 Expositio
686 5656 866 5731 hujus
910 5654 1259 5731 versiculiin
1302 5667 1434 5731 mss.
1497 5648 1839 5731 non-paucis

231 5728 339 5782 hoc
371 5722 496 5781 loco
521 5722 829 5781 omittitur:
868 5728 959 5782 sed
1009 5727 1289 5795 reponitur
1318 5727 1368 5777 in
1405 5722 1653 5793 sequenti
1697 5722 1843 5791 pagi-

244 5814 349 5861 na;
390 5797 536 5853 unde
567 5798 672 5851 alia
707 5811 892 5852 rursus
929 5805 1378 5866 transponuntur.

331 5870 359 5912 δ
398 5868 465 5928 Et
487 5885 700 5928 omne...
729 5869 1046 5942 prohibetur,
1078 5861 1130 5926 in
1164 5877 1372 5924 textum
1399 5881 1463 5922 ex
1495 5879 1597 5920 ms.
1619 5861 1762 5919 Vall.
1796 5870 1852 5919 et

2009 3516 2190 3587 (Vt-rs.
2226 3516 2343 3587 15.)
2377 3514 2604 3570 Nescitis
2632 3516 2878 3585 quoniam
2910 3529 3135 3585 corpora
3177 3524 3345 3570 uestra
3390 3531 3547 3570 ment-

1937 3610 2027 3663 bra
2103 3620 2222 3663 sunt
2283 3608 2516 3664 Christi?
2568 3609 2810 3680 Corpora
2859 3619 3044 3664 nostra
3101 3610 3346 3665 membra
3387 3608 3551 3665 Chri-

1938 3706 2010 3760 sti
2043 3713 2191 3771 sunt,
2218 3704 2314 3759 sed
2369 3706 2422 3758 in
2483 3719 2680 3760 novum
2736 3704 3043 3769 hominem,
3097 3706 3191 3774 qui
3245 3704 3550 3761 secundum

1939 3798 2106 3852 Deum
2132 3809 2348 3853 creatus
2369 3812 2486 3863 est;
2513 3798 2637 3869 quia
2663 3803 2778 3867 ipse
2803 3807 2886 3851 est
2915 3808 3079 3867 caput
3109 3797 3392 3853 Ecclesia.
3421 3796 3549 3852 Tot—-

1939 3891 2042 3944 lant
2073 3907 2191 3960 ergo
2237 3893 2460 3946 membra
2489 3892 2708 3954 Christi,
2735 3901 2783 3944 et
2823 3891 3013 3961 faciant
3051 3891 3282 3944 membra
3316 3890 3550 3944 Meretri-

1939 3983 2048 4037 cis?
2079 3983 2222 4036 Absit
2251 3981 2472 4054 (Ephes.
2509 3999 2577 4049 tv,
2611 3973 2728 4051 94).
2755 3980 2866 4046 Ait,
2898 3981 3072 4047 Absit,
3112 3981 3238 4052 quia
3272 3981 3550 4039 tueretrid

1938 4076 2276 4133 adhterentia
2318 4074 2563 4130 membra
2611 4075 2867 4128 desinunt
2895 4089 3016 4130 esse
3054 4075 3298 4131 mesttbra
3323 4074 3553 4133 Christi.

2013 4170 2195 4243 (Vers.
2224 4169 2344 4239 16.)
2373 4172 2454 4223 An
2480 4171 2710 4236 nescitis,
2735 4171 2858 4238 quia
2889 4171 2976 4241 qui
3006 4169 3233 4225 adﬁceret
3251 4221 3255 4225 ,
3273 4171 3553 4236 meretrici,

1942 4280 2104 4318 unum
2134 4281 2318 4336 corpus
2345 4264 2442 4333 ﬁt?
2477 4263 2589 4318 Hoc
2616 4264 2773 4328 dicit,
2802 4265 2927 4333 quia
2957 4265 3049 4334 qui
3095 4263 3554 4320 contarniuartioni

1941 4372 2001 4411 se
2032 4357 2315 4422 adrniswt,
2349 4372 2512 4410 unum
2543 4356 2602 4409 lit
2631 4371 2755 4410 eum
2778 4371 2869 4421 eo,
2895 4357 2982 4412 cui
3011 4369 3073 4412 se
3095 4357 3384 4413 admiscet.
3421 4357 3558 4413 Fer-

1942 4449 2149 4504 nieatio
2174 4448 2319 4504 enim
2353 4448 2542 4503 ambos
2573 4464 2736 4502 unum
2769 4448 2937 4513 facit;
2967 4457 3024 4503 ut
3050 4449 3327 4519 quomodo
3373 4450 3426 4503 in
3454 4463 3554 4504 na.-

1945 4553 2087 4607 tura,
2118 4543 2195 4597 sic
2229 4554 2284 4597 et
2316 4544 2366 4596 in
2403 4540 2614 4597 macula
2642 4555 2809 4596 unum
2839 4541 2971 4596 sint.
3000 4541 3192 4607 Erunt,
3220 4542 3420 4612 inquit,
3448 4541 3556 4597 duo

1865 4617 1918 4677 Ῑ)
1945 4635 1998 4688 in
2023 4651 2179 4688 carne
2217 4651 2322 4688 una
2355 4632 2514 4706 (Gen.
2544 4648 2602 4697 tt,
2646 4631 2762 4703 ει).
2794 4631 3143 4688 Manifestum
3185 4641 3290 4699 est,
3323 4643 3381 4688 ut
3429 4634 3556 4704 quia

1946 4727 2142 4780 mulier
2168 4726 2236 4780 de
2271 4725 2390 4779 viro
2417 4737 2524 4792 est,
2557 4725 2722 4780 ambo
2752 4726 2804 4779 in
2829 4739 2998 4782 carae
3020 4743 3121 4782 una
3154 4728 3288 4782 sint.

2017 4819 2199 4890 (Vers.
2227 4817 2344 4889 17.)
2380 4818 2483 4885 Qui
2516 4828 2687 4872 autem
2722 4819 2950 4873 adhazret
2991 4817 3242 4886 Domino,
3274 4835 3406 4874 unus
3449 4819 3558 4888 spi-

1945 4917 2076 4970 ritus
2103 4925 2198 4970 est.
2232 4914 2501 4982 Quoniam
2528 4915 2578 4967 in
2601 4914 2742 4969 bene
2774 4914 3060 4983 agentibus
3092 4913 3330 4985 Spiritus
3356 4912 3449 4968 Dei
3471 4919 3559 4967 est

1947 5011 2252 5066 communis
2282 5027 2405 5065 cum
2438 5011 2550 5065 Deo
2583 5019 2637 5064 et
2661 5009 2994 5064 hominibus.

2019 5105 2202 5177 (Vers.
2239 5104 2352 5176 18.)
2401 5102 2588 5174 Fugite
2617 5104 3038 5174 fornicationem.
3075 5112 3097 5141 ⁸
3131 5102 3303 5157 Recte
3339 5099 3554 5170 fugien-

1948 5202 2074 5256 dam
2140 5210 2328 5255 monet
2417 5200 2862 5261 fornicationem.
2933 5211 3029 5268 per
3071 5212 3236 5266 quant
3307 5194 3402 5250 ﬁlii
3459 5193 3558 5250 Dei

1953 5295 2089 5350 ﬁunt
2145 5295 2238 5348 ﬁlii
2281 5293 2504 5349 diaboli.
2555 5292 2721 5348 Omne
2764 5299 3030 5361 peccatum
3071 5287 3427 5358 quodcumque
3475 5287 3554 5356 fs-

1956 5391 2083 5443 cerit
2145 5389 2318 5453 homo,
2365 5398 2512 5441 extra
2549 5403 2739 5457 corpus
2769 5395 2863 5439 est.
2903 5381 3042 5448 Quia
3099 5387 3300 5436 extera
3337 5388 3559 5450 peccata

1953 5482 2058 5537 etsi
2111 5499 2206 5553 per
2265 5496 2467 5551 corpus
2519 5488 2880 5551 generantur,
2928 5488 3038 5528 non
3093 5482 3276 5530 tamen
3323 5476 3562 5534 animam

1945 5644 2070 5700 aliis
2102 5641 2377 5717 nonnullis
2394 5639 2759 5717 restituimus.
3045 5715 3052 5717 _
3091 5706 3102 5717 ἢ

2030 5726 2051 5753 ε
2087 5716 2181 5768 llic
2213 5714 2473 5767 articulus
2513 5713 2714 5766 abesta
2748 5720 2880 5761 mss.
2937 5710 3160 5774 nostris,
3211 5715 3266 5762 at
3293 5722 3482 5762 contra
3515 5710 3566 5763 in

1958 5788 2169 5841 canctis
2191 5791 2388 5840 exstat.
2421 5783 2551 5836 edit.
