3978 6310
492 256 606 317 915

1355 275 1360 282 θ
1395 279 1397 281 ί
1460 255 1552 311 AD
1588 252 1820 312 OPERA
1861 251 2114 311 SANCTI
2153 252 2485 314 AMBROSII
2529 253 2902 316 APPENDIX.
3679 263 3769 322 Elii

483 383 557 440 ita
621 380 831 438 carnali
896 376 1343 449 concupiscentia
1397 375 1602 432 faciunt
1652 374 1971 430 obstrictam
2039 381 2096 428 et
2121 383 2173 446 Α
2203 374 2406 430 tionem
2483 389 2636 430 suam
2689 376 3000 448 delinquit,
3049 377 3101 433 in
3139 392 3343 450 corpus
3387 395 3538 435 suum
3589 395 3774 452 peccat.

490 475 811 544 obnoxiam,
874 471 1328 545 quemadmodum
1383 469 1728 528 commisceri
1790 469 1917 524 facit
1983 467 2102 522 ani-

491 585 635 626 mam
691 584 813 625 cum
885 569 1004 639 ipso
1073 582 1311 638 corpore
1382 582 1513 622 usus
1585 563 1858 628 libidinis,
1933 577 2100 634 agens

490 664 544 719 in
596 678 768 733 opere
843 661 1077 716 carnalis
1127 657 1540 724 fornicationis;
1608 657 1731 728 quia
1787 656 1838 710 in
1887 662 2099 732 tantum,

493 759 862 830 agglutinatur
905 755 1089 810 anima
1147 754 1387 825 corpori,
1437 761 1497 808 ιιι
1545 753 1598 806 in
1651 752 1770 822 ipso
1822 758 2100 806 momento

491 850 630 907 nihil
687 849 835 906 aliud
879 849 1123 920 cogitare
1180 847 1386 903 homini
1418 838 1585 902 lieeat
1639 855 1733 900 aut
1780 844 2096 910 intendere;

490 948 617 1019 quia
662 947 834 1017 ipsam
911 952 1154 1000 mentem
1217 943 1483 1014 captivam
1552 939 1735 996 subdit
1799 941 1913 1010 ipsa
1971 939 2100 994 sub-

489 1042 694 1098 mersio
722 1050 775 1096 et
804 1039 1106 1096 absorbitio
1136 1037 1378 1095 libidinis
1409 1045 1464 1092 et
1493 1034 1952 1106 concupiscentize
1979 1048 2099 1089 car-

485 1135 645 1191 nalis.
669 1133 826 1191 Unde
851 1133 1105 1190 subditur
1131 1151 1144 1185 :

561 1229 665 1297 Qui
707 1239 878 1282 autem
942 1227 1256 1297 fornicatur,
1324 1228 1378 1281 in
1449 1242 1636 1298 corpus
1682 1240 1833 1280 suum
1899 1231 2095 1296 peccat.

488 1323 742 1380 Ostendit
810 1322 1190 1394 gravissimum
1276 1335 1399 1376 esse
1470 1328 1790 1390 peceatum;
1843 1318 1968 1389 quia
2031 1331 2096 1372 ex

487 1422 594 1475 hoc
624 1433 789 1473 omne
819 1417 1032 1487 deperit
1059 1429 1258 1486 corpus
1288 1432 1301 1468 :
1343 1415 1396 1469 in
1429 1414 1646 1470 caeteris
1687 1421 1872 1468 autem
1907 1425 2097 1482 pecea-

485 1514 556 1569 tis
587 1513 766 1584 portio
798 1512 962 1582 perit,
992 1525 1099 1566 non
1131 1519 1322 1564 totum.
1359 1508 1552 1563 Totum
1585 1509 1732 1562 enim
1782 1519 1984 1576 corpus
2015 1505 2098 1558 vir

487 1615 572 1663 est
609 1615 665 1661 et
698 1604 1070 1674 mulier;quia
1103 1603 1282 1673 portio
1303 1602 1398 1657 viri
1419 1600 1732 1656 estmulier.
1758 1599 2100 1668 Quicumque

486 1705 632 1758 enim
678 1702 824 1757 aliud
873 1709 1154 1772 peccatum
1202 1697 1506 1762 admiserit,
1557 1707 1712 1752 extra
1760 1711 1820 1750 se
1870 1701 2096 1765 peccat:

484 1796 817 1854 fornicarius
849 1812 978 1852 vero
1009 1796 1062 1850 in
1093 1811 1312 1850 carnem
1342 1808 1493 1849 suam
1521 1801 1733 1863 peccat.
1767 1793 1903 1860 Age,
1945 1789 1989 1844 si
2025 1790 2099 1843 la-

479 1907 622 1963 queo
647 1893 811 1947 vitam
838 1891 1012 1957 ﬁniat,
1038 1902 1127 1946 aut
1165 1890 1310 1945 ferro
1349 1905 1408 1945 se
1439 1887 1706 1952 trucidet,
1739 1901 1844 1942 non
1895 1886 1948 1940 in
1977 1900 2100 1940 cor-

481 2001 586 2057 pus
615 2003 772 2041 suum
808 1985 1022 2042 videtur
1065 1999 1315 2056 peccare,
1350 1983 1446 2039 sed
1480 1984 1531 2037 iu
1577 1980 1839 2047 animam,
1870 1979 1956 2034 cui
1988 1979 2096 2032 vim

483 2080 633 2136 facit.
662 2078 946 2134 Fornicari
980 2087 1164 2134 autem
1195 2075 1486 2147 corporale
1514 2073 1769 2129 delictum
1818 2078 1921 2134 est,
1953 2070 2096 2141 quod

484 2182 540 2229 ει
566 2187 765 2242 corpus
795 2172 1064 2242 contingit
1108 2179 1163 2225 et
1201 2169 1440 2223 animam
1475 2185 1488 2222 ε
1519 2182 1628 2222 non
1673 2164 1818 2220 enim
1857 2165 1976 2218 siue
2003 2163 2098 2219 de-

479 2265 687 2322 siderio
711 2266 914 2333 carnis,
942 2264 1068 2335 quia
1099 2262 1263 2318 habet
1291 2272 1344 2317 et
1381 2276 1512 2317 caro
1551 2259 1830 2331 prOpriutn
1864 2267 2094 2324 motum,

481 2359 663 2414 anima
712 2357 1072 2429 concupiscit,
1111 2365 1170 2412 ut
1225 2365 1414 2426 peccet
1457 2355 1512 2409 in
1542 2368 1803 2417 carnem;
1845 2351 2096 2423 quamvis

481 2454 602 2510 sine
624 2454 803 2508 anima
838 2451 970 2508 nihil
997 2451 1188 2522 possit.
1212 2449 1318 2505 Per
1349 2449 1400 2504 id
1433 2463 1564 2520 ergo
1593 2447 1738 2518 quod
1763 2446 1814 2501 in
1847 2460 2092 2511 carnem,

482 2563 604 2619 quae
630 2563 696 2604 ex
727 2564 787 2603 se
826 2558 936 2614 est,
970 2554 1160 2617 peccat
1182 2545 1286 2619 (ad
1319 2543 1586 2615 originem
1619 2543 1764 2598 enim
1802 2539 2010 2610 retulit)
2041 2540 2094 2594 in

481 2655 683 2710 corpus
736 2657 894 2695 suum
953 2639 1157 2694 dicitur
1214 2652 1476 2708 peccare;
1532 2643 1592 2689 ut
1639 2635 1852 2690 desinat
1903 2649 1934 2688 a
1983 2632 2096 2687 for-

482 2738 778 2801 nicatione,
812 2737 967 2807 quasi
999 2735 1104 2790 sibi
1141 2749 1389 2804 parcens.
1427 2730 1727 2788 Novatiano
1757 2739 1941 2784 tamen
1984 2729 2095 2795 hic,

485 2832 578 2903 qui
603 2830 926 2896 fornicatur,
957 2843 1062 2882 non
1094 2829 1148 2882 in
1175 2841 1375 2898 corpus
1404 2841 1560 2881 suum
1592 2824 1809 2878 videtur
1846 2836 2092 2893 peccare,

484 2925 581 2980 sed
613 2925 667 2979 in
690 2922 892 2979 Christi
917 2939 930 2987 ;
965 2921 1124 2976 aliter
1151 2923 1296 2976 enim
1327 2918 1430 2973 hoc
1457 2917 1810 2990 pronuntiat,
1835 2928 1894 2971 ut
1931 2914 2093 2970 etiam

483 3017 662 3083 illum,
691 3017 783 3087 qui
813 3015 1137 3081 fornicatur,
1166 3014 1218 3068 in
1245 3013 1504 3084 Spiritum
1529 3021 1776 3067 sanctum
1799 3009 1946 3066 dicat
1973 3025 2096 3081 pec-

484 3125 612 3166 care
636 3128 648 3162 :
679 3118 905 3180 propter
931 3123 1171 3175 causam,
1203 3123 1308 3178 qua
1335 3106 1609 3161 abscissus
1627 3114 1709 3160 est
1730 3105 1797 3159 ab
1827 3103 2090 3159 Ecclesia.

2279 469 2458 542 (Vers.
2499 469 2613 542 i9.)
2638 471 2716 525 An
2743 473 2949 528 nescitis
2970 473 3092 543 quia
3117 489 3339 544 corpora
3364 485 3529 528 vestra
3561 479 3777 548 templum

2202 566 2278 619 est
2301 565 2534 633 Spiritus
2563 567 2758 631 sancti,
2807 567 2899 638 qui
2942 568 2996 621 in
3044 568 3185 622 vobis
3228 579 3302 621 est
3351 584 3499 638 quem
3538 568 3715 622 habetis
3753 589 3779 624 a

2204 656 2354 713 Deo?
2384 658 2645 730 Superius
2668 657 2863 730 (lCor.
2896 675 2974 727 ιιι,
3006 659 3097 730 16)
3129 661 3394 732 templum
3418 660 3514 716 Dei
3543 661 3684 729 dixit,
3707 662 3780 719 hic

2203 753 2466 821 templum
2520 751 2759 824 Spiritus
2812 753 3029 819 sancti;
3086 757 3211 824 quia
3265 754 3320 809 in
3351 754 3646 810 substantia
3693 755 3780 810 hoc

2202 856 2284 904 est
2313 848 2571 918 Spiritus,
2603 848 2748 918 quod
2801 849 2943 905 Deus
2974 858 3078 904 est.
3130 849 3248 904 Hoc
3299 850 3507 906 idcirco
3551 851 3693 917 dixit,
3737 860 3784 906 ut

2201 955 2433 1011 corpora
2485 950 2667 996 nostra
2705 941 3129 996 incontaminata
3163 957 3478 1010 servemus;
3531 953 3587 998 ιιι
3635 945 3783 1013 possit

2201 1033 2316 1089 illic
2339 1033 2580 1104 Spiritus
2610 1043 2829 1089 sanctus
2853 1034 3123 1090 habitare.

2274 1126 2455 1199 (Vers.
2487 1127 2608 1199 20.)
2647 1128 2714 1182 Et
2768 1146 2870 1183 non
2916 1130 3038 1183 estis
3077 1130 3266 1195 vestri;
3313 1129 3473 1198 empti
3516 1129 3643 1184 enim
3680 1131 3780 1183 estis

2201 1219 2366 1289 pretio
2417 1236 2626 1290 magno.
2661 1219 3004 1275 Manifestum
3052 1221 3285 1292 estquia
3319 1221 3412 1292 qui
3443 1231 3651 1292 emptus
3680 1230 3780 1286 est,

2201 1327 2309 1366 non
2337 1322 2420 1366 est
2449 1313 2531 1366 sui
2564 1313 2798 1378 arbitrii,
2825 1313 2921 1368 sed
2947 1314 3111 1383 ejusa
3137 1329 3242 1383 quo
3264 1329 3460 1384 empus
3485 1324 3588 1381 est,
3618 1323 3780 1369 utnon

2201 1423 2376 1472 suam,
2436 1406 2533 1463 sed
2581 1407 2722 1462 illius
2768 1406 2930 1463 faciat
2963 1407 3322 1464 voluntatem.
3377 1409 3447 1463 Et
3480 1409 3606 1479 quia
3637 1407 3778 1462 charo

2203 1501 2380 1571 pretio
2409 1503 2575 1571 empti
2607 1515 2816 1566 sumus,
2860 1501 3186 1573 propensius
3218 1501 3452 1556 Domino
3481 1510 3661 1556 nostro
3686 1515 3781 1555 ser-

2206 1599 2325 1654 vire
2353 1598 2614 1654 debemus
2642 1615 2657 1662 ;
2687 1613 2753 1652 ne
2776 1596 3041 1662 oliensus,
3067 1612 3095 1650 a
3125 1613 3227 1668 qua
3252 1612 3351 1651 nos
3371 1597 3614 1659 redemit,
3643 1596 3779 1649 morti

2203 1710 2302 1750 nos
2330 1694 2540 1750 reddat.
2576 1694 2752 1760 Quam
2783 1694 2928 1747 enim
2951 1692 3272 1747 cbarissimo
3303 1691 3486 1762 pretio
3524 1705 3620 1745 nos
3645 1689 3774 1753 emit,

2132 1811 2178 1870 Β
2204 1798 2264 1843 ιιι
2294 1789 2620 1858 sanguinem
2650 1801 2804 1841 suum
2834 1783 2990 1840 daret
3017 1799 3116 1853 pro
3146 1783 3339 1838 nobis?

2276 1882 2574 1951 Clari/icate
2612 1889 2659 1934 et
2697 1888 2898 1950 portate
2925 1877 3094 1932 Deum
3127 1879 3180 1930 in
3211 1892 3429 1947 corpore
3467 1884 3646 1930 vestro.
3687 1873 3775 1929 Hoc

2202 1986 2286 2036 est
2307 1977 2608 2034 clarificgtre
2639 1985 2693 2032 et
2714 1985 2934 2047 portare
2969 1976 3138 2029 Deum
3171 1973 3508 2054 incorpore,
3540 1981 3593 2026 ut
3615 1986 3775 2026 secun-

2202 2072 2330 2128 dum
2358 2073 2530 2144 legem
2563 2071 2683 2142 ejus
2718 2071 3097 2136 ambulemus;
3135 2083 3235 2139 per
3265 2068 3438 2139 legem
3483 2069 3621 2123 enim
3651 2081 3773 2120 suam

2201 2165 2319 2237 ipse
2347 2166 2566 2221 videtur
2593 2166 2646 2220 in
2681 2163 2859 2220 nobis.
2890 2165 3114 2219 Portare
3149 2173 3328 2218 tamen
3364 2162 3533 2218 Deum
3573 2163 3667 2217 hoc
3691 2171 3772 2226 est,

2201 2258 2494 2330 imaginem
2527 2259 2618 2316 Dei
2650 2259 2703 2314 in
2728 2259 2892 2315 rebus
2922 2258 3062 2314 bene
3086 2258 3256 2328 gestis
3276 2259 3592 2314 ostendere.

2813 2371 3043 2428 CAPUT
3067 2371 3178 2427 VII.

2273 2467 2454 2543 (Vers.
2479 2467 2557 2537 1.)
2585 2466 2663 2522 De
2679 2469 2745 2522 iis
2765 2477 2935 2522 autem
2949 2483 3062 2536 qua:
3086 2467 3371 2538 scripsistis
3384 2468 3513 2522 mihi
3535 2469 3703 2522 bonum
3716 2477 3774 2520 est

2198 2563 2394 2617 homini
2417 2562 2682 2616 mulierem
2702 2578 2804 2617 non
2830 2572 3056 2633 tangere.
3074 2560 3264 2615 Pravis
3290 2560 3549 2616 sensibus
3570 2560 3770 2631 pseudo-

2198 2659 2572 2730 apostolorum
2602 2657 2882 2729 exagitati,
2912 2659 3001 2728 qui
3029 2657 3246 2727 nuptias
3270 2671 3368 2726 per
3390 2655 3773 2727 Itypocrisin,ut

2199 2755 2446 2824 puriores
2468 2752 2680 2807 caeteris
2727 2751 3070 2817 viderentur,
3115 2750 3463 2820 spernendos
3500 2749 3771 2808 docebant,

2199 2846 2314 2901 haec
2362 2862 2458 2916 per
2499 2846 2784 2915 epistolam
2828 2845 2897 2900 ab
2946 2845 3206 2916 Apostolo
3237 2843 3626 2913 requirebant;
3673 2841 3771 2911 quia

2198 2941 2342 2996 enim
2377 2956 2482 2995 non
2508 2941 2932 2996 oblectabantur
2962 2940 3062 2994 hac
3083 2939 3354 2993 sententia
3378 2981 3394 3005 ,
3424 2936 3772 3009 praetermissis

2197 3035 2436 3100 caeteris,
2459 3033 2561 3088 hoc
2579 3033 2754 3088 solum
2777 3032 3084 3103 requirunt.
3103 3031 3310 3099 Quibus
3330 3041 3512 3088 tamen
3527 3028 3774 3101 respondit

2198 3130 2400 3186 bonum
2424 3145 2545 3185 esse
2569 3129 2788 3200 quidem
2811 3127 3096 3182 mulierem
3119 3142 3225 3182 non
3249 3128 3589 3198 contingere,
3615 3140 3770 3197 quam-

487 3204 602 3261 Hoc
634 3205 784 3260 nulla
811 3204 1022 3259 ratione
1044 3204 1218 3257 astrui
1247 3210 1460 3274 potest;
1483 3214 1685 3272 corpus
1716 3199 1859 3255 enim
1889 3197 2088 3254 Christi
2122 3214 2167 3277 ρ
2198 3237 2359 3293 quam
2391 3237 2497 3276 non
2527 3197 2601 3275 im
2636 3220 2764 3274 illud
2793 3220 3120 3291 simpliciter
3154 3226 3427 3274 asseram.

492 3315 600 3355 non
633 3311 717 3356 est
748 3313 889 3355 unus
914 3306 1006 3352 aut
1029 3296 1139 3352 duo
1168 3295 1474 3363 christiani,
1515 3294 1611 3351 sed
1649 3309 1861 3358 omnes,
1892 3291 2093 3363 singuli

483 3408 666 3455 autem
688 3396 931 3453 membra
953 3405 1099 3450 sunt.
1120 3393 1404 3462 Quomodo
1427 3407 1555 3464 ergo
1578 3393 1666 3462 qui
1690 3391 2015 3454 fornicatur,
2037 3389 2091 3444 in

485 3507 685 3562 corpus
713 3491 920 3548 Christi
950 3499 1138 3562 peccat
1166 3505 1180 3554 ;
1205 3504 1331 3544 cum
1360 3503 1466 3542 non
1501 3502 1692 3542 omnes
1715 3484 2092 3541 contaminet?

484 3587 640 3658 Quod
664 3589 708 3643 si
745 3588 815 3642 ita
834 3595 1003 3652 esset,
1029 3594 1088 3640 ut
1109 3584 1406 3640 Novatiano
1437 3582 1683 3645 videtur.
1711 3591 1908 3637 caetera
1936 3580 2091 3653 132

484 3682 667 3736 omnia
698 3690 918 3750 peccata
944 3689 1096 3735 extra
1127 3679 1296 3733 Deum
1329 3685 1534 3744 essent,
1568 3685 1624 3732 et
1655 3677 1768 3731 sola
1803 3675 2093 3730 fornicatio

488 3783 770 3844 peccatum
802 3781 950 3829 esset
990 3773 1043 3827 in
1088 3771 1278 3827 Deum.
1305 3770 1483 3826 Etiam
1514 3771 1602 3840 qui
1629 3769 1772 3824 vadit
1803 3769 1869 3824 ad
1924 3766 2089 3832 idola,

487 3881 596 3922 non
623 3873 814 3936 peccat
843 3865 896 3920 in
939 3865 1132 3930 Deum,
1161 3879 1260 3920 ucc
1280 3864 1368 3934 qui
1403 3870 1566 3934 negat
1591 3863 1643 3918 in
1672 3860 2088 3931 persecutione;

482 3960 608 4030 quia
639 3974 801 4015 omne
829 3968 1112 4030 peccatum
1141 3958 1519 4030 quodcumque
1555 3956 1744 4012 fecerit
1777 3955 1962 4021 homo,
1997 3969 2092 4007 ex-

485 4060 568 4106 tra
595 4066 793 4121 corpus
825 4061 911 4108 est
957 4051 1182 4118 Christi,
1227 4050 1369 4106 sicut
1405 4050 1481 4104 illi
1528 4049 1766 4105 videtur.
1811 4048 1868 4103 Si
1909 4055 2090 4101 autem

485 4152 543 4200 et
570 4144 675 4201 hoc
691 4145 854 4201 aliter
878 4146 1113 4201 voluerit
1165 4143 1540 4216 pronuntiare,
1578 4150 1636 4198 ut
1666 4150 1826 4212 neget
1871 4140 2088 4211 aliquod

481 4247 634 4293 extra
675 4253 876 4310 corpus
902 4237 1102 4294 Christi
1134 4253 1255 4294 esse
1283 4246 1589 4308 peccatum,
1631 4245 1859 4307 cogetur
1907 4236 2090 4292 dicere

475 4333 603 4400 quia
629 4333 811 4388 omnis
843 4335 1228 4404 quodcumque
1261 4341 1543 4402 peccatum
1575 4331 1788 4398 fecerit,
1825 4331 1878 4385 in
1920 4329 2087 4385 Deum

479 4435 691 4494 peccat,
723 4433 778 4481 et
815 4425 868 4479 in
901 4425 1169 4497 Spiritum
1217 4433 1496 4492 sanctum;
1528 4433 1586 4480 ut
1624 4433 1678 4480 et
1722 4421 1831 4490 fur,
1885 4431 1941 4478 et
1966 4437 2090 4493 per-

472 4513 660 4584 jurus,
697 4525 754 4572 et
780 4518 1014 4574 mendax
1044 4519 1096 4574 in
1126 4519 1388 4590 Spiritum
1420 4527 1668 4573 sanctum
1698 4531 1922 4587 peccare
1945 4515 2090 4570 dica-

2270 3316 2450 3388 (Vers.
2481 3314 2562 3386 2.)
2609 3314 2803 3369 Tamen
2848 3325 3059 3384 prapter
3088 3314 3511 3384 fornicationem,
3547 3314 3645 3369 hoc
3685 3320 3769 3377 est,

2197 3424 2265 3465 ne
2292 3409 2418 3481 quid
2443 3418 2632 3464 contra
2664 3409 2839 3478 legem
2868 3408 3208 3473 admittatur,
3243 3422 3365 3462 cum
3399 3407 3617 3479 quando
3655 3403 3770 3477 quod

2195 3505 2281 3561 lex
2314 3521 2420 3560 non
2455 3503 2734 3574 prohibet,
2761 3503 2964 3557 vitatur
2989 3518 3002 3567 ;
3041 3503 3391 3572 unusquisque
3418 3518 3628 3556 uxorem
3655 3514 3771 3555 suam

2197 3598 2401 3664 habeat,
2451 3607 2500 3652 et
2559 3611 2881 3669 unaquaeque
2923 3611 3072 3649 suum
3120 3595 3284 3648 virum
3357 3593 3562 3647 habent.
3613 3592 3771 3649 Solent

2195 3692 2339 3745 enim
2357 3691 2444 3761 qui
2465 3689 2854 3760 compendium
2871 3699 3139 3758 quaerunt,
3167 3702 3376 3742 errare.
3393 3687 3496 3756 Qui
3515 3687 3654 3743 enim
3676 3682 3770 3739 ﬁeri

2195 3792 2399 3855 posset,
2431 3793 2486 3839 ut
2517 3784 2570 3838 hi
2603 3783 2671 3838 ab
2716 3783 2977 3838 uxoribus
3005 3783 3120 3838 suis
3160 3796 3219 3837 se
3260 3781 3620 3846 abstinerent,
3661 3793 3770 3851 quos

2196 3881 2252 3934 in
2277 3878 2440 3934 tantis
2469 3878 2616 3932 vitiis
2647 3877 2889 3947 reperit?
2941 3875 3067 3931 ideo
3098 3890 3230 3946 ergo
3259 3890 3366 3929 non
3421 3874 3693 3944 permittit,
3721 3885 3772 3924 ne

2195 3973 2264 4028 ab
2288 3972 2450 4028 licitis
2491 3988 2551 4027 se
2595 3972 2964 4036 abstinentes,
3018 3971 3336 4026 inconcessa
3380 3975 3766 4040 praesumerent,

2194 4066 2333 4121 sicut
2366 4065 2572 4122 faciunt
2599 4065 2903 4121 Manicbmi.

2267 4160 2450 4234 (Vers.
2485 4162 2541 4227 5,
2574 4159 2658 4231 4.)
2705 4159 2870 4215 Uxori
2916 4161 2994 4213 vir
3040 4159 3267 4213 debitum
3309 4158 3517 4222 reddat,
3565 4155 3771 4211 similiter

2192 4265 2360 4309 autem
2383 4264 2430 4307 et
2461 4269 2592 4307 uxor
2621 4254 2750 4307 viro.
2791 4250 3026 4308 Invicem
3058 4252 3160 4308 sibi
3205 4249 3400 4321 subjici
3448 4250 3571 4305 illos
3603 4253 3650 4302 in
3691 4246 3771 4300 hac

2192 4361 2388 4412 causa;
2419 4355 2477 4400 ut
2503 4345 2626 4415 quia
2668 4361 2832 4400 unum
2865 4361 3067 4416 corpus
3103 4354 3249 4410 sunt,
3279 4360 3382 4398 una
3413 4358 3602 4399 eorum
3647 4345 3710 4398 sit
3731 4348 3770 4393 et

2192 4441 2450 4496 voluntas
2479 4440 2530 4494 in
2556 4440 2674 4510 lege
2703 4448 2931 4494 natura}.
2968 4437 3164 4492 Mulier
3189 4439 3270 4492 sui
3315 4437 3551 4509 corporis
3577 4443 3771 4505 potesta-

2193 4546 2291 4590 tem
2320 4552 2423 4590 non
2463 4533 2667 4602 habeat,
2693 4534 2784 4588 sed
2829 4535 2907 4588 vir
2935 4549 2954 4588 :
2983 4532 3223 4589 similiter
3247 4543 3296 4588 et
3325 4534 3401 4586 vir
3436 4533 3520 4587 sui
3568 4529 3768 4601 corporis

475 4617 586 4664 tur.
617 4609 686 4664 Et
707 4610 981 4681 quomodo
1006 4621 1093 4668 est
1127 4611 1285 4679 illud,
1312 4611 1458 4682 quod
1503 4612 1580 4665 ait
1606 4610 1865 4666 Dominus
1899 4627 1912 4666 :
1952 4609 2088 4677 Quia

2207 4637 2498 4683 potestatem
2535 4644 2637 4682 non
2675 4626 2884 4694 habeat,
2922 4626 3013 4680 sed
3049 4626 3256 4680 mulier.
3298 4625 3414 4682 Hoc
3469 4625 3621 4691 dicit,
3650 4619 3766 4694 quod

477 4703 652 4757 omnia
680 4711 888 4773 peccata
940 4712 986 4759 et
1016 4704 1340 4772 blasphemia
1381 4704 1704 4758 remittantur
1745 4701 2036 4756 hominibus
2064 4717 2084 4754 :

476 4796 568 4866 qui
589 4805 763 4849 autem
793 4797 1074 4866 peccaverit
1099 4798 1153 4850 in
1183 4796 1436 4869 Spiritum
1479 4805 1736 4860 sanctum,
1771 4811 1874 4849 non
1904 4793 2081 4849 remit-

478 4898 615 4944 tetur
641 4890 709 4956 ei,
740 4905 901 4960 neque
927 4890 1032 4956 hic,
1067 4907 1228 4961 neque
1272 4892 1326 4946 in
1373 4891 1548 4958 futuro
1575 4889 1794 4962 (Matth.
1824 4905 1920 4954 xu,
1953 4888 2082 4958 5’1)?

476 4983 719 5054 Apparet
741 4981 954 5052 utique,
986 4983 1230 5051 exceptis
1257 4985 1475 5039 caeteris
1503 4983 1760 5054 peccatis,
1787 4981 1931 5037 aliud
1959 4995 2084 5037 esse

475 5090 783 5152 peccatum,
813 5080 957 5151 quod
1011 5090 1292 5150 peccatum
1331 5081 1534 5136 dicitur
1569 5083 1624 5136 in
1659 5080 1924 5151 Spiritum
1957 5095 2086 5134 san-

474 5186 646 5231 ctum.
672 5175 1010 5244 Quibusdam
1043 5175 1242 5231 iterum
1269 5176 1486 5231 videtur
1503 5176 1626 5248 quia
1647 5176 1738 5248 qui
1759 5175 2080 5239 fornicatur,

472 5266 597 5322 ideo
627 5269 680 5322 in
711 5283 914 5338 corpus
951 5283 1107 5322 suum
1139 5266 1336 5322 dicitur
1367 5283 1620 5338 peccare,
1654 5269 1780 5339 quia
1823 5267 2081 5323 Ecclesia:

469 5361 778 5417 membrum
835 5372 966 5418 est:
1020 5373 1075 5418 et
1113 5377 1174 5418 se
1223 5364 1623 5432 contaminans,
1675 5366 1727 5419 in
1780 5365 2079 5420 Ecclesiam

468 5463 685 5524 peccat,
710 5455 866 5525 cujus
899 5455 1199 5510 membrum
1219 5464 1323 5511 est.
1346 5458 1444 5524 Qui
1463 5473 1594 5529 ergo
1623 5457 1886 5513 Ecclesiae
1911 5472 2083 5513 mem-

470 5545 632 5603 brum
674 5557 780 5614 εει,
809 5545 1102 5602 dicendum
1130 5555 1214 5603 est
1257 5548 1334 5603 illi
1362 5591 1376 5616 ,
1404 5565 1527 5605 cum
1557 5548 1891 5616 fornicatur,
1951 5548 2079 5618 quia

464 5654 577 5696 non
600 5639 726 5705 sibi,
756 5641 851 5696 sed
881 5641 936 5696 in
953 5641 1258 5698 Ecelesiam
1292 5657 1500 5713 peccat.
1533 5646 1709 5701 Porro
1740 5654 1922 5700 autem
1951 5644 2082 5699 dicit

465 5725 783 5804 Apostolus,
813 5733 936 5806 quia
964 5735 1057 5808 qui
1089 5728 1404 5800 fornicatur.
1446 5754 1541 5810 per
1587 5738 1639 5794 id
1669 5738 1812 5808 quod
1861 5739 1913 5792 in
1952 5751 2079 5808 por-

537 5855 560 5894 ⁸
595 5853 755 5914 Rom.
785 5843 943 5928 edit.,
964 5851 1035 5914 ut
1058 5842 1363 5914 conveniant
1394 5842 1497 5914 illi.

2195 4735 2373 4790 neque
2401 4721 2518 4775 viro
2567 4735 2744 4790 neque
2800 4719 3014 4775 mulieri
3067 4720 3229 4775 liceat
3268 4735 3466 4791 corpus
3498 4735 3649 4776 suum
3694 4716 3767 4770 alii

2194 4813 2440 4880 tradere;
2474 4814 2704 4870 invicem
2753 4814 2900 4870 enim
2947 4813 3050 4870 sibi
3104 4813 3383 4870 debitores
3429 4824 3558 4869 sunt
3597 4813 3646 4869 in
3687 4810 3766 4866 hac

2192 4922 2377 4976 causa,
2407 4925 2473 4965 ne
2504 4907 2766 4979 peccandi
2795 4907 2957 4964 detur
2986 4909 3227 4963 occasio.

2266 5003 2445 5074 (Vers.
2477 5000 2559 5075 5.)
2590 5001 2769 5058 Nolite
2797 5002 3046 5073 fraudare
3081 5003 3319 5056 invicem.
3353 5001 3466 5057 lloc
3500 5002 3650 5066 dicit,
3682 5007 3702 5036 δ
3725 5005 3766 5050 ιιι

2193 5097 2484 5151 conveniat
2532 5095 2640 5150 illis
2687 5097 2739 5150 in
2800 5111 2860 5151 re
2902 5097 3111 5163 uxoria,
3157 5113 3223 5151 ne
3268 5096 3536 5152 dissentio
3569 5099 3764 5166 generet

2192 5185 2629 5242 fornicationem.
2680 5186 2803 5241 Nisi
2844 5204 2910 5242 ea:
2937 5204 3188 5243 consensu
3218 5189 3286 5243 ad
3325 5198 3586 5260 tempus;~
3612 5187 3659 5242 id
3680 5190 3764 5244 est.

2190 5289 2249 5334 ut
2280 5295 2346 5335 ex
2373 5281 2625 5336 condicto
2653 5279 2968 5336 abstineant
2994 5296 3072 5348 se,
3115 5291 3339 5352 propter
3372 5285 3672 5353 gratiarum
3695 5292 3765 5333 ac-

2189 5373 2387 5427 tiones.
2426 5373 2495 5428 Ut
2531 5375 2720 5428 vacelis
2743 5374 2983 5428 orationi.
3013 5372 3354 5444 Quamquam
3393 5374 3539 5430 enim
3565 5375 3678 5428 sine
3699 5369 3762 5424 iu-

2187 5466 2538 5521 termissione
2572 5466 2836 5520 orandum
2867 5465 2961 5533 sit,
2994 5466 3279 5521 meditatio
3309 5467 3453 5522 cnim
3501 5469 3612 5522 bzec
3638 5459 3759 5518 omni

2189 5557 2279 5611 die
2323 5555 2568 5612 facienda
2597 5568 2716 5623 est;
2751 5565 2932 5614 tamen
2965 5569 3021 5612 ιιι
3067 5560 3301 5613 orationi
3349 5558 3621 5621 insistant,
3661 5554 3759 5608 huic

2189 5650 2267 5704 rei
2309 5649 2608 5704 vacandum
2647 5652 2916 5722 prmcipit,
2962 5651 3302 5721 interpositis
3351 5649 3673 5721 temporibus
3704 5643 3755 5698 ad

2193 5736 2474 5797 Doniinum
2505 5744 2961 5813 promerendum;
2993 5755 3050 5800 ut
3089 5744 3232 5800 enim
3263 5743 3600 5809 misereatur,
3632 5753 3755 5796 mun'
