3978 6310
45 301 134 362 ΞΠ

837 303 1334 363 COMMENTARIA
1377 306 1445 364 IN
1485 307 1701 384 EPIST.
1743 312 1837 368 AD
1877 312 2205 373 CORINTH.
2246 316 2534 378 PRIMAM.

3230 325 3338 382 2l8

44 425 153 479 dius
183 420 503 478 exorandus
536 429 637 478 est.
681 420 937 490 Quamvis
986 423 1185 478 munda
1213 425 1323 479 sint
1354 425 1623 497 conjugis,
1655 432 1710 492 Α
1735 438 1847 486 tute
1877 433 2212 490 contendere
2247 453 2259 488 :
2294 439 2497 492 nubant
2521 439 2726 510 utique,
2753 439 2799 496 si
2828 441 2911 498 uri
2937 443 3150 502 timent.
3179 446 3346 503 Forte

48 528 206 574 tamen
233 517 410 572 etiam
442 532 470 570 a
499 517 660 571 licitis
687 517 1070 573 abstinendum
1098 527 1201 586 est,
1237 528 1292 573 ut
1322 519 1534 576 facilius
1564 520 1629 576 ad

45 611 275 668 effectum
334 609 638 665 deducatur
699 611 891 665 oratio.
949 609 1081 666 Nam
1131 619 1186 666 et
1240 611 1298 666 in
1348 612 1468 683 lege
1506 627 1632 668 sau-

45 703 249 759 ctilicari
282 703 566 769 volentes,
601 702 740 757 inter
784 712 980 758 czctera
1017 705 1182 759 etiam
1213 705 1280 761 ab
1306 707 1424 760 uvis
1459 708 1631 776 passis

41 797 178 867 jussu
241 795 458 850 Domini
511 796 916 866 temperabant;
967 805 1025 852 ut
1075 798 1269 854 fierent
1331 800 1633 857 sanctiores

46 888 216 961 (Nam.
261 903 343 952 γι,
387 886 466 957 4).
507 888 640 943 Cum
670 890 814 944 enim
851 891 971 960 quis
1005 891 1169 944 etiam
1216 906 1479 947 concessa
1524 907 1631 947 non

44 985 310 1055 contingit,
343 985 585 1041 ostendit
611 1001 668 1040 se
692 986 856 1052 velle,
885 987 1029 1056 quod
1058 997 1332 1056 precatur,
1359 989 1632 1059 accipere.

114 1079 259 1152 133
285 1078 349 1132 Et
385 1081 571 1134 iterum
617 1081 930 1136 revertimini
951 1081 1020 1134 ad
1050 1082 1104 1135 id
1123 1082 1318 1152 ipsum.
1363 1083 1632 1152 Quoniam

46 1175 370 1228 llconsilium
401 1173 726 1244 conjugibus
774 1174 868 1230 dat
924 1184 1049 1246 post
1103 1176 1221 1232 dies
1247 1176 1518 1232 orationis
1567 1175 1636 1233 ad

45 1283 186 1322 usum
217 1269 522 1323 naturalem
549 1269 746 1323 reverti
779 1267 978 1324 debere
1012 1286 1026 1322 :
1061 1267 1146 1323 Ne
1181 1285 1268 1324 ros
1297 1278 1450 1324 tentet
1472 1270 1634 1325 Sata-

45 1378 128 1415 nas
151 1369 354 1432 prapter
382 1361 830 1432 intemperantiam
862 1368 1114 1428 vestram;
1146 1363 1490 1432 interpositis
1516 1362 1637 1418 die-

43 1456 132 1510 bus
162 1454 538 1510 abstineudum
577 1466 800 1519 monet;
845 1471 911 1511 nc
943 1459 1160 1512 occasio
1195 1457 1357 1512 detur
1386 1457 1633 1524 diabolo,

44 1550 172 1603 sicut
209 1547 341 1602 dicit
384 1549 576 1603 Petrus
610 1549 936 1618 apostolus:
988 1547 1124 1603 Ecce
1177 1550 1418 1606 diabolus
1461 1561 1516 1605 ut
1557 1553 1636 1607 leo

44 1645 237 1716 rugiens
265 1644 474 1710 circuit,
506 1659 737 1714 quaerens
760 1660 911 1714 quem
941 1647 1144 1700 devoret
1177 1646 1234 1719 (I
1269 1645 1413 1701 Petr.
1447 1663 1504 1714 v,
1545 1647 1632 1720 8).

46 1735 95 1793 Si
139 1738 276 1792 enim
317 1751 486 1792 causa
530 1737 766 1792 filiorum
812 1737 1174 1794 creandorum
1218 1738 1437 1794 ducitur
1476 1755 1629 1808 uxor,

1734 525 1880 580 enim
1933 537 2192 597 poterunt
2235 528 2341 584 hoc
2399 540 2587 600 postea
2645 532 2908 603 adipisci;
2939 536 3151 608 digesto
3197 541 3342 596 enim

1735 620 2129 691 impedimento
2181 632 2400 695 reparat
2447 640 2508 681 se
2551 625 2802 683 voluntas
2853 631 3168 690 robustiore
3229 634 3340 691 vir-

1734 723 1869 770 tute.

1808 808 2001 865 Melius
2026 821 2100 866 est
2131 813 2265 866 enim
2295 813 2507 882 nubere,
2533 833 2687 886 quam
2717 821 2823 875 uri.
2851 821 2966 878 Non
3010 823 3131 879 ideo
3162 822 3300 878 dixit
3327 840 3342 878 :

1739 902 1930 959 Melius
1977 916 2049 961 est
2078 908 2214 962 enim
2243 909 2451 976 nubere,
2482 928 2635 982 quam
2679 916 2760 968 uri
2785 957 2801 982 ,
2850 917 3003 987 quasi
3034 918 3238 973 bonum
3272 917 3342 972 sit

1739 997 1847 1062 uri,
1889 996 2012 1053 ideo
2040 998 2246 1054 nubere
2282 1001 2482 1057 melius
2513 1021 2525 1055 :
2560 1005 2655 1060 sed
2703 1010 3152 1065 consuetudinem
3185 1024 3342 1064 secu-

1738 1097 1823 1144 tus
1855 1100 1960 1146 est.
1986 1091 2240 1147 Solemus
2263 1093 2409 1149 enim
2440 1096 2626 1153 dicere
2657 1115 2669 1152 :
2700 1098 2890 1155 Melius
2915 1112 2998 1156 est
3025 1102 3234 1158 lucrum
3267 1100 3342 1155 fa-

1737 1199 1886 1252 cere,
1920 1202 2078 1258 quam
2131 1187 2415 1246 damnum.
2457 1191 2552 1248 Uri
2591 1209 2722 1250 vero
2750 1205 2856 1258 est,
2908 1195 3198 1251 desideriis
3255 1196 3345 1265 agi

1739 1282 1825 1338 vel
1854 1283 2027 1350 vinei;
2060 1299 2183 1339 cum
2209 1287 2352 1340 enim
2379 1287 2630 1343 voluntas
2658 1288 2826 1344 calori
2847 1290 3025 1344 carnis
3045 1291 3340 1354 consentit,

1738 1376 1919 1431 uritur
1954 1395 1967 1431 :
2009 1392 2131 1431 nam
2169 1377 2440 1434 desideria
2475 1381 2612 1452 pati,
2664 1389 2721 1437 et
2777 1397 2883 1437 non
2916 1382 3081 1450 vinci,
3117 1382 3343 1440 illustris

1737 1469 1836 1524 viri
1867 1479 1951 1525 est
1980 1481 2032 1526 et
2060 1472 2308 1542 perfecti.

1813 1565 1998 1634 (Vers.
2046 1567 2284 1639 10,11.)
2327 1568 2403 1624 Iis
2437 1578 2610 1625 autem
2662 1571 2752 1642 qui
2805 1570 3137 1626 matrimonio
3165 1570 3344 1641 juncti

1739 1669 1878 1726 sunt,
1922 1661 2166 1716 denuntio
2195 1680 2296 1716 non
2331 1679 2446 1734 ego,
2483 1665 2574 1719 sed
2607 1663 2883 1719 Dominus.
2921 1665 3213 1735 Postquam
3262 1664 3348 1718 in-

1741 1752 1922 1822 nuptis
1952 1763 2006 1806 et
2035 1753 2217 1808 viduis
2247 1757 2460 1811 locutus
2492 1766 2598 1820 est,
2631 1757 2731 1812 hos
2761 1757 3078 1827 alloquitur,
3111 1758 3200 1828 qui
3233 1773 3352 1812 ma-

49 1849 144 1890 non
185 1835 411 1888 multum
467 1845 682 1906 tempus
725 1849 1052 1890 concessum
1093 1835 1311 1891 videtur
1351 1837 1417 1891 ad
1456 1836 1632 1906 ipsum
1668 1837 1714 1896 B
1743 1845 2001 1900 trimonio
2023 1847 2195 1916 juncti
2229 1858 2391 1911 sunt,
2426 1865 2522 1905 ore
2553 1848 2876 1905 Dominico:
2914 1848 3142 1906 Uxorem
3172 1866 3203 1903 a
3235 1850 3348 1902 viro

51 1943 231 1993 usum;
271 1927 400 1998 quia
436 1936 495 1983 et
535 1928 652 1982 dies
685 1928 829 1996 festi,
871 1937 926 1984 et
969 1928 1087 1984 dies
1132 1931 1523 1998 processiouis,
1584 1941 1639 1986 et

54 2021 157 2090 ipsa
198 2023 334 2076 ratio
369 2033 672 2093 conceptus
713 2032 766 2077 et
798 2030 985 2092 partus
1019 2021 1176 2092 juxta
1219 2023 1392 2093 legem
1435 2025 1636 2079 cessari

58 2116 373 2186 temporibus
397 2115 483 2172 his
510 2116 716 2172 debere
746 2117 1152 2173 demonstrant.
1184 2166 1190 2173 .

127 2212 306 2282 (V’ers.
335 2212 392 2279 6,
428 2213 514 2281 7.)
558 2211 672 2267 Hoc
696 2225 868 2268 autem
897 2214 1014 2268 dico
1043 2215 1326 2267 secundum
1364 2214 1642 2286 indulgen-

68 2305 179 2357 tiam
225 2321 320 2359 non
359 2305 636 2360 secundum
663 2307 961 2372 imperium.
1007 2306 1359 2362 Manifestum
1391 2317 1474 2363 est
1517 2307 1640 2363 ideo

69 2399 163 2455 hoc
207 2401 347 2455 illum
383 2401 508 2456 dare
539 2402 852 2468 consilium,
894 2411 951 2456 ιιι
989 2403 1404 2458 fornicationem
1453 2405 1639 2459 exclu-

67 2494 171 2560 dat,
195 2510 292 2550 non
320 2505 370 2550 ut
395 2496 460 2550 ad
488 2497 776 2552 meliorem
803 2498 968 2552 vitam
995 2498 1344 2552 tendentibus
1368 2499 1472 2553 iter
1498 2498 1644 2552 clau-

63 2585 164 2642 dat.
222 2586 456 2643 Volebam
503 2599 674 2644 autem
723 2607 900 2646 omnes
950 2592 1188 2645 homines
1233 2607 1340 2646 esse
1388 2592 1518 2644 sicut
1565 2607 1644 2646 me

59 2679 231 2751 ipsum.
271 2681 542 2748 Quantum
589 2697 724 2754 ergo
769 2684 834 2738 ad
875 2683 1201 2738 benevolum
1248 2694 1303 2738 et
1348 2683 1644 2739 Sollicitum

61 2777 355 2844 magistrum
382 2779 640 2847 pertinet,
673 2793 867 2833 omnes
893 2779 1053 2844 tales,
1085 2778 1129 2832 si
1162 2778 1278 2832 fieri
1307 2787 1518 2848 posset,
1553 2793 1648 2832 vo-

60 2865 192 2921 lebat
219 2883 339 2924 esse
381 2868 525 2924 sicut
563 2885 622 2925 se
670 2869 868 2939 ipsum.
904 2869 1096 2938 Qualis
1135 2879 1317 2926 autem
1357 2871 1475 2941 ipSe
1503 2881 1644 2938 erat,

59 2976 172 3015 mox
199 2962 250 3017 in
278 2963 542 3033 subjectis
566 2964 808 3019 ostendit
833 2981 846 3018 :
873 2963 980 3020 Sed
999 2967 1347 3036 unusquisque
1379 2967 1645 3036 praprium

56 3059 231 3113 donum
259 3060 410 3115 habet
440 3078 505 3116 ea:
534 3061 662 3129 Deo,
700 3064 838 3119 alius
863 3066 1071 3135 quidem
1100 3066 1198 3128 sic,
1230 3066 1368 3120 alius
1392 3083 1513 3120 t'ero
1539 3068 1646 3129 sic;

56 3150 150 3207 hoc
175 3164 276 3223 est,
316 3157 688 3227 unusquisque
711 3158 865 3228 juxta
905 3169 1094 3214 votum
1127 3175 1282 3215 suum
1314 3161 1518 3215 donum
1552 3161 1647 3216 Dei

1743 1958 1844 1995 non
1873 1941 2137 1996 discedere
2160 1959 2179 2009 ;
2201 1944 2340 2013 quod
2362 1944 2406 1998 si
2434 1945 2746 2012 discesserit,
2797 1961 3004 1998 manere
3048 1946 3342 2015 innuptam.

1741 2033 1855 2090 Hoc
1882 2036 2429 2105 Apostoliconsilium
2455 2047 2560 2103 est,
2594 2047 2652 2093 ut
2681 2039 2724 2093 si
2770 2037 3086 2093 discesserit
3118 2046 3345 2107 propter

1744 2128 1940 2183 malam
1984 2130 2458 2186 conversationem
2504 2132 2631 2197 viri,
2673 2131 2782 2202 jam
2837 2131 3062 2202 innupta
3109 2139 3347 2185 maneat.

1744 2220 1847 2274 Aut
1875 2222 1982 2276 viro
2005 2238 2097 2276 suo
2127 2223 2478 2277 reconciliari.
2513 2223 2670 2292 Quod
2720 2224 2763 2279 si
2794 2223 3082 2280 continere
3127 2238 3206 2288 se,
3262 2223 3346 2277 iu-

1743 2315 1884 2385 quit,
1915 2331 2022 2371 non
2045 2325 2242 2386 potest,
2277 2318 2401 2386 quia
2439 2333 2680 2387 pugnare
2737 2334 2844 2372 non
2873 2318 2987 2372 vult
3014 2325 3200 2372 contra
3231 2331 3354 2370 car-

1746 2423 1896 2475 nem,
1925 2407 2045 2462 viro
2077 2408 2502 2474 reconcilietur;
2536 2424 2642 2463 non
2691 2408 2833 2464 enim
2863 2407 3200 2478 permittitur
3231 2424 3354 2461 tnu~

1747 2503 1891 2569 licri,
1927 2511 1984 2558 ut
2024 2505 2212 2571 nubat,
2270 2504 2316 2558 si
2350 2504 2522 2558 virum
2571 2519 2724 2558 suum
2757 2517 2921 2557 causa
2973 2500 3351 2556 fornicationis

1746 2596 2040 2661 dimiserit,
2074 2606 2163 2652 aut
2210 2597 2522 2666 apostasiw,
2547 2594 2685 2649 daut
2722 2594 2769 2648 si
2816 2595 3004 2650 illicita
3032 2594 3353 2664 impellente

1747 2688 1990 2753 lascivia,
2039 2703 2192 2744 usum
2253 2698 2462 2759 qumrnt
2518 2687 2740 2754 uxoris;
2796 2689 2919 2757 quia
2964 2687 3191 2742 inferior
3243 2703 3353 2743 non

1748 2785 1974 2838 omnino
2005 2782 2104 2838 hac
2135 2783 2255 2852 lege
2286 2783 2480 2849 utitur,
2509 2797 2611 2852 qua
2665 2782 2869 2851 potior.
2901 2781 2955 2837 Si
2989 2791 3169 2836 tamen
3222 2796 3354 2852 apo-

1747 2877 2032 2932 stataverit
2056 2876 2158 2942 vir,
2185 2884 2276 2930 aut
2300 2891 2453 2930 usum
2471 2885 2675 2942 qumrat
2698 2873 2892 2929 uxoris
2921 2877 3226 2940 invertere;
3250 2888 3351 2929 nec

1749 2972 1840 3026 alii
1869 2980 2051 3044 potest
2078 2971 2286 3026 nubere
2310 2971 2530 3038 mulier,
2568 2980 2590 3006 θ
2620 2987 2719 3025 nec
2750 2970 2950 3025 reverti
2983 2970 3047 3024 ad
3073 2969 3247 3024 illum.
3286 2967 3354 3023 Et

1751 3067 1913 3120 virum
1941 3081 2153 3138 uxorem
2185 3081 2287 3119 non
2317 3065 2592 3118 dimittere.
2635 3063 2972 3119 Subauditur
3007 3071 3210 3127 autem,
3262 3077 3354 3117 ex-

1750 3168 1904 3230 cepta
1930 3158 2308 3214 fornicationis
2330 3174 2514 3214 causa.
2555 3159 2619 3212 Et
2671 3158 2794 3213 ideo
2827 3173 2933 3213 non
2991 3157 3225 3227 subjecit
3273 3157 3356 3212 di-

59 3243 227 3312 habet,
278 3256 338 3302 ut
377 3250 421 3302 si
464 3249 617 3315 velit,
661 3251 834 3320 ipsius
879 3261 1014 3306 nutu
1060 3253 1185 3317 Dei,
1235 3254 1648 3319 possibilitatem
1677 3232 1722 3294 Ο
1755 3267 1907 3318 cens,
1941 3253 2080 3306 sicut
2111 3251 2179 3307 de
2203 3252 2434 3307 muliere
2465 3269 2478 3304 :
2512 3251 2657 3320 quod
2696 3251 2742 3304 si
2765 3251 3103 3312 discesserit,
3135 3264 3358 3304 manere

54 3351 429 3411 consequatur.
465 3343 596 3398 Ideo
627 3360 732 3397 non
766 3344 926 3399 debet
971 3347 1093 3416 quis
1131 3347 1431 3418 constringi
1459 3365 1472 3415 ;
1521 3365 1587 3403 ne
1618 3365 1648 3402 a

54 3431 191 3487 licito
215 3436 549 3504 prohibitus,
595 3437 788 3493 illicita
819 3438 1072 3494 admittat
1103 3457 1115 3493 :
1142 3439 1237 3496 sed
1274 3445 1391 3512 ipse
1419 3441 1518 3497 sibi
1549 3442 1650 3497 eli-

51 3537 150 3594 gat,
180 3530 304 3599 quid
329 3540 612 3601 sequatur.

51 3639 70 3681 ε,
118 3622 300 3693 (Vers.
330 3625 426 3696 8.)
465 3624 601 3680 Dico
628 3636 798 3682 autem
825 3644 929 3682 non
956 3629 1136 3696 nuptis
1166 3640 1211 3684 et
1238 3629 1430 3692 viduis,
1461 3630 1648 3684 bonum

51 3726 117 3769 est
153 3717 273 3783 illis,
317 3720 364 3773 si
386 3719 463 3774 sic
485 3731 852 3789 permaneant,
882 3723 1013 3776 sicut
1039 3733 1086 3778 et
1115 3740 1230 3795 ego.
1263 3724 1378 3778 Non
1419 3723 1647 3789 diceret,

48 3807 240 3864 bonum
265 3822 353 3868 est
385 3813 654 3883 innuptis,
687 3824 746 3868 ut
777 3815 905 3880 sint,
948 3815 1087 3870 sicut
1123 3824 1180 3869 rt
1210 3831 1352 3886 ego;
1383 3817 1481 3870 nisi
1507 3827 1652 3872 esset

50 3903 248 3975 integer
287 3921 548 3976 corpore.
580 3906 691 3963 Nec
728 3907 975 3962 diceret:
1017 3907 1210 3963 Omnes
1254 3909 1486 3963 homines
1508 3911 1648 3962 vole-

50 3995 153 4051 bam
181 4016 313 4065 esse,
345 4001 480 4055 sicut
506 4016 586 4054 me
605 4001 817 4072 ipsum;
849 4000 896 4056 si
932 4001 1076 4055 enim
1108 4001 1355 4056 habuerit
1391 4017 1648 4069 uxorem,

49 4098 99 4144 et
127 4091 225 4148 hoc
251 4092 412 4157 dixit,
432 4095 674 4163 virgines
697 4108 816 4149 esse
836 4094 1031 4149 noluit.
1063 4094 1169 4150 Sed
1197 4094 1366 4160 absit;
1401 4094 1480 4149 sic
1503 4095 1647 4150 enim

48 4200 72 4238 a
105 4191 332 4257 pueritia
375 4189 403 4228 δ
429 4189 678 4255 servivit,
733 4199 792 4245 ut
844 4190 1000 4260 hujus
1034 4191 1108 4246 rei
1142 4191 1382 4246 studium
1411 4207 1518 4247 non
1549 4191 1649 4247 ha-

48 4278 229 4346 beret;
281 4283 487 4354 quippe
542 4297 666 4338 cunt
717 4283 1044 4353 juvenculus
1090 4283 1419 4354 anticipatus
1476 4286 1546 4339 sit
1619 4300 1647 4338 a

47 4377 205 4446 gratia
237 4378 362 4433 Dei.
404 4378 697 4448 Postquam
721 4377 857 4432 dixit
888 4392 1330 4447 unumquemque
1362 4379 1645 4448 proni-ium

45 4468 240 4526 donum
269 4472 476 4528 habere
508 4488 535 4525 a
564 4473 699 4539 Deo,
733 4471 975 4527 ostendit
1000 4472 1053 4525 in
1085 4487 1190 4542 qua
1235 4486 1294 4526 re
1341 4471 1533 4525 melius
1567 4481 1651 4526 est

49 4578 164 4620 esse
195 4567 642 4637 propensiorem;
693 4566 818 4636 quia
850 4565 904 4619 in
926 4579 993 4620 eo
1015 4564 1300 4635 adjuvatur
1327 4565 1472 4635 quis,
1501 4563 1643 4634 quod

46 4660 253 4718 videtur
275 4663 537 4718 aviditate
567 4660 769 4717 mentis
813 4669 1093 4730 appetere.

117 4756 300 4826 (Vers.
336 4757 422 4828 9.)
465 4757 619 4826 Quod
662 4757 784 4812 sise
824 4773 925 4810 non
950 4756 1233 4821 continent,
1281 4754 1495 4809 nubant.
1534 4765 1554 4792 ο
1588 4755 1646 4810 1η

48 4849 140 4904 ista
175 4867 235 4907 re
266 4853 394 4908 illos
423 4853 540 4907 vult
570 4851 932 4916 contendere,
965 4860 1020 4904 ut
1047 4850 1385 4905 contineant.
1421 4848 1578 4918 Quod
1601 4848 1648 4904 si

48 4945 280 5014 impulsu
314 4947 498 5001 carnis
553 4959 906 5016 perseverare
953 4959 1013 4999 se
1054 4943 1296 4999 viderint
1323 4960 1434 4998 non
1467 4959 1650 5014 posse,

46 5042 161 5109 quia
190 5056 290 5097 nec
322 5050 450 5097 sunt
478 5040 842 5111 promptiores
866 5038 917 5092 in
960 5052 1027 5092 eo
1055 5037 1194 5107 ipso,
1239 5047 1298 5092 ut
1325 5037 1652 5107 adjuventur

48 5145 72 5183 a
105 5131 246 5199 Deo;
271 5133 428 5188 illum
445 5133 593 5190 enim
625 5131 767 5188 Deus
809 5129 986 5200 juvat,
1016 5145 1178 5199 quem
1212 5129 1360 5186 videt
1388 5136 1501 5184 tota
1536 5129 1649 5183 vir-

114 5343 138 5369 °
158 5331 295 5388 Cod.
331 5334 530 5400 Laud.,
563 5333 826 5407 conjugiis
845 5332 1126 5407 consilium
1178 5334 1353 5407 datur,
1384 5334 1451 5407 ad
1477 5334 1650 5407 ipsum

49 5401 322 5460 Dominum
347 5401 692 5470 revertantur,
721 5401 1035 5459 abstinentes
1073 5421 1126 5458 se
1149 5403 1212 5458 ab
1241 5401 1649 5472 uxoribus'suis;

959 5493 969 5504 '
979 5493 1070 5529 ιιιιε
1099 5493 1326 5529 υοιηυιι.

49 5488 100 5529 ιιι
131 5479 330 5544 possint
360 5479 568 5549 dignius
618 5478 857 5547 accipere
882 5493 1070 5545 corpus
1099 5476 1326 5529 Domini.

117 5547 326 5604 bRom.
363 5551 498 5605 edit.
557 5564 621 5602 ac
681 5563 815 5604 mss.
879 5548 1150 5609 nonnulli,
1198 5548 1386 5617 spiritu
1438 5547 1651 5619 ferbuit.

121 5631 139 5658 ε
178 5621 301 5674 Vel.
335 5622 468 5676 edit.
497 5635 562 5675 ac
609 5635 744 5675 mss.
806 5620 1254 5686 frequentiSsimi,
1308 5620 1506 5673 imitari
1535 5620 1656 5674 illos

48 5692 181 5756 rnlt;
205 5692 372 5747 Rom.
403 5692 639 5755 edit.,..'.
667 5709 721 5747 se
740 5692 864 5745 vult.
896 5691 1046 5745 Haud
1074 5691 1440 5755 incommode,
1472 5707 1654 5744 veram

53 5770 520 5832 tamen-putamus
551 5764 845 5818 lectionem
885 5778 1030 5828 csse,-
1077 5779 1239 5833 quam
1285 5777 1317 5817 e
1348 5763 1471 5816 cod.
1508 5763 1649 5816 V’all.

51 5837 416 5904 reposuimus.

119 5904 336 5964 dRom.
399 5908 562 5978 edit.,
628 5916 716 5960 aut
773 5907 817 5961 si
871 5904 1164 5975 impellente
1217 5905 1452 5971 lascivia,
1502 5917 1652 5958 usum

1752 3348 1862 3411 sic;
1895 3347 2019 3416 quia
2050 3347 2168 3400 viro
2200 3345 2322 3400 licet
2349 3345 2548 3400 dueere
2569 3360 2816 3410 uxorem,
2845 3343 2892 3398 si
2925 3344 3195 3399 dimiserit
3225 3358 3359 3398 uxo-

1754 3455 1869 3495 rem
1897 3448 2211 3508 peccantem
2250 3457 2263 3494 :
2294 3439 2420 3508 quia
2446 3454 2551 3491 non
2573 3436 2646 3490 ita
2672 3437 2790 3506 lege
2812 3436 3216 3506 constringitur
3232 3437 3311 3490 vir
3342 3477 3357 3501 ,

1751 3535 1890 3589 sicut
1922 3535 2144 3599 mulier;
2187 3541 2352 3601 caput
2377 3533 2519 3586 enim
2553 3532 2799 3586 mulieris
2828 3532 2912 3584 vir
2939 3540 3043 3586 est.

1827 3627 2012 3697 (Vers.
2042 3626 2178 3698 l2).
2226 3625 2367 3680 Nam
2395 3627 2595 3680 caeteris
2622 3641 2717 3695 ego
2749 3625 2885 3685 dico,
2924 3641 3027 3678 non
3079 3623 3354 3677 Dominus.

1757 3721 1869 3776 Hoc
1893 3720 2048 3786 dixit,
2107 3730 2164 3773 ut
2213 3719 2465 3774 ostendat
2512 3717 2642 3787 quid
2679 3716 2903 3786 proprio
2949 3731 3046 3771 ore
3095 3717 3358 3770 Dominus

1749 3813 1945 3884 jussit;
1979 3825 2032 3869 et
2065 3813 2193 3884 quid
2228 3811 2391 3883 hujus
2424 3809 2738 3864 auctoritati
2795 3809 3112 3874 concessit;
3155 3809 3278 3878 quia
3308 3818 3365 3862 ct

1754 3923 1852 3979 per
1905 3909 2067 3964 istum
2121 3906 2388 3962 Dominus
2440 3905 2701 3975 loquitur.
2756 3902 2845 3958 Ait
2870 3902 3015 3957 enim
3050 3903 3167 3956 :An
3203 3919 3355 3973 cxpe-

1753 4004 2026 4058 rimentum
2074 4002 2305 4072 quwritis
2363 4003 2494 4073 ejus,
2521 4003 2608 4068 qui
2662 4002 2715 4054 in
2739 4018 2819 4056 me
2869 4002 3094 4072 loquitur
3121 3999 3358 4057 Christus

1754 4098 1822 4170 (11
1846 4095 1964 4152 Cor.
1994 4096 2198 4167 xm,3).
2915 4135 2918 4138 .

1830 4190 1989 4264 134
2014 4191 2192 4264 (Vers.
2229 4189 2342 4263 15.)
2382 4189 2442 4245 Si
2469 4190 2584 4262 quis
2611 4192 2774 4260 frater
2799 4207 3012 4245 uxorem
3054 4191 3202 4245 habet
3234 4191 3359 4256 inﬁ-

1754 4287 1942 4352 delem,
1970 4297 2017 4340 et
2046 4286 2154 4340 hau:
2177 4286 2430 4340 consentit
2463 4284 2694 4340 habitare
2715 4303 2830 4340 cum
2859 4286 2974 4352 illo,
3010 4303 3110 4340 non
3139 4286 3368 4340 dimittat

1752 4379 1921 4434 illam.
1953 4377 2024 4432 Et
2054 4381 2098 4432 si
2119 4396 2222 4448 qua
2247 4378 2435 4432 mulier
2459 4377 2607 4432 habet
2642 4379 2809 4432 uirum
2851 4377 3116 4446 inﬁdelem
3139 4421 3152 4442 ,
3195 4389 3242 4431 et
3282 4377 3368 4432 hic

1754 4473 2006 4527 consentit
2039 4471 2272 4526 habitare
2307 4488 2424 4524 cum
2465 4471 2579 4537 illa,
2614 4487 2715 4525 non
2746 4471 3002 4539 relinquat
3031 4471 3216 4524 virum.
3251 4469 3365 4525 Hoc

1759 4565 1916 4631 dixit,
1945 4567 2068 4636 quia
2103 4566 2242 4619 inter
2274 4564 2361 4618 illa
2391 4564 2714 4635 primordia,
2744 4579 2865 4618 cum
2889 4565 3051 4618 ambo
3072 4565 3260 4632 utique
3278 4577 3365 4618 es-

1677 4643 1730 4702 Ῑ)
1757 4670 1879 4717 seut
1909 4659 2161 4731 gentiles,
2195 4657 2357 4712 fiebat
2386 4667 2443 4710 ut
2465 4672 2606 4711 unus
2629 4672 2696 4711 ex
2730 4657 2813 4711 his
2836 4657 3092 4711 crederet
3119 4675 3131 4709 :
3159 4666 3213 4710 et
3237 4657 3365 4726 quia

1757 4753 2054 4809 horrebant
2083 4750 2274 4821 perfidi
2304 4750 2574 4804 culturam
2612 4749 2730 4814 Dei,
2761 4749 3014 4805 similiter
3041 4759 3096 4804 et
3125 4748 3363 4805 creden-

1757 4859 1838 4904 tes
1867 4846 2392 4901 contaminationem
2428 4844 2684 4914 prtcteriti
2719 4843 2930 4900 erroris
2963 4861 2978 4910 ;
3011 4845 3136 4899 ideo
3172 4843 3368 4912 pra'ci-

1757 4944 1858 5014 pit,
1888 4952 1943 4997 ut
1991 4941 2034 4994 si
2069 4941 2312 4995 contenti
2346 4949 2532 4994 essent
2573 4939 2824 4995 habitare
2864 4954 2986 4995 cum
3024 4938 3322 4993 immutatis
3347 4979 3362 5005 ,

1756 5036 2000 5093 contenti
2037 5043 2222 5090 essent
2249 5042 2306 5086 et
2339 5032 2526 5087 fideles
2548 5048 2672 5088 esse
2693 5048 2817 5088 cum
2851 5033 2980 5086 illis.

1831 5127 2016 5200 (Vers.
2053 5123 2168 5196 H.)
2199 5123 2573 5193 Sanctiﬁcatus
2603 5133 2678 5179 est
2715 5124 2854 5178 enim
2893 5123 2969 5176 uir
3008 5120 3236 5190 infidelis
3273 5133 3362 5190 per

1753 5341 1951 5404 quierat
1982 5329 2162 5404 uxoris
2190 5328 2764 5404 invertere_;_vet_cdit.
2806 5342 2870 5382 ac
2905 5338 3036 5404 mss.
3066 5334 3127 5404 ut
3157 5325 3209 5378 in
3234 5338 3367 5404 co_t_t-_

1757 5395 1961 5468 iextu,
2034 5401 2134 5456 nisi
2209 5402 2352 5471 quod
2423 5401 2550 5455 alibi
2612 5401 2890 5464 habetur,
2949 5395 3165 5462 illicite,
3238 5397 3366 5451 alibi

1754 5476 1962 5530 illicita.

1833 5551 1856 5578 °
1888 5547 2074 5603 Codex
2125 5544 2315 5609 Corb.,
2348 5558 2437 5596 nec
2485 5542 2669 5595 reverti
2714 5556 2869 5594 causa
2898 5537 3270 5606 fornicationis
3299 5540 3366 5594 ad

1757 5619 1926 5673 illum.
1963 5618 2117 5686 Quod
2143 5626 2324 5671 autem
2350 5611 2754 5686 νΙιιιὶιριιιιχὶιιΓιιι,
2780 5629 2792 5665 :
2823 5609 2888 5662 Et
2936 5610 3201 5686 ideo‘non
3252 5613 3370 5666 sub-

1747 5690 1903 5760 jecit,
1933 5680 2062 5755 rte,
2098 5705 2268 5754 uSque
2294 5685 2358 5739 ad
2409 5681 2858 5760 t'ers.__l2,__abest
2907 5695 2955 5760 a_
2983 5680 3106 5760 cod.
3146 5682 3364 5760 Retnig.

1757 5751 1994 5826 ιιιιοζιίι
2031 5751 2303 5830 adjectum
2343 5754 2622 5810 contendit
2673 5753 2732 5807 Ρ.
2803 5751 3145 5809 Lombardus
3207 5757 3249 5812 l.
3300 5751 3375 5824 t'v,

1755 5831 1888 5890 dist.
1915 5833 2009 5889 55.
