3978 6310
650 326 755 381 919

1637 323 1729 381 AD
1767 319 1998 382 OPERA
2039 325 2285 385 SANCTI
2324 323 2652 384 AMBROSII
2694 323 3052 384 APPENDIX.
3821 333 3896 386 Siti

639 455 842 494 uxorem
870 441 1074 509 ﬁdelem
1093 480 1108 502 ,
1137 448 1185 494 et
1224 440 1552 510 sanctiﬁcata
1573 451 1648 496 est
1690 443 1872 496 mulier
1911 443 2138 512 inﬁdeiit
2167 451 2233 498 ea:
2256 441 2311 504 Α
2334 443 2460 498 visit
2487 443 2773 514 unicuique
2806 444 3064 499 Dominus
3087 487 3103 511 ,
3134 445 3349 516 quando
3377 445 3622 502 salvetur
3641 489 3658 514 ,
3691 445 3790 502 hoc
3813 459 3899 508 est.

633 536 742 589 uiro
769 536 934 592 ﬁdeli.
969 545 994 573 α
1028 534 1244 590 [labere
1275 535 1404 590 illos
1434 535 1762 591 benelicium
1795 537 1953 592 bonae
1982 539 2230 592 volunta-

636 629 704 681 tis
733 628 1005 693 ostendit;
1038 628 1160 696 quia
1180 615 1485 682 horrorem
1513 630 1748 682 nominis
1773 627 1973 685 Christi
2006 645 2111 685 non
2143 629 2236 684 ha-

632 719 761 774 bent
789 737 800 772 :
829 729 882 775 et
913 721 977 775 ad
1014 723 1300 775 tuitionem
1353 721 1573 790 hospitii
1608 722 1876 793 pertinet,
1909 724 1962 778 in
1995 739 2102 794 quo
2128 725 2236 794 sig-

629 827 756 866 nutu
811 811 871 867 ﬁt
907 813 1122 880 crucis,
1168 829 1277 885 quo
1319 829 1470 870 mors
1519 815 1660 870 vieta
1702 823 1827 882 est;
1874 814 2233 874 sanctiﬁcatio

634 906 782 961 enim
813 915 916 961 est.

698 1001 942 1072 Alioquin
972 1001 1070 1072 ﬁlii
1096 1003 1252 1057 vestri
1274 1003 1528 1056 immundi
1550 1013 1738 1060 essent.
1763 1003 2031 1060 lmmundi
2049 1016 2236 1060 essent

628 1095 725 1152 ﬁlii
753 1113 965 1164 eorum,
987 1097 1015 1136 ι)
1033 1099 1077 1154 si
1101 1099 1454 1155 dimitterent
1477 1099 1725 1155 volentes
1755 1101 2000 1156 habitare
2021 1116 2232 1169 secum,

627 1200 680 1243 et
711 1190 833 1245 aliis
863 1206 924 1246 se
949 1192 1316 1261 copularent;
1349 1203 1538 1248 essent
1569 1194 1716 1247 enim
1755 1193 2012 1257 adulteri,
2046 1209 2111 1250 ac
2139 1209 2238 1265 per

627 1281 730 1337 hoc
760 1293 816 1337 et
848 1284 939 1338 lilii
968 1300 1158 1340 eorum
1184 1286 1354 1355 spurii
1383 1303 1397 1351 ;
1430 1286 1552 1341 ideo
1572 1286 1857 1343 immundi.
1886 1287 2045 1342 Nunc
2063 1298 2234 1341 autem

628 1377 798 1428 sancti
827 1388 968 1431 sunt.
999 1377 1193 1433 Sancti
1224 1388 1388 1444 sunt;
1421 1379 1545 1448 quia
1564 1379 1634 1433 de
1651 1380 2107 1449 conjugiislicitis
2124 1381 2236 1435 nati

636 1481 759 1525 sunt
790 1488 802 1522 :
834 1480 890 1526 et
929 1474 1052 1541 quia
1101 1473 1203 1528 sub
1245 1474 1510 1529 creatoris
1559 1476 1913 1530 veneratione
1955 1477 2067 1529 nati
2109 1483 2237 1530 sunt

630 1567 991 1634 propensiore
1021 1584 1086 1622 ex
1119 1576 1291 1637 parte.
1325 1569 1459 1637 Quia
1487 1570 1632 1624 sicut
1663 1581 1683 1607 ο
1714 1569 1978 1640 quidquid
2011 1585 2106 1639 per
2141 1569 2237 1624 de-

628 1657 956 1714 dicationem
991 1660 1266 1716 idolorum
1298 1664 1387 1727 lit,
1439 1661 1778 1716 immundum
1818 1672 1936 1726 est;
1968 1665 2039 1715 ita
2073 1663 2235 1732 quid-

636 1750 763 1819 quid
791 1752 892 1807 sub
925 1753 1015 1806 Dei
1050 1755 1320 1808 creatoris
1349 1754 1692 1820 professione
1724 1754 1814 1820 ﬁt,
1854 1762 2099 1808 sanctum
2128 1765 2232 1809 est.

2338 537 2439 591 scit
2461 537 2681 607 quando
2711 545 2887 606 potest
2922 537 3178 605 credere,
3212 551 3266 595 et
3291 541 3516 597 sustinet
3540 542 3726 596 illum.
3756 540 3817 598 Et
3839 542 3901 598 hic

2338 629 2492 684 docet
2515 629 2912 700 exspectandus
2933 646 3050 696 eos,
3076 647 3173 688 nec
3199 633 3511 688 scandalum
3526 635 3598 689 de
3619 635 3709 689 his
3725 640 3821 704 pati
3837 636 3903 690 dc-

2338 723 2491 786 bere,
2518 725 2641 793 quia
2667 724 3020 779 custodienda
3047 734 3128 779 est
3152 740 3276 795 spes
3305 727 3515 782 illorum
3541 744 3554 793 ;
3591 727 3643 783 si
3670 728 3808 782 enim
3829 727 3902 796 ipsi

2338 815 2716 882 discesserint,
2748 816 3208 873 dissimulandum
3241 819 3309 873 ab
3337 818 3443 874 his.

2413 907 2833 981 Unumqucmque
2858 911 2992 965 sicut
3020 912 3217 966 vocavit
3253 910 3415 977 Deus,
3447 911 3518 966 ita
3538 911 3790 966 ambulet.
3819 911 3898 967 Hoc

2339 1009 2446 1066 est,
2481 1003 2612 1056 utsi
2653 1003 2998 1057 matrimonio
3037 1001 3259 1073 junctus
3303 1015 3410 1068 est,
3456 1005 3549 1074 qui
3598 1004 3798 1071 credit,
3829 1023 3902 1059 non

2339 1093 2575 1161 deserat,
2607 1111 2782 1167 neque
2813 1096 2918 1159 vir,
2947 1112 3120 1168 neque
3151 1098 3347 1153 mulier
3373 1117 3386 1153 :
3416 1098 3511 1154 sed
3550 1099 3633 1155 sic
3685 1111 3902 1159 manest.

2339 1186 2453 1244 sive
2483 1187 2725 1254 Judaeus,
2753 1191 2868 1245 sive
2897 1189 3144 1246 Graecus.

2414 1283 2564 1338 Sicut
2592 1284 2646 1337 in
2676 1283 2912 1340 omnibus
2941 1282 3189 1340 Ecclesiis
3215 1285 3396 1340 doceo.
3429 1285 3501 1343 Ut
3543 1287 3794 1350 suadeat,
3831 1301 3905 1339 non

2339 1391 2401 1433 se
2426 1378 2588 1432 aliter
2618 1377 2702 1433 his
2736 1378 2970 1443 tradere,
2995 1393 3154 1449 quam
3186 1381 3437 1444 caeteris;
3473 1388 3531 1434 ut
3559 1395 3690 1434 cum
3719 1389 3906 1434 eteteros

2340 1469 2500 1538 hujus
2524 1470 2648 1526 ﬁdei
2677 1470 2779 1526 hoc
2809 1470 2992 1526 doceri
3023 1471 3270 1539 audiunt,
3304 1474 3610 1542 promptius
3651 1486 3907 1538 assequar-

2343 1572 2448 1618 tur.
2479 1563 2663 1620 Facile
2711 1565 2856 1620 enim
2893 1565 3016 1636 quis
3053 1564 3377 1633 inclinatur,
3411 1565 3457 1622 si
3490 1567 3693 1622 viderit
3738 1567 3905 1622 socium

2343 1661 2710 1716 consensisse.

2415 1753 2594 1824 (Vers.
2633 1754 2747 1826 18.)
2783 1752 3132 1809 Circumcisus
3157 1753 3349 1825 aliquis
3393 1765 3606 1809 uocatus
3655 1754 3783 1809 est!
3819 1751 3907 1808 Non
3968 1769 3969 1806 ξ

706 1841 888 1913 (Vers.
924 1845 1038 1916 15.)
1063 1846 1218 1912 Quod
1238 1847 1284 1900 si
1304 1847 1534 1917 inﬁdelis
1560 1847 1798 1911 discedit,
1833 1847 2080 1902 discedat.
2109 1848 2239 1901 Pro-
2272 1853 2318 1911 B
2343 1850 2570 1903 adducat
2597 1851 2932 1920 praeputium.
2953 1848 3066 1905 Hoc
3085 1857 3190 1910 est.
3217 1849 3357 1920 quod
3383 1849 3544 1915 dixit,
3574 1857 3636 1904 ut
3670 1849 3743 1903 ita
3763 1849 3908 1903 ambit»

642 1939 883 2007 positum
924 1940 1240 2011 religionis,
1269 1941 1540 2003 custodit.
1584 1941 1954 2011 prmcipiundo
1995 1957 2064 1996 ne
2093 1940 2242 1994 chri-

642 2031 805 2084 stiani
853 2032 1168 2101 relinquant
1191 2033 1440 2103 eonjugin
1473 2053 1486 2088 :
1521 2035 1615 2088 sed
1647 2034 1692 2088 si
1727 2033 1965 2089 inﬁdelis
1995 2033 2118 2089 odio
2142 2033 2240 2090 Dei

637 2121 891 2188 discedit,
927 2125 1104 2180 ﬁdelis
1128 2142 1234 2180 non
1265 2129 1372 2181 erit
1409 2143 1531 2183 reus
1569 2127 1821 2182 dissoluti
1865 2128 2238 2192 matrimonii;

637 2217 814 2288 majOr
844 2219 990 2275 enim
1021 2235 1188 2276 causa
1221 2221 1313 2276 Dei
1338 2231 1443 2289 est,
1475 2237 1636 2292 quam
1668 2224 2024 2278 matrimonii.

706 2312 824 2383 (:28,
853 2330 905 2383 q.
939 2313 996 2377 2,
1027 2331 1074 2370 c.
1110 2315 1172 2369 Si
1215 2316 1490 2386 inﬁdelis.)
1530 2315 1650 2370 Non
1681 2329 1755 2372 est
1793 2319 1928 2372 enim
1960 2320 2122 2390 frater
2151 2327 2241 2372 aut

635 2423 788 2462 soror
827 2409 1058 2464 servituti
1105 2411 1374 2485 subjectus
1413 2415 1467 2467 in
1508 2411 1832 2483 hujusmodi.
1860 2415 1971 2469 Hoc
1995 2425 2100 2479 est,
2133 2429 2240 2470 non

628 2497 865 2555 debetur
895 2504 1202 2558 reverentia
1232 2504 1468 2574 conjugii
1497 2507 1582 2571 ei,
1611 2509 1701 2576 qui
1735 2506 1920 2562 horret
1957 2519 2238 2563 auctorem

631 2594 874 2663 conjugii
901 2612 1060 2673 ;>non
1101 2598 1248 2652 enim
1299 2609 1474 2653 ratum
1514 2610 1600 2654 est
1632 2601 2065 2666 matrimonium,
2097 2600 2242 2671 quod

629 2685 750 2741 sine
781 2686 875 2742 Dei
899 2688 1194 2745 devotione
1225 2698 1313 2745 est
1337 2709 1350 2744 :
1379 2708 1443 2746 ac
1465 2707 1561 2761 per
1585 2695 1685 2746 hoc
1709 2709 1819 2747 non
1845 2704 1928 2749 est
1959 2704 2242 2763 peccatum

633 2778 708 2845 ei,
739 2781 832 2849 qui
866 2780 1162 2836 dimittitur
1188 2793 1410 2853 propter
1437 2784 1632 2851 Deum,
1664 2784 1710 2838 si
1748 2785 1838 2839 alii
1883 2800 1944 2840 se
1971 2786 2239 2856 iunxerit.

639 2870 982 2931 Contumelia
1013 2879 1159 2931 enim
1183 2876 1460 2934 Creatoris
1483 2879 1648 2934 solvit
1671 2880 1763 2949 jus
1783 2880 2117 2936 matrimonii
2137 2882 2244 2936 cir-

643 2981 704 3022 ca
727 2986 876 3037 eum,
897 2974 987 3041 qtti
1009 2973 1365 3044 relinquitur,
1383 2990 1452 3030 ne
1477 2986 1773 3031 accusetur
1802 2977 1892 3030 alii
1925 2979 2237 3048 copulatus.

633 3062 878 3122 lnﬁdelis
923 3078 1106 3123 autem
1145 3069 1472 3137 discedens,
1507 3081 1560 3125 et
1605 3071 1657 3125 in
1695 3071 1864 3126 Deum
1887 3081 1942 3128 et
1969 3073 2022 3125 in
2057 3073 2242 3127 matri-

631 3159 876 3214 monium
928 3177 1156 3230 peccare
1201 3163 1582 3233 dignoscitur;
1627 3166 1754 3234 quia
1792 3164 1970 3219 noluit
2008 3165 2112 3220 sub
2141 3166 2239 3222 Del

629 3247 922 3305 deVotione
947 3252 1150 3308 habere
1181 3256 1525 3326 coniugium.
1555 3255 1744 3326 Itaque
1776 3270 1883 3310 non
1911 3264 1996 3310 est
2024 3256 2074 3311 ei
2103 3257 2238 3312 tides
2264 3244 2308 3306 C

628 3341 899 3395 servanda
933 3345 1200 3416 conjugii,
1247 3349 1372 3416 quia
1421 3348 1545 3402 ideo
1596 3348 1830 3403 recessit
1855 3347 1884 3384 ἀ
1924 3363 1992 3404 ne
2020 3349 2236 3404 audiret

632 3443 912 3488 auctorem
960 3451 1083 3492 esse
1124 3438 1552 3494 cbristianorum
1593 3441 1762 3496 Deum
1803 3442 2066 3511 conjugii.
2100 3442 2236 3496 Nam

630 3529 722 3600 (Ill
758 3530 914 3587 Esdr.
942 3549 994 3587 ix
1020 3545 1064 3589 et
1092 3535 1224 3603 seq.)
1251 3535 1294 3588 si
1327 3534 1530 3588 Esdras
1552 3535 1753 3590 dimitti
1775 3535 1901 3591 fecit
1927 3553 2126 3594 uxores
2145 3548 2238 3595 aut

629 3625 778 3679 viros
809 3626 1098 3693 inﬁdeles;
1135 3637 1187 3682 ut
1216 3629 1488 3697 propitius
1529 3629 1684 3684 ﬁeret
1722 3630 1896 3696 Deus,
1931 3647 2032 3688 nec
2066 3634 2236 3688 iratus

627 3731 798 3787 esset,
830 3721 876 3776 si
903 3722 1040 3776 alias
1066 3739 1130 3777 ex
1161 3739 1365 3793 genere
1414 3738 1517 3777 suo
1548 3725 1863 3796 acciperent
1891 3744 1905 3793 ;
1943 3741 2047 3783 non
2085 3733 2233 3784 enim

626 3809 697 3862 ita
735 3823 1066 3884 praeceptum
1097 3813 1180 3868 his
1211 3824 1316 3878 est,
1339 3824 1394 3867 ut
1415 3816 1661 3870 remissis
1684 3817 1823 3884 istis,
1852 3819 1990 3874 alias
2009 3821 2237 3878 minime

626 3901 890 3960 ducerent
923 3928 935 3958 :
968 3918 1179 3976 quanto
1207 3909 1381 3978 magis
1411 3908 1458 3962 si
1490 3909 1724 3964 inﬁdelis
1750 3910 2063 3968 discesserit
2095 3914 2232 3971 libe-

627 4008 746 4049 rum
778 3996 1002 4052 habebit
1026 3999 1342 4066 arbitrium,
1376 4000 1425 4054 si
1449 4000 1686 4056 voluerit
1717 4003 1920 4059 nubere
1951 4006 2085 4076 legis
2123 4023 2237 4062 sure

629 4087 749 4140 viro
776 4088 798 4141 ?
830 4088 966 4143 Illud
999 4090 1145 4144 enim
1181 4107 1288 4144 non
1323 4091 1487 4145 debet
1520 4093 1776 4161 imputari
1805 4096 2233 4169 matrimonium,

628 4179 773 4249 quod
805 4191 961 4236 extra
988 4181 1272 4237 decretum
1312 4183 1407 4238 Dei
1445 4186 1641 4239 factum
1673 4195 1792 4240 est:
1835 4187 1930 4242 sed
1964 4203 2087 4244 eum
2117 4203 2237 4262 post

625 4273 910 4342 cognoscit.
937 4281 992 4328 et
1024 4274 1179 4329 dolet
1199 4289 1260 4329 se
1287 4273 1592 4345 deliquisse
1615 4317 1631 4341 ,
1654 4291 1716 4332 se
1741 4280 2017 4346 emendat,
2053 4293 2110 4336 ut
2144 4299 2240 4339 ve-

629 4365 773 4419 niam
827 4378 1127 4424 tncrcatur.
1170 4367 1224 4421 Si
1274 4379 1456 4422 autem
1509 4369 1672 4426 ambo
1719 4372 2090 4444 crediderint,
2139 4393 2236 4447 per

628 4458 997 4528 cognitionem
1027 4460 1122 4515 Dei
1151 4459 1480 4516 conﬁrmant
1501 4463 1837 4534 coniugium.

701 4549 768 4604 In
793 4567 918 4619 pace
946 4563 1119 4608 autem
1142 4556 1337 4608 uocauit
1367 4571 1459 4608 nos
1490 4553 1654 4609 Deus.
1730 4557 1925 4614 Verum
1970 4570 2075 4630 est,
2106 4565 2234 4634 quia

2344 1940 2842 2005 let,sicutvoeatus
2857 1948 2972 2007 est;
2999 1940 3460 2014 ut1351udzeus
3491 1939 3671 1996 iactus
3692 1940 3908 1995 christia.
3968 1977 3969 1988 ς

2347 2047 2446 2087 nus
2465 2046 2570 2087 non
2595 2041 2745 2101 putet
2763 2047 2823 2088 se
2848 2031 2988 2088 forte
3012 2033 3320 2103 indignum,
3337 2034 3464 2103 quia
3490 2033 3814 2102 prceputinm
3833 2045 3907 2084 non

2346 2124 2527 2190 habet,
2559 2125 2696 2180 dans
2721 2126 2949 2196 gloriam
2995 2126 3276 2197 praeputio.
3327 2124 3397 2180 In
3437 2128 3702 2198 pt'wpntio
3729 2128 3905 2195 quise:-

2344 2233 2490 2276 catus
2516 2234 2592 2277 est
2615 2225 2640 2278 Ρ
2669 2222 2792 2278 Non
2817 2223 3240 2278 circumcidatur.
3262 2221 3333 2278 Ut
3354 2223 3575 2293 gentilis
3598 2231 3818 2277 vocatus
3837 2236 3907 2272 non

2344 2318 2578 2370 aestimet
2623 2330 2682 2371 se
2731 2316 2933 2371 debere
2987 2315 3342 2381 circumcidi,
3387 2330 3489 2385 per
3522 2315 3578 2369 id
3625 2329 3768 2384 quos
3808 2312 3908 2366 tilias

2343 2409 2576 2464 Abrahae
2605 2409 2752 2465 audit
2797 2409 3062 2480 prteponi.
3110 2409 3221 2465 Nec
3261 2410 3412 2464 enim
3463 2409 3591 2478 quia
3643 2409 3908 2463 circumcisi

2345 2514 2492 2566 sum,
2527 2512 2934 2573 praeponuntur,
2970 2503 3064 2558 sed
3095 2504 3295 2558 merito
3328 2502 3575 2559 Abraba:
3602 2546 3616 2569 ,
3663 2503 3814 2572 cujus
3845 2499 3907 2553 lilii

2343 2597 2552 2651 suntin
2585 2607 2842 2666 utroque,
2876 2599 2920 2652 si
2954 2598 3180 2653 credant
3215 2614 3229 2650 :
3277 2598 3320 2653 si
3361 2597 3695 2668 quominus,
3743 2596 3907 2664 pejores

2343 2699 2503 2743 erunt
2531 2689 2865 2760 gentilibus;
2899 2689 3144 2745 deterius
3169 2699 3251 2746 est
3311 2692 3464 2746 enim
3516 2689 3696 2744 fuisse
3745 2699 3793 2744 et
3837 2698 3907 2740 nos

2345 2795 2488 2846 esse,
2524 2797 2684 2852 quam
2707 2797 2999 2852 numquam
3030 2782 3223 2838 fuisse.

2415 2878 2595 2947 (Vers.
2626 2877 2739 2947 19.)
2770 2878 3107 2932 Circumcisio
3152 2878 3285 2932 nihil
3313 2887 3412 2942 est,
3441 2887 3490 2931 et
3519 2879 3828 2949 pra-parium
3855 2878 3909 2930 tti-

2345 2971 2534 3025 ltilest.
2569 2969 2916 3026 Manifestum
2944 2979 3048 3038 est,
3088 2972 3211 3039 quia
3237 2987 3338 3026 nec
3365 2971 3550 3034 obest,
3585 2988 3691 3027 nec
3717 2970 3906 3042 prodest.

2345 3061 2452 3118 Sed
2479 3062 2763 3118 observatio
2793 3064 3154 3118 mandatorum
3185 3064 3305 3132 Dei,
3351 3065 3402 3118 id
3427 3075 3538 3134 est,
3587 3066 3730 3121 iich
3771 3062 3910 3135 propis
3968 3095 3969 3136 Ι

2341 3157 2474 3210 tium
2505 3156 2634 3211 facit
2661 3156 2854 3222 Deum,
2887 3156 2936 3210 si
2969 3158 3125 3212 bonis
3154 3159 3416 3228 operibus
3446 3161 3804 3230 approbetur.

2415 3249 2594 3321 (Vera.
2626 3250 2719 3314 20,
2743 3251 2862 3323 21.)
2899 3250 3267 3325 Unusquisque
3296 3257 3351 3308 in
3373 3272 3434 3310 ea
3455 3257 3758 3319 vocatione,
3785 3256 3912 3323 inqu

2341 3354 2550 3398 uocatus
2570 3354 2664 3409 est,
2690 3344 2743 3397 in
2763 3345 2877 3416 ipsa
2899 3356 3217 3416 permaneat.
3252 3348 3365 3403 lloc
3394 3348 3600 3413 ﬁrmat,
3623 3348 3772 3419 quod
3792 3359 3910 3414 supra
3968 3344 3969 3396 Ι

2341 3437 2500 3494 dixit.
2533 3437 2728 3493 Servus
2749 3450 2958 3494 vocatus
2990 3456 3042 3493 es
3067 3440 3092 3493 ?
3118 3439 3242 3495 Non
3283 3443 3350 3496 sit
3379 3442 3473 3496 tibi
3493 3458 3638 3497 cura:
3674 3460 3694 3497 :
3720 3441 3802 3497 sed
3828 3447 3866 3494 et
3885 3436 3913 3490 si

2341 3545 2483 3598 potes
2512 3534 2641 3589 liber
2672 3535 2807 3604 ﬁeri,
2841 3536 3005 3606 magis
3047 3547 3208 3590 utere.
3261 3536 3526 3592 Hortatur
3557 3546 3621 3592 ut
3661 3537 3803 3594 bene
3825 3547 3909 3588 set-

2340 3626 2494 3681 vieus
2523 3625 2591 3681 de
2619 3624 2719 3681 Dei
2745 3627 2941 3680 timore
2978 3627 3184 3681 carnali
3225 3628 3481 3692 domino,
3517 3629 3748 3700 dignum
3790 3639 3841 3682 se
3862 3625 3911 3678 b-

2341 3720 2449 3774 ciat
2477 3719 2750 3784 libertate,
2785 3733 2854 3774 ne
2882 3719 3112 3774 audiens
3148 3720 3328 3776 forte:
3375 3721 3572 3777 Seruus
3610 3733 3817 3777 uocatus
3842 3716 3911 3771 es?

2344 3814 2468 3870 Non
2499 3815 2590 3868 tibi
2633 3816 2698 3868 sit
2743 3829 2932 3882 curat;
2975 3816 3346 3886 negligentior
3377 3827 3532 3872 esset
3587 3819 3741 3873 circa
3785 3817 3912 3869 bonos

2341 3919 2496 3962 actus
2514 3906 2753 3962 carnalis
2777 3907 3014 3971 Domini,
3033 3917 3088 3962 et
3111 3907 3365 3964 doctrina
3382 3906 3590 3964 Christi
3613 3909 3912 3980 blasphema-

2340 4011 2511 4070 ream,
2530 4013 2583 4056 et
2599 4015 2700 4057 nec
2733 4001 2824 4056 ille
2860 4001 3028 4056 Deum
3061 4013 3500 4072 promereretur,
3526 4004 3703 4071 quiin
3741 4002 3817 4056 his
3842 4005 3913 4052 tet-

2340 4096 2490 4151 renis
2541 4095 2681 4150 bene
2729 4095 3010 4158 serviens,
3063 4095 3319 4150 meritum
3369 4095 3474 4150 sibi
3522 4095 3766 4151 collocat
3810 4086 3911 4161 apud

2341 4194 2512 4248 Deum
2540 4209 2552 4246 :
2585 4192 2709 4263 quia
2741 4191 2876 4246 dixit
2906 4192 3166 4245 Dominus
3199 4211 3212 4245 :
3265 4191 3372 4257 Qui
3420 4193 3476 4246 in
3518 4192 3750 4247 minimo
3787 4184 3913 4260 ﬁdeli:

2340 4295 2434 4350 est,
2463 4295 2510 4337 et
2535 4285 2588 4338 in
2612 4301 2799 4357 magno
2825 4283 2979 4356 (Luc.
3026 4297 3114 4338 ινι
3133 4326 3148 4351 ,
3179 4283 3295 4356 16⁸).

2413 4377 2596 4450 (Vers.
2621 4376 2740 4441 22.)
2774 4377 2878 4444 Qui
2899 4377 3032 4431 enim
3057 4378 3112 4431 in
3142 4377 3368 4432 Domino
3392 4386 3606 4432 vocatus
3635 4384 3717 4432 est
3745 4385 3913 4434 senii.

2341 4471 2550 4525 libertus
2577 4480 2654 4525 est
2696 4469 2927 4525 Domini.
2980 4469 3212 4540 Ereptus
3253 4473 3401 4526 enim
3447 4487 3474 4524 a
3517 4471 3798 4542 peccatis,
3824 4479 3908 4536 qm?

2338 4575 2469 4617 vere
2497 4577 2685 4617 servos
2711 4562 2965 4632 probant,
3004 4561 3236 4617 libertus
3265 4561 3369 4625 ﬁt;
3403 4562 3496 4618 hic
3540 4564 3695 4618 enim
3739 4559 3914 4617 omnim

631 4658 742 4697 non
774 4655 990 4714 oportet
1023 4648 1240 4718 litigare
1270 4663 1391 4703 cum
1421 4665 1507 4713 eo,
1542 4650 1631 4719 qui
1661 4650 1929 4717 discedit;
1958 4657 2082 4723 quia
2103 4655 2236 4712 odio
2259 4639 2314 4700 Ῑ)
2339 4670 2528 4709 servus
2553 4663 2636 4708 est
2658 4697 2672 4720 ,
2707 4654 2800 4724 qui
2839 4654 3216 4724 imprudenter
3256 4655 3392 4726 agit,
3427 4657 3573 4712 sicut
3602 4664 3660 4712 et
3685 4651 3913 4710 veteribus

631 4735 726 4792 Dei
758 4738 1007 4801 discedit,
1040 4755 1104 4794 ac
1134 4755 1231 4809 per
1262 4740 1364 4794 hoc
1395 4757 1499 4797 nec
1529 4742 1726 4812 dignus
1759 4743 2036 4802 habendus
2060 4757 2164 4804 est.

702 4830 887 4902 (Vers.
922 4832 1036 4903 16.)
1057 4833 1195 4899 Quid
1223 4835 1358 4888 enim
1387 4838 1508 4902 scis,
1539 4837 1745 4899 mulier,
1771 4839 1816 4892 si
1837 4840 2003 4894 uirum
2031 4843 2232 4896 salsum

626 4925 788 4993 facies
817 4925 841 4978 ?
872 4937 962 4981 aut
989 4928 1127 4982 unde
1153 4929 1277 4993 scis,
1302 4929 1401 4994 vir,
1445 4930 1490 4983 si
1537 4947 1753 4984 uxorem
1791 4934 1986 4988 micam
2034 4937 2232 5004 facies?

627 5016 738 5074 lloc
779 5019 933 5087 dicit,
966 5023 1088 5091 quia
1120 5023 1260 5078 forte
1287 5033 1515 5092 possunt
1540 5025 1935 5097 credere,°qui
1969 5045 2073 5085 non
2101 5030 2231 5086 bor-

628 5121 751 5166 reut
795 5128 996 5169 nomen
1037 5115 1262 5169 Christi.

699 5203 884 5275 (Vers.
911 5206 1027 5280 17.)
1079 5207 1198 5263 Nisi
1237 5211 1519 5281 unicuique
1553 5214 1687 5268 sicut
1725 5212 1898 5268 diuisit
1934 5211 2094 5269 Deus.
2134 5214 2226 5270 Di-

697 5367 824 5441 °_it_a
858 5376 968 5441 vet.
1000 5367 1134 5441 edit.
1188 5384 1252 5422 ac
1301 5385 1432 5423 mss.
1471 5369 1736 5441 plerique,
1779 5387 1808 5425 a
1857 5371 2058 5440 quibus
2126 5387 2238 5427 non

628 5434 856 5511 dissidet
884 5439 1043 5493 Rom.
1074 5440 1234 5503 edit.,
1263 5441 1364 5495 nisi
1392 5434 1534 5510 quod
1560 5434 1802 5511 priel'erl,
1829 5434 1932 5496 non
1956 5443 2141 5497 habere
2167 5443 2236 5496 ad

630 5508 895 5584 tuitionem
925 5528 936 5563 :
963 5526 1065 5565 ms.
1117 5523 1299 5567 autem
1350 5508 1516 5568 Corb.
1551 5508 1699 5583 legit,
1737 5513 1802 5569 In
1844 5516 2008 5584 fratre
2053 5514 2240 5569 habere

631 5577 750 5631 illos
781 5579 1117 5645 bene/icium,
1153 5596 1260 5637 etc.

703 5646 731 5686 δ
774 5649 874 5703 Ms.
909 5653 1099 5718 Corb.,
1133 5655 1177 5708 si
1232 5655 1546 5713 dimitterent
1571 5674 1788 5713 uxorem
1810 5673 1981 5717 suam,
2009 5658 2241 5713 nolentes

631 5736 743 5804 eam
771 5721 956 5779 habere
1000 5741 1193 5781 secum.
1221 5728 1285 5782 Et
1316 5728 1480 5798 inira,
1511 5732 1636 5802 quia
1659 5741 1706 5785 et
1731 5728 1796 5785 de
1821 5729 2126 5803 conjugibus
2168 5729 2236 5785 li-

635 5803 770 5850 οιωε.

725 5879 748 5908 ο
778 5866 1212 5948 Νοηηυιιίηιεεη
1232 5875 1485 5950 quidquid
1501 5871 2141 5952 pradicationeidolorum
2155 5873 2236 5946 fit.

2343 4749 2563 4820 placuit,
2593 4748 2683 4818 qui
2709 4762 2902 4803 omnes
2927 4747 3202 4817 sapientes
3225 4749 3436 4804 liberos
3455 4749 3826 4821 appellarunt,
3847 4745 3914 4798 in

2336 4841 2634 4916 prudentes
2664 4849 2844 4896 autem
2877 4857 3069 4896 omnes
3096 4855 3310 4898 servos.
3346 4843 3509 4899 Unde
3549 4855 3607 4898 et
3648 4844 3912 4899 Salomon:

2339 4934 2520 4998 Servo,
2562 4934 2736 5004 inquit
2774 4935 3000 5001 sapienti
3030 4934 3182 4988 liberi
3210 4938 3438 4990 servient
3473 4935 3665 5009 (Prov.
3720 4951 3828 4997 vn,
3861 4929 3912 4992 il-

2334 5029 2434 5085 Hic
2464 5042 2596 5095 ergo
2623 5028 2716 5098 qui
2740 5027 2948 5093 credit,
2985 5029 3092 5081 etsi
3122 5041 3319 5082 servos
3351 5029 3426 5083 sit
3457 5029 3530 5084 ad
3554 5039 3809 5095 tempus;
3829 5020 3913 5090 quin
3968 5043 3969 5104 ξ

2335 5137 2450 5177 rem
2484 5119 2610 5175 facit
2641 5120 2988 5191 prudentem,
3014 5128 3073 5174 ut
3101 5120 3293 5177 credat
3321 5121 3378 5175 in
3425 5121 3714 5177 Christum
3739 5164 3758 5181 .
3794 5118 3916 5172 libet-

2333 5222 2421 5268 tus
2446 5212 2502 5264 ﬁt
2527 5211 2763 5267 Domini.
2807 5213 2864 5268 Si
2896 5228 3028 5283 ergo
3059 5223 3282 5282 peccata
3312 5229 3510 5270 servos
3558 5214 3800 5278 faciunt,
3821 5209 3917 5264 sicul
3968 5205 3969 5283 Ι

2416 5366 2446 5445 (ξ
2474 5368 2550 5422 lta
2581 5368 2714 5424 edit.
2741 5384 2960 5445 omnes,
2985 5381 3039 5428 et
3069 5389 3202 5428 mss.
3233 5374 3448 5445 aliquot
3481 5394 3493 5428 :
3523 5376 3612 5429 alii
3647 5383 3822 5430 autem
3842 5379 3917 5422 ηιι·
3968 5421 3969 5445 ξ

2339 5442 2448 5518 jori
2481 5456 2733 5504 numero,
2758 5459 2821 5496 ne
2857 5444 3059 5518 audiret
3083 5441 3359 5506 rectorem,
3384 5460 3498 5502 etc.
3523 5446 3797 5516 Quidquid
3827 5451 3918 5518 toto

2345 5515 2740 5588 ltnuefensum
2794 5515 3039 5588 sequitur
3074 5532 3246 5588 usque
3290 5519 3360 5573 ad
3415 5517 3483 5574 In
3529 5535 3652 5585 pace
3682 5515 3915 5574 autem"!
3968 5515 3969 5586 ᾖ

2344 5599 2475 5639 mss.
2508 5581 2674 5637 Corb.
2707 5585 3072 5642 desideratur.
3158 5581 3168 5588 ’
3529 5581 3538 5585 ⁷
3968 5581 3969 5642 ἶ

2419 5653 2810 5728 eRom.edit.,
2863 5660 2952 5725 qui
2979 5676 3116 5714 nunc
3147 5659 3396 5728 horrent;
3451 5663 3572 5717 alite
3621 5665 3915 5728 ontnesy“
3968 5659 3969 5714 Ψ

2343 5727 2637 5854 ᾞὲἓὲηᾳιιὶ
2691 5743 2794 5782 non
2824 5727 3074 5796 horrent,
3121 5733 3320 5805 quibus
3365 5726 3524 5790 addit
3569 5726 3915 5792 eodexCoﬂt-i
3968 5771 3969 5776 η

2343 5815 2370 5854 c
2555 5837 2566 5850 .
3968 5831 3969 5836 η

2343 5815 2566 5855 creuere.
3968 5831 3969 5836 η
