3978 6310
27 334 127 388 ΞΞΙ

823 324 1326 383 COMHEN'I‘ARIA
1369 325 1434 382 lN
1472 324 1694 383 EPIST.
1739 325 1828 380 AD
1864 323 2194 382 COBINTII.
2235 326 2522 385 PRIMA“.

3224 329 3334 384 222

29 453 201 507 Citam
240 450 390 506 ﬁlius
423 450 536 506 Noe
566 446 766 520 peccati
792 452 846 501 et
867 445 1247 516 imprudentia:
1276 459 1437 500 causa
1456 443 1634 500 lactus
1658 449 1706 509 Α
1737 444 1886 500 hera.
1917 447 2052 512 Quia
2080 447 2227 501 enim
2250 462 2380 501 caro
2405 448 2458 501 in
2487 449 2696 519 origine
2733 465 2828 504 sua
2872 457 2956 504 est
2998 459 3052 505 et
3095 459 3288 505 natura
3315 491 3329 517 ,

29 551 114 598 est
139 557 379 608 servus;
411 557 536 597 eum
567 542 687 613 quis
725 538 922 610 accipit
961 539 1338 595 remissionem
1377 548 1634 608 peceato-

32 652 178 701 rum,
216 637 451 692 libertus
479 636 732 692 efﬁcitur.

103 729 366 786 Similiter
394 732 484 801 qui
517 730 643 784 liber
683 738 892 784 vocatus
930 737 1028 796 est,
1066 744 1243 783 servus
1292 737 1369 782 est
1411 725 1627 783 Christi.

31 824 320 880 Profectus
360 834 450 880 est
483 840 552 880 ex
598 826 774 881 libero
819 838 1039 880 servum
1071 823 1184 878 ﬁeri
1216 819 1461 877 Christi:
1496 822 1633 878 liber

31 919 180 974 enim
224 926 340 973 eral
381 932 412 972 a
463 917 600 985 Deo,
650 915 792 988 quod
835 915 1130 970 maximum
1168 914 1376 968 crimen
1409 919 1494 968 est
1528 930 1540 967 :
1575 919 1634 969 et

31 1011 156 1067 ideo
183 1011 384 1066 amissa
417 1025 602 1064 amara
634 1019 689 1065 et
732 1008 1004 1065 contraria
1043 1007 1318 1072 libertate,
1361 1005 1632 1061 conditio-

32 1123 156 1162 nem
174 1107 401 1163 sortitus
420 1115 530 1171 est,
553 1121 672 1175 qua:
697 1104 1003 1175 prodesset,
1023 1101 1167 1158 sicut
1189 1102 1317 1157 dicit
1338 1101 1630 1156 Dominus:

34 1202 224 1257 Tollite
264 1203 452 1272 jugum
504 1215 672 1254 meum
719 1215 878 1272 super
926 1214 1034 1265 vos,
1085 1197 1206 1266 quia
1249 1212 1404 1251 suave
1434 1207 1553 1250 est:
1583 1206 1634 1250 et

34 1313 165 1352 onus
187 1311 372 1352 meum.
408 1295 530 1364 quia
561 1293 665 1347 leve
685 1302 763 1346 est
793 1289 1008 1361 (Matth.
1051 1306 1124 1356 ιι,
1163 1290 1274 1357 19).
1306 1287 1632 1359 Superbiam

36 1391 220 1458 itaque
247 1386 500 1453 abscidit,
544 1395 599 1441 et
639 1382 904 1439 unitatem
947 1382 1106 1450 fecit;
1144 1392 1201 1436 ut
1230 1396 1408 1453 neque
1440 1395 1633 1436 servus

37 1483 244 1555 pudore
270 1481 602 1537 conditionis
635 1478 957 1550 despectum
987 1491 1046 1532 se
1075 1485 1251 1547 putet,
1286 1489 1461 1544 neque
1493 1473 1632 1529 liber

38 1575 270 1632 elatione
296 1573 498 1628 mentis
529 1569 770 1635 inﬂatus,
799 1583 960 1625 servo
990 1583 1050 1623 se
1074 1575 1429 1636 superponat.

108 1667 290 1740 (Vera.
314 1665 436 1735 23.)
474 1662 646 1718 Pretio
677 1662 837 1732 empti
865 1661 984 1716 estis
1002 1700 1018 1725 ,
1052 1659 1208 1714 nolite
1226 1659 1341 1728 ﬁeri
1375 1658 1504 1713 servi
1532 1658 1624 1712 ho-

41 1762 251 1814 minum.
281 1758 478 1814 Verum
509 1765 595 1812 est
618 1797 634 1822 ,
671 1756 796 1826 quia
829 1764 936 1809 tam
958 1768 1088 1808 caro
1114 1753 1283 1821 empti
1314 1767 1531 1817 sumus,
1575 1761 1634 1807 ut

1734 555 1866 595 usus
1885 540 2004 610 ejus
2036 542 2220 595 suavis
2246 540 2459 596 videtur
2489 542 2736 598 etdulcis
2767 543 3032 610 allectus;
3060 543 3186 600 ideo
3217 545 3335 600 haec

1733 649 1996 704 superare
2029 649 2136 688 non
2168 633 2349 689 brevis
2375 633 2547 705 gloria
2581 646 2685 691 est.

1807 727 1986 800 (Vere.
2018 728 2136 798 27.)
2171 727 2385 782 Vinctus
2430 745 2483 783 es
2533 729 2732 783 uxori?
2765 728 2849 784 Ne
2889 732 3157 800 quresicris
3187 732 3332 786 solu-

1734 820 1941 874 tionem.
1977 820 2104 876 liacc
2129 820 2500 876 remediorum
2543 821 2774 876 consilia
2812 832 2974 890 sunt;
3012 823 3146 879 dicit
3188 823 3334 880 enim

1732 927 1840 968 non
1859 913 2058 969 debere
2086 928 2412 984 quemquam
2441 914 2653 970 absolvi
2685 914 2753 969 ab
2795 930 2991 982 uxore,
3027 918 3130 971 nisi
3164 931 3330 972 causa

1731 1003 2127 1060 fornicationis.
2153 1005 2494 1076 Frequenter
2522 1006 2668 1060 enim
2689 1022 2816 1061 suas
2837 1007 3195 1077 dimittentes,
3228 1009 3330 1066 sub

1732 1099 1974 1168 tegmine
2011 1099 2365 1155 continentiae
2415 1101 2550 1155 alias
2579 1100 2884 1170 decipiunt,
2933 1101 3336 1174 refrigescente

1734 1194 2036 1263 pr0posito.
2070 1193 2178 1249 Sed
2216 1195 2261 1248 si
2290 1194 2488 1250 melius
2509 1195 2622 1248 vult
2653 1195 2840 1250 vivere
2867 1210 2992 1251 cum
3024 1212 3194 1252 uxore
3237 1211 3335 1252 sua

1735 1285 1968 1357 pisitns,
2010 1289 2325 1342 exhortetnr
2374 1287 2545 1352 illam,
2595 1297 2654 1341 ut
2686 1285 2809 1344 sine
2855 1289 3112 1344 seandalo
3148 1288 3336 1360 purius

1735 1381 1938 1436 vivant.

1807 1475 2024 1532 Solutus
2079 1492 2131 1530 es
2169 1479 2234 1531 ab
2284 1475 2492 1532 uxore?
2537 1492 2602 1531 ne
2646 1477 2916 1546 quasiet-is
2964 1493 3193 1532 uxorem.
3265 1478 3338 1535 Ut

1734 1569 1915 1624 sciens
1944 1569 2048 1624 hoc
2078 1570 2248 1639 magis
2278 1570 2391 1624 Deo
2412 1580 2697 1641 acceptum
2721 1609 2737 1635 ,
2772 1579 2827 1624 et
2857 1585 2886 1622 a
2919 1571 3246 1626 necessitate
3269 1571 3338 1626 li—

1736 1665 1948 1729 berum,
1980 1679 2088 1720 non
2120 1675 2326 1734 qumrat
2355 1679 2579 1720 uxorem
2614 1680 2629 1727 ;
2664 1664 2737 1718 ita
2761 1672 2939 1718 tamen
2971 1673 3031 1717 ut
3065 1679 3095 1717 a
3123 1665 3338 1720 cat-teris

1737 1767 2024 1829 temperet.
2070 1757 2131 1814 Si
2184 1759 2495 1830 quominus,
2553 1757 2681 1827 quid
2739 1757 2959 1827 prodest
3003 1757 3334 1813 desiderium

44 1871 71 1908 a
103 1855 250 1909 nullo
271 1851 462 1908 redimi
491 1851 883 1919 potuissemus,
917 1848 1020 1904 nisi
1051 1861 1080 1902 a
1110 1846 1354 1913 Christo,
1385 1846 1479 1916 qui
1510 1860 1630 1900 om-
1665 1845 1708 1906 Β
1737 1854 1919 1909 carnis
1952 1867 2218 1921 premere,
2246 1853 2347 1907 hoc
2377 1861 2485 1918 est,
2515 1865 2630 1906 rem
2665 1850 2868 1905 licitam
2893 1865 3174 1922 spernere,
3201 1861 3256 1907 et
3278 1852 3343 1906 il-

49 1948 192 2002 nium
217 1947 366 2001 dives
395 1954 500 2000 est.
533 1941 636 2010 Qui
662 1957 795 2013 ergo
827 1943 999 2012 pretio
1025 1940 1246 2004 emitur,
1271 1939 1444 2009 magis
1463 1938 1635 1994 servi-

52 2058 108 2097 re
132 2042 308 2105 debet;
331 2047 389 2094 ut
409 2039 758 2109 aliquatenus
775 2037 949 2092 vicem
980 2033 1171 2091 reddat
1193 2033 1445 2104 emptori.
1464 2035 1503 2087 Α
1524 2033 1636 2089 Deo

59 2151 180 2204 ergo
207 2133 395 2203 empti,
427 2130 481 2186 id
507 2140 595 2186 est
622 2146 654 2184 a
696 2129 946 2194 Christo,
992 2126 1141 2182 servi
1180 2126 1462 2182 hominum
1513 2140 1636 2181 esse

64 2244 165 2281 non
191 2226 400 2282 debent.
435 2225 590 2282 Servi
624 2233 804 2279 autem
835 2221 1120 2278 hominum
1152 2219 1209 2275 bi
1233 2228 1380 2285 sunt,
1413 2219 1502 2289 qui
1531 2218 1634 2273 ltu-

70 2319 236 2375 manis
269 2335 326 2375 se
363 2318 657 2389 subjiciunt
696 2314 1201 2387 superstitionibus.
1230 2312 1531 2383 Apostolus
1559 2320 1638 2366 ta-

71 2429 191 2467 men
218 2413 343 2468 illud
371 2421 653 2477 memorat,
685 2409 828 2481 quod
873 2410 926 2464 in
968 2409 1147 2478 capite
1177 2406 1425 2476 epistolae
1448 2418 1634 2474 repre-

68 2503 280 2570 hendit,
320 2519 383 2560 eo
425 2503 568 2574 quod
609 2501 900 2558 dicerent:
953 2499 1067 2571 Ego
1101 2513 1223 2554 sum
1261 2495 1449 2552 Pauli:
1496 2494 1639 2550 alius

66 2608 273 2654 autem:
301 2599 407 2670 Ego
430 2597 626 2668 Apollo
659 2595 704 2669 (ι
735 2594 857 2649 Cor.
891 2610 931 2660 ι,
967 2593 1077 2664 12).
1107 2591 1264 2647 Dedit
1294 2598 1480 2645 tamen
1507 2587 1638 2644 arti.

63 2691 232 2745 culum
276 2689 548 2746 Christum
604 2687 883 2743 fatendum
931 2682 1390 2754 Deum;quando
1443 2695 1638 2736 servos

63 2784 249 2840 Christi
290 2800 394 2840 non
427 2782 666 2839 hominis
694 2795 887 2836 servos
916 2777 1273 2848 appellandos
1301 2774 1563 2830 ostendit.

127 2879 304 2949 (νει-9.
325 2877 444 2948 υ.)
472 2876 832 2946 Unusquisque
859 2875 1040 2945 frater,
1073 2873 1127 2927 in
1150 2887 1250 2942 quo
1275 2879 1480 2926 vocatus
1509 2877 1581 2923 est
1621 2909 1638 2935 ,

61 2977 110 3028 in
137 2989 192 3028 eo
212 2983 408 3028 ntaueat
429 2973 569 3043 apud
596 2969 786 3025 Deum.
819 2970 932 3025 Hoc
961 2977 1064 3035 est,
1097 2967 1239 3038 quod
1266 2980 1427 3034 supra
1461 2963 1636 3028 dixit,

60 3068 190 3140 quod
221 3078 274 3124 ut
299 3068 462 3138 plene
489 3063 860 3130 commendet,
892 3064 1138 3118 reiterat.

123 3159 297 3232 (Vers.
329 3160 446 3230 25.)
475 3157 554 3214 De
576 3157 856 3229 virginibus
877 3165 1050 3210 autem
1079 3165 1388 3225 praeceptum
1421 3153 1640 3209 Domini

1739 1947 1903 2004 licitis
1930 1945 2211 2014 subiacere
2235 1947 2257 2000 ?

1813 2039 1995 2110 (Vers.
2023 2039 2140 2110 28.)
2171 2039 2231 2094 Si
2252 2048 2419 2094 autem
2445 2040 2706 2118 acceperis
2738 2055 2975 2104 uxorem,
3007 2057 3111 2095 nou
3156 2056 3338 2113 pecca-

1739 2134 1823 2190 sti.
1847 2134 1967 2188 Non
1992 2134 2174 2203 utique
2199 2143 2407 2203 peccat,
2439 2135 2565 2205 quia
2594 2135 2738 2205 quod
2771 2149 3090 2190 concessum
3116 2144 3220 2202 est,
3260 2136 3338 2190 fa-

1742 2226 1902 2283 cit.Si
1921 2242 2054 2282 vero
2068 2231 2480 2297 contempserit,
2505 2229 2764 2284 meritum
2782 2229 2887 2283 sibi
2910 2230 3147 2284 collocat
3175 2239 3226 2283 et
3249 2243 3342 2283 co-

1741 2339 1952 2378 ronam.
1987 2324 2194 2394 Magnae
2219 2327 2365 2379 enim
2393 2326 2668 2394 patientia».
2697 2335 2802 2391 est,
2838 2328 2939 2381 hoc
2978 2344 3083 2381 non
3116 2328 3338 2382 contin-

1741 2431 1893 2486 gere,
1923 2416 2065 2486 quod
2095 2417 2427 2487 prohibitum
2459 2433 2563 2473 non
2595 2429 2698 2474 est.
2729 2418 2798 2472 Et
2829 2420 2873 2472 si
2900 2421 3128 2488 nupserit
3157 2421 3302 2492 virgo
3323 2463 3338 2487 ,

1743 2524 1846 2563 non
1876 2509 2248 2576 peccarit.Non
2280 2522 2487 2582 peccat,
2513 2513 2633 2583 quia
2660 2512 2802 2583 apud
2828 2514 2992 2568 Deum
3013 2528 3082 2567 ex
3104 2512 3343 2567 haccau-

1743 2618 1802 2659 sa
1835 2604 1999 2659 libera
2030 2616 2134 2660 est.

1819 2695 2196 2753 Tribulationes
2224 2709 2393 2754 tamen
2421 2701 2592 2755 carnis
2610 2700 2862 2754 habebunt
2885 2701 3202 2774 hujusmodi.
3228 2700 3344 2757 Hoc

1744 2799 1852 2854 est,
1878 2791 1985 2845 etsi
2005 2808 2032 2843 a
2058 2800 2281 2862 peccato
2313 2793 2470 2848 liberi
2502 2793 2652 2858 sint;
2687 2793 2738 2848 in
2775 2797 2874 2850 hac
2898 2804 3078 2848 tamen
3111 2794 3221 2849 vita
3247 2795 3344 2848 tri-

1747 2882 2050 2939 bulationes
2075 2883 2371 2952 habebunt,
2401 2887 2634 2956 gemitus
2659 2889 2882 2951 ventris,
2916 2889 3248 2943 nutrimenta
3282 2888 3345 2942 ll-

1747 2979 1968 3045 liurutn,
2001 2981 2194 3043 victus,
2223 2993 2555 3052 tegumenta,
2584 2983 2762 3050 dotes,
2793 2985 3083 3052 argritudu,
3115 2999 3338 3054 appara-

1746 3081 1832 3128 tus
1860 3073 2074 3141 domus,
2105 3075 2292 3130 uxoris
2323 3078 2640 3142 necessitas,
2675 3077 2851 3132 mariti
2885 3078 3207 3132 dominatio.

1820 3166 1934 3239 Ego
1969 3179 2139 3223 autem
2186 3171 2325 3224 vobis
2383 3187 2559 3234 parco.
2617 3170 2799 3225 Parcit
2854 3173 3068 3242 quando
3113 3173 3178 3226 ad
3229 3172 3342 3226 haec

62 3270 152 3308 "0"
180 3252 358 3307 Ιιιιῦεο-
389 3251 504 3308 HOC
557 3250 624 3306 δά
654 3250 860 3320 δοκίμω
892 3248 1111 3304 morm"
1143 3247 1457 3318 “simndi‘u
1498 3249 1640 3303 530‘“
1667 3257 1708 3318 C
1747 3261 1916 3331 magis
1934 3272 2212 3329 provocat,
2235 3265 2750 3331 qumtribulatiunes
2779 3267 3047 3331 carnis,et
3078 3265 3345 3320 sollicitu-

60 3365 210 3419 supra
235 3349 414 3405 dixit:
449 3348 525 3403 De
569 3346 757 3418 quibus
797 3355 966 3398 autem
1010 3343 1292 3414 scripsistis
1333 3343 1481 3409 mihi,
1528 3353 1638 3397 etc.

61 3443 201 3518 (Cap.
224 3462 318 3514 vn,
351 3444 424 3516 l).
457 3443 748 3498 Consilium
796 3450 968 3495 autem
1003 3438 1104 3503 de,
1137 3447 1399 3507 tamquam
1431 3436 1632 3491 miseri-

59 3541 270 3594 cordium
297 3549 602 3594 consecutus
618 3555 654 3591 a
674 3535 906 3590 Domino
926 3576 942 3600 ,
966 3543 1021 3588 ut
1048 3533 1147 3588 sim
1173 3533 1364 3602 ﬁdelis.
1392 3531 1639 3600 Praecep-

60 3642 160 3685 tum
187 3631 250 3687 de
275 3630 582 3701 virginibus
611 3637 773 3699 negat
798 3643 858 3683 se
898 3626 1218 3696 accepisse;
1250 3624 1372 3694 quin
1405 3639 1508 3676 non
1540 3639 1638 3692 pu-

62 3735 188 3779 terat
211 3734 402 3780 auctor
424 3722 666 3793 conjugii
691 3735 807 3778 rem
834 3719 1124 3776 adversam
1160 3717 1362 3787 nuptiis
1397 3717 1636 3785 impeta-

62 3833 131 3881 re,
159 3833 224 3874 ne
249 3816 449 3873 factum
487 3831 647 3871 suum
682 3814 971 3885 pristinum
1003 3820 1306 3868 accusaret.
1353 3809 1641 3864 Consilium

61 3921 231 3974 autem,
255 3911 357 3976 ait,
382 3908 449 3964 do
472 3927 490 3964 :
518 3923 628 3964 non
652 3906 798 3978 quod
822 3905 1130 3976 displiceat,
1152 3920 1329 3974 neque
1345 3903 1486 3975 quod
1507 3902 1642 3957 adu-

63 4003 243 4060 latione
269 4005 515 4060 l'ucatum
545 4002 644 4071 sit;
671 4004 798 4072 quia
824 4000 892 4056 ad
922 4001 1024 4056 hoc
1045 4003 1274 4072 gratiam
1305 4010 1641 4057 consecutus

63 4107 154 4162 est,
186 4107 241 4152 ut
267 4097 500 4152 idoneus
527 4095 598 4150 sit
623 4095 678 4152 in
705 4092 899 4149 dandis
930 4093 1173 4149 consiliis
1203 4091 1552 4148 salutaribus.

122 4189 294 4254 (Vere.
329 4187 448 4258 36.)
483 4186 739 4243 Existimo
761 4202 880 4259 ergo
914 4184 1012 4240 hoc
1041 4185 1246 4257 bonum
1285 4201 1395 4240 esse
1433 4193 1640 4257 propter

64 4295 352 4351 praesentem
377 4283 762 4346 necessitatem;
790 4281 913 4351 quia
945 4279 1202 4351 optimum
1231 4289 1303 4333 est
1331 4278 1530 4332 homini
1565 4277 1640 4334 sic

61 4395 172 4433 esse.
202 4379 414 4434 Bonum
447 4377 577 4433 dicit
620 4390 744 4434 esse
787 4375 1052 4445 virginem
1085 4387 1442 4443 permanere.
1477 4372 1542 4428 Et
1581 4381 1640 4427 ut

64 4469 154 4526 hoc
180 4471 478 4528 absolutius
503 4469 850 4534 ostenderet,
895 4477 1106 4540 propter
1135 4476 1439 4538 praesentem
1469 4481 1644 4520 neces-

62 4563 247 4620 sitatem
273 4565 351 4621 ait
375 4581 390 4630 ;
418 4564 542 4635 quia
573 4564 843 4634 optimum
865 4571 967 4630 est,
1000 4570 1057 4618 ut
1078 4561 1222 4616 inter
1242 4561 1445 4616 bonum
1469 4571 1526 4618 et
1543 4575 1640 4630 op-

1744 3354 1900 3410 dines
1931 3369 2254 3412 memoratas
2274 3357 2590 3412 excludunt.
2624 3360 2811 3414 Potest
2839 3362 2915 3413 sic
2949 3361 3344 3430 videri-parce-

1746 3465 1824 3514 re,
1876 3465 2002 3505 eum
2054 3453 2340 3520 permittit,
2393 3462 2576 3506 etnon
2627 3454 2956 3507 contradicit
3009 3454 3340 3519 volentibus,

1743 3541 1885 3612 quod
1908 3558 2200 3598 onerosum
2230 3546 2486 3599 ostendit.

1818 3637 2005 3707 (Vers.
2031 3638 2148 3705 29.)
2176 3638 2290 3692 Hoc
2309 3641 2482 3709 itaque
2511 3641 2648 3706 dico,
2679 3641 2887 3707 fratres,
2919 3652 3119 3711 tempus
3140 3643 3342 3696 bri-via-

1745 3737 1854 3782 tum
1880 3738 2044 3793 cst,et
2082 3732 2334 3800 reliquerit
2370 3743 2466 3786 est.
2512 3734 2820 3787 Breviatnnt
2873 3748 3083 3804 tempus
3123 3746 3178 3788 et
3207 3737 3344 3788 reli-

1744 3840 1910 3893 quum
1941 3823 2150 3888 dicens,
2187 3827 2348 3880 linem
2397 3828 2602 3882 mundo
2657 3828 2945 3883 imminere
2986 3829 3341 3900 signiﬁcavit:

1747 3927 1772 3954 α
1793 3920 2040 3988 quamvis
2066 3920 2231 3974 sciret
2254 3920 2432 3975 adhuc
2463 3931 2706 3992 tempora
2725 3937 3032 3991 superesse.
3060 3921 3166 3977 Sed
3185 3921 3346 3977 aliter

1744 4010 1986 4068 scribere
2005 4027 2114 4066 non
2135 4013 2324 4068 debuit
2349 4025 2570 4085 propter
2598 4015 2718 4078 hos,
2748 4016 2836 4085 qui
2862 4015 3049 4069 lecturi
3080 4015 3194 4070 lucc
3217 4027 3345 4072 tunc

1743 4114 1888 4171 Sunt,
1922 4121 2048 4160 eum
2097 4107 2365 4176 perbreve
2405 4110 2678 4177 supererit
2723 4118 2972 4177 tempus;
3020 4125 3087 4163 ne
3128 4123 3343 4178 semper

1744 4198 1871 4252 dum
1902 4198 2060 4268 longe
2091 4215 2211 4254 esse
2238 4209 2519 4269 μυῑηὊιυτ
2548 4201 2895 4270 diesjudicii,
2925 4213 3014 4256 aut
3046 4219 3150 4255 non
3185 4205 3345 4257 timc-

1743 4303 1917 4357 retur,
1950 4300 2043 4347 aut
2062 4294 2254 4348 l'alsum
2283 4309 2406 4349 esse
2422 4295 2802 4351 a-stimarctur.
2833 4295 2969 4350 lllnd
3001 4308 3179 4351 autem
3200 4297 3342 4365 quod

1743 4384 1964 4451 dicitur,
1993 4401 2118 4442 eum
2150 4385 2329 4441 adhuc
2360 4386 2520 4457 longe
2543 4389 2634 4450 sit.
2662 4389 2942 4442 imminere
2966 4390 3190 4442 multum
3223 4403 3347 4458 pro-

1744 4481 1886 4546 licit;
1913 4489 2176 4536 terrorem
2204 4481 2347 4536 enim
2376 4483 2568 4537 incutit
2589 4483 2654 4537 ad
2683 4483 2964 4538 meliorem
2984 4484 3144 4538 vitam
3172 4500 3338 4553 agen-

1744 4573 1868 4627 dam
1902 4573 2233 4629 hominibus.
2267 4575 2510 4646 Denique
2543 4575 2633 4630 hic
2665 4576 2719 4630 in
2755 4578 3005 4645 pra-senti
3036 4593 3195 4646 quam
3237 4576 3349 4630 sol-

63 4657 236 4714 timum
261 4658 400 4714 nihil
424 4672 532 4714 tam
555 4657 880 4729 praeclarum
907 4665 1072 4727 atque
1096 4655 1232 4712 utile
1264 4669 1388 4712 esse
1431 4669 1630 4725 cogno-

1752 4668 1878 4724 liciti
1903 4680 2029 4724 sunt
2055 4669 2112 4735 ii,
2143 4671 2234 4740 qui
2263 4671 2402 4740 apud
2425 4671 2636 4741 judices
2660 4671 2858 4726 habent
2881 4683 3197 4743 qttmagant,
3221 4687 3346 4727 cum

63 4760 309 4819 sectetur,
345 4768 509 4824 quam
530 4763 616 4808 est
642 4751 968 4822 virginitas;
995 4751 1122 4820 quia
1155 4763 1264 4805 non
1293 4748 1472 4804 solum
1495 4749 1642 4820 apud

64 4843 215 4899 Deum
265 4846 632 4917 virginitatem
667 4843 1191 4900 commendatiorem
1233 4841 1395 4897 docet
1418 4881 1434 4907 ,
1462 4840 1556 4896 sed
1586 4849 1644 4897 et

62 4937 188 5002 apud
219 4937 384 4994 vitam
418 4947 771 5010 praesentem,
813 4936 942 4991 dum
975 4935 1338 5003 necessitates
1379 4933 1642 5005 temporis

64 5031 224 5086 nescit
255 5047 389 5101 quas
417 5031 622 5102 patitur
652 5029 998 5101 coniugatio;
1031 5039 1086 5085 et
1110 5043 1378 5086 tumores
1409 5038 1595 5098 partus
1619 5069 1636 5095 ,

63 5123 313 5195 simulque
342 5125 608 5181 orbitates
632 5123 864 5180 ﬁliorum
892 5125 1128 5194 ignorat.
1149 5123 1221 5181 Ut
1241 5139 1374 5196 ergo
1400 5123 1467 5179 ad
1497 5124 1637 5180 hanc

65 5213 402 5274 all‘ectandam
444 5219 781 5282 hortaretur,
819 5217 976 5289 136
1013 5219 1300 5288 prtesentis
1336 5215 1632 5273 necessita-

68 5310 125 5363 tis
153 5313 308 5368 exitia
341 5314 542 5370 lucrari
577 5313 737 5370 ducet
767 5311 902 5378 bas,
949 5327 1070 5384 quae
1110 5311 1258 5366 illum
1297 5310 1633 5377 dilexerint;

68 5411 117 5456 ut
135 5419 245 5459 cum
283 5424 386 5463 non
417 5407 596 5463 solum
619 5406 757 5462 hanc
777 5408 914 5474 apud
938 5407 1107 5462 Deum
1141 5406 1319 5459 locum
1353 5405 1632 5459 meliorem

66 5493 250 5554 habere
270 5501 506 5568 discunt,
537 5515 722 5555 verum
765 5501 925 5555 etiam
959 5503 1011 5554 in
1050 5499 1326 5570 prmseuti,
1360 5497 1506 5552 omni
1554 5497 1635 5551 in-

66 5589 252 5648 dustria
278 5595 414 5651 hanc
442 5603 786 5665 appeterent.
815 5594 995 5652 Unum
1017 5595 1162 5651 enim
1191 5602 1290 5656 est,
1318 5592 1462 5662 quod
1485 5592 1636 5647 labo-

67 5695 172 5750 rat;
202 5698 258 5743 ut
282 5688 538 5746 allectum
563 5690 745 5745 carnis
761 5691 960 5760 vincat,
986 5690 1272 5746 incmteris
1295 5689 1550 5744 omnibus
1573 5688 1638 5744 li-

1743 4772 1990 4817 actorum
2017 4763 2138 4818 dies
2161 4763 2360 4819 dicitur
2385 4764 2714 4820 imminere?
2743 4765 2854 4820 lloe
2880 4776 3036 4820 sonat
3070 4766 3174 4832 hic,
3201 4765 3345 4832 quod

1744 4855 1851 4910 alio
1895 4857 1948 4910 itt
1992 4857 2113 4913 loco
2156 4858 2308 4922 dicit,
2360 4857 2673 4926 sedatiores,
2723 4859 2813 4912 ard
2865 4876 3066 4913 veraces
3101 4859 3189 4930 (II
3219 4856 3342 4913 Cor.

1744 4965 1820 5016 γι,
1848 4952 1881 5005 s
1905 4948 1948 5020 ).

1818 5039 1886 5095 Ut
1910 5052 1954 5096 et
1979 5043 2064 5112 qui
2085 5041 2270 5097 habent
2301 5061 2508 5107 uxores,
2536 5045 2609 5099 ita
2635 5047 2759 5110 sint,
2788 5063 2848 5098 ac
2875 5047 2920 5099 si
2952 5063 3051 5100 non
3083 5046 3343 5099 habentes.

1744 5133 1879 5201 Quia
1901 5136 2048 5190 enim
2073 5137 2258 5190 mundi
2303 5139 2426 5191 linis
2467 5138 2519 5192 in
2561 5141 2811 5208 proximo
2854 5150 2973 5205 est,
3007 5153 3112 5192 nun
3145 5138 3346 5192 debere

1743 5229 1810 5281 ad
1839 5229 2208 5298 generandum
2235 5247 2359 5287 esse
2381 5233 2667 5297 sollicitos,
2697 5248 2870 5304 neque
2898 5234 2962 5285 ad
2991 5247 3140 5287 nsum
3169 5231 3339 5298 ipsum

1743 5318 1993 5376 deditos:
2024 5335 2076 5374 ut
2106 5327 2490 5392 prapcnsiores
2519 5337 2572 5380 et
2603 5327 2888 5394 vigilantes
2913 5327 2961 5378 in
2990 5323 3186 5376 divinis
3213 5338 3344 5391 cpe-

1745 5414 1913 5478 rihns,
1949 5417 2234 5470 exercitati
2258 5419 2402 5473 eirea
2436 5435 2620 5473 curam
2657 5419 2833 5486 Legis,
2862 5416 3176 5470 innnincnte
3203 5431 3344 5485 pra:-

1746 5506 1817 5563 lio
1843 5517 2164 5579 repugnent.
2212 5511 2488 5568 PreSsurm
2522 5513 2665 5567 enim
2717 5520 2900 5574 erunt,
2943 5511 3134 5578 quales
3182 5527 3342 5565 num-

1745 5615 1906 5671 quam
1950 5602 2186 5671 luerunt,
2229 5615 2282 5660 et
2320 5607 2473 5659 multi
2499 5605 2675 5659 casuri
2708 5612 2834 5656 sunt
2863 5605 2914 5654 in
2946 5604 3195 5672 laqueum
3227 5605 3345 5660 dia—

1745 5693 1860 5750 boli
1894 5714 1906 5749 :
1939 5695 2174 5768 denique
2208 5699 2387 5754 nullus
2416 5707 2660 5753 nostrum
2694 5695 2807 5750 vult
2836 5701 3079 5766 tempore
3111 5711 3208 5752 suo
3235 5698 3353 5754 haec

157 5836 469 5920 '_Quid_quid
504 5835 683 5920 abibis
708 5835 917 5905 verbis,
957 5835 1190 5908 queraris
1227 5835 1400 5901 sciret,
1433 5832 1500 5890 ad
1550 5833 1803 5900 inferiora
1864 5845 1976 5914 illa,
2023 5856 2071 5914 et
2123 5849 2212 5920 qui
2261 5847 2446 5901 habent
2489 5859 2710 5913 uxores,
2762 5843 3095 5915 continetur,
3148 5847 3202 5902 in
3256 5859 3357 5904 ms.

79 5899 511 5970 CorbL'omi'ssum
531 5907 651 5966 fuit.
679 5965 710 5980 ..
