3978 6310
663 295 912 370 925,

1621 303 1714 363 AD
1751 303 1982 362 OPERA
2017 303 2267 404 SfiNCTI
2304 303 2624 364 AMBROSII
2679 306 2901 365 APPEN
2924 307 3060 366 DIX.
3812 312 3881 372 ξξι

660 417 972 491 provenire,
1001 418 1199 476 timens
1222 428 1248 458 α
1273 419 1566 490 praedictas
1588 438 1618 478 a
1645 423 1926 480 Salvatore
1952 439 2257 495 pressurus.
2289 425 2337 486 Λ
2365 424 2550 482 citudo
2578 426 2850 491 mulieris,
2879 428 2984 482 alia
3017 427 3241 500 virginis
3267 436 3379 494 est;
3408 435 3576 484 tamen
3600 444 3718 484 cum
3743 431 3884 488 dicitur

658 511 874 586 (Matth.
893 529 1043 580 xxiv,
1059 516 1124 573 15
1140 525 1187 571 et
1207 519 1360 587 seq.).
1380 517 1505 574 Ideo
1518 519 1656 574 sicut
1671 522 1825 576 nobis
1839 529 2109 591 optamus,
2128 537 2260 577 con-

657 609 900 666 sulamus
929 619 984 664 et
1014 611 1136 666 aliis
1160 627 1174 678 ;
1202 620 1259 666 ut
1289 627 1318 665 a
1345 613 1699 683 generatione
1727 631 1828 672 nos
1855 616 2092 670 ﬁliorum
2123 617 2263 671 mul-

659 709 836 758 torum
893 703 1293 771 abstineamus,
1346 706 1467 774 plus
1515 708 1747 763 orationi
1787 718 1840 764 ct
1887 709 1981 764 Dei
2014 709 2261 764 servituti

657 796 911 866 subjecti,
947 797 1316 868 przevideutes
1344 799 1488 855 diem
1515 800 1702 869 judicii
1730 818 1743 866 ;
1779 817 1848 857 ne
1875 814 1929 858 et
1960 818 2060 857 nos
2093 804 2264 858 simus

659 891 909 964 imparati
942 909 1040 963 per
1066 892 1456 963 impedimenta
1487 897 1831 952 necessitatis
1868 900 2177 968 praesentis,
2209 905 2264 952 et

658 985 737 1040 illi
769 987 1070 1054 incurrant,
1097 988 1240 1056 quod
1262 1003 1361 1043 nos
1376 989 1651 1045 timemus.
1680 991 1854 1046 Etiam
1881 1009 1909 1046 a
1944 993 2109 1048 licitis
2135 1010 2264 1062 ergo

657 1079 775 1134 vult
803 1091 1108 1153 temperare
1136 1081 1351 1148 lideles;
1382 1092 1439 1137 ut
1461 1099 1566 1138 non
1589 1085 1769 1139 solum
1799 1086 2140 1149 innocentes,
2166 1087 2260 1141 sed

662 1182 718 1230 et
738 1173 963 1244 gloriosi
995 1176 1284 1232 videantur
1318 1195 1331 1231 :
1365 1192 1627 1234 concessa
1659 1181 1806 1236 enim
1835 1181 2120 1252 praeterire
2147 1182 2264 1236 vir-

662 1267 798 1320 tutis
828 1275 914 1323 est
943 1267 1224 1334 maximae;
1252 1279 1307 1326 ct
1335 1272 1605 1342 prohibita
1635 1288 1743 1329 non
1773 1273 2130 1347 desiderare?
2155 1292 2262 1332 non

667 1359 833 1432 longe
865 1371 969 1419 est.

735 1454 916 1526 (Vers.
947 1457 1149 1529 30.)Et
1174 1461 1262 1530 qui
1282 1463 1433 1532 ﬂent,
1448 1471 1708 1529 tamquam
1723 1480 1824 1519 non
1851 1467 2028 1533 ﬂentes
2043 1483 2062 1532 ;
2086 1465 2265 1520 scicn-

661 1553 744 1604 tes
764 1548 908 1604 enim
939 1549 993 1605 in
1042 1553 1288 1622 proximo
1320 1554 1484 1611 ﬁnem
1527 1557 1713 1612 mundi
1769 1573 1894 1612 mox
1936 1559 2265 1613 censolatio-

663 1654 788 1696 nem
819 1656 1007 1698 eorum
1039 1644 1294 1713 futuram,
1325 1650 1413 1720 qui
1445 1665 1544 1720 pro
1591 1651 1684 1705 Dei
1715 1652 1922 1721 justitia
1963 1653 2102 1707 forte
2138 1669 2264 1723 pre-

659 1745 902 1803 muntur,
935 1737 1034 1794 hac
1059 1755 1157 1811 spe
1181 1743 1322 1798 inter
1339 1759 1432 1800 eos
1448 1746 1800 1802 consolentur
1822 1762 1901 1802 se.
1936 1747 2003 1802 Et
2025 1750 2116 1818 qui
2136 1766 2263 1819 gau-

2365 520 2588 584 mulier,
2621 522 2886 576 incertum
2925 530 3010 575 est
3039 521 3166 592 quid
3211 521 3504 592 signiﬁcet,
3535 523 3640 576 nisi
3679 523 3886 593 signiﬁca-

2367 611 2442 665 tio
2481 612 2885 683 subsequatur:
2921 629 3043 669 cum
3091 625 3270 670 autem
3317 614 3516 669 dicitur
3556 615 3731 684 virgo,
3770 616 3887 670 maui-

2367 701 2504 759 t‘csta
2535 704 2738 759 locutio
2767 715 2871 760 est.
2906 705 3001 760 llic
3027 706 3319 776 Apostolus
3337 707 3595 776 virginem
3622 715 3739 775 post
3756 709 3887 763 mulie-

2365 811 2482 851 rem
2514 798 2714 866 posuit,
2748 808 2805 853 ut
2835 800 3118 854 mulierem
3154 816 3259 854 non
3294 800 3556 871 virginem
3585 801 3884 870 signiﬁcaret:

2366 905 2464 962 per
2511 891 2616 946 hoc
2663 894 2806 946 enim
2838 893 3009 947 voluit
3038 893 3333 948 ostendere
3361 895 3621 964 virginem
3667 893 3886 948 liberam:

2368 984 2541 1039 taediis
2560 996 2614 1040 et
2635 985 2934 1048 laboribus,
2957 1003 3095 1058 quos
3120 988 3324 1058 patitur
3341 987 3533 1042 mulier
3552 986 3670 1040 viro
3687 987 3886 1056 copulata.

2437 1083 2620 1154 (Vers.
2646 1085 2767 1154 54.)
2797 1085 2937 1140 Nam
2957 1104 3074 1157 qua-
3103 1105 3206 1142 non
3229 1099 3305 1143 est
3333 1099 3496 1159 nupta
3513 1130 3527 1154 ,
3549 1088 3767 1143 sollicita
3790 1093 3888 1141 rsttt

2365 1177 2432 1231 iis
2463 1193 2578 1247 qua:
2609 1176 2821 1233 Domini
2852 1193 2997 1247 sunt,
3030 1192 3084 1236 ut
3113 1183 3179 1236 sit
3209 1192 3393 1236 sancta
3435 1193 3484 1237 et
3524 1199 3731 1253 corpore
3761 1194 3798 1234 et
3822 1185 3886 1250 ςρέ.

2364 1271 2468 1324 ritu
2495 1289 2514 1326 :
2548 1272 2597 1326 id
2627 1282 2729 1334 est,
2767 1275 2982 1338 animo;
3021 1274 3150 1329 dum
3181 1275 3324 1330 enim
3359 1290 3457 1344 spe
3487 1275 3798 1339 caelestium,
3818 1292 3889 1327 nu.

2366 1362 2453 1418 riti
2477 1372 2531 1418 et
2555 1363 2784 1418 ﬁliorum
2809 1365 3233 1422 sollicitudinem
3258 1382 3364 1422 non
3395 1367 3637 1437 suscipit.
3655 1366 3718 1420 de
3732 1365 3888 1421 Domino

2365 1460 2592 1528 cogitat,
2623 1459 2897 1529 quomodo
2937 1463 3280 1532 propositum
3325 1463 3435 1518 Deo
3481 1461 3735 1516 devotum
3769 1474 3889 1514 cuSto-
3939 1463 3941 1538 ς

2367 1549 2512 1618 diat,
2539 1550 2565 1587 ά
2589 1552 2633 1606 si
2667 1563 2845 1607 tamen
2877 1553 2930 1607 in
2972 1568 3209 1623 corpore
3247 1554 3454 1609 mundo
3500 1553 3712 1609 animus
3739 1563 3887 1608 terreni

2365 1647 2651 1716 abjiciens,
2685 1648 3006 1704 caelestibus
3030 1649 3270 1704 Studeat.
3296 1649 3528 1704 Animus
3556 1656 3642 1702 est
3672 1651 3888 1716 enim,q;

2368 1752 2460 1795 aut
2501 1743 2833 1806 sanctiﬁcat,
2869 1755 2961 1797 aut
2996 1743 3190 1812 polluit
3235 1757 3456 1812 corpus.
3487 1742 3631 1810 Quid
3662 1744 3788 1796 enim
3811 1756 3886 1808 im-

658 1830 800 1896 dent,
832 1843 1091 1906 tamquam
1126 1853 1227 1890 non
1255 1840 1577 1909 gaudentes;
1618 1843 1670 1895 in
1713 1843 1971 1910 praesenti
1995 1841 2138 1897 enim
2170 1843 2261 1913 qui
2297 1840 2340 1899 B
2369 1835 2712 1906 destcorpus
2756 1839 3017 1891 mundum
3051 1837 3276 1902 habere,
3311 1846 3370 1893 et
3397 1836 3636 1890 animam
3666 1837 3886 1906 pollutam:

658 1927 897 1996 gaudent
927 1929 1098 1984 sciant
1129 1946 1252 1986 mox
1291 1933 1494 1988 luctum
1526 1945 1815 1990 venturum
1839 1979 1853 2002 ,
1897 1925 2264 1993 eis'videlicet

658 2018 752 2088 qui
780 2021 980 2075 mundo
1009 2023 1262 2091 gaudent,
1305 2026 1642 2098 ambigentes
1678 2028 1746 2084 de
1783 2029 1875 2084 Dei
1911 2029 2138 2097 judicio.
2193 2029 2263 2084 Et

656 2110 746 2178 qui
776 2125 967 2179 emunt,
988 2124 1249 2186 tamquam
1272 2135 1375 2173 non
1400 2121 1749 2188 possidentes;
1771 2122 2060 2178 credentes
2091 2125 2260 2190 enim,

657 2204 751 2272 qui
778 2213 986 2274 emunt,
1035 2224 1262 2278 parvum
1310 2221 1524 2283 tempus
1571 2229 1863 2285 superesse
1904 2217 2141 2284 mundo,
2184 2219 2262 2272 sic

658 2308 841 2368 agant,
876 2311 932 2356 ut
959 2318 1067 2358 non
1099 2321 1316 2362 omnem
1340 2323 1527 2364 curam
1561 2311 1612 2364 in
1645 2325 1758 2366 rem
1803 2311 1913 2366 cito
1960 2313 2259 2383 perituram

657 2389 972 2462 impendant
999 2415 1012 2449 :
1043 2400 1218 2470 magis
1247 2410 1426 2457 autem
1458 2418 1642 2459 curam
1673 2406 1872 2461 animae
1901 2421 2014 2463 sua:
2045 2418 2258 2478 gerant,

657 2499 821 2555 quam
850 2499 1028 2545 sciunt
1057 2501 1345 2550 :rternam.

729 2582 885 2654 137
923 2585 1106 2658 (Vers.
1137 2589 1254 2660 5|.)
1284 2590 1351 2645 Et
1379 2593 1468 2662 qui
1508 2603 1722 2648 utuntur
1753 2595 1848 2651 hoc
1879 2597 2094 2662 swculo,
2122 2607 2259 2651 tam-

657 2689 816 2742 quam
845 2692 948 2730 non
977 2688 1189 2734 utantur
1219 2698 1237 2735 :
1269 2682 1322 2737 id
1353 2694 1457 2752 est,
1491 2694 1548 2740 ut
1571 2703 1676 2740 non
1702 2697 2040 2757 praesumant
2067 2689 2136 2745 de
2161 2709 2258 2746 usu

659 2767 796 2829 lioc;
827 2768 954 2837 quia
996 2771 1108 2826 cito
1143 2774 1367 2842 peribit,
1414 2791 1710 2834 corruente
1742 2782 1970 2836 mundo.
2016 2781 2258 2838 Prteterit

659 2859 798 2912 enim
815 2863 987 2931 ﬁgura
1013 2862 1175 2938 hujus
1204 2870 1404 2925 mundi.
1449 2872 1584 2938 Quia
1617 2874 1760 2928 liniri
1796 2878 2058 2932 mundum
2089 2878 2257 2943 dixit,

656 2954 902 3009 ostendit
931 2959 1156 3029 ﬁguram
1190 2972 1211 3000 ε
1245 2962 1362 3031 ejus
1413 2970 1726 3035 praeterire;
1758 2980 1812 3026 ct
1855 2973 2004 3027 hunc
2035 2989 2159 3029 esse
2193 2975 2255 3028 ﬁ-

661 3063 811 3114 nem,
851 3051 900 3105 id
953 3064 1056 3120 est,
1093 3071 1200 3110 nou
1253 3059 1614 3118 substantiam
1663 3065 1785 3136 ejus
1818 3069 2126 3137 praeterire,
2162 3071 2258 3124 sed

660 3140 916 3199 formam.
963 3145 1147 3218 ltaque
1193 3150 1236 3204 si
1284 3152 1457 3209 forma
1505 3159 1691 3214 mundi
1752 3161 1984 3228 peribit,
2030 3161 2255 3218 dubium

2366 1947 2488 1987 cum
2518 1934 2712 1986 merito
2744 1933 2942 1987 anima:
2973 1943 3064 1987 aut
3098 1933 3401 1988 honoratur
3432 1945 3657 2002 corpus,
3687 1939 3767 1984 aut
3789 1928 3886 1983 dam-

2367 2034 2527 2079 natur
2556 2043 2567 2078 :
2600 2025 2726 2092 Qua:
2770 2043 2888 2080 vero
2924 2037 3089 2095 nupta
3122 2035 3228 2092 est,
3260 2026 3458 2097 cogitat
3489 2042 3606 2095 qua:
3644 2033 3754 2078 sunt
3790 2025 3887 2093 ilttjlt

2366 2120 2568 2185 mundi,
2614 2121 2872 2180 quomodo
2915 2120 3119 2188 placeat
3160 2121 3291 2173 viro.
3344 2119 3492 2188 Lege
3533 2119 3679 2173 enim
3718 2116 3881 2170 maritali

2365 2211 2684 2277 constricta,
2717 2213 2952 2267 sollicita
2997 2222 3083 2267 est
3110 2211 3384 2283 quomodo
3421 2212 3648 2282 impleat
3671 2211 3753 2281 jus
3782 2209 3885 2262 mari-

2367 2306 2494 2360 talis
2519 2307 2680 2361 olﬁcii
2716 2349 2729 2370 ,
2760 2307 2978 2361 subdita
3010 2307 3302 2361 mundanis
3331 2307 3766 2362 necessitatibus.

2441 2399 2625 2472 (Vers.
2660 2398 2777 2468 55.)
2809 2399 2856 2453 11
2865 2417 2922 2453 oc
2948 2410 3120 2453 autent
3146 2400 3216 2454 ad
3246 2411 3470 2454 vestram
3496 2401 3729 2471 ipsorum
3753 2397 3882 2450 ιιὶϋιξο

2365 2502 2464 2547 tem
2493 2494 2647 2559 dico;
2685 2511 2786 2547 non
2815 2504 2870 2547 ut
2897 2495 3136 2561 laqueum
3174 2495 3318 2549 vobis
3363 2496 3608 2568 injiciam
3637 2511 3656 2548 :
3682 2494 3762 2548 sed
3783 2495 3832 2546 ad
3853 2493 3880 2542 Si

2359 2587 2497 2657 quod
2523 2587 2789 2641 honestum
2816 2597 2911 2640 est.
2946 2587 3213 2653 Quoniam
3244 2587 3580 2658 quibusdam
3616 2602 3827 2657 asperum
3849 2594 3880 2637 et

2361 2697 2525 2752 grave
2568 2683 2806 2746 videtur,
2859 2682 3004 2754 quod
3054 2683 3239 2738 utilius
3269 2694 3365 2738 aut
3395 2684 3595 2739 melius
3626 2692 3707 2739 est
3733 2691 3881 2751 propter

2360 2778 2818 2832 consuetudinem
2844 2778 3161 2846 temporalis
3181 2793 3342 2842 usus;
3372 2778 3501 2834 ideo
3532 2787 3660 2849 post
3687 2777 3878 2832 rationem

2362 2869 2653 2936 redditam,
2687 2869 2941 2924 hortatur
2969 2870 3163 2925 aﬁ‘ectu
3192 2869 3486 2926 cliaritatis
3510 2867 3880 2940 simpliciterliit

2362 2961 2568 3027 utilius,
2592 2960 2693 3015 hoc
2725 2961 3006 3017 honestius
3035 2976 3156 3016 esse
3177 2961 3318 3030 quod
3349 2961 3500 3016 dicit.
3529 2962 3800 3017 Honestum
3815 2967 3878 3012 est.

2360 3055 2486 3123 quia
2510 3065 2760 3109 sanctum
2788 3065 2840 3109 ct
2868 3055 3128 3110 mundum
3165 3072 3178 3109 :
3214 3055 3346 3110 utile
3385 3071 3544 3121 vero,
3578 3055 3701 3126 quia
3736 3052 3880 3122 dignius

2361 3159 2439 3202 εει
2475 3146 2618 3217 apud
2667 3148 2858 3214 Deum,
2887 3157 2942 3204 ct
2971 3149 3088 3203 leve
3119 3147 3174 3201 in
3204 3148 3428 3202 smculo.
3478 3147 3622 3216 Quid
3653 3163 3766 3216 ergo
3786 3143 3878 3197 dicr—

660 3235 851 3306 utique
880 3253 986 3295 non
1013 3249 1098 3296 est
1128 3244 1334 3312 omnia,
1360 3263 1480 3317 quze
1505 3250 1556 3304 in
1591 3252 1793 3306 mundo
1823 3263 1973 3321 sunt,
2009 3256 2256 3312 interire.

2367 3241 2520 3295 mus?
2550 3240 2607 3296 Si
2641 3241 2882 3310 virgines
2926 3240 2996 3296 de
3044 3241 3153 3296 Deo
3199 3241 3476 3311 cogitant,
3510 3250 3568 3296 et
3603 3243 3781 3313 jurtClm
3801 3237 3880 3290 viris

657 3323 787 3382 ldco
816 3333 1091 3399 prtelerit,
1126 3335 1250 3404 quia
1275 3341 1518 3408 quotidie
1545 3347 1783 3400 senescit
1814 3347 2069 3402 mundus.

679 3489 682 3491 Α
734 3420 919 3490 (Vcrs.
955 3425 1074 3495 52.)
1109 3427 1238 3483 Volo
1267 3447 1354 3486 vos
1380 3436 1494 3487 sine
1532 3438 1886 3493 sollicitudine
1923 3457 2053 3494 esse.
2097 3441 2263 3496 Dimi-

661 3520 791 3568 nuta
824 3515 970 3571 enim
1004 3519 1372 3578 sollicitudine
1420 3528 1641 3596 smculi,
1692 3531 1746 3584 in
1783 3531 1878 3586 Dei
1923 3533 2087 3586 rebus
2132 3551 2259 3603 pro.

657 3609 884 3678 pensius
920 3611 1198 3684 vigilatur.
1230 3615 1520 3685 Quomodo
1547 3631 1730 3677 autem
1755 3625 1875 3679 sine
1893 3626 2262 3683 sollicitudine

654 3715 777 3757 esse
831 3705 1132 3776 possimus,
1178 3712 1420 3767 ostendit
1461 3714 1692 3771 dicens:
1723 3716 1826 3782 Qui
1851 3719 1962 3773 sine
1982 3737 2140 3775 uxore
2161 3732 2256 3786 est,

651 3796 845 3866 cogitat
897 3814 1013 3868 qua:
1057 3799 1271 3856 Domini
1319 3815 1458 3859 sunt.
1520 3806 1811 3878 Amputata
1857 3813 2004 3866 enim
2053 3813 2260 3868 sollici-

653 3889 844 3945 tudine
870 3894 945 3947 rei
980 3898 1216 3964 uxori:e,
1247 3916 1369 3964 qua:
1401 3901 1521 3956 sola
1571 3905 1624 3958 in
1658 3906 1862 3961 mundo
1889 3908 2109 3962 caneris
2135 3923 2259 3978 gra-

655 3982 774 4038 vior
799 3994 906 4049 est,
937 3988 1004 4041 ad
1041 3988 1212 4044 Deum
1246 3997 1673 4061 promerendum
1703 4001 1917 4056 animus
1953 4002 2204 4058 eruditur
2244 4024 2255 4056 :

656 4074 702 4128 si
736 4083 922 4132 tamen
960 4077 1063 4135 bac
1091 4097 1188 4152 spe
1216 4086 1432 4142 animus
1457 4088 1544 4144 liis
1567 4091 1835 4148 molestiis
1863 4108 1923 4150 se
1953 4105 2156 4162 exuat,
2199 4109 2260 4152 ut

658 4164 772 4222 Deo
805 4172 976 4241 magis
1003 4176 1234 4232 serviat.

731 4258 918 4332 (Vers.
952 4263 1072 4337 '53.)
1103 4265 1207 4334 Qui
1237 4280 1409 4326 autem
1431 4290 1551 4327 cum
1576 4291 1738 4331 uxore
1763 4287 1837 4332 est
1860 4321 1875 4346 ,
1903 4281 2159 4336 sollicitus
2183 4295 2260 4338 est

656 4366 777 4421 qua:
804 4366 922 4410 sunt
949 4357 1106 4428 hujus
1139 4363 1351 4429 mundi,
1385 4367 1643 4434 quomodo
1668 4371 1871 4441 placeat
1902 4374 2075 4427 uxori.
2112 4375 2256 4431 Cura

659 4444 805 4498 enim
841 4451 1028 4504 uxoris
1053 4461 1107 4505 et
1147 4453 1386 4510 liliorum
1436 4459 1704 4527 cogitatio
1747 4461 1937 4518 mundi
1979 4475 2100 4519 est:
2130 4482 2254 4522 nam

657 4535 803 4591 inter
829 4549 1029 4596 crctera
1059 4545 1240 4599 solent
1278 4545 1574 4618 aliquando
1603 4566 1692 4608 res
1722 4555 2033 4623 puniendos
2059 4557 2256 4613 admit-

2366 3333 2434 3388 de
2482 3335 2709 3401 mundo,
2755 3352 2875 3405 quzc
2919 3350 3043 3405 spes
3086 3335 3414 3406 relinquitur
3446 3336 3770 3392 nubentibus
3793 3329 3879 3399 apud

2366 3425 2581 3482 Deum?
2611 3427 2663 3482 Si
2690 3428 2834 3482 enim
2860 3428 2934 3481 ita
2951 3437 3058 3494 est,
3087 3427 3311 3483 dubium
3340 3440 3423 3483 est
3451 3427 3521 3484 de
3546 3430 3717 3484 salute
3736 3438 3881 3480 eorum:

2367 3537 2489 3576 nam
2520 3523 2766 3576 videmus
2798 3522 3041 3593 virgines
3061 3521 3130 3578 de
3159 3523 3362 3577 smculo
3391 3523 3665 3592 cogitare,
3694 3531 3742 3575 tt
3761 3515 3881 3572 matri-

2365 3615 2552 3670 monio
2572 3615 2793 3684 junctas
2821 3615 3125 3670 Dominicis
3156 3615 3387 3670 studere
3418 3616 3699 3685 operibus.
3729 3612 3801 3667 His
3822 3608 3883 3659 tir-

2363 3707 2584 3781 ginibus
2613 3725 2720 3764 non
2749 3709 3102 3779 imputabitur
3124 3708 3554 3763 sanctimonium
3581 3725 3612 3763 a
3643 3709 3760 3770 Deo,
3782 3701 3882 3757 ειὶιίὲ

2365 3806 2736 3860 matrimoniis
2783 3806 2890 3860 erit
2941 3821 3155 3861 merces
3199 3804 3344 3876 apud
3406 3804 3618 3870 Deum;
3670 3801 3775 3874 quia
3811 3810 3882 3851 eum

2363 3901 2592 3970 obligati
2640 3911 2827 3954 essent
2873 3901 3108 3956 terrenis
3130 3909 3183 3955 et
3211 3899 3396 3954 carnis
3429 3899 3670 3954 nexibus
3693 3940 3705 3958 ,
3732 3903 3882 3964 operi!Il

2362 3995 2631 4050 dederunt
2651 4037 2665 4061 ,
2706 4005 2764 4050 ut
2793 3995 2846 4049 in
2877 3993 3120 4049 futurum
3149 3994 3352 4065 aliquid
3390 3991 3715 4048 immoruilis
3745 3980 3884 4058 πιπίνειλῆ

2364 4097 2732 4143 mererentur.
2783 4088 2894 4142 Illis
2922 4097 3102 4142 autem
3147 4103 3254 4142 non
3291 4089 3466 4141 solum
3502 4102 3614 4141 non
3665 4079 3883 4153 iinpuubi-
3944 4079 3945 4153 ᾖ

2363 4191 2450 4237 tur
2481 4183 2798 4252 virginitas,
2841 4183 2935 4238 sed
2981 4191 3036 4237 et
3081 4197 3256 4254 pcenze
3298 4181 3683 4252 subjicientur,
3713 4177 3796 4248 'qui
3825 4171 3884 4224 sui
3944 4187 3945 4190 η

2361 4276 2598 4346 tegmine
2633 4275 2877 4330 melioris
2905 4275 3019 4345 spei
3045 4275 3212 4330 vitam
3237 4276 3770 4328 etconversationem
3789 4279 3882 4321 suam

2363 4368 2626 4424 mundiali
2651 4383 2784 4423 cura
2816 4377 2871 4422 et
2896 4367 3273 4423 sollicitudine
3299 4377 3660 4438 occupantes,
3689 4363 3886 4434 pigrosse

2359 4461 2428 4517 ad
2459 4462 2559 4518 Dei
2592 4477 2758 4533 opera
2792 4462 2999 4531 agenda
3024 4461 3305 4526 fecerunt;
3336 4460 3476 4515 sicut
3506 4459 3643 4515 dicit
3665 4449 3887 4512 Hieremias

2362 4555 2625 4626 prOpheta
2661 4573 2673 4608 :
2705 4555 3024 4608 Maledictus
3050 4555 3138 4626 qui
3166 4570 3326 4624 opera
3351 4551 3451 4607 Dei
3495 4549 3887 4623 facit'negligtnltT

659 4647 804 4704 tere;
835 4654 899 4694 ue
934 4640 1062 4698 illas
1094 4642 1393 4713 offendant,
1425 4649 1565 4704 sicut
1596 4651 1763 4708 refert
1786 4653 2090 4711 Zorobabel
2121 4672 2258 4711 unus

2364 4647 2582 4719 (Jerem.
2632 4663 2819 4710 nvi".
2859 4646 2970 4717 10).
3009 4647 3074 4702 Hi
3108 4656 3265 4713 sunt,
3291 4646 3361 4700 de
3394 4646 3598 4716 quibus
3629 4647 3678 4700 in
3701 4643 3786 4698 alia
3817 4631 3886 4704 epi-

659 4729 729 4786 de
763 4733 936 4789 tribus
985 4736 1340 4793 cubiculariis
1391 4745 1710 4799 Artaxerxis
1755 4746 1938 4816 (Esdr.
1987 4763 2064 4814 iv,
2120 4750 2256 4820 i3):

659 4839 856 4896 magna
900 4831 1048 4884 enim
1091 4833 1396 4889 amaritudo
1443 4845 1526 4890 est
1570 4837 1623 4892 in
1668 4837 1833 4894 domo
1881 4857 2026 4896 uxor
2065 4843 2259 4897 tristis.

661 4916 879 4976 Divisus
919 4921 1045 4978 ideo
1082 4924 1304 4994 dicitur,
1333 4928 1460 4997 quia
1501 4946 1604 4984 non
1650 4943 1830 5002 potest
1866 4946 1918 4989 et
1948 4935 2149 4990 divinis
2179 4936 2260 4991 iii-

658 5011 854 5069 sistere
876 5014 1063 5083 rebus,
1089 5027 1144 5072 et
1170 5020 1355 5076 uxoris
1381 5022 1562 5080 facere
1591 5027 1950 5083 voluntatem.

729 5105 912 5164 Divisa
935 5122 1014 5166 est
1042 5115 1251 5180 mulier,
1284 5127 1331 5170 et
1361 5117 1526 5188 virgo.
1574 5120 1757 5177 Divisa
1797 5138 1906 5177 non
1941 5123 2131 5193 utique
2159 5138 2258 5177 na-

656 5210 809 5271 tura,
841 5205 937 5260 sed
979 5216 1136 5272 actu;
1171 5209 1296 5277 quia
1347 5210 1579 5281 legimus
1629 5214 1681 5268 in
1707 5213 1965 5271 Numeris
1995 5216 2254 5272 mulieres

651 5297 894 5368 virgines
917 5299 1223 5369 appellatas
1257 5300 1446 5373 (Nunt.
1484 5321 1636 5375 xxxi,
1670 5306 1754 5380 9).
1783 5309 1905 5364 Alia
1933 5324 2067 5379 ergo
2097 5309 2254 5363 solli-

731 5438 1035 5497 t‘Nonnulli
1081 5456 1237 5517 mss_..
1289 5443 1600 5517 pra’diratas
1630 5447 1980 5503 aSalvatore.
2023 5447 2086 5502 Et
2134 5463 2248 5517 seq.

659 5521 838 5577 versu,
870 5530 966 5581 pro
1013 5513 1350 5568 consulamus
1382 5527 1425 5570 et
1447 5516 1606 5573 aliis:
1645 5536 1747 5574 ms.
1788 5520 1952 5576 Corb.
2007 5513 2250 5585 exhibet,

662 5585 992 5638 consolamur
1013 5596 1060 5638 et
1084 5586 1238 5640 alios.

734 5650 921 5729 {Post
955 5671 1116 5729 voces
1145 5673 1250 5710 non
1280 5657 1431 5729 longe
1456 5671 1547 5724 est,
1595 5663 1816 5719 additur
1847 5665 1897 5718 in
1955 5662 2076 5718 coll.
2107 5660 2249 5714 Vall.

663 5739 696 5777 a
731 5725 938 5780 virtute.
962 5727 1019 5781 In
1049 5729 1171 5782 cod.
1208 5725 1390 5784 θυιεηὶ
1426 5731 1590 5790 Corb.
1617 5737 1684 5791 ab
1719 5737 1804 5791 liis
1835 5735 2045 5790 eisdem
2075 5733 2256 5787 verbis

668 5804 827 5875 retro
853 5799 918 5851 ad
952 5799 1064 5875 illa,
1097 5797 1274 5875 Etiam
1291 5817 1323 5854 a
1350 5803 1523 5874 licitis,
1550 5808 1683 5863 niliil
1714 5807 1983 5875 reperias.

664 5879 667 5882 ‘
733 5875 754 5902 '-‘
789 5867 894 5926 Pro
926 5863 1349 5942 eiu’t’prwterire,
1379 5869 1432 5932 ct
1462 5863 1600 5934 infra
1621 5920 1634 5947 ,
1670 5863 1793 5933 iil'e‘o'
1815 5863 2088 5949 pra'tei'it}
2117 5892 2252 5932 mss.

2360 4743 2501 4798 stola
2528 4741 2663 4796 dicit
2690 4759 2703 4794 :
2741 4741 3000 4796 Habentes
3028 4741 3234 4811 quidem
3258 4750 3281 4778 ε’
3299 4742 3525 4810 speciem
3547 4739 3763 4809 pietatis,
3784 4732 3886 4784 uirtu-

2363 4847 2464 4892 tem
2489 4847 2658 4891 autent
2688 4841 2798 4910 ejns
2826 4836 3142 4906 abnegantes
3173 4835 3242 4907 (ll
3277 4833 3417 4889 Tim.
3443 4834 3627 4906 m,5).
3669 4823 3886 4901 Aposwlus

2361 4940 2543 4986 autem
2574 4929 2663 4984 his
2697 4931 2955 5000 loquitur,
2991 4927 3088 5000 qui
3122 4928 3258 4982 mira
3289 4926 3591 4982 devotione
3617 4919 3814 4992 obsequi
3829 4915 3886 4968 de-

2362 5024 2608 5080 siderant
2636 5023 2959 5079 caelestibus
2991 5023 3316 5092 praeceptis,
3346 5021 3645 5077 ostendens
3678 5028 3728 5074 et
3749 5015 3885 5070 duceni

2364 5132 2472 5189 quo
2501 5115 2830 5185 compendio
2881 5115 3042 5170 citius
3069 5115 3178 5170 itur
3205 5113 3273 5169 ad
3306 5115 3508 5180 Deum;
3550 5115 3672 5185 quia
3701 5110 3781 5181 qui
3804 5116 3885 5174 pro-

2364 5221 2484 5282 pter
2514 5211 2684 5265 Deum
2711 5208 3132 5280 promerendum
3170 5211 3326 5277 virgo
3355 5223 3581 5262 manere
3609 5197 3884 5269 vult,sciens

2361 5307 2522 5378 quale
2557 5305 2844 5376 praemium
2876 5304 3047 5372 possit
3080 5306 3358 5373 accipere,
3387 5301 3479 5372 qui
3511 5317 3542 5356 a
3574 5301 3718 5357 licito
3742 5302 3886 5357 teml‘e'

2359 5445 2571 5512 aliquot
2595 5460 2706 5512 prae
2752 5460 2812 5498 se
2861 5441 3072 5503 lerunt,
3105 5445 3218 5513 ejus
3245 5443 3538 5513 perire.....
3582 5443 3693 5496 ideo
3740 5427 3882 5507 peribit.

2501 5519 2602 5571 hoc
2630 5518 2793 5570 etiam
2829 5515 2952 5587 loco
2981 5515 3032 5568 in
3056 5515 3222 5587 Corb.
3253 5517 3378 5568 cod.
3415 5515 3608 5569 lacuna
3637 5523 3728 5567 est.
3803 5577 3811 5587 ι

2433 5585 2459 5624 ἀ
2492 5588 2588 5641 Ms.
2618 5587 2807 5644 Corb..
2843 5586 2904 5643 Si
2948 5595 3117 5640 autent
3167 5586 3220 5639 in
3274 5603 3492 5653 corpore
3517 5588 3700 5638 mundo
3741 5582 3882 5634 attint!

2363 5668 2564 5714 terrena
2609 5659 2818 5730 cogitet,
2871 5657 3062 5728 polluit
3102 5666 3151 5711 et
3201 5673 3409 5730 corpus.
3470 5658 3602 5726 Qua:
3637 5671 3740 5709 vero
3775 5657 3882 5709 nul”

2361 5742 2456 5797 est,
2492 5741 2594 5785 etc.

2370 5844 2393 5875 η
2439 5807 2462 5875 ξ
2493 5802 2760 5872 Ιιειεάίιε,
2787 5815 2998 5875 omnes
3033 5817 3096 5858 ac
3125 5804 3312 5875 plures
3344 5816 3517 5866 mss.;
3549 5803 3638 5860 alii
3660 5809 3771 5856 vero
3789 5802 3879 5848 non-

2362 5863 2520 5943 iiulii,
2547 5863 2764 5948 speciem
2803 5863 3051 5930 t'ct'ilttlis.
