3978 6310
27 280 137 338 225

845 274 1341 336 COMMENTARIA
1379 275 1449 336 ΙΝ
1488 270 1706 338 ΕΡῘΞΤ.
1749 276 1840 337 AD
1877 272 2202 341 CORINTH.
2242 282 2532 348 PRIMAM.

3227 289 3336 348 9.26

29 411 144 465 rat,
187 399 352 472 138
380 408 442 455 ut
471 399 669 456 melior
698 399 818 464 liat;
843 398 1004 454 simul
1029 398 1205 454 omnia
1237 399 1628 470 impedimenta
1659 406 1711 465 Λ
1736 403 1931 473 ac'per
1973 402 2078 459 hoc
2107 405 2361 460 concedit
2391 405 2682 462 secundas.
2715 406 2821 464 Sed
2857 406 2980 478 quia
3013 407 3211 464 melius
3256 416 3344 465 est

26 493 215 548 carnis
246 496 487 564 spernit,
525 510 630 549 non
661 494 874 550 nescius
902 494 1016 550 lucc
1043 510 1188 560 esse,
1221 510 1341 565 quae
1372 510 1622 566 gressum

25 586 308 642 currentis
337 589 497 642 velut
525 589 776 644 oneribus
803 589 1126 660 compedum
1155 589 1420 646 detinent.

99 679 289 750 (Vers.
315 678 438 751 56.)
471 680 536 737 Si
562 682 678 752 quis
699 690 870 735 autent
895 693 1099 751 turpem
1117 692 1143 720 ἰ
1172 700 1224 738 se
1251 682 1435 738 viderit
1463 699 1626 754 supra

25 774 281 846 virginem
308 791 493 843 suam,
529 777 573 830 si
599 777 662 831 sit
709 777 847 831 ultra
888 776 1240 848 pubertatem,
1272 787 1320 832 et
1359 779 1435 834 sic
1465 795 1624 848 opor-

25 877 94 922 tet
125 867 279 936 fieri;
306 871 451 938 quod
479 871 589 924 vult
618 871 807 939 faciat,
836 886 939 924 non
964 879 1169 943 peccat,
1195 873 1242 926 si
1267 872 1446 927 nubat.
1477 874 1626 940 Quo-

25 965 172 1019 niam
219 966 478 1034 superius
512 965 586 1019 ita
618 965 989 1036 virginitatem
1045 967 1333 1023 tenendam
1365 977 1419 1024 et
1449 969 1626 1024 conti-

23 1057 268 1113 nentiam
289 1099 303 1124 ,
329 1057 546 1113 reddita
576 1059 812 1126 ratione,
847 1059 1102 1114 hortatus
1125 1070 1246 1126 est;
1289 1070 1348 1116 ut
1387 1077 1528 1132 pene
1555 1063 1622 1118 ad

23 1152 494 1223 comparationem
515 1166 701 1207 earum
729 1136 982 1224 conjugia
1006 1154 1214 1209 inutilia
1240 1155 1623 1225 etabjicienda

25 1246 320 1301 videantur
348 1262 362 1299 :
400 1260 545 1301 nunc
587 1261 656 1301 ne
686 1248 905 1316 nuptias
931 1263 1134 1319 negare
1176 1257 1481 1318 putaretur,
1512 1265 1620 1306 non

25 1355 258 1411 peccare
322 1339 625 1409 virginem,
677 1339 723 1395 si
771 1341 970 1407 nubat,
1019 1341 1291 1408 ostendit;
1353 1341 1447 1398 sed
1504 1358 1620 1399 rem

26 1433 242 1488 maximi
297 1432 505 1488 laboris
561 1432 815 1504 aggredi,
849 1441 903 1489 et
931 1450 1051 1505 quae
1090 1435 1230 1507 apud
1275 1437 1442 1490 Deum
1477 1453 1620 1508 prte-

25 1526 188 1581 mium
223 1541 333 1580 non
389 1526 610 1588 habeat,
645 1527 789 1580 sicut
821 1543 930 1582 non
963 1527 1128 1584 habet
1174 1544 1390 1600 pinnam
1423 1547 1435 1582 :
1469 1529 1616 1584 chri-

25 1619 234 1675 stianos
260 1620 408 1674 enim
439 1620 557 1674 vult
587 1636 683 1689 per
710 1619 896 1675 omnia
920 1637 1041 1677 esse
1079 1623 1360 1678 meliores.
1390 1623 1446 1680 Si
1489 1638 1621 1694 ergo

26 1712 200 1782 aliqua
230 1713 283 1766 in
307 1712 586 1768 desiderio
633 1714 945 1784 nuptiarum
990 1716 1243 1786 est,jam
1293 1727 1508 1773 matura
1551 1717 1618 1772 ad

1732 506 1790 552 ut
1820 512 1878 552 se
1905 499 2220 563 contineat;
2263 509 2320 553 ut
2349 500 2565 570 dignior
2593 502 2664 555 sit
2693 501 2745 555 in
2776 500 2956 556 futuro
2977 543 2992 568 ,
3040 502 3334 557 consilium

1728 588 1824 643 dat
1864 590 2094 659 spiritali
2143 591 2356 646 ratione
2377 588 2403 627 ἀ
2433 592 2768 661 praecipuum
2793 635 2808 660 ,
2844 601 2903 648 ut
2941 608 2999 649 se
3030 594 3332 649 contineat.

1729 681 1870 737 Puto
1896 685 2033 738 enim
2065 694 2110 738 et
2134 700 2228 757 ego
2273 684 2536 756 Spiritum
2577 684 2679 740 Dei
2718 685 2920 753 habeo;
2963 695 3024 742 ut
3055 696 3235 743 ratum
3279 697 3336 742 et

1728 775 2016 845 providum
2040 777 2332 831 consilium
2359 792 2518 832 suum
2541 777 2815 847 ostendat,
2842 779 3151 836 humilitate
3179 780 3333 836 verbi

1730 866 1838 923 hoc
1866 866 2213 924 commendat
2252 869 2363 923 alto
2394 885 2579 925 sensu.

2308 963 2538 1020 CAPUT
2595 963 2731 1020 Vill.

1801 1055 1987 1126 (Vers.
2039 1053 2118 1128 1.)
2157 1056 2235 1113 De
2287 1058 2367 1112 Itis
2398 1067 2570 1112 autem
2613 1076 2732 1130 qua:
2775 1061 2930 1116 idolis
2970 1063 3328 1133 immolantur,

1726 1147 1914 1202 scimus
1943 1149 2066 1218 quia
2090 1165 2266 1205 omnes
2292 1153 2560 1206 scientiam
2583 1153 2850 1209 habemus.
2872 1154 3028 1212 Nunc
3047 1157 3115 1212 de
3148 1160 3330 1214 scien-

1726 1242 1798 1297 tia
1851 1243 2134 1300 locuturus
2165 1255 2247 1300 est
2273 1263 2285 1298 :
2316 1262 2435 1318 quae
2467 1248 2541 1302 sit
2586 1248 2836 1315 scientia,
2871 1265 2981 1306 non
3011 1251 3198 1308 statim
3244 1253 3331 1308 di-

1725 1337 1838 1403 cit,
1881 1338 1981 1393 sed
2007 1339 2059 1394 in
2086 1339 2350 1410 subjectis
2381 1343 2621 1398 ostendit
2645 1345 2870 1412 dicens,
2909 1344 3034 1417 quia
3068 1346 3206 1403 nihil
3243 1355 3329 1406 est

1724 1430 1950 1486 idolum.

1800 1525 2035 1582 Scientia
2075 1529 2248 1598 inflat.
2296 1529 2642 1587 Manifestum
2675 1542 2758 1587 est
2799 1530 3094 1589 habentem
3142 1534 3326 1590 scien-

1724 1617 1856 1672 tiam
1888 1619 1940 1672 in
1973 1635 2040 1674 eo
2088 1620 2208 1691 ipso
2234 1621 2499 1691 gloriari,
2536 1627 2582 1678 si
2613 1638 2721 1678 non
2745 1624 2900 1692 foris,
2930 1625 3056 1696 quia
3088 1625 3330 1696 prudens

1724 1723 1808 1768 est
1831 1755 1844 1779 ,
1878 1713 1963 1768 vel
2003 1715 2146 1784 apud
2181 1730 2261 1772 se.
2297 1716 2485 1773 Genus
2511 1719 2656 1774 enim
2687 1719 2932 1774 scientiae
2977 1719 3082 1775 hoc
3109 1729 3193 1776 est
3215 1765 3231 1790 ,
3271 1729 3331 1777 ut

28 1822 214 1873 usum,
246 1807 446 1863 melius
471 1823 614 1875 esse,
650 1818 710 1864 ut
743 1811 1043 1866 secundum
1091 1827 1412 1868 concessam
1447 1813 1621 1884 legem
1653 1820 1701 1881 Β
1726 1809 1995 1879 glorietur
2040 1812 2091 1865 in
2121 1825 2266 1879 sese,
2300 1811 2422 1868 ideo
2450 1813 2621 1868 inflat.
2652 1813 2894 1870 Charitas
2927 1832 3046 1871 vero
3071 1817 3323 1886 cedi/icui.

27 1901 240 1970 publice
266 1902 466 1966 nubat,
501 1917 663 1972 quam
689 1905 904 1958 occulte
938 1905 1170 1975 turpiter
1195 1917 1318 1976 agat
1359 1905 1490 1961 illud
1515 1947 1530 1974 ,
1563 1915 1615 1962 et

30 1994 381 2050 erttbescatur
413 1995 466 2048 ill
498 1994 613 2048 illa.

101 2087 277 2158 (Vers.
310 2087 428 2160 57.)
461 2086 599 2142 Nam
628 2090 718 2160 qui
755 2093 938 2146 statuit
983 2093 1034 2146 in
1074 2093 1230 2147 corde
1268 2111 1364 2148 suo
1399 2095 1614 2164 ﬁrmus,

37 2198 135 2235 non
169 2183 355 2238 habens
384 2185 774 2254 necessitatem,
819 2197 1124 2258 potestatem
1150 2200 1320 2243 autem
1365 2191 1514 2244 habet
1555 2191 1618 2247 de

39 2293 128 2330 sua
171 2278 452 2345 voluntate,
491 2288 537 2334 et
585 2279 685 2334 hoc
725 2281 950 2336 decrevit
991 2284 1044 2336 in
1078 2301 1172 2338 suo
1204 2285 1380 2350 corde,
1413 2302 1617 2339 servare

43 2371 278 2440 virginem
301 2389 467 2437 suam,
490 2374 618 2429 bene
642 2377 786 2446 facit.
817 2375 928 2431 lloc
957 2376 1120 2444 dicit,
1150 2379 1314 2448 utqui
1350 2379 1612 2448 virginem

44 2462 231 2529 habet,
264 2465 348 2520 cui
375 2466 582 2522 animus
613 2468 679 2522 ad
704 2469 920 2540 nuptias
950 2485 1056 2524 non
1081 2479 1196 2536 est,
1223 2479 1407 2526 servet
1430 2472 1611 2526 illam:

39 2576 135 2615 nec
174 2561 248 2615 illi
297 2562 503 2634 ingerat
544 2564 790 2620 fomitem
849 2565 1202 2635 nuptiarum,
1263 2582 1424 2635 quam
1470 2567 1616 2622 videt

33 2654 261 2708 nubendi
295 2655 626 2712 voluntatem
657 2674 765 2713 non
799 2658 1026 2714 habere.
1086 2659 1364 2714 Benelicia
1398 2660 1441 2715 si
1472 2675 1614 2731 prte-

31 2749 209 2804 standa
251 2758 412 2815 sunt,
444 2761 650 2822 quanto
679 2755 850 2824 magis
881 2754 1107 2808 minime
1132 2753 1470 2809 auferenda?

98 2845 271 2917 (Vers.
300 2845 417 2916 58.)
446 2845 534 2900 Ita
564 2857 610 2901 et
649 2851 736 2916 qui
763 2859 987 2918 nuptum
1033 2849 1120 2902 dat
1152 2850 1398 2922 virginem
1431 2865 1610 2916 suout,

32 2942 144 2993 bene
169 2942 308 3010 facit.
348 2941 495 2997 Bene
523 2942 684 3008 facit,
723 2945 847 3014 quia
878 2943 1041 3008 licet,
1072 2944 1217 3014 quod
1250 2943 1395 2998 facit.
1433 2945 1501 2998 Et
1526 2945 1612 3015 qui

29 3051 120 3086 non
150 3033 236 3087 dat
275 3045 528 3106 nuptum,
568 3035 753 3089 melius
798 3036 949 3106 facit.
986 3036 1175 3091 Melius
1201 3035 1357 3102 facit,
1391 3038 1513 3107 quia
1559 3046 1614 3092 et

28 3127 157 3197 apud
190 3127 360 3183 Deum
389 3129 642 3184 meritum
667 3128 744 3183 illi
774 3129 1035 3197 collocat,
1063 3139 1117 3184 et
1139 3145 1166 3182 a
1197 3130 1382 3185 saeculi
1406 3130 1613 3186 sbllici-

27 3221 203 3278 tudine
233 3223 382 3277 illam
417 3223 634 3278 liberat.
926 3211 931 3217 ’

93 3314 268 3387 (Vers.
305 3315 425 3388 39.)
452 3315 645 3370 Mulier
686 3317 855 3371 vincta
889 3325 964 3372 est
1009 3318 1142 3388 lege,
1194 3318 1445 3388 quamdiu
1488 3318 1607 3373 vivit

19 3408 93 3462 vir
119 3411 248 3482 ejus.
291 3409 420 3464 Ηωο
461 3408 664 3464 idcirco
716 3411 1082 3480 prosequitur,
1137 3420 1194 3465 ut
1243 3411 1440 3466 doceat
1482 3412 1606 3482 quia

25 3503 228 3570 mulier,
262 3502 481 3558 etiamsi
511 3521 538 3556 a
570 3504 689 3558 viro
721 3503 885 3558 fuerit
911 3503 1087 3574 ejecta
1109 3546 1122 3569 ,
1155 3505 1391 3558 nubendi
1433 3504 1605 3559 licen-

26 3596 143 3650 tiam
189 3613 296 3652 non
343 3597 528 3652 habet.
559 3595 587 3635 δ
615 3597 674 3653 Si
701 3607 874 3652 autem
903 3608 1134 3654 mortuus
1163 3599 1318 3670 fuerit
1347 3599 1424 3652 vir
1454 3601 1568 3671 ejus
1588 3639 1604 3666 ,

24 3687 227 3744 liberata
283 3699 380 3745 est.
435 3689 610 3743 Etiam
659 3691 776 3744 huic
815 3691 884 3744 ad
936 3691 1285 3761 supradictas
1330 3695 1608 3762 pertinent

23 3798 234 3851 causas;
265 3794 325 3838 ut
348 3787 599 3839 ostendat
628 3798 792 3854 quam
823 3783 979 3837 beata
1007 3783 1080 3839 sit
1112 3785 1285 3854 virgo,
1317 3799 1439 3838 cum
1473 3784 1609 3838 nulli

23 3878 118 3931 nisi
148 3877 248 3933 soli
281 3878 395 3932 Deo
419 3876 664 3946 subjecta
693 3877 786 3933 sit.
824 3876 1060 3931 Vincere
1087 3877 1231 3932 enim
1263 3876 1480 3931 videtur
1513 3891 1608 3929 na-

24 3971 239 4026 turalem
273 3969 722 4041 subjectionem,
763 3968 983 4040 quando
1025 3969 1170 4040 quod
1223 3985 1319 4039 per
1357 3977 1604 4024 naturam

23 4064 355 4120 huuliliatutn
379 4072 486 4130 est,
516 4063 698 4134 erigit.
729 4061 826 4116 Cui
855 4064 963 4117 vult
987 4063 1164 4130 nubat,
1189 4073 1389 4118 tantum
1419 4064 1470 4117 in
1491 4061 1605 4117 Do-

24 4161 149 4214 mino
171 4177 187 4214 :
213 4160 264 4215 id
291 4168 410 4226 est,
440 4173 603 4230 quem
631 4158 731 4212 sibi
761 4167 945 4229 aptum
971 4159 1268 4230 putaverit,
1294 4159 1372 4213 illi
1406 4159 1604 4225 nubat;

21 4253 134 4322 quia
162 4253 346 4308 invita:
377 4255 582 4322 nuptiae
607 4252 788 4308 solent
820 4254 993 4308 malos
1031 4265 1336 4325 proventus
1377 4254 1604 4310 habere.

20 4346 234 4403 Tantum
261 4351 316 4403 in
345 4348 592 4413 Domino,
635 4348 740 4402 hoc
767 4358 883 4415 est,
919 4358 975 4402 ut
1003 4348 1124 4403 sine
1152 4347 1464 4419 suSpicione
1496 4358 1608 4403 tur-

23 4442 272 4510 pitudinis
319 4443 517 4507 nubat,
549 4449 603 4497 et
625 4441 908 4511 religionis
938 4455 1054 4496 sua:
1091 4439 1211 4495 viro
1256 4440 1425 4495 nubat
1457 4458 1469 4493 :
1504 4439 1606 4496 hoc

22 4546 96 4589 est
123 4536 173 4589 in
197 4536 432 4592 Domino
463 4533 692 4589 nubere.
1068 4530 1080 4549 '

1725 1899 1913 1972 Itaque
1943 1914 2069 1959 tunc
2091 1905 2322 1961 scientia
2355 1923 2545 1977 magna
2573 1917 2677 1977 est,
2712 1916 2769 1963 et
2796 1909 2899 1964 sibi
2931 1909 3104 1977 utilis,
3129 1911 3172 1966 si
3199 1911 3330 1966 cha-

1723 1995 1883 2050 ritate
1925 1996 2265 2067 humilietnr,
2317 2008 2375 2055 ut
2403 2000 2642 2072 amplius
2686 2010 2918 2058 crescet.
2962 2003 3327 2074 Temperatur

1721 2089 1867 2142 enim
1895 2104 1922 2143 a
1953 2090 2275 2159 dilectione,
2303 2104 2360 2148 ut
2382 2109 2488 2149 non
2516 2096 2649 2151 satis
2682 2111 2832 2151 mera
2861 2097 2967 2164 sit,
2990 2106 3048 2153 et
3090 2098 3327 2156 inebriet

1721 2183 2012 2250 scientem,
2035 2196 2092 2240 ut
2120 2202 2179 2242 se
2209 2188 2453 2242 extollat.
2479 2189 2632 2245 Sicut
2661 2193 2810 2247 enim
2832 2193 3015 2247 vinum
3045 2209 3151 2250 non
3183 2203 3324 2250 tem-

1722 2287 1969 2345 peratum
2017 2279 2356 2335 admixtione
2398 2296 2551 2352 aquae
2593 2294 2830 2340 mentem
2881 2285 3116 2354 alienat;
3167 2287 3237 2342 ita
3267 2297 3324 2344 et

1721 2373 1946 2427 scientia
1979 2374 2274 2444 superbum
2301 2375 2452 2443 facit,
2483 2376 2586 2432 nisi
2619 2377 2786 2434 fuerit
2833 2389 3152 2450 temperata.
3186 2381 3321 2435 0m-

1722 2464 1810 2518 nia
1839 2467 1985 2520 enim
2018 2467 2130 2521 sola
2166 2467 2408 2522 insuavia
2437 2479 2563 2524 sunt
2585 2481 2640 2525 et
2669 2471 2892 2539 nociva;
2938 2474 3062 2542 quia
3097 2488 3199 2528 nec
3227 2488 3321 2544 pa-

1719 2563 1804 2616 nis
1827 2563 1976 2618 solus
2016 2565 2153 2620 bene
2185 2564 2387 2630 editur,
2422 2582 2522 2623 nec
2563 2568 2759 2640 reliqui
2799 2568 2906 2624 cibi
2946 2569 3067 2625 sine
3104 2569 3318 2625 admix-

1719 2656 1868 2713 tione
1897 2659 2035 2729 grati
2061 2669 2209 2726 sunt,
2239 2659 2374 2714 esed
2406 2661 2618 2726 nocivi;
2649 2662 2774 2718 ideo
2801 2661 3040 2718 charitas
3062 2662 3319 2718 aediﬁcat.

1718 2750 1838 2821 lpsa
1871 2752 2108 2808 charitas
2129 2767 2238 2807 uno
2255 2753 2386 2808 licet
2403 2754 2666 2810 vocabulo
2682 2755 3009 2826 appelletur,
3029 2755 3215 2810 multis
3241 2764 3321 2810 ta-

1719 2859 1842 2899 men
1875 2845 2160 2912 consistit;
2180 2847 2297 2901 sine
2317 2846 2581 2917 patientia
2603 2848 2746 2902 enim
2777 2865 2882 2902 non
2914 2859 3114 2918 poteSI,
3138 2863 3321 2919 neque

1717 2940 1836 2994 sine
1883 2939 2214 3006 humilitate,
2249 2957 2427 3011 neque
2463 2943 2584 2998 sine
2623 2941 2806 2998 cordis
2847 2943 3223 3012 simplicitate.
3253 2942 3319 2998 Hi

1717 3049 1846 3104 ergo
1874 3033 2045 3088 inﬂati
2081 3045 2233 3090 erant
2254 3051 2352 3106 per
2377 3037 2685 3104 scientiam,
2724 3035 2742 3074 ί
2775 3037 2898 3106 quia
2932 3035 3068 3091 nihil
3097 3045 3183 3092 est
3203 3035 3322 3092 ido-

1717 3127 1864 3193 lum,
1895 3128 1989 3198 qui
2020 3139 2205 3183 contra
2231 3130 2465 3185 salutem
2501 3131 2726 3185 fratrum
2751 3130 3126 3200 imperitorum
3161 3129 3320 3202 139

1639 3220 1684 3283 C
1717 3235 1912 3276 carnes
1955 3222 2386 3278 sacriﬁcaturum
2434 3225 2692 3289 edebant,
2727 3223 2970 3280 scientes
2995 3223 3165 3280 licere
3193 3238 3318 3279 car-

1712 3327 1836 3368 nem
1865 3314 2066 3382 edere;
2097 3325 2153 3371 et
2182 3318 2310 3388 quia
2338 3317 2470 3372 nihil
2497 3328 2584 3373 est
2614 3317 2819 3374 idolum
2842 3361 2856 3386 ,
2900 3317 3024 3374 ideo
3051 3335 3158 3374 non
3186 3333 3320 3374 con-

1714 3407 1961 3462 taminari
1981 3407 2257 3464 edentem.
2278 3410 2340 3465 lli
2365 3410 2624 3467 seandalo
2639 3421 2798 3467 erant
2823 3410 3117 3479 fratribus,
3134 3411 3314 3468 chari-

1715 3509 1877 3556 tatem
1943 3518 2054 3572 prce
2115 3503 2287 3558 oculis
2339 3521 2444 3560 non
2494 3505 2789 3572 habentes;
2841 3506 2965 3576 quia
3017 3504 3143 3577 plus
3199 3513 3319 3561 erat

1710 3601 2340 3665 carnem’coutemncre,
2373 3614 2536 3667 quam
2564 3599 2822 3655 fratribus
2871 3599 3192 3655 scandalum
3239 3598 3317 3654 fa-

1707 3704 1854 3744 cere.
1883 3691 2125 3746 Scieutia
2156 3692 2302 3746 enim
2327 3691 2541 3747 illorum
2561 3692 2875 3748 destruebat
2897 3693 3113 3748 animos
3142 3693 3317 3763 impe-

1712 3783 1942 3839 ritorum
1975 3785 2228 3854 fratrum,
2260 3787 2564 3856 putantium
2607 3802 2730 3842 esse
2772 3785 2884 3841 illic
2909 3786 3052 3858 apud
3104 3786 3311 3842 idolum

1711 3879 1948 3949 aliquam
1979 3881 2208 3951 gratiam
2232 3897 2246 3946 ;
2269 3879 2486 3951 quando
2507 3879 2800 3950 peritiores
2824 3880 3026 3936 fratres
3043 3879 3314 3935 interesse

1711 3971 1846 4038 illic,
1891 3982 1945 4027 et
1992 3990 2096 4028 non
2146 3973 2371 4029 horrere
2413 3975 2691 4030 videbant.
2743 3973 2874 4031 ldeo
2917 3974 3038 4030 ait:
3073 3973 3314 4030 Charitas

1709 4066 1968 4137 a’diﬁcal;
2003 4075 2062 4121 ut
2089 4066 2250 4122 saluti
2285 4066 2514 4122 fratrum
2550 4067 2870 4136 studentes,
2913 4067 3161 4124 scientia:
3194 4066 3311 4124 illic

1711 4159 1918 4231 legibus
1962 4177 2068 4215 non
2101 4170 2404 4229 uterentur,
2449 4177 2517 4217 ne
2547 4161 2654 4216 illis
2692 4161 3008 4218 scandalum
3040 4160 3310 4217 facerent.

1789 4255 1946 4310 \‘ers.
1980 4255 2061 4327 2.)
2089 4255 2241 4321 Quod
2283 4258 2329 4311 si
2376 4258 2491 4323 quis
2529 4256 2788 4312 existimat
2832 4273 2886 4311 se
2915 4256 3115 4326 aliquid
3158 4257 3312 4323 scire,

1711 4348 1940 4402 nondum
1983 4351 2223 4422 cognovit
2264 4349 2699 4420 quemadmodum
2741 4359 2972 4422 oporteat
3012 4366 3130 4405 eum
3158 4350 3314 4408 scire.

1709 4442 1817 4498 Eos
1847 4443 1992 4513 ipsos
2019 4443 2108 4512 qui
2143 4444 2193 4498 in
2222 4443 2446 4498 scientia
2471 4441 2801 4513 gloriantur,
2835 4442 3078 4498 ostendit
3106 4456 3214 4498 non
3239 4441 3316 4496 ita

1710 4539 2058 4608 cognovisse,
2079 4537 2219 4593 sicut
2235 4536 2679 4608 cognoscendum
2711 4544 2814 4592 est.
2848 4535 2982 4591 Dum
3013 4535 3159 4592 enim
3184 4534 3315 4592 cha-

88 4628 264 4702 (Vers.
299 4630 418 4700 40.)
449 4627 668 4683 Beatior
707 4636 881 4681 autem
903 4627 1033 4694 erit,
1067 4628 1111 4684 si
1134 4628 1210 4683 sic
1231 4629 1606 4702 permanserit,
1636 4626 1690 4688 D
1716 4631 1958 4698 ritatem,
1988 4646 2111 4702 qua:
2142 4641 2318 4686 mater
2343 4631 2590 4686 omnium
2637 4629 2908 4686 bonorutn
2934 4639 3019 4685 est
3044 4671 3058 4695 ,
3093 4645 3201 4685 non
3228 4644 3318 4686 se-

21 4723 293 4778 secundum
324 4738 494 4776 meum
525 4721 819 4776 consilium.
863 4720 998 4778 Cum
1027 4720 1162 4775 dicit
1193 4722 1480 4791 superius,
1513 4739 1611 4776 nu-

23 4815 124 4882 bat,
159 4818 276 4890 lege
299 4818 541 4887 loquitur
573 4815 842 4881 naturali;
871 4831 1200 4886 qualnquam
1231 4831 1261 4870 a
1285 4815 1401 4870 Deo
1424 4814 1613 4886 prima:

22 4909 212 4975 nuptiae
241 4909 383 4973 sint,
417 4907 677 4962 secunda:
704 4921 840 4961 vero
866 4906 1151 4976 permissa:
1173 4915 1337 4977 .sunt.
1371 4907 1614 4976 Denique

22 5003 198 5070 primae
223 5005 431 5075 nuptias
462 5002 566 5057 sub
598 5001 986 5057 benedictione
1014 5001 1111 5057 Dei
1142 5001 1491 5056 celebrantur
1522 5015 1613 5055 su-

22 5092 247 5152 blimiter
284 5116 298 5152 :
332 5096 592 5152 secundae
618 5107 801 5151 autem
840 5097 1007 5150 etiam
1047 5095 1102 5150 iu
1132 5095 1390 5166 praesenti
1418 5105 1612 5152 carent

20 5188 217 5258 gloria;
261 5207 543 5248 concessa:
591 5199 720 5246 sunt
761 5200 942 5246 autem
993 5201 1217 5260 pr0pter
1262 5190 1612 5246 incontinen-

22 5283 171 5344 tiam;
203 5297 258 5342 et
287 5289 409 5358 quia
440 5298 460 5326 ο
496 5285 678 5342 solent
707 5283 994 5340 viduarum
1021 5283 1268 5354 juniores
1293 5287 1605 5352 incurrere;

88 5435 109 5463 α
139 5427 299 5485 Rom.
325 5431 490 5498 edit.,
539 5444 662 5484 cum
709 5427 892 5499 paucis
933 5441 1094 5492 mss,
1143 5441 1196 5480 se
1239 5425 1401 5481 rideri
1431 5427 1610 5481 existi-

23 5508 137 5552 mat.

89 5570 110 5607 δ
137 5571 208 5624 lta
236 5583 344 5628 vel.
371 5574 506 5629 edit.
529 5587 594 5628 ac
616 5572 858 5643 plerique
884 5586 1050 5635 mss.;
1077 5571 1236 5624 Rom.
1268 5581 1448 5625 autem
1471 5570 1606 5626 edit.

22 5656 133 5696 cum
163 5646 287 5700 aliis
314 5648 520 5714 aliquot
551 5659 710 5707 lllS$.,
743 5644 894 5712 Quod
921 5646 964 5698 si
994 5644 1280 5695 dormierit.

93 5725 112 5753 ε
139 5717 388 5772 Nonnulli
435 5733 594 5782 ius»,
627 5718 788 5770 solent
814 5719 866 5769 in
887 5718 1143 5768 dirersum
1163 5715 1402 5786 juuiores
1429 5714 1608 5767 incur-

29 5800 145 5840 rere.
177 5790 271 5861 Hic
291 5805 508 5861 quoque
529 5789 792 5857 quidquid
825 5791 1104 5861 intercedit
1135 5803 1166 5861 _a
1200 5788 1379 5840 verbis
1406 5805 1427 5861 :7
1448 5786 1608 5838 Deni-

23 5875 112 5933 que
137 5858 324 5932 primai
347 5862 543 5933 nuptia:
566 5902 580 5927 ,
612 5875 779 5930 usque
818 5859 883 5913 ad
905 5900 919 5927 ,
951 5858 1183 5912 concedit
1237 5860 1514 5925 secundas,
1551 5860 1603 5913 in

1714 4735 1961 4792 ctantur,
1995 4742 2104 4780 non
2138 4726 2318 4781 sciunt
2361 4725 2505 4781 sicut
2544 4731 2786 4796 oportet.
2832 4724 3057 4796 Utergo
3086 4724 3314 4781 scientia

1711 4819 1948 4876 fructum
1976 4820 2181 4876 habere
2205 4824 2408 4890 possit,
2437 4820 2694 4877 cliaritati
2721 4836 2782 4877 se
2807 4820 2975 4878 debet
3015 4820 3312 4892 subjicere.

1784 4915 1966 4986 (Vers.
1988 4913 2068 4985 '5.)
2094 4915 2154 4970 Si
2184 4931 2300 4969 vero
2325 4916 2439 4986 quis
2462 4915 2630 4988 diligit
2650 4914 2842 4984 Deum,
2868 4918 2950 4972 hic
2977 4917 3212 4989 cognitas
3237 4923 3315 4970 est

1713 5007 1776 5061 ab
1811 5023 1891 5060 eo.
1925 5006 2023 5061 Hic
2055 5006 2230 5077 diligit
2260 5005 2459 5076 Deum,
2490 5011 2581 5079 qui
2614 5007 2901 5064 charitatis
2941 5023 3105 5064 causa
3135 5007 3315 5062 scicn-

1715 5102 1843 5157 tiam
1871 5102 2112 5174 mitigat;
2145 5111 2202 5157 ut
2225 5103 2404 5174 prosit
2434 5101 2615 5171 fratri,
2643 5119 2740 5176 pro
2766 5117 2875 5175 quo
2903 5099 3155 5160 Cbrisms
3177 5115 3314 5156 mor-

1709 5204 1834 5251 tuus
1858 5206 1958 5253 est.

1783 5288 1966 5361 (Vers.
2000 5289 2083 5361 4.)
2117 5289 2235 5346 BDe
2253 5292 2380 5347 cibis
2401 5293 2564 5364 igitur
2589 5292 2883 5350 simulacris
2901 5287 3308 5348 immolatarum.

1714 5427 1883 5509 Corb.
1915 5446 2016 5486 ms.
2052 5430 2516 5509 praetermittitur.
2582 5503 2631 5509 __
2704 5506 2712 5509 _
3013 5503 3039 5509 Α,
3154 5508 3157 5509 ν
3238 5497 3250 5509 ,

1789 5499 1814 5538 ει
1846 5504 2004 5557 ltum.
2038 5499 2172 5558 edit.
2221 5505 2442 5558 omissis
2483 5503 2686 5567 verbis,
2704 5506 2771 5558 ‘ut
2811 5517 2864 5557 se
2902 5503 3202 5564 contineat,
3237 5499 3310 5554 ita

1717 5575 2092 5648 prosequitur;
2112 5573 2248 5628 Puto
2274 5576 2409 5629 enim
2431 5586 2476 5628 et
2499 5593 2591 5648 ego
2615 5590 2696 5627 me
2718 5574 2953 5648 spiritum
2979 5572 3072 5648 Dei
3101 5571 3308 5627 habere.

1792 5655 1815 5681 θ
1839 5645 1964 5698 Mss.
1995 5646 2222 5714 aliquot,
2246 5648 2336 5700 sed
2360 5665 2460 5700 non
2492 5644 2689 5710 nocivi;
2722 5644 2864 5697 haud
2897 5647 3032 5697 satis
3067 5652 3238 5698 recte.

1796 5713 2008 5788 [βω-1).
2040 5713 2188 5778 cod.,
2219 5721 2306 5784 qui
2337 5719 2478 5771 idolo
2509 5729 2685 5770 contra
2720 5715 2939 5769 salutent
2965 5719 3188 5788 fratrum
3216 5715 3316 5769 iut-

1715 5787 2000 5855 peritarunt
2028 5803 2206 5842 carnes
2238 5789 2556 5857 sacrificulus
2587 5788 2822 5841 edebant.

1787 5866 1812 5906 ε
1847 5858 1972 5913 Εάὶι
2001 5873 2066 5913 ac
2093 5875 2224 5916 mss.
2259 5860 2531 5930 nonnulli,
2559 5857 2638 5914 De
2666 5858 2796 5914 cibis
2818 5859 3002 5933 igitur,
3038 5859 3127 5932 qui
3158 5858 3320 5914 simu-
