3978 6310
703 263 812 320 2‘27

1635 256 1730 322 AD
1772 256 2001 322 OPERA
2040 257 2286 321 SANCTI
2326 260 2651 324 AMBROSII
2690 262 3063 324 APPENDIX.

3814 273 3889 334 ω

700 382 854 438 Nunc
882 396 1099 436 causam
1132 382 1303 452 ipsam
1330 387 1655 450 pertractat,
1677 390 1737 436 ut
1755 383 2012 438 ostendat
2033 399 2127 453 per
2145 385 2304 438 ratio-
2332 392 2383 452 Α
2409 386 2475 442 de
2496 386 2830 443 simulacris?
2857 387 2971 444 Hoc
3015 386 3140 443 ideo
3167 385 3300 443 dixit
3321 427 3337 454 ,
3376 387 3490 458 quis
3514 387 3667 443 videns
3685 389 3793 460 quis
3820 388 3889 444 ira-

698 495 818 533 ne:n
872 480 1155 533 scientiam
1206 495 1312 532 non
1345 477 1521 532 solum
1568 494 1674 532 non
1703 478 2001 548 prolicere,
2036 480 2305 535 charitate

698 578 1036 639 contempta,
1058 568 1152 623 sed
1186 577 1241 623 et
1267 568 1482 623 obesse.
1506 568 1712 623 Scimus
1740 571 1863 638 quia
1891 570 2021 623 uiltil
2041 579 2116 624 est
2146 571 2307 623 sium-

698 666 930 728 lacrum,
981 673 1026 718 et
1069 664 1190 733 quia
1233 680 1382 718 nemo
1421 661 1586 730 Deus,
1632 664 1734 718 nisi
1767 681 1923 719 unus.
1962 663 2160 720 Verum
2187 675 2302 730 est;

700 759 840 828 apud
871 757 1206 812 christianos
1235 759 1380 812 enim
1412 772 1551 811 unus
1577 769 1656 812 est
1696 758 1864 812 Deus.

769 851 953 918 (Vers.
989 850 1071 920 5.)
1099 851 1244 904 Licet
1269 852 1369 904 sint
1397 852 1485 922 qui
1513 851 1753 904 dicantur
1786 852 1862 905 dii
1884 861 1934 906 et
1959 851 2178 915 domini,
2206 852 2309 904 sive

701 947 751 1000 in
781 946 928 1010 ccclo,
960 947 1064 1000 sive
1110 947 1163 1000 in
1198 957 1354 1000 terra.
1391 948 1432 1000 Α
1468 945 1692 1014 paganis
1724 948 1872 1000 enim
1904 957 1958 1000 et
1990 948 2071 1002 sol
2101 955 2153 1000 ct
2180 947 2306 1000 luna

699 1051 755 1096 et
783 1049 983 1097 caetera
1023 1041 1205 1095 sidera
1254 1041 1327 1095 dii
1385 1041 1640 1096 cmlestes
1683 1040 1942 1094 dicuntur
1995 1056 2009 1094 :
2056 1041 2108 1096 in
2162 1049 2306 1094 terra

703 1135 1042 1206 Apollinem,
1076 1135 1476 1207 Esculapium,
1503 1135 1816 1203 Herculem,
1847 1135 2146 1191 Minervam
2177 1135 2309 1191 deos

703 1231 897 1286 dicunt
925 1240 982 1286 et
1010 1231 1278 1285 dominos.

769 1323 956 1395 (Vera.
987 1325 1069 1393 6.)
1101 1323 1265 1378 Nobis
1311 1334 1484 1379 tamen
1529 1341 1666 1377 unus
1709 1322 1854 1378 Deus
1907 1322 2092 1386 Pater,
2118 1339 2181 1378 ea:
2209 1339 2309 1388 quo

704 1421 900 1483 omnia,
957 1429 1008 1473 et
1053 1436 1147 1473 nos
1193 1420 1245 1472 in
1291 1418 1402 1473 illo.
1453 1420 1646 1473 Omnia
1678 1419 1823 1473 enim
1856 1434 1925 1473 ex
1959 1418 2050 1472 illo
2080 1431 2311 1487 qumque

705 1521 831 1567 sunt
851 1555 864 1574 ,
899 1512 1230 1583 ubicumque
1261 1521 1407 1566 sunt.
1445 1510 1582 1565 Cum
1612 1521 1796 1566 autem
1826 1509 1962 1564 dicit
1991 1526 2009 1563 :
2042 1508 2109 1562 Et
2138 1525 2230 1564 nos
2256 1509 2311 1562 in

697 1609 810 1672 illo,
838 1608 1103 1662 diserevit
1137 1624 1236 1660 nos
1269 1624 1298 1661 a
1330 1609 1582 1670 exteris,
1618 1607 1711 1676 qui
1758 1623 1878 1661 cum
1920 1622 1989 1661 ex
2019 1605 2118 1660 illo
2166 1605 2308 1669 sint;

702 1718 809 1757 non
843 1713 1021 1756 tamen
1048 1710 1176 1756 sunt
1207 1701 1261 1755 in
1293 1703 1416 1767 illo,
1452 1701 1579 1754 dum
1609 1699 1788 1753 adhuc
1821 1716 1929 1754 nou
1955 1698 2207 1754 credunt.
2243 1695 2313 1751 Et

2412 493 2548 538 trem
2568 483 2804 552 peritum
2828 485 2880 540 in
2900 483 3065 539 idolio
3083 482 3393 548 invitatum,
3409 482 3758 539 recumbentem
3772 484 3893 539 edcta

2409 591 2606 631 carnes
2634 575 3056 644 sacrificiorum,
3090 585 3247 648 putat
3276 574 3388 631 illic
3408 589 3521 630 esse
3547 575 3711 645 aliquid
3734 577 3892 646 gratia.

2409 679 2463 726 et
2493 671 2684 740 incipit
2705 673 2874 726 etiam
2909 672 3023 740 ipse
3051 669 3218 726 edere
3237 683 3439 725 carnes
3457 667 3894 731 sacriﬁciorum-on

2411 766 2501 820 illa
2535 767 2897 833 conscientia,
2927 783 3032 838 qua
3059 767 3151 822 ille
3189 765 3402 837 peritia:
3431 777 3576 818 causa
3609 760 3764 820 sciens
3939 793 3941 844 χ

2411 873 2534 913 ρεκθ
2559 858 2783 922 idolum,
2808 858 2904 914 sed
2931 873 3034 928 qua
3067 873 3188 913 esse
3215 864 3370 928 putat
3399 855 3504 909 illic
3525 869 3718 920 nomen;
3736 855 3897 924 quando
3939 857 3941 922 ε

2409 952 2631 1010 fratrem
2664 955 2892 1022 peritum
2917 953 3065 1008 videt
3092 953 3201 1008 illic
3221 953 3408 1014 edere.
3440 966 3532 1008 nec
3549 950 3756 1006 horrere.

2489 1045 2649 1119 ιω
2665 1047 2844 1112 (vers-
2868 1048 2926 1102 ίί
2945 1046 2985 1115 ·)
3013 1045 3080 1100 Et
3103 1047 3309 1115 Ρϐνὲὸὶι,
3333 1045 3422 1116 qui
3448 1045 3653 1114 inﬁrmus
3672 1053 3734 1098 est
3752 1053 3771 1078 α
3787 1043 3826 1096 in
3847 1053 3897 1096 tu

2408 1140 2621 1198 scientia
2657 1143 2842 1209 frater,
2878 1155 2974 1208 pro
2998 1155 3099 1209 quo
3125 1137 3365 1194 Christus
3388 1146 3462 1192 est
3489 1135 3725 1190 mortuas?
3751 1133 3899 1192 Petilii

2414 1231 2683 1295 inﬁrmus,
2716 1231 2762 1286 si
2790 1231 2919 1288 edat
2947 1241 3133 1288 contra
3167 1232 3329 1286 unius
3361 1228 3453 1286 Dei
3495 1228 3634 1286 ﬁdem
3670 1228 3728 1288 de
3751 1227 3898 1286 Saeui-
3939 1227 3941 1272 5

2413 1325 2550 1380 catis
2579 1342 2592 1380 :
2622 1324 2765 1394 quod
2817 1325 3035 1394 quidem
3081 1326 3236 1396 quasi
3271 1323 3554 1381 irascentis
3577 1322 3714 1382 verba
3739 1331 3901 1385 sanust

2413 1417 2752 1476 ostendentis
2778 1418 2908 1488 quid
2957 1418 3081 1472 mali
3117 1417 3282 1488 possit
3313 1432 3505 1489 parere
3533 1417 3757 1480 scientia,
3778 1416 3813 1470 si
3837 1431 3898 1470 aut
3939 1416 3941 1454 ¹

2414 1513 2578 1568 fuerit
2601 1523 2708 1568 tem
2719 1521 2900 1583 porata
2929 1528 2959 1570 ο
2981 1513 3273 1568 charitate.
3309 1511 3377 1568 In
3407 1521 3496 1566 tua
3523 1510 3748 1566 scientia:
3774 1508 3899 1562 idest.
3937 1508 3941 1583 ξ

2415 1605 2440 1646 ι)
2490 1616 2575 1662 tua
2607 1608 2795 1679 peritia
2849 1608 3000 1663 illum
3023 1607 3256 1672 occidit;
3305 1605 3567 1678 quandoa
3595 1615 3638 1660 te
3672 1604 3897 1664 ﬁerinisi.

2414 1703 2557 1772 quod
2585 1703 2678 1757 ille
2723 1703 2886 1758 aliter
2915 1702 3189 1774 intelligit.
3240 1701 3310 1758 Et
3341 1713 3396 1757 tu
3427 1702 3535 1756 eris
3561 1698 3750 1755 occasio
3782 1699 3902 1752 mortis

700 1812 830 1850 unus
874 1795 1130 1848 Dominus
1159 1793 1335 1858 Iesus,
1382 1810 1473 1864 per
1500 1811 1648 1865 quem
1677 1793 1875 1858 omnia,
1906 1801 1953 1847 et
1981 1808 2077 1845 nos
2105 1808 2197 1863 per
2223 1791 2298 1863 ἐρα
2339 1799 2386 1864 Β
2411 1795 2590 1864 fratri,
2624 1813 2785 1867 quem
2812 1796 3066 1853 Christus
3109 1806 3164 1852 ut
3192 1796 3513 1862 redimeret,
3542 1794 3753 1864 cruciftgi
3778 1807 3902 1860 seici-

700 1906 836 1944 sum.
863 1888 1057 1943 Omnia
1086 1891 1233 1943 enim
1261 1906 1328 1944 ex
1363 1889 1522 1943 Patre
1561 1887 1804 1957 quidem,
1849 1886 1944 1941 sed
1979 1901 2075 1956 per
2114 1884 2312 1940 Filium

698 1993 879 2038 creata
910 1993 1058 2037 sunt.
1092 1983 1200 2039 Sed
1229 1998 1353 2037 cum
1385 1983 1522 2037 dicit
1548 2000 1560 2035 :
1589 1980 1654 2034 Et
1678 1997 1770 2035 nos
1796 1997 1889 2048 per
1916 1981 2108 2050 ipsum,
2143 1980 2314 2034 refor-

701 2089 880 2132 tnatns
908 2093 1006 2131 nos
1041 2094 1135 2147 per
1177 2079 1353 2147 ipsum
1379 2119 1392 2141 ,
1441 2094 1536 2147 per
1567 2092 1729 2147 quem
1781 2075 1957 2132 creati
2004 2075 2309 2139 fueramus,

701 2171 975 2241 signiﬁcat
1006 2173 1059 2226 in
1111 2173 1203 2226 Dei
1255 2170 1605 2240 cognitione;
1651 2169 1776 2240 quia
1824 2168 1951 2224 facti
1997 2183 2094 2239 per
2134 2169 2310 2237 ipsum

701 2281 824 2320 cum
872 2268 1116 2334 caeteris,
1167 2276 1290 2337 post
1329 2275 1613 2335 stuporem
1662 2265 1859 2320 mentis
1904 2273 1960 2319 et
1990 2262 2314 2334 ignorantia:

702 2379 803 2417 nos
853 2379 948 2433 per
999 2365 1176 2432 ipsum
1224 2361 1548 2433 agnovimus
1602 2360 1926 2432 mysterium
1979 2357 2137 2412 unius
2194 2358 2310 2412 Dei.

703 2454 884 2513 Unum
909 2473 1041 2526 ergo
1084 2457 1255 2511 Demn
1297 2456 1514 2510 Patrem
1541 2453 1712 2519 dixit,
1743 2464 1795 2508 et
1823 2468 1991 2507 unum
2026 2449 2314 2505 Dominum

697 2549 887 2606 Jesum
912 2550 1110 2604 Filium
1129 2550 1248 2619 ejus
1271 2566 1285 2613 ;
1313 2561 1368 2604 ut
1396 2551 1520 2619 quia
1547 2549 1692 2602 Deus
1716 2561 1827 2602 non
1863 2553 2041 2616 potest
2067 2559 2175 2600 non
2192 2557 2314 2599 esse

703 2646 987 2709 Dominus,
1022 2645 1281 2697 similiter
1320 2652 1376 2697 et
1427 2643 1688 2696 Dominus
1737 2641 2072 2711 intelligatur
2109 2653 2231 2694 esse
2259 2646 2315 2693 et

701 2737 842 2792 Deus
861 2779 876 2803 ,
908 2752 1076 2791 unum
1105 2750 1229 2791 esse
1255 2735 1424 2790 Deum
1450 2746 1503 2790 et
1550 2733 1840 2788 Dominum
1877 2733 2308 2796 demonstraret,

704 2833 926 2888 modum
960 2831 1123 2885 unius
1148 2829 1399 2900 principii
1428 2829 1827 2884 c0ttservando.

771 2926 955 2997 (Vers.
998 2925 1082 2993 7.)
1109 2924 1218 2980 Sed
1262 2940 1363 2978 non
1395 2925 1448 2978 in
1477 2923 1715 2978 omnibus
1736 2933 1812 2979 est
1845 2924 2084 2979 scientia.
2118 2921 2171 2976 Id
2201 2931 2308 2987 est,

700 3038 806 3075 non
837 3033 1036 3073 omnes
1067 3026 1270 3072 norunt
1303 3017 1589 3072 credentes
1632 3017 1956 3087 mysterium
1987 3015 2082 3070 Dei
2119 3015 2307 3080 unius;

703 3116 828 3172 ideo
856 3114 1082 3185 quidam
1115 3122 1307 3183 putant
1334 3127 1398 3169 ex
1431 3112 1498 3168 iis
1527 3111 1616 3182 qui
1640 3111 1872 3167 credunt
1899 3111 2104 3181 aliquid
2136 3111 2310 3166 numi-

699 3211 785 3263 nis
811 3207 865 3262 in
895 3206 1231 3261 simulacris.

770 3301 912 3356 Nam
931 3301 1096 3367 aliqui
1121 3301 1292 3354 adhuc
1317 3301 1636 3356 conscientia
1678 3301 1808 3356 idoli
1837 3300 1988 3371 quasi
2019 3299 2304 3354 simulacro

693 3399 1019 3453 immolatum
1065 3396 1407 3451 manducauit.
1446 3398 1518 3452 De
1552 3396 1712 3467 plebe
1757 3395 1904 3450 enim
1937 3393 2101 3463 aliqui
2128 3393 2306 3448 adhuc

695 3510 818 3550 cum
859 3492 1222 3547 veneratione
1253 3491 1533 3546 simulacri
1569 3488 1973 3544 manducabant
2003 3487 2071 3542 de
2099 3489 2306 3543 sacritio

696 3591 857 3655 catis,
885 3588 1042 3658 quasi
1068 3586 1251 3655 aliqua
1279 3595 1425 3640 esset
1459 3585 1569 3639 illic
1591 3583 1870 3638 divinitas.
1897 3581 1966 3636 Et
1995 3583 2307 3636 conscientia

687 3684 912 3738 aliorum
943 3697 1059 3734 cum
1083 3683 1146 3734 sit
1179 3679 1412 3750 inﬁrma,
1431 3677 1826 3747 coinquinatur.
1854 3674 2151 3730 Maculatur
2176 3688 2306 3730 con-

689 3779 944 3842 scientia,
979 3777 1024 3831 si
1055 3775 1272 3831 intirma
1300 3782 1385 3828 est
1413 3771 1560 3827 circa
1584 3772 1778 3826 Deum.

759 3871 940 3944 (Vers.
978 3867 1059 3939 8.)
1092 3867 1228 3922 Esca
1277 3875 1451 3921 autent
1494 3881 1589 3918 nos
1646 3881 1751 3917 non
1799 3861 2126 3916 commendat
2167 3859 2302 3915 Deo.

690 3965 894 4021 Verum
927 3971 1013 4018 est
1033 4004 1048 4030 ,
1080 3961 1206 4032 quia
1235 3977 1344 4015 non
1373 3959 1494 4014 ideo
1519 3959 1632 4012 Deo
1658 3956 2021 4027 placebimus,
2046 3957 2090 4010 si
2123 3955 2305 4011 omnia

689 4058 966 4113 edcrimus
991 4075 1003 4109 :
1025 4066 1119 4109 aut
1141 4053 1484 4109 oﬂendemus
1507 4052 1552 4105 si
1573 4051 1754 4119 aliqua
1779 4048 2302 4118 contempserinius.

698 4151 879 4221 Neque
917 4151 1051 4203 enim
1076 4151 1118 4202 si
1156 4149 1446 4213 oderimus,
1486 4145 1899 4210 abundabimus;
1929 4159 2089 4214 neque
2129 4144 2174 4197 si
2203 4160 2305 4199 non

691 4243 974 4307 edet-intus,
999 4242 1162 4295 deerit
1195 4241 1359 4294 nobis.
1380 4238 1705 4306 Contempla
1729 4237 1876 4292 enim
1909 4234 2303 4292 sacriﬁciorum

693 4351 863 4402 esca,
921 4349 1031 4386 non
1083 4330 1266 4400 utique
1321 4329 1502 4385 deerit
1545 4328 1690 4399 quod
1741 4327 1970 4393 edatur;
2022 4327 2070 4381 si
2121 4337 2300 4384 autem

691 4437 910 4498 sumpta
929 4424 1239 4491 luerit,uou
1269 4422 1592 4489 abundabit,
1620 4423 1694 4476 ita
1723 4432 1781 4476 ut
1802 4421 1931 4476 nihil
1963 4422 2300 4489 requiratur:

693 4535 756 4574 ac
788 4535 884 4588 per
916 4518 1017 4572 hoc
1039 4517 1375 4586 abjicienda;
1412 4519 1542 4586 quia
1585 4531 1764 4585 neque
1805 4513 1924 4570 sine
1955 4514 2046 4569 illa
2077 4530 2186 4570 non
2221 4516 2300 4570 vi.

694 4616 838 4670 vitur
867 4624 922 4669 et
964 4613 1282 4669 scandalum
1317 4611 1577 4666 fratribus
1601 4622 1704 4666 est.

764 4706 950 4780 (Vers.
979 4705 1062 4776 9.)
1105 4704 1282 4759 Videte
1322 4715 1492 4759 tamen
1524 4720 1586 4757 ne
1616 4706 1748 4773 forte
1775 4701 1982 4758 licentia
2009 4713 2178 4758 vestra
2215 4707 2303 4775 of.

690 4801 860 4872 [ensio
884 4799 976 4869 ﬁat
994 4799 1236 4868 inﬁrmis.
1259 4797 1373 4852 lloc
1391 4805 1500 4865 est,
1524 4812 1592 4852 uc
1614 4797 1737 4866 quia
1761 4795 1933 4852 licere
1955 4797 2111 4851 vobis
2134 4797 2301 4853 edere

697 4909 922 4950 carnem
951 4894 1022 4950 de
1071 4893 1340 4948 sacriﬁcio
1381 4891 1585 4957 dicitis,
1617 4907 1713 4962 per
1753 4891 1805 4946 id
1835 4891 1979 4962 quod
2019 4892 2153 4948 nihil
2177 4909 2300 4950 esse

697 4987 902 5044 idolum
956 4988 1130 5052 scitis,
1163 4986 1524 5042 otl'ensionem
1567 4987 1846 5056 generetis
1895 4986 2174 5057 fratribus,
2205 4989 2298 5060 qui

694 5081 950 5137 nesciunt
989 5080 1170 5134 adhuc
1193 5080 1321 5150 quia
1352 5079 1486 5135 nihil
1514 5089 1599 5134 ost
1625 5078 1853 5134 idolutn.

767 5175 948 5246 (Vers.
996 5175 1107 5246 10.)
1163 5173 1224 5228 Si
1263 5173 1398 5226 enim
1439 5173 1553 5241 quis
1601 5171 1780 5225 viderit
1831 5187 1971 5237 eum,
2011 5172 2100 5240 qui
2144 5173 2296 5230 habet

687 5267 957 5323 scientiam
997 5268 1050 5321 in
1090 5266 1258 5320 idolio
1303 5266 1717 5329 recumbentetu,
1765 5280 1937 5319 nonne
1981 5267 2294 5322 conscientia

687 5363 821 5430 ejus,
847 5375 965 5413 cum
1004 5360 1069 5413 sit
1117 5359 1350 5428 inﬁrma,
1382 5355 1729 5426 wdiﬁcabitur
1755 5357 1823 5409 ad
1864 5355 2291 5416 manducandum

681 5536 831 5593 laci-is
863 5539 1020 5610 (edit.
1053 5540 1236 5602 kern”
1272 5539 1359 5610 qui
1406 5533 2272 5610 idolis)Aimrnolanturnintntola-

683 5606 885 5669 ιονιιοηξ
913 5611 957 5663 li
979 5626 1069 5663 nn.
1103 5606 1806 5673 edit"'lmnolntitiorum,
1839 5616 1948 5664 etc.
1991 5606 2100 5663 Nos
2129 5611 2274 5667 alios

688 5695 816 5733 loss.
841 5681 1024 5748 plures
1055 5683 1402 5748 potioresque
1433 5680 1608 5733 secuti
1635 5693 1843 5731 sumus.

757 5746 893 5822 "sic
913 5761 1019 5804 vet.
1053 5746 1182 5804 edit.
1236 5746 1558 5822 ae'plurimi
1606 5746 2091 5822 probatissimique
2144 5767 2276 5807 mss.

693 5821 860 5878 semel
905 5831 960 5876 et
988 5823 1184 5878 iterum
1212 5838 1223 5876 :
1252 5830 1307 5880 at
1331 5819 1566 5893 iitroque
1619 5821 1758 5882 loco.
1795 5819 1952 5880 Rom.
1980 5819 2115 5880 edit.
2151 5838 2281 5882 cum

2331 3200 2378 3264 Β
2414 3211 2540 3255 treat
2570 3219 2757 3270 meum,
2789 3221 2892 3258 non
2915 3205 3062 3258 edant
3085 3221 3298 3258 carnem
3331 3205 3384 3260 in
3414 3216 3676 3270 internum,
3701 3219 3754 3258 ne
3778 3206 3899 3271 frstra

2321 4607 2375 4666 Ι)
2402 4609 2546 4664 enim
2573 4625 2634 4665 se
2663 4611 2859 4681 prabet
2879 4654 2893 4679 ,
2937 4614 3068 4685 quia
3099 4614 3304 4671 missus
3333 4624 3423 4671 est
3466 4616 3536 4672 ad
3562 4625 3751 4688 gentes,
3780 4611 3896 4668 dictas

2419 1891 2589 1946 tnisit.
2624 1892 2701 1946 Ac
2733 1908 2830 1961 per
2859 1891 2962 1947 huc
2989 1889 3282 1961 aliquando
3313 1891 3383 1945 ab
3409 1889 3629 1946 scientia
3651 1886 3904 1943 dissimulas-

2418 1982 2544 2037 dum
2573 1983 2733 2040 docet
2754 1983 3038 2040 charitatis
3060 1999 3258 2050 causa;
3289 1983 3418 2054 quia
3444 1981 3561 2039 sine
3585 1981 3731 2037 dubio
3755 1981 3842 2050 plus
3861 1991 3901 2032 at

2417 2077 2566 2132 salus
2589 2076 2791 2144 fratris,
2813 2093 2974 2148 quam
3005 2076 3162 2132 cibus
3187 2094 3199 2131 :
3224 2077 3351 2148 quia
3375 2077 3503 2131 licet
3526 2075 3744 2146 quidem,
3764 2071 3900 2127 sede}:

2417 2169 2658 2238 expedit.
2693 2169 2806 2225 lloc
2837 2170 2941 2228 erit
2966 2169 3318 2240 cognovisse.
3345 2170 3486 2225 sicut
3513 2177 3707 2238 oportet
3727 2165 3845 2221 scire.

2489 2262 2674 2334 (Vers.
2701 2262 2821 2334 η.)
2848 2261 2939 2320 Sic
2967 2273 3143 2322 autem
3161 2272 3435 2336 peccantes
3459 2263 3510 2318 in
3534 2266 3724 2334 fratres,
3743 2269 3779 2315 et
3797 2274 3904 2328 pars

2415 2356 2600 2412 tientes
2622 2359 2995 2412 conscientiam
3025 2357 3239 2413 illarum
3276 2358 3563 2427 inﬁrmam,
3587 2357 3634 2412 in
3664 2353 3823 2412 Christe
3842 2368 3900 2422 pu-

2415 2452 2566 2506 catis.
2593 2451 2824 2518 Quando
2858 2454 3001 2508 enim
3044 2452 3328 2510 charitatis
3359 2467 3469 2508 non
3497 2451 3669 2508 mumli
3699 2457 3823 2510 sunt.
3847 2460 3899 2514 qu

2412 2543 2666 2604 Christus
2711 2562 2812 2602 nos
2862 2547 3135 2616 liberavit,
3173 2556 3402 2618 peccant
3448 2547 3504 2603 in
3550 2546 3764 2609 Christo,
3789 2542 3898 2596 Milli

2415 2640 2727 2707 Christum;
2779 2641 2906 2713 quia
2960 2644 3011 2698 in
3063 2641 3341 2698 Christum
3407 2657 3634 2712 peccare
3679 2645 3900 2710 negarent

2415 2733 2722 2790 Christum:
2741 2736 2792 2790 in
2818 2735 3036 2791 Christo
3063 2719 3269 2801 atatem,
3291 2737 3344 2792 itt
3373 2735 3490 2792 haec
3509 2751 3624 2807 qua:
3645 2730 3896 2790 suntCltristi.

2416 2825 2567 2883 Sicut
2596 2837 2650 2884 ct
2680 2828 2788 2896 hic,
2820 2829 2911 2900 qui
2945 2829 3048 2885 sub
3072 2829 3217 2901 Lege
3245 2839 3366 2902 est,
3396 2829 3452 2888 in
3495 2829 3637 2902 Lege
3663 2829 3820 2884 dicitur
3838 2840 3901 2892 re-

2414 2935 2573 2987 care;
2607 2922 2674 2976 ita
2707 2931 2763 2978 et
2787 2923 2825 2978 ii
2864 2923 2956 2994 qui
2999 2923 3098 2980 sub
3119 2923 3341 2982 Christo
3374 2935 3504 2982 sunt
3525 2966 3540 2993 ,
3567 2925 3619 2980 in
3643 2921 3819 2980 Christo
3836 2933 3899 2990 per

2414 3029 2543 3070 care
2566 3015 2845 3072 dicuntur.

2489 3107 2672 3178 (Vers.
2704 3108 2818 3183 15.)
2871 3110 3095 3182 Propter
3140 3112 3282 3182 quod
3312 3112 3358 3168 si
3384 3128 3508 3168 esca
3548 3109 3818 3168 Mailduﬁ“!
3844 3109 3898 3174 {u-
3937 3153 3939 3183 ἰ

2411 3297 2780 3352 scandalizent.
2802 3297 2858 3354 lu
2883 3308 3095 3355 tantum
3116 3297 3375 3354 charitati
3392 3300 3707 3359 studendum
3736 3298 3899 3358 docet,

2413 3389 2561 3445 licita
2595 3407 2694 3462 pro
2722 3391 2926 3447 illicitis
2957 3392 3291 3461 habeantur,
3326 3409 3396 3451 ne
3424 3394 3609 3451 obsint
3636 3389 3900 3456 nutriatur

2415 3493 2525 3538 tum
2555 3485 2702 3538 enim
2735 3485 2862 3541 ntali
2890 3495 2975 3542 est
2999 3502 3096 3556 per
3119 3486 3311 3542 illicita
3335 3501 3450 3544 non
3481 3485 3789 3555 delinquere,
3807 3490 3900 3546 ωε

2413 3592 2476 3632 ea
2499 3592 2620 3646 qua:
2648 3593 2909 3634 concessa
2938 3587 3099 3645 sunt,
3148 3578 3471 3648 olfendere;
3522 3589 3580 3636 ut
3620 3579 3716 3636 Lex
3753 3584 3898 3633 sericis!

2412 3669 2466 3724 in
2497 3669 2704 3726 illicitis
2728 3713 2743 3739 ,
2776 3682 2829 3728 et
2857 3673 2909 3726 in
2941 3672 3110 3728 licitis
3139 3689 3249 3730 non
3277 3673 3637 3736 custodiatur,
3666 3671 3779 3727 dum
3799 3670 3898 3724 iam
3933 3713 3935 3744 ς

2411 3761 2655 3817 siderate
2687 3763 2970 3819 eduntur?
3007 3765 3119 3821 Lex
3148 3765 3300 3822 enim
3337 3769 3421 3821 sic
3451 3766 3689 3838 permisit
3725 3773 3898 3834 (μα’αὼ

2411 3856 2597 3924 cessit,
2631 3866 2689 3913 ut
2721 3859 2914 3914 modus
2948 3870 3127 3916 tamen
3177 3861 3286 3929 sit,
3315 3876 3485 3933 quem
3512 3860 3809 3918 custodiant.
3826 3854 3899 3911 [tr

2411 3964 2527 4003 rem
2567 3959 2718 4005 certe
2742 3950 2870 4006 licet
2897 3950 3121 4018 habere,
3153 3953 3252 4010 sed
3283 3955 3330 4010 si
3358 3956 3629 4012 fornicata
3658 3945 3898 4016 lueritﬁltit'

2409 4043 2598 4100 cicada
2639 4055 2725 4102 est
2754 4064 2767 4100 :
2803 4047 2876 4106 ita
2903 4057 2959 4102 et
2989 4064 3213 4104 carnem
3246 4050 3379 4106 licet
3407 4051 3599 4117 edere,
3629 4049 3711 4107 sed
3749 4048 3792 4104 si
3817 4040 3898 4100 idat

2411 4139 2596 4195 oblata
2621 4139 2804 4211 fuerit,
2835 4143 3143 4214 reSpuenda
3174 4152 3280 4199 est.

3051 4236 3287 4295 CAPUT
3328 4238 3422 4295 IX.

2483 4327 2665 4400 (Vers.
2717 4331 2800 4401 1.)
2848 4329 2973 4387 Non
3016 4349 3129 4387 sum
3173 4334 3499 4406 apostolus?
3544 4352 3645 4390 non
3683 4347 3782 4390 sm
3813 4323 3895 4382 lilii?

2408 4438 2580 4476 nonne
2603 4421 2634 4474 ,Ι
2643 4440 2787 4476 esum
2813 4422 3097 4480 Dominum
3127 4435 3364 4482 nostrum
3390 4427 3536 4483 ridi?
3562 4428 3684 4483 Cum
3701 4417 3897 4495 negaret?

2409 4517 2590 4580 detur,
2629 4518 2950 4586 confirmat;
2998 4519 3172 4576 iratus
3217 4524 3369 4576 enim
3399 4516 3894 4594 loquiturudposmlill

2410 4703 2638 4759 Domino
2683 4707 2752 4768 ad
2794 4724 2916 4764 eum
2949 4726 2962 4764 :
3000 4708 3118 4780 Ego
3168 4711 3238 4764 ad
3277 4723 3458 4784 gentes
3507 4709 3893 4781 mittantcltldd.

2404 4799 2676 4870 XIII.21).
2703 4800 2959 4860 Liberum
3003 4818 3188 4862 autem
3239 4821 3302 4862 se
3337 4808 3612 4876 ostendit,
3636 4806 3738 4879 quis
3788 4803 3896 4860 uului

2399 4893 2610 4963 aliquid
2635 4898 2972 4968 concupivit,
3009 4915 3190 4971 neque
3227 4902 3282 4957 in
3313 4902 3633 4960 adulatione
3669 4902 3833 4957 docuit.
3855 4893 3895 4947 is

2399 5001 2520 5041 sum
2551 4997 2729 5043 autem
2770 4990 3059 5048 Dominum
3087 5005 3345 5050 nostrum
3371 4997 3549 5065 lvidit,
3589 4997 3704 5054 dum
3726 4987 3894 5052 ornatill

2403 5081 2610 5150 templo
2639 5081 3038 5159 Hierosolymis
3079 5087 3219 5161 (Act.
3283 5106 3421 5157 nn,
3477 5091 3594 5160 18).
3654 5089 3925 5161 ΝοιιιιικιριιῙ

2401 5189 2574 5226 meum
2604 5191 2688 5230 vos
2716 5179 2842 5233 estis
2886 5181 2941 5235 in
2973 5180 3198 5236 Domino
3217 5183 3244 5237 .’
3268 5183 3398 5240 Ideo
3419 5199 3569 5256 Opus
3592 5193 3706 5241 sunt
3727 5184 3823 5252 quit
3840 5179 3896 5245 ii“

2401 5264 2525 5320 illos
2544 5266 2807 5335 plantavit
2831 5272 2883 5326 iu
2911 5273 3166 5340 Domino,
3184 5290 3401 5332 annum
3423 5285 3484 5332 et
3500 5292 3595 5334 se:
3618 5279 3896 5333 ωωεωεην

2400 5359 2642 5431 gelizaus
2673 5363 2751 5418 eis
2783 5366 3005 5422 verbum
3030 5368 3149 5424 Dei.

2379 5538 2873 5613 ms_s._quibusdam
2895 5587 2912 5613 ,
2943 5547 2998 5602 in
3025 5557 3116 5604 tua
3143 5551 3497 5612 conscientia.

2451 5610 2483 5688 ξ».
2507 5610 2668 5665 Rom.
2703 5615 2837 5669 edit.
2871 5610 2927 5672 et
2957 5635 3091 5676 mss.
3122 5623 3406 5688 nonnulli.
3429 5610 3532 5682 Viuo
3564 5633 3672 5678 actu
3712 5625 3828 5680 illum
3851 5629 3882 5688 οε

2379 5682 2631 5765 cidis..._..
2672 5689 2987 5765 conscientia
3019 5682 3318 5765 aliquando
3347 5682 3802 5761 dissiiitulandtuﬂ.‘
3827 5686 3892 5765 "ili

2382 5769 2508 5840 quae
2526 5757 2736 5840 etlit.ac
2765 5755 3155 5840 tuss.__invicein
3198 5779 3548 5840 congruunt,
3579 5769 3676 5828 nisi
3709 5755 3824 5840 quod
3841 5755 3878 5820 ali

2386 5823 2511 5884 eum
2540 5823 2736 5896 tegitur
2762 5831 2976 5905 occidis,
3007 5834 3142 5895 alibi
3162 5823 3552 5900 vero‘occidn'.
