3978 6310
52 271 151 336 ἥδ

828 260 1326 323 (ῙΟΜΜΕΝΤΔΙΠΔ
1367 257 1436 316 IN
1475 256 1690 316 EPIST.
1722 252 1818 310 AD
1852 249 2181 312 COBINN.
2217 248 2510 309 PNIAM.

3236 240 3346 308 230

121 385 293 458 (Vers.
317 381 397 455 2.)
421 380 536 438 Etsi
557 381 680 438 aliis
710 397 812 436 non
832 397 945 436 sum
967 379 1260 449 apostolus,
1285 387 1637 434 verumtamen
1665 381 1711 439 Α
1739 370 2029 442 pecoribus
2055 379 2282 440 propter
2304 368 2420 423 hac
2443 368 2580 439 ipsa,
2605 366 2700 423 sed
2716 374 2946 439 propter
2965 379 3084 433 nos,
3111 380 3343 436 quorum

58 478 184 531 vobis
211 492 323 530 sum
339 493 360 542 ;
382 477 507 542 quia
532 491 560 528 a
588 473 792 529 ludatis
817 471 1191 532 credentibus.
1216 479 1270 525 et
1292 469 1645 524 nihilominus

56 573 239 643 Legem
267 569 624 626 servantibus
649 611 664 632 ,
697 568 977 636 apostolus
1006 580 1129 624 esse
1167 565 1489 634 negabatur.
1519 564 1638 618 lant

54 669 187 722 enim
229 663 549 721 circumcidi
584 679 693 722 non
717 662 919 719 debere
943 661 1210 725 docebat,
1240 675 1418 728 neque
1445 660 1639 714 sabba-

57 771 160 815 tum
186 758 448 814 custodiri
468 775 480 811 :
498 758 719 812 caeteris
743 767 926 812 autem
951 755 1212 824 apostolis
1237 764 1460 825 propter
1483 770 1642 810 scan-

55 849 223 904 dalunt
247 849 312 901 ab
336 847 436 902 hac
463 863 523 901 re
545 845 1042 910 dissimulantibus,
1059 844 1150 900 hic
1169 845 1333 902 aliter
1355 845 1643 899 videbatur

55 942 268 1008 docere;
297 940 418 996 ideo
455 941 781 1012 apostolus!1
807 939 876 994 ab
907 942 988 993 his
1013 939 1348 1008 negabatur;
1381 939 1462 992 his
1491 939 1638 994 enim

55 1046 162 1093 erat
188 1036 484 1104 aposttolus,
515 1033 611 1105 qui
646 1033 892 1088 viderant
936 1037 990 1087 in
1031 1048 1097 1086 eo
1135 1023 1639 1102 virtutis'iusiguia.

57 1128 186 1184 Nam
213 1128 534 1200 signaculum
562 1127 888 1197 apostolatus
914 1126 1012 1180 mei
1043 1142 1128 1182 vos
1159 1125 1278 1180 estis
1301 1125 1353 1179 in
1383 1123 1638 1188 Destino;

56 1224 147 1278 hoc
170 1223 310 1278 enim
351 1221 704 1291 praedicante,
729 1221 983 1276 conversi
1022 1228 1151 1275 sunt
1193 1218 1262 1274 ab
1290 1217 1453 1274 idolis
1484 1217 1550 1274 ad
1579 1216 1643 1272 lit-

56 1318 166 1373 dem
191 1315 282 1370 Dei
317 1315 493 1370 unius.

122 1409 292 1482 (Vers.
330 1407 410 1478 5.)
442 1407 562 1462 Mea
591 1407 829 1479 defensio
868 1407 1010 1478 apud
1036 1421 1148 1471 eos,
1175 1405 1270 1475 qui
1300 1421 1381 1459 nte
1419 1405 1644 1459 interro—

57 1511 187 1576 gattl,
216 1499 324 1556 lucc
355 1509 446 1554 cst.
475 1499 631 1554 Nunc
663 1500 851 1569 incipit
893 1515 1058 1568 agere
1085 1513 1330 1562 causam,
1356 1512 1518 1566 quam
1552 1510 1645 1550 su-

61 1598 224 1667 perius
269 1594 534 1668 praemisit
562 1594 753 1650 dicens
785 1611 798 1646 :
835 1591 1023 1647 Omnia
1055 1589 1181 1646 mihi
1221 1592 1398 1656 licent,
1432 1590 1522 1646 sed
1549 1606 1642 1660 ego

60 1689 142 1744 sub
163 1689 345 1744 nullius
375 1685 585 1757 redigar
610 1696 882 1754 potestate.
919 1683 1055 1738 Esca
1084 1683 1247 1738 ventri
1281 1691 1328 1738 et
1369 1690 1544 1740 vester
1564 1696 1643 1735 es-

1741 479 1907 519 causa
1940 473 2068 517 sunt
2093 463 2228 518 facta
2256 478 2271 528 ;
2311 462 2436 516 ideo
2465 462 2534 521 de
2559 463 2718 517 nobis
2746 472 2920 525 curat,
2981 476 3087 516 non
3120 462 3186 515 de
3213 459 3344 514 illis.

1817 556 1998 627 (Vers.
2031 555 2148 628 l0.)
2201 557 2300 610 Aut
2328 555 2524 627 potius,
2579 555 2773 626 inquit,
2803 565 3015 628 propter
3045 571 3136 608 nos
3167 555 3296 607 dicit
3325 569 3344 608 :

1745 660 1954 720 propter
1974 665 2068 706 nos
2093 649 2229 703 enim
2260 651 2508 717 scriptum
2537 657 2632 702 est.
2663 648 2766 703 Per
2798 651 3021 719 ligurum
3043 647 3190 704 enim
3223 661 3346 700 om-

1745 744 1830 796 nia
1864 746 2004 797 dicta
2036 743 2101 798 ad
2128 758 2226 798 nos
2256 752 2565 800 transeunt.
2623 743 2885 808 Quoniam
2924 745 3012 814 qui
3035 746 3086 798 in
3119 759 3208 814 spe
3229 750 3347 795 arat

1739 847 1790 890 et
1815 837 2042 901 triturat,
2070 836 2215 891 debet
2245 839 2356 906 spei
2381 851 2489 892 stus
2531 836 2761 906 fructum
2800 839 3087 906 percipere.
3141 835 3344 891 Verum

1739 940 1848 997 est,
1879 930 2003 1000 quia
2035 930 2139 985 hac
2167 945 2268 998 spe
2295 931 2602 995 laboratur,
2629 940 2687 984 ut
2714 929 2929 985 fructus
2956 931 3225 1000 capiatur.

1817 1025 1998 1095 (Vors.
2033 1025 2151 1095 ll.)
2201 1024 2262 1081 Si
2310 1041 2402 1080 nos
2454 1024 2594 1079 vobis
2644 1024 2906 1096 spiritalia
2947 1025 3347 1091 seminat-intus,

1739 1137 1990 1191 maguum
2009 1131 2105 1186 est,
2141 1122 2182 1174 si
2215 1136 2309 1174 nos
2335 1130 2505 1177 vestra
2553 1119 2790 1173 carnalia
2834 1129 3088 1173 metamus
3109 1118 3171 1173 2b
3223 1119 3345 1176 Non

1737 1215 1876 1269 dicit
1912 1230 2198 1285 magnum,
2259 1230 2436 1285 neque
2463 1230 2562 1284 par
2590 1228 2718 1270 esse
2743 1256 2756 1281 ,
2809 1215 2854 1268 si
2901 1214 3350 1284 evangelizantes

1739 1322 1974 1377 regnum
2003 1307 2124 1372 Dei,
2156 1317 2211 1362 et
2254 1308 2469 1363 caelesti
2501 1308 2626 1362 cibo
2673 1307 2974 1362 Ecclesium
3013 1310 3350 1376 saginantes,

1737 1402 2004 1456 alimenta
2021 1402 2272 1471 corporis
2299 1409 2629 1465 sumerent;
2690 1409 2748 1454 ιιι
2795 1399 3078 1455 tradentes
3121 1409 3350 1467 aeterna,

1743 1505 2220 1565 cmsethrentnr
2260 1495 2606 1564 temporalia.

1813 1591 1998 1662 (Vere.
2027 1592 2142 1659 li.)
2175 1589 2235 1646 Si
2257 1591 2352 1644 alii
2385 1600 2636 1659 potestate
2672 1599 2839 1644 vestra
2869 1598 3086 1644 utuntur
3106 1631 3120 1656 ,
3179 1607 3350 1644 nonne

1745 1685 1913 1757 lingis
1944 1684 2083 1739 nos?
2238 1685 2383 1738 enim
2419 1685 2451 1737 ii
2483 1686 2573 1751 qui
2609 1699 2702 1753 per
2751 1685 3107 1752 Evangeiium
3165 1693 3352 1753 patres

62 1787 124 1838 cis
154 1783 191 1854 (l
215 1781 329 1838 Cor.
366 1797 444 1848 Vl,
485 1780 595 1850 l2).
628 1780 722 1835 Sic
751 1794 883 1848 ergo
913 1777 1102 1845 incipit
1135 1792 1356 1834 causam
1389 1774 1551 1834 hanc.
1581 1784 1642 1829 ut
1675 1783 1721 1845 Β
1747 1778 1914 1832 vostri
1953 1793 2061 1832 non
2099 1784 2249 1842 sunt,
2296 1793 2398 1833 nec
2427 1779 2679 1833 eumdem
2711 1779 2962 1834 allectum
2993 1779 3196 1834 habent
3217 1795 3350 1848 erga

64 1878 224 1933 dicat:
252 1875 362 1929 Mea
387 1875 621 1946 defensio
649 1874 793 1943 apud
822 1872 1037 1940 eos,qtti
1057 1887 1136 1926 me
1157 1871 1500 1939 interrogant,
1532 1869 1641 1922 lucc

68 1985 147 2028 est.
181 1973 242 2028 Et
269 1987 383 2042 quz‘e
413 1971 484 2026 sit
515 1969 768 2037 sobjicit,
799 1967 992 2020 dicens
1026 1982 1039 2019 :

135 2066 297 2138 (\‘ers.
320 2065 374 2128 4,
389 2061 468 2133 5.)
493 2059 768 2130 Numquid
791 2075 894 2114 non
917 2058 1159 2114 habemus
1178 2064 1476 2128 potestatem
1495 2070 1644 2108 atan-

76 2157 274 2214 ducandi
315 2168 358 2212 et
403 2154 649 2210 bibendi?
682 2153 796 2209 Hoc
839 2160 925 2208 est
964 2150 1110 2222 quod
1157 2149 1414 2209 dixerat:
1452 2147 1645 2208 Omnia

81 2255 187 2305 mihi
215 2253 366 2304 licent.
396 2247 671 2317 Numquid
699 2265 801 2302 non
831 2244 1080 2299 habemus
1121 2252 1424 2312 potestatem
1463 2241 1646 2296 mulie-

86 2362 178 2400 t'em
205 2342 628 2407 circumducendi,
666 2343 796 2394 sicut
828 2350 875 2394 et
908 2338 1080 2392 calari
1113 2337 1339 2405 apostoli
1364 2345 1414 2392 et
1456 2337 1645 2404 fratres

89 2435 302 2501 Domini,
326 2445 368 2489 et
393 2433 631 2504 Cepltas?
667 2433 794 2488 ldeo
832 2432 1043 2488 addidit
1076 2449 1088 2483 :
1126 2427 1192 2482 Et
1234 2428 1476 2499 Cepltas;
1515 2429 1643 2497 quia

86 2546 190 2584 cum
235 2530 422 2600 primus
468 2536 620 2583 esset
666 2528 807 2583 inter
861 2523 1182 2596 apostolos,
1231 2538 1342 2582 non
1376 2519 1651 2576 relatabat

88 2631 306 2692 sumptos
330 2622 560 2677 oblatos.
586 2619 810 2688 Cephas
839 2619 956 2688 ipse
975 2631 1058 2674 est
1079 2615 1274 2674 Simon
1303 2612 1648 2670 l’etruleu-

81 2714 222 2768 lieres
248 2715 380 2770 enim
409 2713 690 2768 desiderio
713 2711 984 2766 doctrinm
1018 2707 1339 2772 bominicac,
1359 2718 1414 2761 et
1432 2705 1649 2776 cupida:

81 2808 309 2862 virtutum
336 2807 706 2876 sequebantur
738 2805 1041 2874 apostolos,
1073 2803 1464 2858 ministrantes
1486 2802 1568 2859 eis
1596 2809 1651 2856 et

80 2912 296 2970 sumptus
319 2913 370 2957 et
393 2902 636 2964 servitia,
664 2899 804 2955 sicut
831 2907 886 2954 et
907 2899 1258 2954 Salvatot'em
1286 2903 1416 2952 sunt
1444 2904 1646 2954 secuta:

83 2995 420 3050 ministrantes
447 2995 495 3050 ei
524 2994 592 3049 de
624 2991 979 3048 facultatibus
1009 2990 1146 3046 suis.

144 3089 304 3162 (νει-ε.
333 3089 407 3160 6.)
436 3089 540 3144 Aut
585 3089 730 3143 solus
775 3104 868 3158 ego
898 3096 944 3140 et
969 3084 1242 3140 Barnabas
1269 3099 1372 3140 non
1402 3084 1649 3138 habemus

1745 1885 1866 1936 vos,
1920 1871 2232 1926 facultatem
2276 1871 2482 1925 habent
2525 1871 2859 1940 accipiendi,
2919 1880 3126 1940 quanto
3177 1872 3351 1941 magis

1748 1966 1882 2019 nos?
1902 1964 1972 2020 Et
1993 1964 2342 2030 subauditur,
2371 1965 2537 2020 vestri
2563 1965 2829 2035 apostoli;
2853 1968 2978 2035 quia
3001 1976 3055 2020 et
3076 1965 3353 2020 Barnabas

1743 2058 2026 2126 apostolos
2055 2069 2193 2112 erat.

1818 2147 1925 2204 Sed
1951 2165 2052 2203 non
2078 2167 2252 2204 smnus
2286 2149 2367 2203 usi
2398 2151 2498 2204 hac
2528 2159 2782 2220 potestate
2809 2167 2828 2217 ;
2869 2153 3046 2205 omnia
3073 2168 3190 2205 vero
3219 2154 3348 2208 tole-

1747 2259 1932 2296 ramus
1963 2285 1977 2308 ,
2036 2260 2099 2298 ne
2149 2244 2291 2316 quod
2335 2246 2762 2312 impedimentum
2826 2247 3006 2299 demus
3064 2245 3352 2320 Evangelia

1745 2335 1964 2392 Christi.
2007 2336 2107 2390 Diu
2158 2338 2490 2392 occultatum
2540 2339 2782 2407 prodidit
2828 2355 3084 2404 sensum;
3113 2342 3358 2396 ostendit

1747 2433 1897 2489 enim
1923 2442 2174 2501 sumptus
2210 2432 2332 2486 ideo
2360 2450 2418 2487 se
2445 2433 2618 2497 nolle,
2642 2449 2765 2487 cmn
2811 2434 3028 2497 liceret,
3060 2436 3310 2504 accipere
3337 2475 3350 2500 ,

1750 2542 1818 2582 tte
1840 2528 1994 2597 vigor
2021 2529 2352 2596 evangelica:
2379 2528 2720 2582 auctoritatis
2769 2536 3126 2592 torpescctet.
3189 2529 3355 2582 l’seu-

1754 2620 2063 2689 doupostoli
2087 2620 2234 2675 enim
2270 2622 2626 2690 peccantibus
2673 2621 3118 2687 blandiebantur,
3166 2624 3357 2676 volen-

1748 2723 1832 2770 tes
1878 2715 2160 2784 accipere;
2201 2715 2273 2769 ita
2329 2725 2391 2768 ιιι
2449 2731 2555 2770 non
2606 2716 2710 2771 sibi
2770 2717 3089 2772 viderentur
3129 2734 3358 2787 peccare

1755 2821 1775 2847 ο
1799 2809 1906 2863 illis
1929 2808 2193 2878 subjecti:
2225 2808 2320 2863 sed
2339 2810 2596 2880 quoniam
2627 2809 2740 2865 haec
2785 2825 2875 2864 res
2901 2823 3091 2865 contra
3121 2826 3358 2881 evange-

1749 2902 1909 2956 licum
1961 2910 2080 2956 erat
2121 2901 2491 2972 disciplinam,
2549 2901 2638 2956 hic
2688 2919 2794 2957 non
2829 2904 2943 2957 vult
2973 2903 3257 2972 accipere;
3295 2913 3353 2960 ut

1747 2992 1922 3047 libere
1945 3001 2157 3062 arguat,
2190 3008 2259 3048 ne
2290 2995 2342 3046 in
2370 2994 2582 3049 illorum
2624 3011 2855 3050 numero
2888 2995 3224 3052 inveniatur.
3288 2996 3358 3052 Ut

1749 3088 1898 3142 enim
1932 3087 2136 3156 regula:
2166 3086 2484 3143 christiana
2522 3089 2611 3158 jus
2653 3101 2930 3155 maneret,
2979 3093 3120 3147 licita
3170 3093 3358 3148 illicita

83 3192 350 3250 potestatem
376 3185 481 3239 [nec
507 3180 802 3250 operandi?
835 3180 949 3236 Hoc
977 3188 1086 3246 est,
1119 3177 1387 3233 habemus
1407 3184 1650 3246 potestav
1677 3175 1723 3238 C
1758 3179 1914 3243 fecit;
1939 3179 2063 3248 qttia
2087 3181 2166 3236 illi
2192 3197 2291 3251 per
2313 3182 2589 3237 licentiam
2620 3184 2994 3244 oll'endrbant.

83 3287 173 3332 tem
201 3279 474 3356 operandi,
516 3278 614 3334 sed
662 3277 937 3331 nolumus.
981 3275 1091 3330 Pro
1121 3272 1433 3344 accipiendi
1463 3283 1648 3328 tamen

83 3375 302 3444 aperattdi
326 3373 418 3438 ait,
456 3383 514 3428 ιιι
545 3370 832 3426 honestius
873 3369 1213 3440 loqueretur.
1245 3365 1315 3424 Et
1342 3375 1395 3420 ut
1423 3364 1529 3422 hoc
1561 3363 1653 3421 lir—

85 3478 200 3532 met,
226 3467 464 3537 exempla
493 3464 744 3535 subjicit,
776 3461 966 3518 dicens
992 3479 1004 3514 :

149 3563 313 3637 (Vers.
338 3565 392 3632 7,
420 3561 500 3638 8.)
538 3563 669 3632 Quis
709 3561 897 3615 militat
926 3559 1204 3629 stipendiis
1229 3559 1338 3614 suis
1362 3573 1604 3620 umquam
1626 3556 1652 3609 ?

89 3656 202 3723 Quis
227 3658 416 3729 plantat
438 3659 667 3724 vitream,
698 3665 744 3710 et
775 3654 838 3709 de
864 3658 1040 3726 fructu
1066 3654 1181 3718 eius
1205 3668 1305 3706 non
1337 3649 1484 3706 edit?
1526 3649 1654 3716 Quis

90 3753 231 3818 pascit
257 3768 454 3824 gregem
481 3752 674 3818 ovium,
707 3759 751 3804 et
789 3748 853 3804 de
881 3749 1016 3805 lacte
1057 3763 1236 3804 eorum
1259 3762 1364 3799 non
1391 3744 1656 3814 percipit?

90 3843 334 3915 Numquid
363 3845 643 3900 secundum
691 3843 949 3897 hominem
977 3841 1087 3896 licet:
1129 3838 1357 3909 loquor?
1401 3834 1554 3912 ιιι
1596 3834 1654 3896 Id

90 3945 184 4002 cst,
212 3938 460 4006 numquid
498 3939 791 3992 humanam
827 3933 1162 3990 sententiam
1201 3931 1447 4002 sequor?
1489 3928 1658 3983 Num-

86 4031 194 4098 quid
221 4040 263 4086 et
292 4030 400 4087 Lex
428 4031 609 4086 eadem
641 4045 743 4084 non
773 4027 938 4082 dicit?
972 4024 1321 4082 Concordare
1349 4023 1536 4080 docuit
1562 4040 1657 4078 su-

88 4124 304 4190 pratliCIa
332 4125 651 4181 testimonia
685 4121 1030 4178 documentis
1053 4119 1287 4185 divinis;
1322 4129 1377 4173 ut
1404 4115 1660 4174 ostendat

90 4233 179 4272 non
210 4219 320 4274 sine
348 4234 508 4274 causa
538 4218 726 4287 utique
746 4215 896 4272 nolle
915 4229 977 4269 se
997 4214 1068 4268 ab
1099 4213 1208 4268 illis
1237 4221 1486 4284 sumptus
1516 4213 1658 4266 acci-

91 4326 222 4378 pere.
261 4311 476 4384 quando
518 4318 602 4366 tot
652 4308 926 4378 exemplis
953 4304 1197 4366 ostendit
1238 4314 1296 4362 et
1339 4302 1574 4366 dandum
1607 4312 1662 4359 et

90 4403 437 4470 accipiendum
469 4419 616 4460 esse.

151 4495 318 4566 (Vers.
350 4496 431 4566 9.)
479 4493 545 4550 In
570 4496 704 4570 Lege
746 4497 881 4552 enim
930 4491 1110 4567 (Deut.
1147 4489 1362 4560 uni)
1405 4491 1661 4560 scriptum

1823 3274 2009 3344 (Vers.
2047 3274 2162 3346 15.)
2211 3275 2438 3330 Nescitis
2463 3279 2707 3345 quoniam
2755 3279 2842 3342 qui
2871 3281 2924 3333 in
2959 3283 3200 3336 sacrariis
3240 3299 3365 3354 ape-

1752 3378 1955 3431 rantur,
2003 3369 2069 3422 de
2106 3371 2341 3424 sacrario
2372 3372 2589 3425 vivunt:
2640 3383 2686 3425 et
2709 3373 2797 3438 qui
2828 3374 3016 3428 altario
3041 3374 3356 3446 deserviunt,

1753 3460 1819 3514 de
1847 3461 2036 3516 altario
2066 3463 2488 3533 participantur?
2509 3464 2564 3519 In
2588 3465 2842 3520 sacrariis
2869 3466 3042 3537 legem
3079 3471 3361 3540 gentilium

1753 3554 2022 3625 signiﬁcat
2043 3597 2056 3620 ,
2084 3556 2136 3608 in
2167 3556 2366 3611 altario
2406 3573 2536 3611 vero
2565 3556 2903 3615 Jutlmoruin.
2961 3560 3052 3615 Sic
3085 3564 3230 3616 enim
3257 3565 3360 3620 de-

1756 3649 1930 3702 crevit
1966 3648 2230 3703 Dominus
2270 3666 2363 3717 pet‘
2406 3651 2632 3722 Moysen
2681 3650 2860 3714 (Deut.
2895 3669 3056 3720 xvrtt,
3093 3653 3171 3724 5).
3208 3665 3268 3710 ut
3295 3657 3363 3714 de

1753 3741 1824 3797 iis
1843 3757 1965 3811 quae
1994 3743 2176 3798 oblata
2200 3755 2375 3811 erant,
2411 3755 2618 3812 partem
2661 3757 2946 3802 sumerent
2981 3750 3324 3806 sacerdotes.

1827 3834 2009 3906 (νοτε.
2044 3833 2161 3905 ﬂ.)
2207 3835 2291 3890 Ita
2335 3846 2386 3890 et
2443 3836 2700 3891 Dominus
2755 3836 2912 3892 Iesus
2957 3841 3224 3894 ordinavit
3250 3858 3363 3912 eos,

1755 3932 1843 4000 qui
1871 3928 2217 4000 Evangelium
2237 3933 2548 3986 annuntiant
2568 3975 2582 3998 ,
2611 3934 2674 3985 de
2710 3932 2995 4006 Evangelia
3026 3935 3212 3989 vivere.
3245 3935 3365 3993 Non

1757 4040 1893 4095 ergo
1927 4026 2069 4081 Deus
2114 4042 2214 4098 per
2253 4027 2474 4098 Moysen
2525 4027 2812 4097 gentilium
2862 4028 3092 4084 formam
3147 4042 3367 4089 secutus

1761 4129 1844 4178 est
1879 4138 1890 4174 :
1922 4120 2018 4175 sed
2052 4121 2164 4190 ipsa
2196 4121 2462 4176 naturalis
2487 4123 2627 4175 ratio
2659 4121 2762 4177 hoc
2793 4121 2982 4189 habet,
3020 4134 3075 4178 nt
3099 4127 3222 4196 quis
3245 4127 3372 4185 inde

1763 4213 1932 4279 vivat,
1963 4215 2052 4270 tibi
2078 4216 2308 4270 laborat.
2337 4215 2484 4271 llanc
2502 4231 2636 4286 ergo
2658 4217 2925 4272 rationem
2949 4216 2977 4256 ἀ
3011 4219 3111 4288 ipsi
3157 4229 3369 4279 natura:

1763 4316 1817 4363 et
1843 4308 2246 4363 conversationi
2289 4307 2541 4364 humana:
2585 4310 2846 4365 decrevit.
2901 4311 3026 4367 Hmc
3075 4321 3257 4369 tamen
3303 4313 3372 4371 ad

1764 4401 2043 4456 cumulum
2070 4401 2247 4456 adhuc
2268 4401 2492 4471 addens,
2523 4413 2714 4471 gravat
2736 4420 2991 4471 causam;
3039 4416 3225 4461 utnon
3256 4408 3376 4466 leve

1769 4493 1928 4550 faciat
1959 4511 2138 4565 neque
2166 4495 2620 4565 odiosum,-quod
2675 4499 2838 4552 tantis
2865 4499 3195 4556 testimoniis
3222 4515 3375 4557 rom-

91 4597 151 4641 est
180 4605 197 4642 :
227 4587 340 4643 Non
362 4589 597 4659 alligabis
633 4605 692 4642 os
717 4587 858 4642 bovis
888 4586 1202 4641 triturantis.
1271 4583 1542 4654 Numquid
1588 4583 1654 4637 de
1683 4578 1738 4640 D
1765 4587 1988 4642 mandat
2018 4605 2032 4642 :
2063 4597 2121 4644 et
2153 4597 2468 4643 tamennon
2503 4589 2603 4643 sibi
2633 4591 2900 4660 prolicere
2929 4594 3068 4661 vult,
3097 4610 3166 4651 ne
3195 4595 3367 4653 liber-

94 4680 232 4735 bobus
259 4700 380 4737 cura
403 4693 475 4738 est
511 4681 664 4736 Deo?
692 4681 908 4737 interim
945 4679 1133 4750 paucis
1157 4682 1260 4738 hoc
1284 4679 1659 4746 absolvemus;

95 4772 138 4826 in
166 4773 290 4836 tona
319 4776 463 4830 enim
499 4776 764 4846 propheta
803 4775 1066 4842 scriptum
1105 4782 1230 4828 est:
1281 4771 1408 4828 Non
1451 4789 1663 4842 paream

93 4867 300 4936 civitati,
353 4870 406 4924 in
475 4886 576 4940 qua
621 4868 854 4924 habitant
898 4867 1173 4940 plusquam
1225 4876 1427 4922 centum
1487 4866 1666 4939 viginti

97 4963 243 5016 millia
270 4962 536 5018 hominum
566 4974 612 5020 et
659 4978 849 5035 pecora
889 4962 1050 5016 multa
1082 4958 1260 5031 (Jonas
1309 4975 1381 5025 tv,
1429 4959 1542 5031 ll).
1597 4958 1666 5015 Et

100 5053 536 5126 Psalmograpbus
568 5075 578 5110 :
611 5055 861 5111 Homines
890 5065 936 5110 et
966 5057 1222 5122 iumenta,
1268 5054 1462 5124 inquit,
1493 5055 1667 5110 salva-

100 5145 162 5200 bis
188 5148 404 5219 (Psalm.
431 5167 600 5218 xxxv,
635 5151 710 5223 '7).
744 5149 1030 5218 Quomodo
1053 5163 1184 5220 ergo
1216 5148 1358 5210 Deus
1382 5165 1487 5204 non
1513 5160 1667 5206 curat

100 5237 156 5293 de
182 5241 344 5298 bobus
364 5255 419 5299 et
449 5244 780 5314 pecoribus?
812 5241 920 5297 Sed
955 5258 1062 5297 non
1090 5249 1251 5296 curat
1294 5241 1361 5296 de
1414 5241 1588 5297 bobus
1615 5252 1668 5297 et

1764 4691 1935 4737 tatem
1964 4680 2233 4751 arguendi
2263 4680 2536 4738 humiliet.

1839 4773 2018 4841 (Vers.
2052 4772 2167 4843 l5.)
2221 4771 2334 4846 Ego
2393 4783 2567 4827 autem
2615 4775 2763 4828 nullo
2817 4777 3002 4832 horam
3057 4795 3188 4835 usus
3230 4799 3368 4838 sum.

1769 4867 2062 4938 Postquam
2095 4866 2280 4921 multis
2307 4868 2483 4921 modis
2521 4869 2758 4924 ostendit
2784 4869 2952 4927 licere
2977 4874 3247 4943 accipere,
3273 4876 3380 4932 sibi

1764 4968 1945 5015 tamen
1993 4974 2104 5015 non
2155 4975 2291 5028 opus
2330 4975 2491 5026 esse;
2534 4961 2691 5017 obest
2715 4965 2866 5018 enim
2898 4966 3150 5036 accipere
3181 4986 3208 5021 a
3243 4984 3377 5038 pec-

1769 5055 2044 5121 cantibus,
2068 5055 2213 5109 sicut
2241 5070 2404 5126 supra
2436 5059 2761 5114 memoravi.
2820 5059 2942 5114 Non
2991 5073 3162 5116 autent
3193 5063 3382 5132 scripsi

1773 5149 1907 5214 hac,
1940 5156 1999 5202 ut
2030 5147 2102 5201 ita
2141 5149 2234 5218 ﬁat
2274 5149 2328 5202 in
2375 5165 2495 5214 me;
2543 5150 2734 5206 bonum
2763 5163 2838 5207 est
2860 5155 2995 5207 enim
3013 5156 3144 5208 milii
3170 5165 3192 5194 α
3215 5157 3380 5228 mng

1774 5242 1928 5297 mori.
1963 5240 2134 5297 Nemo
2172 5243 2394 5316 gloriam
2425 5260 2590 5299 meam
2627 5246 2911 5302 evacuabit.
2952 5246 3194 5302 Gloriam
3223 5264 3382 5308 suam

111 5519 119 5527 _
165 5458 188 5486 ι
211 5448 303 5527 Ms.
332 5449 525 5527 Coro,
557 5451 616 5504 ab
662 5450 894 5504 omnibus
940 5448 1284 5522 negabatur...
1315 5451 1402 5514 qui
1445 5450 1682 5506 viderunt

107 5522 151 5571 in
166 5522 450 5595 -eo_t'irtutis
469 5522 644 5595 signa.

166 5588 190 5629 δ
228 5591 377 5648 Rom.
414 5588 549 5650 edit'.
582 5595 696 5648 sola
729 5612 742 5650 :
782 5594 944 5662 Quasi
971 5592 1114 5648 dicat
1142 5609 1244 5648 non
1269 5608 1545 5662 magnum,
1569 5605 1678 5650 etc.

173 5672 192 5698 ε
231 5663 352 5718 Mss.
388 5667 657 5733 nonnulli,
700 5666 806 5719 illis
836 5665 1172 5739 subjectis....
1206 5664 1347 5728 licita
1379 5668 1504 5737 fecit
1525 5708 1538 5729 ,
1567 5681 1682 5736 quos

112 5729 366 5782 licentiam-

129 5742 366 5788 tcentiam.

171 5799 195 5839 ἀ
231 5802 362 5862 Cod.
388 5804 588 5874 (ξω-ιλ,
625 5807 737 5877 ipsa
765 5816 952 5864 natura
994 5820 1044 5866 et
1085 5807 1407 5865 conversatio
1454 5807 1681 5862 humana

1785 5452 2032 5507 decrevit.
2062 5450 2134 5509 Et
2160 5462 2282 5522 post
2313 5468 2482 5523 pauca
2515 5455 2660 5510 idem
2705 5472 2808 5513 ms.
2845 5471 2968 5512 eum
2991 5457 3118 5515 aliis
3148 5465 3391 5523 σιοιιιιυι..

1783 5523 1872 5587 iis,
1907 5540 2070 5592 neque
2094 5527 2338 5592 otiosum,
2362 5527 2498 5595 quod
2520 5529 2697 5586 tantis.
2717 5535 2826 5583 etc.

1857 5605 1882 5634 ο
1921 5596 1999 5680 ita
2042 5611 2174 5651 mss.
2203 5599 2440 5679 .plnreso,
2479 5613 2542 5653 ac
2586 5598 2828 5652 melioris
2852 5607 3016 5680 .uotze
3045 5603 3185 5660 :slii
3227 5623 3391 5680 vero,

1785 5676 1840 5721 et
1869 5668 2029 5791 editi,
2076 5669 2240 5740 magis
2287 5669 2417 5722 mori
2443 5709 2457 5734 ,
2508 5685 2661 5738 quam
2706 5679 2765 5728 ut
2807 5670 3029 5740 gloriam
3069 5692 3236 5733 nteant
3277 5668 3393 5752 qui;

1786 5753 1971 5791 evacue
2001 5781 2014 5791 .

1786 5753 2014 5794 evacuet.
