3978 6310
643 205 744 266 251
1465 223 1494 268 .'
1557 205 1670 268 Ἀθ
1709 209 1944 270 OPEBA
1985 213 2238 275 SANCTI

643 325 776 380 dicit
807 323 864 380 in
895 337 981 386 eo.
1011 322 1056 380 si
1079 322 1356 397 Evangelii
1388 325 1656 383 severitas
1689 339 1904 386 maneat
1940 349 1953 384 :
1998 341 2056 388 et
2099 335 2236 390 mori

642 420 816 489 magis
862 419 1044 489 elegit,
1079 434 1242 490 quam
1282 419 1568 492 Evangelii
1595 421 1720 492 jura
1776 423 2002 494 violare,
2058 427 2240 482 sciens

644 510 746 566 hoc
767 511 870 566 sibi
899 511 1068 582 magis
1102 511 1374 581 proficere
1415 513 1480 566 ad
1515 511 1752 568 futuram
1785 517 2036 572 salutem.
2083 519 2243 576 Dehi-

642 615 754 661 tttm
785 605 932 660 enim
961 589 1286 676 obsequium
1312 605 1503 662 abnuit
1533 607 1604 662 ab
1625 607 1708 664 his
1731 608 1832 664 sibi
1863 609 2142 682 impendi;
2176 627 2244 668 ne

641 713 737 770 per
765 697 867 753 hoc
895 698 1167 768 accipiant
1200 698 1452 753 fiduciam
1477 698 1854 770 delinquendi.

712 793 896 867 (Vers.
927 791 1038 866 ιθ.)
1091 793 1235 848 Nam
1282 795 1328 848 si
1375 795 1740 866 et'angelizem,
1773 805 1926 851 anon
1981 807 2060 852 est
2115 799 2244 852 mihi

641 891 916 963 gloriatio;
949 891 1227 946 necessitas
1265 890 1403 944 enim
1449 891 1576 944 mihi
1615 889 1882 946 incumbit.
1917 891 2074 948 Sicut
2111 892 2245 948 dicit

629 983 905 1046 Dominus
939 1003 953 1040 :
981 981 1114 1040 Cum
1136 983 1369 1056 feceritis
1396 999 1513 1052 qute
1537 984 1654 1038 dico
1677 984 1838 1051 vobis,
1872 983 2070 1040 dicite:
2094 985 2243 1040 Servi

639 1077 849 1133 inutiles
873 1094 1053 1134 sumus
1083 1093 1102 1132 :
1122 1077 1262 1148 quod
1295 1077 1566 1132 debuimus
1593 1081 1785 1150 facere,
1839 1081 2054 1150 fecimus
2085 1079 2240 1150 (Luc.

639 1188 774 1240 xvtt,
810 1170 921 1245 10).
961 1171 1051 1228 Vat
1077 1173 1214 1226 enim
1244 1173 1362 1238 erit,
1387 1171 1584 1243 inquit,
1615 1173 1764 1238 mihi,
1794 1173 1960 1228 sinon
1991 1175 2246 1245 prtedica-

639 1281 756 1319 vero
787 1265 1146 1336 Evangelium.
1187 1265 1386 1320 Missus
1406 1265 1554 1321 enim
1589 1279 1784 1320 servus
1809 1280 1840 1319 a
1871 1265 2094 1322 domino
2117 1269 2247 1324 facit

645 1361 812 1416 etiam
845 1359 1067 1424 invitus,
1090 1358 1234 1430 quod
1261 1359 1360 1413 sibi
1393 1363 1725 1428 praeceptqu
1771 1369 1854 1412 est
1885 1376 1897 1412 :
1947 1359 1994 1414 si
2035 1361 2250 1430 quomi-

645 1471 768 1520 nus,
801 1453 1170 1524 adstringatur
1197 1453 1372 1524 plagis
1398 1467 1625 1508 necesse
1669 1461 1773 1508 est.
1821 1453 2066 1524 Denique
2095 1455 2247 1527 Moy-

643 1563 732 1604 ses
753 1547 954 1603 invitus
977 1545 1178 1602 missus
1207 1556 1292 1602 est
1319 1545 1386 1600 ad
1421 1545 1762 1600 Pharaonem
1785 1543 1986 1616 (Exod.
2015 1563 2086 1614 tv,
2114 1546 2241 1618 M);

641 1652 698 1700 et
718 1642 883 1699 Jonas
912 1651 1138 1696 coactus
1163 1649 1250 1696 est
1275 1637 1574 1710 praedicare
1611 1638 1864 1694 Ninivitis
1890 1639 2067 1712 (Jonte
2097 1655 2134 1706 ι,
2159 1639 2239 1710 3).

723 1733 880 1808 142
907 1733 1089 1806 (Veis.
1115 1730 1232 1803 Π.)
1265 1731 1404 1786 Nam
1430 1733 1476 1786 si
1508 1731 1682 1786 volens
1704 1731 1798 1786 hoc
1817 1748 1938 1802 ago,
1961 1735 2246 1788 mercedem

635 1833 819 1888 habeo.
856 1829 1206 1886 Manifestum
1231 1837 1316 1884 est
1343 1828 1470 1898 quia
1495 1842 1660 1883 nemo
1689 1827 1892 1898 accipit
1923 1843 2246 1884 remunera-

645 1927 846 1982 tionem
877 1924 996 1994 ejus
1026 1923 1130 1988 rei,
1164 1938 1326 1992 quam
1351 1921 1556 1976 invitus
1582 1920 1715 1992 agit.
1747 1919 1804 1976 Si
1829 1921 1972 1976 enim
1993 1921 2243 1977 volunta-

638 2018 774 2082 rius,
817 2016 1012 2088 dignus
1060 2012 1315 2070 mercede
1361 2019 1473 2077 est;
1519 2013 1642 2082 quia
1673 2011 2242 2068 consentitdomino:

637 2123 695 2168 ct
743 2111 888 2183 quod
933 2111 1209 2164 voluntate
1255 2107 1332 2172 fit,
1381 2105 1578 2161 melius
1607 2104 1688 2158 fit.
1743 2103 1806 2160 Si
1827 2115 2002 2159 autem
2029 2105 2240 2174 invitus,

641 2203 960 2276 dispensatio
1004 2201 1134 2255 mihi
1165 2199 1360 2254 credita
1401 2207 1497 2252 est.
1541 2196 1654 2252 Nec
1689 2196 1792 2252 hoc
1816 2197 2108 2252 obscurum
2135 2207 2242 2266 est,

635 2299 764 2371 quia
790 2298 882 2369 qui
909 2297 1200 2352 iudevotus
1223 2292 1430 2365 aliquid
1461 2290 1614 2359 facit,
1645 2307 1752 2346 non
1789 2290 2068 2347 voluntate
2092 2291 2242 2360 facit,

633 2390 730 2446 sed
761 2390 1112 2446 necessitate.
1141 2387 1280 2456 Quia
1306 2383 1500 2455 enim,b
1527 2383 1820 2454 potestatis
1847 2397 1962 2440 Suae
1993 2399 2102 2440 non
2135 2393 2241 2450 est,

635 2485 766 2542 facit
793 2485 1018 2549 invitus,
1059 2480 1204 2554 quod
1244 2479 1344 2535 sibi
1375 2487 1708 2549 prteceptum
1733 2487 1836 2533 est.

711 2581 890 2652 (Vers.
925 2577 1038 2648 18.)
1071 2579 1200 2644 Qua:
1228 2591 1349 2645 ergo
1369 2573 1468 2628 erit
1511 2589 1624 2626 mea
1671 2572 1907 2626 merces?
1972 2571 2040 2628 Ut
2071 2571 2246 2626 Evan-

622 2675 821 2750 gelium
857 2671 1204 2736 annuntians,
1223 2670 1336 2722 sine
1365 2677 1578 2738 sumptu
1605 2667 1823 2737 efﬁciam
1853 2665 2244 2738 Euangelium;

637 2776 696 2822 ut
727 2781 831 2819 non
859 2764 1046 2818 abutar
1072 2769 1326 2832 potestate
1365 2776 1479 2814 mea
1521 2761 1577 2814 in
1607 2759 1915 2832 Evangelia.
1971 2759 2242 2832 Repressa

636 2859 931 2915 verborum
953 2853 1216 2926 jactautia
1243 2853 1537 2924 gloriatur,
1559 2859 1616 2906 ct
1641 2851 1754 2918 vult
1789 2852 2016 2923 intelligi
2039 2863 2243 2923 quanta

637 2953 834 3024 dignus
854 2946 1106 3004 mercede
1132 2946 1226 3012 sit,
1272 2945 1397 3016 quia
1425 2952 1692 3016 potestate
1720 2959 1816 3000 sua
1857 2960 1964 3002 non
1991 2947 2243 3051 utiturin

642 3043 961 3114 Evangelia,
993 3040 1122 3095 dum
1166 3040 1378 3108 respuit
1434 3039 1650 3094 oblatos
1695 3049 1964 3109 sumptus,
2021 3056 2092 3096 nc
2131 3041 2240 3096 vim

639 3133 1048 3210 ιιιιειὶὶειιιίοιιίε
1079 3131 1349 3187 liutniliet.
1395 3130 1506 3186 lloc
1537 3139 1622 3187 est
1649 3131 1834 3199 licere,
1875 3132 1971 3188 sed
1994 3149 2104 3190 non
2131 3151 2234 3190 ex—

641 3231 832 3304 pedire
873 3237 1096 3300 propter
1145 3227 1374 3280 salutem
1429 3224 1699 3293 fratrum,
1757 3235 1815 3280 ut
1869 3227 2236 3298 corrigantur.

639 3325 844 3382 Forma
865 3338 966 3393 ego
987 3321 1104 3376 vult
1128 3334 1250 3376 esse
1278 3317 1514 3384 cinteris,
1561 3331 1618 3373 ut
1670 3317 1760 3374 ubi
1787 3319 1975 3376 vident
2009 3337 2118 3376 non
2145 3336 2242 3376 ex-

641 3419 853 3492 pedire,
881 3418 1044 3472 etiam
1069 3414 1232 3471 licitis
1259 3429 1370 3469 non
1395 3421 1618 3468 utantur
1649 3431 1662 3467 :
1705 3413 1754 3470 si
1779 3416 2094 3486 quominus,
2119 3427 2140 3454 ε
2171 3416 2240 3473 de

631 3513 786 3576 licito
814 3513 946 3569 fient
976 3512 1053 3568 rei
1085 3508 1265 3581 :quod
1295 3508 1374 3564 sic
1403 3514 1644 3576 sumunt,
1677 3516 1734 3564 ut
1752 3507 1820 3564 ad
1848 3507 2236 3566 detrimentum

639 3610 910 3685 proficiat.

704 3704 886 3782 (Vers.
921 3701 1036 3774 19.)
1065 3700 1208 3756 Nam
1237 3717 1356 3755 cum
1385 3699 1514 3756 liber
1533 3699 1632 3754 sim
1687 3717 1750 3755 ea:
1805 3701 2068 3767 omnibus,
2121 3719 2237 3756 ont-

637 3803 780 3858 nium
805 3815 884 3854 me
913 3813 1117 3854 servum
1147 3794 1272 3865 feci,
1297 3805 1353 3848 ut
1385 3792 1559 3863 plures
1587 3793 1945 3864 lucrifaciam.
1977 3793 2142 3850 Liber
2169 3809 2238 3851 ex

635 3893 889 3953 omnibus
919 3897 1027 3956 est,
1055 3903 1181 3944 cum
1205 3887 1336 3942 nulli
1366 3888 1420 3942 in
1449 3885 1765 3942 adulatione
1789 3886 2014 3942 tradidit
2051 3889 2234 3942 Evan-

632 3981 900 4060 gelinm,d
949 3997 1051 4038 nec
1098 3981 1420 4051 cujusquam
1477 3989 1673 4048 printer
1735 3978 1964 4034 Salutem
2034 3979 2236 4050 aliquid

635 4077 972 4148 concupivit,
1021 4090 1198 4145 neque
1247 4073 1316 4128 ad
1363 4072 1590 4128 delicias
1633 4071 1912 4129 habendas
1951 4073 2020 4129 ab
2057 4077 2238 4147 aliquo

635 4185 890 4244 sumptus
911 4169 1176 4239 largiores
1200 4165 1456 4221 mercede
1479 4165 1784 4236 hypocrisis
1819 4168 2054 4238 accepit.
2110 4169 2238 4226 Ser-

635 4285 764 4326 vum
793 4274 974 4322 autem
1007 4262 1086 4318 sic
1113 4276 1174 4316 se
1203 4257 1450 4316 omnium
1480 4258 1678 4314 factum
1706 4257 1858 4326 dicit,
1887 4259 2016 4316 dum
2045 4277 2106 4318 se
2138 4279 2238 4334 per

635 4361 996 4420 humilitatem
1019 4353 1256 4410 similem
1287 4350 1529 4406 omnium
1559 4359 1742 4408 mente
1766 4353 2118 4410 imbecillium
2141 4372 2238 4413 ex-

638 4457 843 4520 hibuit;
896 4461 954 4506 ut
1009 4463 1106 4505 eos
1155 4461 1253 4517 per
1288 4443 1607 4516 patientiam
1637 4442 1880 4501 firmaret
1907 4446 1974 4502 ad
2003 4448 2236 4504 salutem

631 4551 901 4614 futuram,
927 4540 1226 4599 confovens
1257 4538 1472 4594 animos
1497 4536 1738 4606 illorum,
1783 4540 1874 4610 qui
1919 4550 2014 4596 aut
2043 4558 2236 4612 pucea-

634 4647 794 4712 bant,
840 4650 932 4696 aut
969 4653 1060 4694 res
1094 4635 1307 4692 divinas
1352 4631 1558 4688 tardius
1598 4634 2001 4705 sequebantur;
2035 4647 2092 4694 ut
2123 4655 2232 4696 non

634 4754 832 4814 aspere
863 4737 1072 4793 ferrent
1097 4728 1426 4801 reprehendi
1451 4743 1532 4784 se.

631 4845 664 4904 ξ,
705 4832 888 4908 (Vers.
917 4827 1038 4899 20.)
1080 4824 1148 4880 Et
1189 4827 1363 4896 {actus
1411 4839 1523 4876 sum
1577 4822 1785 4880 Judwis
1831 4835 2092 4896 tamquam
2130 4829 2233 4884 Ju-

625 4933 790 4994 dwus,
819 4933 875 4980 ut
894 4921 1110 4977 Judteos
1135 4917 1569 4988 lucrifaceremqe
1615 4916 1844 4973 Videtur
1870 4920 2026 4988 quasi
2058 4922 2231 4979 simu-

631 5030 800 5092 lasse,
823 5029 882 5078 ut
901 5015 1155 5074 omnibus
1179 5015 1339 5070 ﬁeret
1365 5013 1573 5078 omnia,
1605 5013 1748 5082 quod
1777 5014 1958 5070 solent
1981 5015 2231 5074 adulato-

628 5139 720 5184 res
743 5119 947 5182 facere,
975 5109 1072 5168 sed
1099 5122 1206 5164 non
1225 5107 1302 5163 ita
1324 5111 1440 5172 est;
1475 5104 1559 5161 vir
1593 5106 1742 5162 enim
1773 5104 1992 5164 divinus
2031 5117 2087 5166 et
2111 5127 2228 5168 me-

699 5293 728 5324 ε
764 5289 890 5348 V’et.
923 5280 1060 5339 edit.
1093 5291 1216 5333 cum
1247 5270 1437 5348 paucis
1468 5283 1622 5334 mss.,
1649 5285 1750 5322 non
1777 5277 1852 5324 est
1881 5268 2006 5325 mihi
2035 5275 2224 5344 gratia.

699 5365 729 5406 ι)
767 5325 1460 5418 Omngsueditjbolruntatis
1489 5325 1726 5418 suw'non
1750 5351 1822 5395 est
1847 5357 1866 5396 :
1887 5325 2076 5418 multra
2101 5361 2232 5402 vero

835 5443 964 5498 mpc
993 5424 1060 5480 ad
1092 5433 1262 5498 unum
1291 5415 1552 5486 potestatis
1583 5429 1725 5498 sure,
1757 5425 1863 5498 etc_.
1907 5414 2108 5498 lterum
2133 5433 2230 5498 au-

631 5453 763 5495 mSS.
799 5449 964 5504 prape
993 5449 1060 5480 au
1093 5449 1262 5500 uuuus
1291 5449 1552 5486 μυισοιιιιισ
1583 5449 1714 5479 σκυιν
1757 5449 1863 5468 νιν·
1908 5449 2108 5497 ξ¹⁹¹¹¹³¹¹
2133 5449 2230 5512 fuf-

633 5518 742 5564 tem
770 5505 860 5559 ubi
885 5515 1007 5556 cum
1035 5501 1145 5550 vet.
1175 5491 1306 5546 edit.
1341 5504 1402 5564 ac
1431 5501 1562 5564 tus_s_.
1598 5488 1781 5564 multo
1802 5487 2046 5554 pluribus
2071 5501 2231 5544 resti-

633 5525 742 5564 tem
770 5525 860 5559 υυι
885 5525 1007 5556 CIIII!
1040 5525 1145 5550 vus.
1175 5525 1306 5546 cuu-
1341 5525 1402 5570 σιν
1432 5525 1562 5540 nmo.
1599 5525 1782 5576 ...υ-ιιι.
1803 5525 2046 5554 I"“'”’“"
2071 5525 2228 5544 "’3"—

633 5580 856 5642 tuitntts,
886 5570 1097 5642 efﬁciam
1118 5560 1479 5634 Evangeliunt,
1507 5558 1672 5642 'l‘iom.
1700 5557 1830 5642 edit.
1857 5573 1980 5612 cum
2006 5575 2113 5615 uno
2135 5571 2228 5617 aut

627 5615 1864 5716 arieittdct’ttngu—tu‘tarat,iottam'ﬁlfvangelium.

707 5702 1021 5787 ιζ’Νιιιιιιιιιιὶ
1054 5727 1210 5775 nisu,
1243 5702 1432 5760 delicto
1463 5702 1594 5787 [iant
1624 5702 1718 5755 rei.

699 5791 724 5833 ά
765 5773 896 5850 hius.
928 5786 1166 5856 aliquot,
1199 5773 1360 5850 neque
1403 5777 1705 5845 cujusquam
1737 5782 1947 5846 prapter
1977 5773 2221 5831 salutem.

2275 217 2604 280 AMBROSII
2641 223 3008 286 APPENDIX.
3811 241 3884 299 232

2263 344 2316 404 Α
2341 338 2498 396 dicus
2549 341 2815 410 spiritalis
2865 347 3048 404 sciens
3085 349 3332 406 omnium
3363 364 3558 408 causas
3599 361 3658 410 et
3697 357 3882 427 vulneri,

2347 448 2540 504 magna
2573 435 2836 492 industria
2863 440 3120 499 confovet
3155 443 3278 498 illos
3319 455 3370 500 et
3421 447 3768 516 compatitur;
3804 467 3886 508 tum

2345 529 2596 584 munibus
2613 532 2756 586 enim
2785 534 3096 592 hominibus
3121 540 3374 610 qumdam
3403 540 3668 599 habemus
3695 560 3884 604 commu-

2345 619 2455 674 nia.
2487 621 2686 680 Factus
2707 635 2791 680 est
2811 642 2946 696 ergo
2968 628 3172 687 Judzcis
3204 643 3482 706 tamquam
3523 635 3764 704 Iudaeus;
3803 645 3886 710 quia

2345 723 2566 786 propter
2623 719 2938 776 scandalum
2983 723 3199 780 illorum
3229 727 3580 786 circumcidit
3605 731 3888 794 Timotheum

2345 809 2490 878 (Act.
2521 827 2636 878 xvi,
2667 812 2750 885 5),
2781 823 2838 872 ει
2869 817 3186 887 purificatus
3207 825 3458 880 ascendit
3487 825 3541 880 in
3571 829 3826 900 templum,
3849 849 3886 888 [te

2345 905 2687 961 occasionem
2719 923 2816 978 per
2843 927 2969 966 eum
3003 916 3318 986 acciperent
3349 919 3760 991 blaspliemandi
3793 925 3886 998 (Art.

2347 1010 2460 1062 xxx,
2491 996 2610 1067 ‘26).
2653 997 2788 1055 Rem
2813 1015 2945 1073 ergo
2975 1003 3124 1074 fecit,
3159 1025 3280 1078 qum
3303 1009 3418 1080 jam
3445 1027 3674 1070 cessare
3699 996 3884 1084 deberet,

2347 1087 2444 1142 sed
2483 1091 2786 1148 secundum
2819 1093 3018 1168 Legem
3045 1098 3190 1154 fecit.
3241 1101 3376 1158 Nam
3432 1113 3490 1160 et
3541 1111 3803 1165 consensit
3823 1113 3886 1166 iliis

2347 1180 2546 1252 Legem
2579 1199 2700 1240 esse
2729 1201 2762 1238 a
2800 1187 2914 1244 Deo
2943 1199 2997 1246 et
3027 1193 3340 1264 pr0phetas,
3385 1207 3442 1252 et
3467 1197 3540 1254 de
3577 1200 3688 1255 illis
3715 1206 3886 1259 ostendit

2347 1271 2626 1330 Christum
2659 1277 2804 1336 hunc
2825 1296 2969 1348 esse,
2999 1283 3090 1355 qui
3121 1289 3424 1356 promissus
3453 1301 3573 1348 est:
3621 1305 3678 1348 ut
3697 1311 3888 1354 assensus

2349 1367 2466 1436 ejus
2495 1367 2720 1428 haberet
2739 1373 3012 1434 eﬂ’ectum.

2425 1462 2606 1534 (Vers.
2639 1466 2758 1537 21.)
2816 1467 2891 1524 lis
2927 1474 3016 1542 qui
3058 1477 3154 1530 sub
3173 1475 3312 1550 Lege
3339 1491 3484 1549 sunt,
3513 1485 3671 1554 quasi
3698 1485 3782 1539 sub
3803 1485 3888 1560 ιεςε

2349 1572 2510 1610 essem
2533 1557 2676 1629 (cum
2701 1561 2814 1630 ipse
2837 1559 2944 1619 non
2974 1568 3072 1620 sim
3093 1572 3186 1624 sub
3207 1571 3364 1644 Lege)
3391 1585 3446 1629 ut
3471 1593 3562 1631 eos
3591 1581 3682 1650 qui
3701 1583 3784 1636 sub
3804 1557 3888 1654 Lege

2349 1659 2490 1716 sunt,
2520 1649 2896 1724 lucrifacerem.
2954 1658 2996 1713 li
3043 1661 3136 1731 qui
3169 1663 3271 1720 sub
3290 1664 3436 1738 Lege
3464 1649 3611 1726 sunt
3631 1672 3889 1730 Samaritui

2273 1751 2323 1813 Β
2353 1754 2691 1812 noscuntur;
2723 1747 2922 1820 Legem
2979 1755 3124 1808 enim
3173 1757 3344 1814 solam
3395 1763 3700 1835 accipiunt,
3743 1769 3786 1823 id
3821 1781 3886 1832 est,

2349 1836 2588 1906 quinque
2619 1838 2788 1894 libros
2819 1841 3008 1915 Moysi.
3061 1845 3198 1902 Sunt
3223 1859 3402 1906 autem
3452 1871 3524 1910 ex
3571 1859 3774 1929 origine
3807 1859 3890 1915 Per-

2348 1943 2528 1984 sarum
2559 1941 2614 1986 et
2645 1931 3020 2006 Assyriorum,
3053 1956 3188 2010 quos
3221 1959 3313 1998 rex
3338 1945 3716 2018 Assyriorum,
3759 1953 3870 2007 subb

2350 2021 2417 2074 tis
2443 2021 2566 2078 filiis
2591 2023 2755 2080 Israel
2801 2029 2853 2082 in
2882 2031 3274 2101 captivitatem,
3325 2041 3504 2104 posuit
3557 2043 3629 2098 ad
3675 2045 3888 2101 incolt-nti:

2351 2113 2468 2170 ioca
2487 2117 2857 2194 Samaria:(lV
2889 2125 3020 2198 Reg.
3045 2143 3177 2197 xvu,
3205 2132 3287 2200 6);
3315 2133 3438 2190 ideo
3461 2146 3520 2191 et.
3549 2138 3728 2209 ignem
3759 2145 3888 2197 colunt

2347 2225 2500 2266 more
2532 2215 2846 2272 Persarum.
2889 2220 2984 2276 llis
3025 2239 3159 2295 ergo
3183 2227 3482 2295 Apostolus
3509 2274 3524 2298 ,
3559 2233 3690 2288 dum
3721 2251 3809 2291 non
3831 2253 3888 2291 ne-

2345 2303 2509 2372 gabat
2529 2305 2726 2378 Legem
2758 2325 2930 2368 ossea
2966 2315 3096 2382 Deo,
3130 2317 3292 2375 ﬁebat
3317 2325 3476 2392 quasi
3505 2327 3613 2382 sub
3643 2327 3806 2400 Lege:
3827 2331 3886 2384 sed

2345 2411 2410 2451 ex
2437 2413 2500 2454 ca
2535 2397 2554 2436 ί
2585 2401 2697 2456 illis
2723 2404 2836 2458 miti
2891 2407 3060 2464 verbo
3087 2410 3364 2470 Christum
3405 2397 3804 2490 intelligendum
3822 2432 3884 2476 trs

2345 2491 2530 2560 debat,
2576 2495 2718 2550 sicut
2743 2505 2798 2552 et
2825 2499 3168 2560 Samaritana
3193 2507 3304 2573 illa,
3349 2525 3472 2580 quae
3505 2513 3736 2570 dixitad
3764 2515 3886 2570 Domi-

2347 2603 2474 2642 tium
2504 2608 2518 2645 :
2549 2589 2674 2645 Scio
2698 2593 2824 2662 quia
2853 2593 3074 2653 Messias
3095 2602 3232 2655 venit
3275 2602 3457 2672 (Joan.
3493 2623 3574 2675 tv,
3605 2609 3700 2680 25)
3725 2627 3738 2674 ;
3783 2609 3884 2664 duca

2347 2696 2442 2752 per
2467 2681 2688 2755 Legem.

2415 2773 2492 2828 Iis
2521 2778 2610 2846 qui
2633 2779 2742 2834 sine
2771 2780 2908 2856 Lege
2938 2796 3074 2852 sunt,
3105 2791 3254 2857 quasi
3275 2791 3383 2846 sine
3416 2791 3560 2865 Lege
3603 2812 3754 2852 essent
3787 2799 3878 2866 (csa

2341 2867 2453 2924 sine
2479 2871 2588 2940 lege
2613 2891 2714 2928 non
2744 2893 2904 2932 essem
2931 2877 3051 2947 Dei,
3082 2885 3172 2937 sed
3203 2887 3254 2938 in
3293 2886 3404 2960 lege
3435 2905 3608 2944 essent
3637 2891 3824 2962 Christi)
3843 2905 3876 2944 ιι

2341 2975 2429 3016 eos
2453 2965 2543 3032 qui
2573 2965 2684 3019 sine
2704 2965 2840 3042 Lege
2859 2981 3004 3040 sunt,
3036 2973 3416 3048 lucrifacerem.
3470 2981 3592 3038 Hoc
3642 2985 3784 3050 dicit,
3807 2985 3882 3054 qua

2341 3067 2464 3109 cum
2493 3057 2546 3111 in
2571 3057 2714 3130 Lege
2735 3063 2934 3120 Christi
2965 3078 3068 3136 est,
3101 3072 3153 3124 in
3184 3071 3304 3142 lege
3327 3073 3424 3129 Dei
3448 3087 3538 3132 est
3565 3096 3580 3144 ;
3632 3081 3750 3151 quia
3789 3077 3884 3149 quod

2265 3153 2310 3216 ρ
2341 3145 2539 3203 Christi
2567 3159 2672 3218 est,
2701 3153 2800 3210 Dei
2829 3169 2950 3213 est:
2983 3163 3206 3233 etquod
3239 3165 3338 3222 Dei
3358 3177 3464 3236 est,
3515 3145 3721 3228 Christi
3742 3145 3886 3238 εει-,εἰ-

2343 3251 2435 3297 ειιι
2462 3245 2590 3300 dicit
2621 3264 2634 3300 :
2667 3247 2854 3305 Omnia
2885 3269 2998 3308 mea
3025 3267 3112 3312 tua
3138 3269 3280 3325 sunt,
3327 3270 3374 3315 et
3427 3273 3518 3318 tua
3565 3285 3702 3323 inca.
3749 3267 3804 3323 Ut
3825 3283 3878 3322 eis

2341 3337 2427 3405 qui
2475 3340 2586 3393 sine
2637 3341 2773 3413 Lege
2813 3357 2953 3414 sunt,
3015 3349 3372 3424 lucrifacerem
3421 3357 3618 3428 (Joan.
3653 3380 3772 3428 χιιι,
3811 3363 3883 3432 lli).

2345 3429 2481 3486 Dum
2545 3434 2690 3490 enim
2746 3443 2976 3498 asseutit
3023 3445 3147 3513 illis,
3211 3449 3264 3504 id
3294 3462 3399 3520 est,
3437 3455 3756 3526 gentilibus,
3779 3458 3882 3528 juxta

2343 3525 2621 3598 physicam
2677 3536 2943 3592 rationem
2991 3541 3251 3598 mundum
3291 3545 3488 3602 factum
3515 3565 3548 3606 a
3581 3552 3710 3622 Deo,
3809 3567 3884 3623 qus

2341 3620 2394 3676 in
2425 3638 2489 3677 eo
2520 3635 2670 3693 sunt,
2701 3637 2756 3683 et
2781 3631 3014 3688 animam
3047 3649 3167 3691 esse
3209 3639 3606 3714 immortalem,
3651 3656 3706 3702 et
3728 3647 3787 3702 ab
3809 3647 3885 3716 ipse

2341 3733 2440 3773 nos
2480 3723 2741 3791 originem
2775 3724 2976 3782 habere
3003 3730 3108 3800 (ita
3132 3734 3274 3788 enim
3313 3734 3544 3796 Actibus
3567 3743 3884 3810 apostolorum

2341 3810 2418 3865 ait
2446 3811 2588 3882 (Act.
2619 3831 2748 3883 xm,
2773 3817 2898 3892 28):
2927 3819 2994 3875 Et
3023 3824 3152 3878 sicut
3174 3828 3386 3898 quidant
3411 3847 3478 3885 ex
3505 3835 3650 3890 vobis
3670 3836 3882 3890 dixerunt.

2343 3901 2520 3974 Ipsius
2547 3911 2686 3964 enim
2711 3923 2756 3966 et
2777 3931 2938 3986 genus
2960 3919 3163 3992 sumus)
3187 3923 3265 3978 sic
3290 3923 3454 3980 ﬂebat
3475 3929 3636 3998 quasi
3659 3931 3770 3987 sine
3791 3931 3883 4000 tua

2342 4013 2440 4068 per
2463 4002 2604 4071 quod
2636 4005 3122 4068 subintroduccbat
3141 4015 3248 4070 illis
3269 4016 3554 4077 Christum
3599 4024 3768 4094 ipsum
3787 4039 3884 4086 esse.

2339 4107 2500 4161 quem
2529 4095 2671 4152 Deus
2697 4099 2760 4154 ad
2787 4100 3138 4171 judicandum
3169 4113 3427 4168 mundum
3457 4118 3759 4190 praeelegit,
3778 4118 3884 4185 etin

2339 4201 2457 4240 sum
2481 4203 2623 4258 esse,
2657 4207 2756 4262 per
2786 4211 2944 4264 quem
2971 4201 3150 4255 omnia
3179 4201 3326 4258 fecit.

2415 4275 2592 4348 (Vers.
2617 4279 2732 4354 22.)
2769 4282 2968 4342 Factus
2989 4306 3098 4344 sum
3121 4294 3342 4363 inﬁrmis
3371 4298 3630 4368 inﬁrmus,
3693 4314 3746 4358 ut
3784 4303 3886 4370 inﬁr-

2340 4373 2848 4444 moslucrifacerem.
2881 4381 3130 4441 Infirmus
3175 4386 3349 4445 factus
3395 4403 3499 4462 est,
3543 4395 3676 4452 dum
3721 4406 3887 4468 propter

2339 4465 2537 4522 fratres
2559 4469 2803 4527 infirmos
2834 4490 2864 4529 a
2892 4475 3054 4534 licitis
3075 4481 3350 4551 abstinet;
3383 4501 3450 4542 ne
3482 4489 3592 4546 illis
3617 4465 3884 4548 scandalum

2261 4568 2314 4628 ])
2339 4570 2582 4628 generet.
2619 4563 2867 4624 Omnibus
2897 4575 3064 4643 factus
3082 4593 3197 4631 sum
3226 4581 3421 4648 omnia,
3453 4593 3510 4637 ut
3551 4599 3727 4642 omnes
3767 4587 3888 4640 salt-si

2341 4651 2630 4720 faceremﬁ
2658 4657 2772 4714 Hoc
2801 4660 2902 4718 fuit
2922 4665 3024 4719 viri
3046 4669 3330 4738 prudentis
3357 4685 3410 4730 et
3432 4677 3718 4746 spiritalis,
3741 4691 3792 4733 ut
3810 4693 3888 4732 oni-

2339 4748 2500 4804 nibus
2537 4753 2718 4808 omnia
2762 4755 2970 4828 factus,
3015 4767 3356 4834 pr0positum
3398 4777 3578 4828 tamen
3615 4773 3768 4846 15.3
3801 4771 3886 4826 reli-

2335 4843 2514 4912 gionis
2543 4861 2649 4901 non
2679 4851 3006 4922 excederet;
3037 4860 3159 4926 quia
3185 4860 3274 4916 ubi
3306 4865 3499 4934 cessit,
3525 4867 3726 4924 adhuc
3747 4867 3886 4924 cessit.

2339 4943 2397 4988 ut
2421 4936 2774 5006 proficercret
2794 4959 2806 4996 :
2829 4959 2929 5000 nec
2955 4947 3100 5004 aliud
3127 4949 3287 5021 fecit,
3309 4971 3470 5025 quam
3494 4957 3604 5015 Lex
3639 4959 3884 5015 mandatil.

2411 5029 2430 5102 (
2457 5030 2616 5088 νει-ε.
2641 5035 2731 5090 23.
2767 5037 2786 5108 )
2821 5038 3009 5096 Omnia
3056 5057 3227 5101 autem
3267 5039 3656 5125 facio‘propter
3696 5054 3888 5126 Euange-

2335 5119 2480 5188 lium,
2523 5134 2578 5179 ut
2612 5129 2873 5203 particeps
2905 5138 3020 5207 ejus
3055 5137 3200 5206 (iam.
3249 5119 3366 5199 Hoc
3395 5119 3500 5216 est,
3535 5119 3712 5204 omnia
3743 5161 3888 5218 supra-

2411 5291 2434 5318 ο
2475 5281 2598 5372 yet.
2622 5285 2753 5343 edit.
2784 5303 2846 5372 ac
2870 5307 3001 5348 mss.
3029 5293 3352 5372 ltaud_pauci
3378 5318 3391 5355 :
3419 5301 3544 5359 Non
3565 5306 3714 5372 quasi
3733 5305 3888 5360 videtur

2337 5352 2646 5424 simulasse;
2697 5361 2890 5442 melius
2932 5375 3114 5422 tamen
3163 5352 3756 5448 lfuini—edittaliique
3796 5371 3886 5430 cod.

2335 5437 2648 5502 expungnnt
2663 5437 3040 5502 negationem.

2413 5497 2431 5535 ί
2475 5497 3049 5588 δίεεόὶιῘΑιιιετιιν
3097 5511 3360 5588 Ειτιεεεε
3402 5515 3564 5573 Rom.
3610 5535 3730 5576 cum
3771 5525 3887 5588 parit

2335 5583 2468 5662 mss.
2493 5587 2506 5624 :
2523 5570 2660 5662 ‘Cilll.
2685 5589 2841 5645 vero,
2867 5585 2922 5634 et
2942 5570 3188 5638 alii-mss.
3213 5585 3319 5641 illis
3349 5570 3884 5662 ntittiberbo—Fqu'idsm

2331 5643 2430 5696 cod
2442 5683 2454 5696 .
2466 5683 2480 5704 ,
2523 5642 2766 5700 Verbum.

2405 5722 2431 5760 ες
2472 5713 2598 5770 illss.
2637 5719 2913 5792 nonnulli,
2949 5722 3066 5780 Hoc
3095 5728 3192 5800 fuit
3217 5745 3329 5786 vere
3355 5733 3607 5802 prudens.
