3978 6310
114 333 228 389 255

918 325 1413 388 COMMENTARIA
1449 326 1517 383 IN
1559 324 1773 384 EPIST.
1818 324 1909 381 AD
1947 324 2275 383 COIlINTll.
2318 325 2606 384 PRIMAM.

3331 329 3441 386 254

114 450 268 506 dicta
306 449 468 515 facio,
512 459 574 506 ut
594 446 894 505 voluntatis
933 447 1265 518 evangelicae
1295 445 1570 517 particeps
1607 443 1726 500 elﬁ-
1754 455 1806 514 Α
1833 457 1929 513 per
1951 443 2151 500 nubem
2183 445 2474 514 purilicati,
2507 446 2792 515 praeparati
2825 455 2951 503 sunt
2977 446 3045 503 ad
3067 446 3446 519 accipiendam

115 542 262 609 ciar,
307 558 470 613 quam
509 543 674 597 habet
702 541 847 597 circa
877 540 1107 594 salutem
1138 539 1451 595 humanam.

195 635 217 709 (
247 635 412 692 Vers.
439 635 578 708 24.)
624 635 848 690 Nescitis
885 635 1129 708 quoniam
1165 634 1254 704 qui
1298 635 1353 687 iu
1399 633 1570 686 stadio
1612 650 1729 686 cur—

117 739 281 794 runt,
312 745 488 784 omnes
518 728 730 800 quidem
757 737 1002 794 currunt,
1033 745 1166 783 unus
1188 737 1359 782 autem
1396 727 1582 797 accipit
1616 726 1731 795 pal—

118 839 265 877 mam
287 823 313 876 ?
342 821 498 878 Nunc
525 822 675 878 aliud
709 823 825 877 vult
854 836 1128 892 exponere
1159 839 1172 874 :
1204 821 1390 891 itaque
1421 819 1523 876 hoc
1545 835 1732 876 exem-

117 917 215 988 plo
245 914 489 972 ostendit
531 923 737 986 quanta
775 915 847 970 sit
875 915 1078 970 utilitas
1115 915 1250 984 legis
1281 921 1506 978 nostrae,
1538 912 1594 967 in
1624 929 1727 982 qua

115 1023 233 1064 non
259 1008 375 1075 uni,
409 1008 504 1065 sed
536 1010 794 1064 omnibus
826 1007 1095 1080 promissa
1135 1016 1220 1064 est
1249 1007 1449 1079 palma.
1490 1007 1580 1064 Sic
1607 1021 1730 1060 cur-

116 1103 247 1167 rite,
270 1113 334 1172 ut
370 1102 840 1172 compreltendatis.
879 1100 1127 1157 Sollicite
1163 1101 1278 1156 vult
1306 1100 1454 1156 curri
1497 1099 1566 1154 ad
1600 1114 1727 1170 pro-

116 1198 469 1261 missionem,
496 1197 622 1267 quia
657 1212 850 1268 tnagna
876 1206 981 1252 est.

197 1293 217 1365 (
250 1292 411 1348 Vers.
442 1290 585 1364 25.)
628 1290 809 1346 Omnis
846 1299 1015 1345 autem
1051 1289 1137 1361 qui
1174 1289 1226 1342 in
1265 1304 1430 1360 agone
1470 1287 1733 1343 contendit

119 1388 189 1442 ab
223 1387 461 1442 omnibus
482 1403 538 1440 se
564 1387 826 1440 abstinet:
854 1387 922 1440 ab
963 1384 1050 1438 his
1074 1384 1331 1439 omnibus
1358 1398 1478 1453 qua:
1515 1382 1735 1436 vitanda

120 1482 324 1540 eadem
365 1480 533 1537 tradit
558 1480 867 1550 disciplina,
900 1494 1024 1536 cum
1055 1478 1232 1534 sciant
1269 1492 1435 1533 unum
1465 1491 1736 1531 coronan-

121 1576 300 1643 dum;
349 1583 552 1647 quanto
591 1575 764 1643 magis
804 1573 962 1629 nobis
998 1569 1400 1628 observandum
1449 1579 1562 1635 est,
1594 1569 1734 1640 quia

124 1667 386 1724 omnibus
417 1666 687 1739 promissa
709 1675 794 1720 est
817 1664 1002 1720 salus!
1035 1662 1101 1718 Et
1135 1663 1215 1717 illi
1244 1663 1453 1732 quidem
1477 1669 1531 1714 ut
1557 1677 1740 1716 corru-

125 1763 364 1835 ptibilem
402 1776 648 1816 coronam
691 1761 952 1828 accipiant
985 1771 1004 1811 :
1033 1772 1125 1811 nos
1153 1765 1326 1810 autem
1352 1755 1733 1825 incorruptam.

1833 536 2056 608 Legem,
2091 547 2146 593 et
2177 536 2406 592 formam
2442 537 2610 593 futuri
2642 542 2969 598 sacramenti
3005 544 3196 597 nostri.

1908 630 2092 699 (Vers.
2124 631 2180 696 5,
2212 632 2292 698 Δ.)
2335 631 2402 686 Et
2448 649 2622 688 omnes
2664 634 2900 690 eamdem
2937 652 3106 691 escam
3153 639 3441 708 spiritalem

1833 725 2073 788 ederunt,
2095 734 2143 777 et
2173 740 2349 778 omnes
2383 723 2620 778 eumdem
2647 735 2823 795 potum
2852 727 3141 795 spiritalem
3172 729 3447 798 biberunt;

1832 816 2070 871 bibebant
2117 817 2257 871 enim
2301 817 2366 871 de
2403 826 2644 888 sequente
2679 835 2764 874 eos
2791 820 3021 890 spiritali
3071 835 3218 892 petra
3249 837 3268 878 :
3296 835 3446 895 petra

1833 919 2005 965 autem
2028 919 2136 964 erat
2161 906 2422 964 Christus.
2452 910 2648 966 Manna
2670 919 2724 967 et
2744 926 2940 982 aquam
2971 911 3173 985 (Exod.
3202 930 3314 981 χιι,
3343 914 3445 980 15;

1834 1016 1971 1069 xvu,
1997 1003 2055 1073 6)
2082 1018 2203 1074 quae
2232 1001 2388 1060 ﬁnxit
2409 1001 2477 1058 de
2499 1012 2674 1074 petra,
2704 1003 2839 1060 dicit
2857 1007 3158 1075 spiritalia;
3184 1008 3308 1078 quia
3334 1024 3448 1064 non

1837 1096 2023 1152 mundi
2056 1097 2176 1168 lege
2201 1106 2386 1168 parata
2410 1107 2561 1160 sunt,
2587 1098 2682 1155 sed
2709 1099 2803 1155 Dei
2828 1099 3031 1155 virtute
3059 1101 3178 1157 sine
3198 1102 3448 1158 elemen-

1838 1201 2015 1247 torum
2039 1192 2434 1247 commixtione
2458 1191 2526 1246 ad
2558 1200 2772 1263 tempus
2795 1203 3000 1258 creata,
3025 1192 3280 1250 habentia
3308 1195 3361 1250 in
3391 1211 3451 1252 se

1838 1283 2064 1353 figuram
2099 1282 2265 1338 futuri
2299 1283 2544 1354 mysterii
2572 1326 2587 1352 ,
2615 1283 2760 1355 quod
2791 1301 2937 1341 nunc
2966 1301 3064 1340 nos
3095 1288 3362 1342 sumimus
3395 1289 3449 1344 in

1837 1377 2426 1433 commemorationem
2455 1377 2660 1434 Christi
2688 1377 2918 1434 domini.
2948 1379 3078 1435 Ideo
3099 1391 3154 1435 et
3181 1381 3335 1452 panis
3357 1397 3453 1438 an-

1836 1473 2086 1544 gelorum
2131 1471 2312 1528 dictus
2351 1483 2435 1528 est
2460 1515 2474 1539 ,
2521 1476 2645 1544 quia
2690 1473 2892 1530 virtute
2927 1489 3034 1545 qua
3065 1476 3242 1546 angeli
3273 1477 3455 1532 subsi-

1838 1576 2012 1632 stunt,
2031 1575 2250 1622 creatus
2276 1577 2361 1622 est
2387 1585 2400 1620 τ
2428 1568 2532 1622 hoc
2554 1568 2890 1640 signiﬁcans,
2911 1570 3038 1641 quia
3061 1569 3132 1626 de
3152 1570 3306 1626 caelis
3327 1585 3456 1627 ven-

1842 1673 1993 1719 turus
2021 1663 2283 1734 erat,qui
2317 1663 2642 1734 spiritaliter
2667 1673 2942 1735 pasceret.
2976 1663 3136 1722 Unde
3165 1674 3222 1722 et
3258 1682 3456 1723 manna

1841 1757 2076 1827 primum
2112 1755 2398 1812 Dominico
2432 1756 2524 1811 die
2554 1757 2704 1813 venit
2739 1757 2808 1814 de
2838 1759 2979 1814 coelo
3015 1758 3082 1814 ad
3115 1760 3458 1817 saturitatem

127 1856 198 1910 Et
240 1855 296 1910 in
339 1853 447 1908 hoc
483 1853 708 1908 multum
756 1849 944 1921 dispar
996 1848 1199 1904 donum
1253 1856 1357 1916 est,
1405 1863 1469 1902 ac
1501 1862 1598 1917 per
1635 1847 1739 1903 hoc
1768 1859 1815 1920 Β
1845 1850 2065 1923 populi;
2093 1866 2334 1922 sequens
2361 1860 2542 1906 tamen
2569 1860 2717 1920 petra
2742 1850 2884 1907 dicta
2909 1862 3014 1919 est,
3043 1868 3165 1924 qua:
3192 1853 3452 1925 intelligi-

127 1947 515 2020 diligentiores
549 1959 650 2000 nos
690 1958 810 2000 esse
853 1942 1089 2009 debere,
1121 1941 1321 2013 quibus
1360 1956 1467 1996 non
1503 1939 1740 1996 terrenis

129 2053 187 2100 et
241 2039 708 2098 marcescentibus
754 2037 1003 2103 ﬁoribus,
1058 2036 1154 2092 sed
1210 2036 1436 2092 asternis
1487 2044 1740 2091 conserta

133 2139 367 2212 gemmis
393 2137 447 2193 in
488 2135 710 2192 modum
753 2134 954 2206 regalis
988 2131 1311 2189 diadematis
1349 2130 1610 2201 spiritalis
1645 2145 1740 2186 co-

141 2248 276 2290 rona
303 2239 570 2288 servatur.

219 2325 400 2397 (γει-ε.
422 2323 539 2396 26.)
553 2323 828 2391 Siccurro,
857 2340 960 2379 non
986 2323 1136 2395 quasi
1161 2322 1216 2375 in
1243 2322 1519 2376 incertans.
1551 2319 1743 2388 Magna

149 2433 250 2489 spe
265 2431 478 2473 currere
497 2431 556 2472 se
581 2416 888 2486 proﬁtetur,
912 2428 1122 2470 certum
1145 2413 1353 2468 habens
1373 2411 1505 2483 quid
1527 2412 1598 2467 sit
1622 2424 1746 2480 pro-

147 2513 396 2569 missum.
424 2510 513 2565 Sic
541 2526 735 2582 pugna,
759 2526 861 2564 non
881 2509 1029 2579 quasi
1051 2524 1218 2563 aerem
1243 2506 1468 2561 credens.
1498 2503 1611 2559 lloc
1636 2511 1742 2570 est,

143 2623 255 2663 non
281 2605 462 2663 verbis
489 2607 681 2677 magis,
709 2605 806 2661 sed
841 2605 912 2662 de
939 2605 1104 2661 rebus
1131 2602 1428 2658 contendo.

216 2698 326 2756 Sed
379 2699 574 2768 castiga
624 2715 812 2772 corpus
849 2714 1053 2763 meum,
1111 2707 1159 2752 et
1202 2697 1441 2752 servituti
1499 2695 1741 2769 subjicio.

138 2793 429 2864 Castigare
479 2807 682 2863 Corpus
714 2803 798 2849 est
827 2793 1050 2864 jejuniis
1071 2803 1097 2829 ιι
1144 2792 1276 2848 illud
1304 2807 1545 2862 angere:
1577 2800 1634 2847 et
1654 2791 1747 2847 illa

135 2889 186 2945 ei
214 2888 370 2948 dare.
403 2904 524 2960 quae
545 2889 610 2943 ad
632 2889 795 2945 vitam
822 2887 1133 2959 proﬁciant,
1158 2903 1265 2942 non
1290 2887 1356 2941 ad
1384 2887 1590 2942 luxum.
1619 2886 1747 2943 Ser-

141 2980 313 3036 vituti
341 2997 476 3037 veto
503 2980 795 3051 subjicitur
823 2998 837 3047 ;
873 2980 1001 3035 dum
1033 2995 1140 3033 non
1174 2994 1327 3034 suam
1373 2979 1604 3048 perlicit.
1653 2976 1750 3034 sed

138 3076 377 3146 spiritus
403 3077 760 3131 voluntatem.
795 3072 848 3128 Ν
854 3090 880 3128 e
911 3077 1044 3145 forte
1065 3073 1184 3128 aliis
1202 3071 1491 3145 praedicans
1518 3073 1630 3144 ipse
1667 3088 1751 3126 re-

139 3173 341 3243 probus
386 3172 643 3228 inreniar.
694 3169 824 3226 Ideo
873 3185 934 3226 se
993 3167 1281 3225 refrenare
1335 3183 1537 3237 corpus
1591 3181 1748 3222 suum

1846 1954 1932 2000 tur
1961 1945 2233 2001 Christus.
2265 1945 2369 2002 Ubi
2408 1944 2554 2001 enim
2588 1945 2884 2002 deﬁciebat
2911 1948 3206 2004 hamanum
3236 1949 3318 2005 eis
3347 1951 3461 2004 sni-

1842 2038 2094 2109 lragium,
2121 2039 2312 2096 aderat
2332 2039 2620 2108 Christus;
2648 2040 2770 2096 ideo
2793 2042 3148 2112 sequebatur,
3169 2055 3224 2099 ut
3251 2045 3342 2099 ubi
3365 2045 3462 2102 de-

1845 2131 2090 2199 fecisset,
2113 2131 2203 2187 ille
2225 2132 2565 2188 subveniret.
2586 2132 2699 2190 Nec
2720 2134 2865 2189 enim
2889 2147 3042 2205 petra
3065 2153 3259 2207 aquam
3286 2137 3462 2208 dedit,

1845 2224 1944 2280 sed
1974 2225 2246 2279 Christus.

1919 2316 2102 2388 (Vers.
2137 2318 2219 2389 5.)
2261 2318 2368 2373 Sed
2397 2336 2498 2373 non
2534 2319 2588 2373 in
2629 2320 2865 2390 pluribus
2906 2335 3086 2375 eorum
3128 2322 3252 2377 bene
3297 2327 3458 2380 sensit

1849 2411 2009 2466 Deus.
2059 2410 2190 2466 Ideo
2239 2410 2343 2467 hoc
2388 2411 2560 2478 dixit,
2615 2414 2740 2484 quia
2790 2425 3071 2484 acceptum
3131 2415 3456 2471 beneﬁcium

1849 2519 1958 2559 non
2003 2504 2420 2560 intellexerunt.
2473 2504 2738 2561 Prostrati
2791 2508 2926 2562 enim
2986 2521 3108 2563 sunt
3157 2510 3210 2563 in
3260 2510 3461 2566 deserto

1849 2595 2047 2670 (Num.
2081 2613 2213 2652 xxvi
2235 2640 2249 2662 ,
2276 2598 2392 2671 65).
2425 2598 2657 2669 Dignum
2693 2611 2772 2655 est
2801 2643 2814 2666 ,
2846 2611 2905 2655 ut
2930 2602 3017 2671 qui
3047 2617 3240 2673 magna
3269 2620 3466 2660 conse-

1847 2705 2010 2748 cutus
2037 2735 2052 2760 ,
2109 2692 2162 2747 in
2189 2692 2366 2762 parvis
2395 2693 2650 2749 difﬁdens
2679 2703 2793 2758 est;
2827 2711 2932 2749 IlOll
2959 2697 3138 2750 solum
3164 2709 3185 2735 ο
3211 2696 3326 2752 hmc
3355 2714 3462 2752 non

1849 2787 2221 2857 adipiscatur,
2256 2802 2442 2842 verum
2477 2788 2644 2843 etiam
2675 2787 2889 2842 amittat
2931 2797 2985 2842 et
3033 2788 3144 2842 illa.
3190 2789 3462 2856 Quoniam

1849 2897 1982 2952 ergo
2007 2881 2261 2952 superius
2295 2880 2542 2937 hortatus
2565 2890 2652 2937 est.
2675 2882 2742 2936 ad
2771 2882 2999 2937 meliora
3017 2925 3030 2946 ,
3056 2897 3116 2937 se
3137 2886 3305 2939 etiam
3334 2886 3468 2940 dicit

1851 2976 1905 3031 id
1948 2977 2239 3032 elaborare
2260 3019 2275 3042 ,
2311 2985 2371 3032 ut
2395 2977 2462 3032 ad
2497 2979 2917 3048 promissionem
2948 2978 3143 3050 dignus
3174 2992 3464 3049 occurrat;

1852 3085 1997 3124 nunc
2021 3078 2079 3124 ιιι
2101 3069 2242 3123 istud
2263 3071 2496 3140 exempli
2527 3079 2738 3126 terrore
2760 3073 3099 3143 constringat
3122 3089 3185 3128 ac
3206 3075 3459 3144 suadeat,

1851 3162 2073 3218 Judmos
2099 3171 2228 3218 tunc
2251 3164 2417 3219 simili
2450 3164 2614 3219 modo
2638 3165 2770 3221 dicit
2792 3165 2996 3219 donum
3033 3167 3126 3222 Dei
3153 3179 3206 3223 et
3232 3170 3463 3240 gratiam

140 3264 430 3329 ostendit,
468 3274 524 3319 ut
554 3263 1034 3328 remuneratione,
1085 3277 1246 3334 quam
1289 3263 1414 3317 aliis
1463 3259 1745 3333 prtedicat,
1777 3271 1823 3334 ρ
1856 3257 2104 3322 sortitos,
2129 3258 2271 3312 sicut
2296 3266 2350 3313 ct
2384 3273 2483 3312 nos
2513 3275 2528 3314 :
2559 3267 2613 3313 et
2656 3259 2781 3328 quia
2825 3257 2985 3332 1M
3023 3260 3376 3333 indiligentes
3413 3273 3471 3320 et

135 3357 308 3416 etiam
350 3359 465 3429 ipse
485 3357 680 3427 dignus
708 3355 1005 3420 habeatur;
1061 3371 1129 3411 ne
1176 3354 1300 3410 aliis
1345 3355 1578 3422 curatis,
1630 3354 1746 3423 ipse

135 3461 456 3509 remaneret
481 3452 533 3506 in
556 3451 802 3508 vulnere.
834 3451 1027 3506 Ratam
1059 3466 1191 3522 ergo
1215 3466 1368 3520 spem
1401 3449 1751 3520 pra-dicatio-

133 3547 227 3602 nis
255 3562 370 3602 sua:
401 3546 668 3612 afﬁrmat,
696 3545 916 3617 quando
938 3545 1108 3616 gestis
1136 3544 1187 3599 id
1211 3561 1271 3600 se
1295 3545 1574 3616 prosequi,
1597 3542 1747 3612 quod

133 3639 328 3708 docet,
361 3641 635 3706 ostendit;
681 3640 924 3712 quiaqui
947 3640 1109 3695 aliter
1138 3640 1248 3710 agit
1276 3656 1440 3710 quam
1466 3639 1745 3709 pra-dicat,

133 3743 434 3806 suspectos
480 3732 610 3789 facit
639 3732 945 3796 audientes,
991 3741 1049 3787 ut
1076 3732 1143 3788 de
1168 3731 1454 3802 promissis
1474 3730 1744 3787 dubitent.

133 3830 256 3886 Suo
297 3829 479 3900 itaque
495 3831 749 3899 exemplo
782 3844 888 3885 non
928 3830 1102 3902 magis
1129 3829 1337 3898 verbis,
1376 3843 1538 3901 quam
1560 3826 1749 3899 operi-

136 3923 246 3980 bus
275 3923 642 3981 exercendum
670 3923 946 3980 hortatur.

793 4057 1025 4117 CAPUT
1069 4059 1133 4113 Χ.

217 4194 402 4265 (Vera.
436 4195 490 4259 1,
514 4194 600 4264 2.)
637 4193 780 4250 Nolo
809 4195 944 4249 enim
972 4209 1060 4249 vos
1091 4195 1354 4266 ignorare,
1387 4195 1602 4265 fratres,
1625 4191 1748 4262 quia

135 4297 318 4360 patres
347 4288 506 4342 nostri
550 4302 726 4342 omnes
767 4286 861 4342 sub
887 4287 1018 4342 nube
1048 4290 1282 4358 fuerunt,
1336 4296 1382 4340 et
1409 4302 1582 4341 omnes
1607 4301 1749 4340 mare

138 4381 492 4447 transierunt,
516 4390 563 4434 et
594 4395 770 4434 omnes
795 4379 847 4432 in
868 4377 1048 4450 Moyse
1073 4378 1321 4449 baptisati
1353 4387 1475 4433 sunt
1514 4379 1571 4432 in
1616 4377 1749 4432 nube

137 4487 190 4531 et
217 4477 273 4530 in
297 4475 428 4529 mari
449 4473 652 4544 (Exod.
679 4489 797 4542 xm,
815 4474 916 4539 21ς
944 4490 1061 4540 xtv,
1079 4473 1196 4545 22).
1224 4473 1538 4530 Ιυιιωοτιιιιι
1561 4488 1751 4529 exem-

136 4570 257 4641 plo,
290 4569 386 4640 qui
415 4569 743 4640 negligentia
788 4583 886 4625 sua
913 4567 1263 4625 offenderunt
1302 4567 1492 4640 (Num.
1525 4583 1602 4634 ιι,
1627 4567 1746 4638 22),

1851 3351 2169 3408 dubitantes
2204 3350 2230 3387 ἀ
2267 3351 2338 3407 de
2382 3352 2477 3407 Dei
2529 3352 2897 3422 promissione
2938 3357 3188 3423 luerunt,
3227 3370 3468 3427 prostra-

1854 3456 1939 3502 tos
1968 3462 2093 3503 esse
2121 3449 2175 3500 in
2209 3446 2463 3514 deserto;
2504 3459 2560 3502 ut
2590 3447 2713 3505 ideo
2745 3451 3100 3520 semetipsum
3135 3453 3381 3525 alﬁigere
3407 3472 3470 3514 se

1849 3540 2188 3604 ostenderet,
2215 3556 2284 3595 ne
2325 3540 2378 3595 in
2426 3541 2647 3596 illorum
2679 3559 2906 3597 numero
2939 3544 3279 3602 inveniretur
3306 3567 3317 3601 :
3345 3565 3468 3619 pro-

1851 3633 1977 3689 inde
2004 3633 2427 3699 elaborandum,
2461 3643 2520 3688 ut
2543 3634 2630 3689 sui
2663 3635 2968 3691 imitatores
2996 3637 3314 3694 existerent.

1924 3725 2109 3795 (Vers.
2141 3725 2196 3791 6,
2225 3724 2308 3796 7.)
2352 3725 2481 3780 Htec
2505 3736 2679 3781 autem
2703 3728 2758 3781 in
2783 3728 2952 3799 ﬁgura
2974 3731 3141 3784 nostri
3161 3732 3298 3799 facta
3321 3745 3466 3799 sunt,

1851 3825 1909 3872 ut
1939 3835 2041 3873 non
2073 3819 2238 3873 simus
2269 3817 2620 3875 desiderantes
2650 3821 2813 3886 mala,
2847 3821 2978 3875 sicut
3010 3832 3056 3876 et
3088 3823 3169 3878 illi
3195 3825 3467 3882 desidera-

1849 3921 2052 3968 verunt.
2081 3910 2129 3966 Is
2151 3925 2350 3967 sensus
2371 3921 2427 3966 et
2446 3911 2587 3967 ratio
2609 3920 2693 3968 est
2713 3956 2726 3977 ,
2753 3928 2914 3984 quam
2944 3928 3107 3986 supra
3140 3921 3459 3976 memoravi.

1853 4006 2035 4078 Neque
2085 4007 2381 4062 simulacris
2429 4007 2745 4073 servientes,
2795 4008 2928 4063 sicut
2981 4011 3195 4080 quidam
3225 4013 3459 4072 illorum.

1851 4101 2004 4158 Nunc
2034 4100 2134 4157 bos
2166 4102 2361 4172 tangit,
2387 4102 2477 4173 qui
2510 4101 2565 4156 in
2597 4101 2768 4157 idolio
2790 4103 3177 4161 recumbentes
3200 4109 3466 4178 putabant

1851 4211 1962 4251 non
1993 4209 2118 4250 esse
2148 4204 2457 4266 peccatum.
2490 4194 2640 4250 Sicut
2668 4195 2920 4266 scriptum
2940 4204 3017 4252 est
3047 4197 3247 4270 (Exod.
3284 4217 3459 4271 χχχιι,

1853 4287 1909 4358 6)
1936 4306 1950 4342 :
1979 4287 2127 4344 Sedit
2157 4289 2381 4360 papulas
2410 4289 2725 4344 manducare
2751 4299 2798 4343 et
2829 4288 3020 4355 bibere,
3047 4300 3096 4345 et
3125 4304 3462 4350 surrexerunt

1855 4383 2036 4440 ludere
2059 4399 2077 4438 :
2100 4393 2229 4438 ante
2257 4383 2461 4438 idolum
2485 4383 2705 4453 utique;
2734 4394 2792 4438 ut
2825 4399 2932 4439 non
2956 4401 3017 4442 se
3043 4386 3334 4444 crederent
3360 4392 3466 4445 im-

1853 4491 2046 4532 munes
2074 4491 2105 4530 a
2135 4477 2368 4532 crimine
2391 4515 2408 4542 ,
2449 4475 2541 4547 qui
2587 4477 2639 4530 in
2683 4475 2859 4532 idolio
2899 4479 3287 4548 epulabantur.
3322 4483 3457 4540 Nam

1857 4571 2044 4643 Moyse
2074 4571 2128 4626 in
2160 4578 2350 4626 monte
2377 4571 2557 4641 posito
2585 4570 2728 4640 apud
2759 4572 2951 4639 Deum,
2985 4573 3284 4631 simulacro
3305 4579 3463 4635 vituli

135 4663 416 4721 sollicitos
442 4679 540 4720 nos
571 4663 684 4719 vult
706 4678 858 4729 esse;
903 4662 1140 4735 ideoque
1169 4663 1270 4719 sub
1302 4662 1444 4719 nube
1468 4662 1602 4718 dicit
1621 4661 1748 4718 illos
1775 4675 1828 4736 ι)
1854 4663 2018 4731 facto,
2050 4671 2175 4735 post
2204 4662 2538 4719 oblationem
2571 4661 2936 4719 dedicationis
2957 4678 3120 4720 causa
3152 4683 3166 4722 :
3198 4667 3348 4723 Sedit
3371 4687 3463 4740 pa-

135 4759 340 4825 fuisse,
367 4760 494 4831 quia
522 4759 706 4816 omnia
737 4773 856 4830 quae
883 4767 1036 4830 gesta
1068 4766 1218 4823 sunt,
1241 4755 1269 4796 ι)
1300 4757 1354 4812 in
1379 4755 1546 4828 ﬁgura
1575 4755 1748 4811 nostri

135 4853 285 4909 facta
314 4862 479 4917 sunt;
508 4862 568 4908 ut
594 4850 842 4907 veritatis
864 4859 1072 4907 nostra:
1103 4850 1182 4906 illi
1219 4849 1514 4906 habuerint
1559 4849 1749 4918 imagi-

136 4961 295 5002 nem.
327 4942 574 5001 Contecti
604 4944 751 5000 enim
805 4943 969 5011 nube,
1025 4954 1078 4998 ct
1131 4943 1201 4998 ab
1251 4941 1581 4999 adversariis
1636 4942 1750 4998 suis

137 5037 246 5093 tuti
272 5035 524 5107 prmstiti,
555 5037 684 5092 dum
714 5052 743 5091 a
779 5045 960 5092 morte
1014 5035 1232 5092 liberati
1281 5045 1445 5102 sunt,
1489 5034 1752 5107 baptizati

137 5130 425 5187 dicuntur.
448 5130 562 5186 Illis
589 5130 760 5197 enim,
797 5131 849 5186 id
881 5140 986 5198 est,
1015 5129 1293 5204 IEgypliis
1324 5130 1380 5187 in
1425 5129 1562 5187 mari
1602 5145 1750 5186 mor-

139 5223 276 5292 tuis,
306 5223 434 5279 dum
462 5223 537 5292 hi,
563 5223 698 5280 duce
723 5223 930 5297 Moyse,
956 5224 1189 5282 feliciter
1231 5234 1533 5293 transeunt,
1573 5223 1750 5295 erepti

139 5326 276 5373 sunt
302 5331 330 5370 a
353 5327 531 5373 morte
562 5334 575 5371 :
605 5316 748 5388 quod
776 5329 999 5388 praestat
1027 5319 1382 5390 baptismum.
1432 5317 1552 5374 Non
1599 5319 1748 5375 enim

140 5407 257 5465 illis
283 5409 558 5480 praeterita
583 5409 724 5465 mala
755 5410 1024 5483 imputata
1072 5421 1221 5479 sunt,
1265 5411 1361 5468 sed
1389 5426 1486 5482 per
1512 5425 1666 5468 mare
1696 5420 1753 5468 et

219 5613 415 5700 {'Vet.
447 5611 578 5668 edit.
593 5629 668 5700 .ac
697 5615 879 5700 plures
908 5632 1042 5672 mss.
1069 5658 1083 5682 ,
1119 5619 1338 5700 jeiuniis
1381 5617 1521 5673 illud
1553 5632 1748 5689 agere:

142 5687 345 5762 melius
377 5695 558 5762 tamen
592 5685 745 5744 llom.
772 5688 906 5742 edit.
940 5704 1063 5744 cum
1113 5685 1234 5744 aliis
1276 5705 1510 5746 mss.....
1534 5685 1741 5762 angere.

219 5757 246 5795 ι’
288 5757 392 5830 bis.
423 5753 617 5830 Corb.,
647 5773 770 5830 cura
793 5763 960 5814 nostri
979 5762 1118 5830 facta
1141 5771 1278 5815 sunt.

222 5826 598 5901 epidemcod.
647 5828 807 5884 Corb.
832 5873 846 5896 ,
890 5826 996 5887 non
1036 5831 1324 5901 despiciat,
1377 5849 1553 5888 verum
1593 5832 1750 5888 etiam

144 5899 360 5961 studeat
387 5897 652 5964 laborare,
676 5911 731 5954 ut
765 5903 833 5957 ad
859 5897 1254 5974 promissionem
1275 5897 1463 5978 dignus
1485 5913 1750 5973 occurrat,

451 5992 740 6059 Panos:
778 5997 980 6063 XVII.

1853 4761 2009 4832 pulus
2036 4758 2359 4813 manducare
2388 4765 2436 4812 et
2467 4755 2658 4823 bibere,
2681 4765 2730 4811 et
2752 4768 3087 4813 surrexerunt
3111 4759 3310 4816 ludere.
3337 4762 3465 4821 ΙΙωο

1853 4851 2067 4907 luxuria
2111 4859 2228 4916 est,
2271 4849 2397 4922 quia
2447 4863 2670 4921 semper
2714 4849 3012 4919 Oblectati,
3061 4852 3113 4907 in
3159 4853 3257 4910 Dei
3295 4857 3460 4914 rebus

1853 4944 2106 5002 inﬁdeles
2135 4944 2344 5000 inventi
2376 4954 2525 4999 sunt.
2557 4953 2579 4980 ε
2608 4943 2846 5016 Ideoque
2874 4945 3115 5014 instruit,
3142 4963 3209 5004 ne
3236 4949 3288 5004 in
3319 4952 3458 5006 hanc

1854 5037 2215 5095 difﬁdentiam
2262 5053 2362 5109 per
2398 5041 2685 5094 ass'ensum
2731 5038 2964 5095 luxuriae
3007 5041 3060 5096 in
3106 5040 3273 5097 idolio
3317 5043 3454 5100 inci-

1855 5129 2070 5188 damus.

1932 5225 2114 5297 (Vers.
2148 5224 2233 5297 8.)
2274 5225 2455 5298 Neque
2480 5227 2824 5297 fornicamur,
2850 5226 2982 5280 sicut
3006 5225 3217 5296 quidam
3245 5227 3459 5286 illorum

1859 5321 2103 5392 fornicati
2127 5329 2280 5390 sunt,
2314 5329 2362 5376 et
2399 5321 2693 5376 ceciderunt
2719 5336 2824 5374 una
2849 5320 2933 5375 die
2959 5319 3138 5391 viginti
3166 5321 3266 5375 tria
3295 5325 3463 5382 millia

1861 5412 2124 5468 hominum
2153 5410 2345 5484 (Num.
2378 5428 2510 5482 xxv,
2541 5412 2622 5484 1).
2667 5411 2782 5468 Hoc
2831 5410 2942 5467 illis
2988 5409 3315 5472 retributum
3351 5430 3460 5492 est,

1855 5617 1948 5687 ubi
1977 5631 2084 5671 non
2115 5630 2280 5687 pauca
2309 5616 2810 5687 pra-terminantur.

1925 5685 1954 5726 ἀ
1994 5685 2248 5744 Nonnulli
2275 5685 2431 5753 mss.,
2465 5689 2528 5742 de
2553 5686 2652 5740 Dei
2680 5685 2970 5757 provisione
2996 5685 3230 5757 fuerunt.

1931 5770 1956 5798 ο
1996 5759 2130 5816 Cod.
2163 5759 2328 5830 Corh.
2360 5759 2528 5823 solus,
2550 5757 2774 5830 ideoque
2795 5755 3015 5830 destruit
3039 5776 3060 5816 :
3080 5769 3136 5816 at
3162 5763 3307 5823 idem
3332 5775 3457 5830 cod.

1857 5846 1981 5888 cum
2013 5832 2135 5887 aliis
2159 5829 2506 5902 quibusdam,
2541 5827 2762 5883 luxuria:
2790 5827 2922 5886 idoli
2950 5831 3259 5892 incidamus.

2882 5996 2924 6063 8
