3978 6310
589 329 692 384 135

1559 319 1652 378 AD
1692 317 1919 376 OPERA
1961 315 2212 375 SANCTI
2247 315 2577 374 AMBROSII
2617 314 2991 374 APPENDIX.

3771 314 3857 372 256

581 437 799 511 quando
829 451 952 494 eum
995 433 1306 491 Madianitis
1351 433 1674 490 mulieribus
1722 449 1781 491 se
1821 435 2187 491 commacula—
2214 436 2266 497 Α
2293 433 2404 490 Hoc
2449 443 2536 490 est
2577 434 2874 490 humanum
2921 432 3216 497 auxilium;
3264 431 3392 501 quia
3443 430 3515 486 dii
3560 445 3858 502 paganorum

581 544 738 596 runt;
773 533 847 584 ira
876 531 1019 586 enim
1057 530 1146 584 Dei
1177 527 1391 584 exstitit
1412 539 1600 584 contra
1633 529 1788 596 illos,
1814 544 1936 599 quae
1967 529 2188 584 amula-

578 626 729 680 tione
753 624 985 679 l‘hinees
1015 621 1316 678 sacerdotis
1344 621 1601 678 habentis
1631 622 1807 679 zelum
1847 622 1981 690 Dei,
2011 623 2186 695 sopita

579 728 683 784 est,
710 732 778 773 ne
808 719 991 788 plures
1023 724 1398 772 morerentur.

646 812 830 882 (Vers.
862 810 944 884 υ.)
986 809 1172 880 Neque
1203 821 1455 866 tentemns
1481 809 1775 877 Christum,
1809 811 1943 865 sicut
1977 809 2186 878 quidam

2288 541 2430 585 terra
2462 539 2626 596 sunt,
2659 538 2714 584 et
2741 529 3008 583 culturam
3050 528 3267 582 illorum
3309 526 3583 580 humanus
3608 541 3760 580 error
3799 528 3861 580 in-

2289 622 2458 678 venit.
2496 622 2725 691 Propter
2753 621 3030 676 Cbristum
3060 635 3196 691 ergo
3228 619 3360 688 pati,
3397 619 3634 674 humana
3665 621 3862 676 tentatio

2287 729 2392 783 est,
2426 733 2522 788 per
2547 733 2710 788 quam
2742 717 3024 786 proﬁcitur
3053 717 3196 786 apud
3228 715 3420 768 Deum.

2362 809 2568 867 Fidelis
2592 822 2766 866 autem
2793 810 2954 876 Deus,
2985 812 3074 880 qui
3101 825 3202 864 non
3233 809 3458 880 patietur
3482 823 3573 863 vos
3599 808 3776 862 tentari
3791 826 3860 862 ss-

2288 924 2382 979 pra
2423 922 2580 977 quam
2619 905 2834 978 potestis
2860 905 2992 959 :sed
3037 905 3194 976 faciet
3243 920 3359 957 cum
3405 903 3692 956 testatione
3738 901 3862 954 etiau

2288 1008 2636 1073 proventum;
2686 1007 2743 1052 ut
2787 997 2997 1069 possitis
3029 997 3280 1052 tolerare.
3333 995 3464 1050 Ideo
3509 994 3727 1050 lidclem
3765 995 3865 1048 dicit

2291 1095 2486 1159 Deum,
2509 1096 2597 1166 qui
2622 1108 2723 1147 non
2758 1093 2989 1161 patietur
3012 1108 3099 1146 vos
3125 1091 3314 1145 tentari
3338 1107 3501 1158 supra
3535 1106 3695 1158 quam
3725 1099 3863 1156 potes-

2289 1189 2352 1242 tis
2371 1203 2390 1253 ;
2421 1187 2545 1257 quia
2577 1184 2828 1240 daturum
2868 1200 2926 1239 se
2967 1183 3216 1254 promisit
3252 1180 3410 1254 155
3444 1182 3590 1236 Deus
3621 1181 3862 1251 diligenti-

2289 1283 2392 1338 bus
2436 1297 2496 1337 se
2541 1297 2706 1352 regna
2749 1279 2996 1337 caelestia
3028 1295 3041 1330 :
3071 1289 3124 1335 et
3159 1286 3218 1332 ut
3243 1278 3337 1332 det
3363 1290 3594 1333 necesse
3625 1284 3742 1338 est;
3771 1275 3866 1341 quia

2289 1377 2462 1432 fidelis
2493 1386 2596 1431 est.
2630 1375 2925 1444 Propterea
2968 1387 3099 1443 ergo
3142 1371 3420 1426 tribulatis
3458 1385 3559 1440 pro
3602 1383 3666 1424 se
3695 1367 3860 1430 aderit,

2287 1485 2390 1526 nec
2421 1470 2659 1539 patietur
2684 1477 2890 1522 tantum
2926 1467 3178 1536 irrogari,
3202 1463 3348 1536 quod
3373 1463 3600 1518 tolerari
3628 1478 3736 1517 non
3765 1477 3865 1532 pos-

2289 1564 2398 1620 sint
2421 1580 2436 1618 ε
2462 1563 2557 1620 sed
2590 1561 2785 1626 faciet,
2835 1569 2896 1617 ut
2929 1569 3023 1614 aut
3057 1560 3168 1614 cito
3204 1567 3388 1614 cesset
3424 1558 3692 1620 tentatio;
3723 1565 3804 1609 aut
3835 1557 3864 1608 si

575 917 752 959 eorum
789 912 1108 959 tentaverunt
1128 944 1144 969 ,
1175 913 1222 958 et
1251 921 1284 958 a
1313 901 1632 974 serpentibus
1657 902 1942 974 perierunt.
1995 901 2186 956 Detra-

576 999 774 1056 hentes
819 999 889 1055 de
937 998 1053 1056 Deo
1101 999 1380 1055 Christum
1433 1009 1674 1055 tentasse
1723 997 2016 1062 dicuntur;
2059 995 2185 1064 quia

571 1090 826 1148 Christus
855 1101 998 1159 erat,
1047 1092 1137 1161 qui
1181 1091 1248 1146 ad
1289 1091 1513 1162 Moysen
1556 1090 1906 1162 loquebatur.
1941 1087 2187 1158 Denique

571 1202 642 1242 ne
675 1200 772 1241 nos
817 1187 869 1239 in
919 1185 1112 1240 eadem
1141 1200 1306 1241 causa
1341 1185 1714 1249 inveniamur,
1765 1191 2082 1238 commonet
2115 1196 2182 1236 ne

569 1279 792 1336 diabolo
825 1282 1140 1343 tradantur,
1168 1279 1325 1347 cujus
1356 1290 1642 1350 serpentes
1684 1277 1889 1332 habent
1932 1275 2182 1346 figuram.

647 1372 835 1445 (Vers.
865 1370 984 1444 10.)
1013 1371 1209 1442 .Ncque
1235 1372 1704 1437 murmuraueritis,
1729 1371 1862 1425 sicut
1886 1370 2094 1437 quidam
2122 1384 2186 1422 ea:

567 1468 696 1541 ipsis
727 1477 1175 1522 murmuraverunt
1204 1465 1397 1539 (Nunt.
1428 1482 1544 1534 xrv,
1591 1465 1666 1537 1).
1718 1466 2058 1520 Murmurare
2100 1474 2186 1519 est

571 1563 710 1618 falso
735 1564 802 1618 ad
833 1562 1068 1619 invicem
1109 1562 1177 1618 tle
1207 1561 1519 1634 pra-positis
1559 1570 1615 1616 et
1653 1561 1960 1617 rectoribus
2005 1558 2180 1629 queri,

569 1666 836 1730 quantum
867 1658 935 1712 ad
983 1667 1221 1712 mentem
1273 1658 1372 1712 loci
1407 1657 1671 1726 pertinet;
1703 1655 1826 1724 quia
1858 1655 2000 1709 solet
2031 1669 2162 1708 mur-

2287 1659 2502 1729 prolixa
2537 1655 2729 1720 fuerit,
2759 1653 2853 1710 det
2880 1653 3152 1708 tolerandi
3179 1653 3438 1706 virtutem
3466 1666 3479 1702 :
3505 1649 3754 1718 alioquin
3785 1664 3866 1700 uoti

570 1767 694 1806 mur
725 1750 842 1806 ﬁeri
871 1759 927 1804 et
950 1749 1096 1820 justo
1129 1765 1197 1804 ex
1231 1763 1413 1803 causa.
1459 1747 1527 1804 Et
1559 1749 1824 1816 perierunt
1852 1746 1915 1800 ab
1945 1745 2186 1800 eatermi—
2287 1752 2474 1816 dabit,
2509 1749 2656 1820 quod
2697 1747 2981 1819 promisit;
3024 1746 3149 1818 quia
3195 1744 3443 1799 vincetur
3467 1785 3482 1809 ,
3528 1743 3626 1813 qui
3672 1743 3863 1812 patitur.

570 1852 774 1898 natare-
805 1842 917 1898 lloc
943 1851 1062 1908 est.
1097 1844 1147 1896 in
1180 1842 1356 1897 locum
1388 1840 1543 1896 Iudae
1573 1851 2006 1905 concesserunt.
2040 1840 2183 1894 nmi-
2215 1835 2262 1896 Β
2291 1847 2467 1903 Homo
2494 1855 2577 1900 est
2599 1845 2744 1899 enim
2773 1842 3073 1898 infirmitati
3097 1841 3394 1910 subjectus,
3419 1851 3474 1895 et
3498 1855 3609 1894 non
3637 1839 3741 1894 erit
3761 1848 3782 1874 -
3801 1840 3866 1908 qui

569 1936 820 2006 cipantes
849 1934 999 1989 illum
1023 1951 1037 1999 ;
1060 1934 1188 2004 quia
1215 1933 1437 1988 tradens
1456 1932 1756 1995 Christum,
1781 1932 2182 1987 exterminatus
2288 1938 2519 2008 accipiat
2545 1954 2558 1991 :
2584 1935 2679 1991 sed
2702 1935 2828 2007 quia
2853 1934 3030 1990 ﬁdelis
3056 1945 3140 1990 est
3166 1935 3329 1998 Deus,
3357 1937 3448 2003 qui
3473 1933 3752 2004 promisit,
3773 1930 3868 1986 sub»

570 2038 655 2084 εει
681 2027 750 2084 de
777 2043 969 2083 numer
973 2042 1006 2082 0
1029 2028 1403 2096 θροειοιοτυιῐι
1446 2041 1474 2078 ³
1510 2024 1696 2094 iudice
1738 2022 1876 2080 930-
1920 2022 2025 2078 Ρει·
2065 2022 2182 2078 hac
2285 2033 2455 2098 venit,
2491 2041 2550 2086 ut
2580 2031 2829 2099 impleat,
2857 2029 3003 2100 quod
3035 2027 3306 2098 promisit.
3342 2027 3594 2098 Denique
3627 2027 3867 2082 breviatos

566 2122 818 2191 exempla
844 2122 912 2175 ad
936 2119 1329 2176 correctiorem
1355 2133 1452 2174 nos
1475 2119 1640 2174 vitam
1666 2127 1956 2186 provocat;
1984 2125 2046 2172 ut
2066 2132 2162 2172 me

2287 2126 2404 2182 vult
2433 2139 2555 2181 esse
2585 2126 2703 2180 dies
2732 2123 3017 2189 Dominus,
3046 2131 3100 2178 ut
3131 2124 3410 2178 solventur
3439 2122 3603 2176 electi
3628 2162 3646 2188 ,
3693 2128 3748 2177 et
3770 2134 3863 2188 pes.

569 2215 698 2272 nilis
725 2216 843 2286 ejus
873 2225 965 2271 ant
992 2216 1299 2286 praemium,
1329 2214 1374 2268 si
1407 2211 1728 2268 obcdientes
1759 2211 2055 2276 fuerimus,
2084 2221 2162 2264 aui

2286 2221 2400 2275 sint
2426 2219 2688 2288 consequi
2721 2234 2947 2288 regnum
2983 2219 3075 2272 Dei
3106 2215 3322 2289 (Matth.
3369 2232 3530 2282 xxiv,
3571 2214 3696 2284 22).
3741 2214 3864 2282 Quo-

567 2310 986 2380 pr0peosiorem
1031 2322 1591 2379 poenamJnereamur
1621 2305 2026 2362 inobedientes.
2059 2304 2179 2359 Non
2285 2315 2451 2370 modo
2480 2322 2660 2369 tamen
2692 2328 2721 2367 a
2751 2312 2866 2367 ι)υο
2895 2310 3202 2381 adjuvat”,
3238 2309 3285 2364 εί
3319 2319 3532 2364 tantum
3556 2307 3584 2347 δ
3619 2306 3863 2376 manu.

565 2412 650 2458 est
676 2400 822 2458 enim
850 2401 1167 2473 ambiguum
1192 2401 1316 2456 illos
1347 2407 1641 2470 peccantes
1666 2399 1785 2467 plus
1807 2397 2178 2468 subjiciendos
2282 2417 2372 2464 ωι-
2403 2408 2622 2472 tentari,
2655 2415 2919 2476 quantum
2950 2404 3171 2475 potest?
3201 2402 3504 2474 Adjuvatur
3536 2401 3738 2472 plane,
3765 2401 3860 2454 dum

563 2499 854 2553 tormentis
877 2537 892 2562 ,
924 2496 1125 2567 quibus
1163 2497 1501 2567 peccantium
1535 2509 1710 2565 poena:
1751 2493 1818 2549 ad
1857 2493 1960 2550 hoc
1990 2493 2176 2550 relata:
2281 2515 2392 2556 non
2422 2500 2541 2570 plus
2572 2499 2904 2570 permittitur
2949 2497 3001 2552 ei
3049 2497 3294 2568 imponi,
3335 2512 3498 2568 quam
3542 2496 3724 2551 scitur
3754 2494 3861 2549 ferre

562 2600 714 2654 sunt,
741 2606 810 2646 ne
842 2600 1156 2662 peccarent.
2282 2607 2475 2662 posse;
2510 2600 2567 2646 ut
2587 2601 2787 2662 quarto
2811 2591 2902 2646 die
2926 2593 3038 2661 pati
3067 2604 3174 2644 non
3205 2590 3588 2659 permittatur,
3611 2589 3711 2660 qui
3731 2588 3861 2642 scitur

633 2682 817 2751 (Vers.
848 2683 961 2754 11.)
990 2681 1122 2738 Hrcc
1142 2691 1316 2738 autem
1339 2684 1516 2738 omnia
1542 2683 1596 2736 in
1623 2683 1794 2752 ﬁgura
1813 2682 2176 2754 contingebant
2282 2686 2424 2740 ultra
2459 2702 2564 2740 non
2598 2699 2758 2754 fuisse
2788 2698 2948 2755 quam
2981 2683 3167 2738 triduo
3199 2683 3457 2737 tolerare.

559 2777 708 2843 illis;
751 2778 949 2849 scripta
991 2785 1111 2832 sunt
1138 2793 1258 2832 vero
1292 2777 1361 2832 ad
1391 2778 1772 2850 correptioncm
1819 2787 2080 2844 nostram,
2119 2778 2173 2831 in
2353 2778 2540 2850 (Vers.
2567 2775 2682 2848 14.)
2726 2776 3076 2848 ριιιιρνορισ,
3097 2773 3414 2841 charissitui,
3439 2773 3606 2846 fugite
3637 2772 3702 2826 ab
3724 2771 3858 2825 idolo-

560 2886 691 2942 quos
736 2869 866 2939 fines
909 2869 1221 2923 seculorum
1261 2871 1597 2925 devenerunt.
1643 2870 1805 2926 Fines
1843 2871 2170 2926 seculorum
2279 2887 2397 2925 rum
2424 2870 2648 2925 cultura.
2684 2869 2950 2925 Hortatur
2977 2869 3142 2925 etiam
3185 2883 3352 2933 nunc,
3385 2876 3447 2921 ut
3487 2865 3793 2922 abstineant
3817 2879 3859 2918 se

563 2979 665 3018 nos
690 2978 911 3029 sumus;
939 2962 1066 3033 quia
1097 2973 1223 3018 tunc
1245 2962 1365 3019 haec
1389 2962 1515 3020 ideo
1539 2962 1678 3018 laeta
1705 2974 2007 3019 noscuntur
2025 2962 2170 3018 circa
2276 2965 2348 3020 ab
2386 2964 2534 3018 onmi
2579 2965 2841 3019 societate
2882 2963 3234 3027 idololatria),
3265 2971 3326 3017 ut
3369 2978 3478 3017 non
3523 2963 3708 3015 solum
3741 2973 3856 3029 spei.

562 3055 983 3114 retributionem
1016 3056 1257 3124 illorum,
1282 3067 1342 3112 ut
1371 3057 1530 3113 nobis
1563 3066 1752 3113 essent
1779 3057 2054 3128 exemplo,
2077 3058 2171 3126 qui
2275 3057 2377 3113 sed
2405 3067 2466 3114 et
2491 3056 2707 3112 animus
2740 3055 2871 3112 inde
2905 3056 3151 3121 tollatur,
3182 3071 3254 3110 ne
3286 3071 3384 3125 per
3413 3054 3524 3110 hoc
3555 3061 3801 3108 nascatur
3821 3052 3856 3104 in

561 3159 847 3218 postremo
884 3149 1086 3205 swculo
1115 3148 1282 3205 futuri
1323 3165 1544 3206 eramus
1575 3150 1626 3204 itt
1662 3151 1766 3206 fide
1800 3150 2027 3206 Christi.
2062 3151 2172 3206 Pro
2279 3153 2451 3208 Deum
2483 3152 2732 3208 tentatio.
2763 3151 2936 3207 Nemo
2961 3153 3109 3206 enim
3139 3150 3394 3206 assiduus
3417 3149 3472 3204 in
3501 3148 3677 3204 idolio
3700 3159 3722 3187 ε
3752 3146 3856 3202 nihil

562 3244 801 3299 utilitate
830 3243 974 3299 enim
1001 3251 1186 3298 nostra
1214 3249 1364 3313 gesta
1394 3253 1543 3309 sunt,
1569 3251 1626 3297 ut
1651 3242 1698 3297 si
1729 3251 1940 3299 terrore
1969 3243 2162 3298 horum
2193 3236 2241 3306 C
2271 3257 2460 3318 sperat
2499 3247 2567 3303 de
2610 3263 2713 3312 eo;
2764 3245 2890 3301 hinc
2927 3245 3075 3301 enim
3117 3260 3344 3315 sperare
3369 3243 3634 3299 dubitare
3671 3242 3739 3297 de
3776 3241 3858 3294 Deo

561 3337 617 3392 in
654 3337 744 3390 Dei
772 3336 968 3391 timore
1009 3336 1374 3391 manserimus
1395 3376 1410 3402 ,
1435 3335 1666 3406 gloriam
1701 3335 1810 3390 illis
1841 3336 2165 3405 promissam

559 3429 896 3501 accipiamus
924 3446 938 3485 :
963 3426 1012 3484 si
1053 3430 1383 3500 quominus,
1411 3427 1782 3499 getninabitur
1816 3427 1975 3483 nobis
2006 3442 2165 3497 paena

559 3525 814 3590 illorum;
843 3523 967 3595 quia
998 3522 1176 3594 major
1203 3523 1397 3578 notitia
1431 3522 1566 3592 legis
1605 3520 1726 3591 plus
1754 3519 1882 3576 facit
1913 3536 2088 3576 reum.

633 3616 816 3690 (Vet's.
854 3614 970 3689 12.)
1009 3613 1298 3684 Propterea
1324 3622 1373 3668 et
1406 3613 1498 3684 qui
1531 3628 1584 3668 se
1609 3620 1756 3684 putat
1787 3622 1960 3679 stare,
1994 3612 2165 3668 uideat

556 3727 619 3766 ne
646 3710 823 3767 cadat.
857 3709 972 3766 Hoc
1007 3708 1074 3763 ad
1105 3723 1204 3764 eos
1231 3705 1505 3776 loquitur,
1539 3707 1631 3774 qui
1669 3715 2065 3774 praesumentes
2093 3704 2165 3760 de

554 3808 812 3873 scientia,
843 3821 948 3876 qua
980 3805 1192 3860 licitum
1224 3812 1308 3859 est
1345 3801 1526 3858 omnia
1557 3799 1758 3868 edere,
1790 3800 2022 3857 infirmis
2053 3801 2162 3857 fra-

554 3901 730 3956 tribus
761 3899 1023 3954 seandalo
1054 3906 1214 3954 erant
1245 3913 1258 3952 :
1290 3903 1346 3952 et
1389 3903 1647 3966 putantes
1689 3893 1894 3964 aliquid
1935 3909 1996 3952 se
2034 3911 2164 3967 pro-

561 3992 725 4050 ficere
744 3989 998 4046 doctrina
1023 3987 1634 4060 pseudoapostolorum,
1655 3987 2160 4055 deterioraverant;

556 4094 611 4141 et
636 4083 952 4154 judicabant
979 4081 1304 4152 Apostolum
1326 4121 1342 4146 ,
1384 4094 1512 4134 eum
1558 4079 1660 4149 ipsi
1706 4088 1894 4135 essent
1925 4081 2022 4137 rei.
2059 4081 2162 4137 Su-

558 4178 798 4247 perbiam
831 4191 962 4247 ergo
986 4185 1252 4245 amputat,
1287 4189 1357 4230 ne
1386 4188 1485 4244 per
1514 4173 1658 4228 hanc
1684 4183 1987 4242 tentantur,
2019 4175 2164 4233 sicut

556 4273 728 4330 ,ιιιύωὶ
756 4271 954 4328 tentati
977 4281 1125 4340 sunt,
1152 4283 1207 4328 et
1231 4271 1531 4342 perierunt.

629 4368 813 4442 (Vere.
853 4363 966 4437 15.)
1005 4366 1251 4421 Tcntatio
1282 4381 1370 4420 vos
1399 4383 1502 4420 non
1533 4366 1914 4438 apprehendat,
1946 4369 2047 4424 nisi
2067 4369 2161 4425 ltu-

559 4479 733 4517 mana.
763 4462 843 4518 Ac
867 4476 964 4530 per
995 4459 1098 4516 hoc
1134 4459 1490 4517 detrahentes
1531 4462 1831 4533 Apostolo,
1864 4463 2158 4520 Dominum

557 4568 766 4616 tentare
798 4557 1080 4620 videntur;
1125 4556 1254 4627 quia
1293 4564 1348 4611 et
1377 4565 1505 4613 tunc
1531 4571 1656 4612 eum
1696 4557 1868 4629 Moysi
1904 4557 2160 4615 detrahe-

2271 3353 2395 3407 est,
2435 3340 2576 3396 sicut
2604 3351 2660 3395 et
2698 3340 2829 3398 Saul
2860 3339 3054 3396 relicto
3097 3341 3241 3406 Deo,
3272 3339 3367 3408 qui
3403 3339 3454 3394 ei
3497 3338 3683 3392 fuerat
3709 3334 3857 3391 delicti

2273 3450 2437 3488 causa
2485 3435 2683 3499 iratus,
2727 3433 2794 3490 ad
2844 3432 3211 3490 idololatrian)
3258 3447 3320 3487 se
3364 3430 3648 3497 contulit,
3688 3426 3854 3500 aliquid

2273 3543 2506 3598 sperans
2523 3527 2594 3584 de
2619 3543 2684 3583 ea
2717 3527 2769 3599 (Ι
2803 3527 2928 3598 Reg.
2956 3543 3122 3582 xsvut
3141 3567 3156 3592 ,
3188 3525 3255 3581 12
3275 3534 3323 3582 et
3349 3527 3504 3596 εει).
3539 3523 3641 3579 Cui
3669 3523 3853 3594 quidem

2272 3632 2331 3677 et
2359 3621 2414 3676 in
2447 3621 2704 3691 praesenti
2733 3619 2926 3688 obfuit,
2955 3633 3011 3677 et
3041 3624 3092 3674 in
3124 3620 3363 3679 futurum
3391 3621 3704 3691 gehennam
3729 3617 3854 3673 ultri-

2273 3730 2394 3770 cem
2433 3714 2694 3783 providit.

2346 3807 2531 3878 (Vers.
2551 3807 2666 3877 l5.)
2688 3805 2850 3873 Quasi
2876 3806 3178 3878 prudentes,
3193 3820 3303 3872 vos,
3318 3805 3558 3876 judicete
3576 3806 3719 3874 quod
3743 3804 3852 3858 dico.

2273 3901 2540 3972 Exempla
2570 3901 2810 3971 subjicit,
2842 3911 2898 3956 ut
2929 3900 3141 3956 facilius
3162 3899 3424 3964 suadeat;
3449 3901 3580 3970 quia
3603 3901 3695 3956 cui
3720 3897 3852 3953 verba

2271 3997 2407 4052 satis
2437 4010 2542 4050 non
2573 3994 2814 4064 faciunt,
2847 3995 3027 4052 solent
3057 3995 3306 4066 exempla
3339 3993 3594 4049 suadere.

2348 4086 2532 4160 (Vers.
2566 4087 2654 4154 16,
2694 4087 2810 4158 17.)
2857 4086 3009 4141 Calia:
3038 4087 3404 4142 benedictionis
3433 4095 3584 4156 quem
3623 4084 3852 4139 benedici-

2270 4196 2406 4246 ssuts,
2430 4196 2601 4235 scenae
2622 4180 3024 4235 communicatio
3046 4180 3320 4251 sanguinis
3340 4177 3556 4234 Domini
3579 4191 3656 4234 est
3671 4179 3698 4231 .’
3722 4175 3852 4230 Panis

2269 4291 2420 4346 quem
2447 4275 2760 4346 frangimus,
2788 4290 2956 4330 nostris
2981 4275 3379 4330 conmunicatis
3403 4273 3646 4343 corporis
3672 4270 3855 4327 Domini

2270 4371 2386 4424 est?
2417 4369 2552 4436 Quia
2581 4385 2718 4424 unus
2745 4370 2924 4440 panis,
2947 4385 3107 4424 unum
3137 4385 3324 4437 corpus
3355 4367 3505 4422 multi
3527 4383 3737 4432 εισιαῆ
3761 4380 3852 4418 out-

2271 4479 2361 4518 nes
2403 4465 2541 4518 enim
2575 4463 2642 4518 de
2679 4478 2785 4517 uno
2821 4478 2956 4535 pm
2981 4473 3030 4516 et
3058 4463 3125 4516 de
3156 4478 3258 4516 uno
3286 4461 3450 4516 calice
3488 4462 3850 4532 participantur.

2268 4553 2537 4622 Quoniam
2567 4572 2734 4612 unum
2763 4569 2976 4624 sumus,
3002 4556 3142 4609 alter
3163 4554 3390 4609 alterius
3417 4555 3688 4618 membro,
3713 4562 3850 4606 unum

557 4661 715 4719 rent,
745 4660 804 4708 et
833 4649 1148 4705 dubitarent
1174 4648 1246 4704 de
1273 4663 1344 4706 eo
1363 4691 1379 4716 ,
1414 4649 1583 4705 Deum
1617 4657 1860 4705 tentasse
1885 4649 2160 4706 dicuntur.
2190 4638 2245 4702 D
2273 4664 2377 4704 nos
2412 4649 2620 4706 sentire
2653 4650 2858 4706 debere
2883 4648 3052 4716 dicit;
3082 4658 3144 4706 ut
3173 4647 3313 4706 ﬁdes
3340 4665 3450 4704 una
3483 4665 3649 4706 unum
3683 4647 3851 4702 lubeat

556 4745 727 4802 Omtte
747 4745 896 4800 ettim
915 4742 1063 4812 quod
1088 4742 1379 4814 probatum
1425 4759 1532 4798 non
1576 4741 1810 4798 habetur
1829 4785 1850 4809 ,
1880 4751 2158 4809 tentatur;

556 4839 678 4896 ideo
704 4847 764 4894 ut
785 4837 906 4893 hac
926 4837 1160 4892 tentatio
1187 4835 1526 4891 convellatur
1548 4876 1564 4898 ,
1603 4835 1862 4891 admonet
1889 4852 2014 4892 cum
2041 4848 2158 4894 ter-

553 4947 700 4991 rore.
739 4929 810 4986 Ut
847 4935 1031 4984 autem
1063 4927 1300 4982 humana
1337 4927 1569 4982 teutatio
1602 4926 1730 4982 illos
1756 4928 2154 4997 apprehendat,

553 5028 800 5082 hortatur
831 5041 846 5078 :
880 5022 1114 5079 humana
1145 5020 1291 5076 enim
1337 5021 1567 5075 tentatio
1604 5029 1688 5077 est
1731 5031 1956 5093 propter
1997 5038 2154 5092 spem

555 5120 645 5175 Dei
672 5118 923 5176 difﬁdere
953 5115 1022 5170 de
1051 5114 1290 5178 homine,
1325 5113 1448 5182 quia
1483 5128 1619 5167 vana
1651 5130 1776 5182 spes
1807 5116 1856 5168 in
1890 5115 2149 5183 homine;

549 5224 605 5269 ut
631 5214 684 5269 in
715 5210 1042 5269 necessitate
1066 5215 1162 5262 aut
1186 5219 1440 5276 pressura
1477 5221 1588 5262 non
1620 5205 1881 5277 desperet
1906 5209 1974 5265 de
2006 5209 2144 5275 Deo,

546 5305 842 5364 humanum
867 5303 1129 5360 auxiliata
1161 5299 1526 5369 requiteudo,
1567 5298 1711 5354 sicut
1748 5308 1804 5355 et
1836 5298 2010 5358 Judaei
2048 5304 2148 5372 qui

543 5400 852 5458 dubitantes
874 5400 946 5457 de
969 5399 1121 5464 Deo,
1155 5393 1430 5452 idolorum
1464 5392 1794 5450 adminicula
1817 5393 2144 5452 exorabant.

612 5623 638 5650 ει
677 5611 834 5666 Rom.
863 5610 993 5664 edit.
1021 5609 1158 5675 sola,
1182 5609 1271 5679 qui
1298 5606 1502 5678 eripiet.

609 5684 633 5721 δ
674 5683 797 5738 Mss.
827 5683 1030 5749 aliquot
1049 5721 1064 5746 ,
1093 5677 1412 5750 permittitur
1451 5677 1671 5740 tentari,
1695 5687 1949 5750 quantum
1974 5679 2138 5733 scitur

536 5758 670 5822 ferre
713 5755 896 5826 posse?
934 5751 1005 5826 At
1238 5752 1459 5826 integer
1489 5766 1519 5805 a
1544 5749 1821 5826 uocibus,
1865 5749 2136 5826 Quomodo

534 5819 910 5956 ξῐιῖἔιεὲὐὲηκ
933 5821 1006 5878 ad
1047 5819 1380 5896 ρυφομαῖ
1403 5819 1733 5887 dum,
1761 5822 2038 5877 muter
2077 5824 2132 5876 in

620 5937 634 5956 .
709 5913 770 5956 οι*
817 5933 830 5951 .

530 5909 634 5957 ms.
665 5909 830 5957 υοη).

2269 4759 2492 4800 sensum
2519 4753 2760 4815 etopus.

2340 4837 2526 4909 (νεεδ.
2562 4837 2676 4912 18.)
2711 4838 2894 4896 Videte
2929 4839 3103 4895 Israel
3136 4839 3424 4894 secundum
3462 4853 3673 4892 carnem
3709 4851 3728 4890 :
3766 4833 3850 4888 hoc

2265 4942 2378 4999 est,
2408 4933 2626 4999 discite,
2657 4933 2909 4989 homines
2925 4933 3172 4990 videntes
3187 4933 3383 5000 Deum,
3409 4929 3848 5004 quemadmodum

2266 5040 2328 5080 se
2370 5024 2578 5080 habent
2617 5027 2892 5094 carnalia,
2935 5027 2988 5083 id
3029 5038 3145 5093 est,
3175 5026 3510 5081 idololatria.
3555 5023 3742 5079 Nonne
3776 5018 3848 5092 με

2264 5116 2424 5171 edunt
2451 5115 2672 5184 hostias,
2702 5119 2986 5191 participes
3010 5128 3131 5174 sunt
3157 5118 3340 5173 altaris
3360 5117 3386 5171 9
3415 5117 3571 5174 Sicut
3599 5116 3738 5170 enim
3765 5126 3847 5166 nos

2264 5208 2335 5264 de
2355 5225 2464 5264 uno
2495 5225 2632 5279 pane
2649 5220 2708 5265 et
2732 5211 2805 5266 de
2830 5227 2936 5265 uno
2957 5212 3130 5267 calice
3159 5210 3547 5281 pereipientes,
3577 5207 3846 5278 μοι-εἰσίῃς

2265 5314 2324 5360 et
2365 5316 2649 5361 amswtes
2697 5320 2886 5361 minus
2927 5306 3177 5377 corporis
3225 5304 3446 5360 Domini
3493 5320 3507 5356 :
3557 5303 3628 5357 ita
3671 5308 3731 5356 et
3767 5296 3843 5367 qui

2262 5397 2434 5455 edunt
2461 5398 2692 5466 hostias,
2727 5400 3024 5471 participes
3045 5408 3173 5454 sunt
3201 5397 3390 5452 altaris
3419 5393 3647 5452 erroris.

2334 5620 2357 5648 ο
2397 5609 2541 5664 ﬁdit.
2569 5608 2756 5674 Rom,
2781 5611 2839 5664 in
2875 5610 3035 5664 idolio
3074 5609 3276 5678 aliquid
3303 5617 3471 5680 speret
3501 5607 3709 5680 deed:
3743 5608 3838 5680 vet.

2252 5686 2440 5736 autem
2470 5696 2535 5736 ac
2577 5696 2707 5736 mss.
2735 5697 2805 5734 eo
2835 5692 3041 5735 tantum
3090 5674 3429 5750 discrepant,
3457 5677 3598 5750 quod
3626 5677 3732 5750 ilhc
3759 5674 3840 5750 ha-

2255 5750 2387 5832 bent
2416 5753 2600 5832 etia'ttt,
2632 5762 2837 5824 speret;
2863 5762 2919 5808 et
2947 5754 3169 5810 illorum
3193 5745 3442 5812 nonnulli
3473 5745 3572 5832 pro
3599 5749 3661 5803 de
3687 5763 3744 5801 eo
3774 5745 3836 5796 le-

2247 5829 2385 5893 gunt
2407 5823 2474 5878 de
2501 5821 2630 5880 Deo.
