3978 6310
621 296 733 354 959

1580 294 1671 352 AD
1713 293 1946 353 OPERA
1988 293 2232 354 SANCTI
2272 295 2603 356 AMBROSII
2643 298 3035 359 APPENDIX.‘
3074 322 3091 340 ε
3781 315 3853 374 2n

628 413 834 469 micum
881 427 1004 470 esse
1056 411 1208 478 Deo;
1239 413 1304 468 ad
1344 413 1698 485 opprobrium
1733 415 1875 470 cnim
1926 415 2021 470 Dei
2070 414 2226 469 unius
2253 415 2308 476 Α
2334 413 2561 471 formata
2594 426 2678 472 est
2707 417 2862 489 (Cen.
2889 437 2952 486 ιι,
2980 418 3095 493 21).
3122 420 3370 479 Christus
3398 432 3581 481 autem
3611 424 3718 483 ideo
3740 441 3854 499 caput

626 511 748 564 haec
778 509 998 564 diabolo
1027 507 1370 563 dedicantur.
1413 508 1548 564 Nam
1580 509 1633 564 in
1669 510 1894 581 gloriam
1935 509 2028 564 Dei
2060 509 2223 565 edere

623 613 676 658 et
707 601 898 658 bibere
929 612 980 658 ct
1009 602 1216 673 aliquid
1249 602 1427 658 facere
1448 645 1462 667 ,
1497 605 1597 658 hoc
1623 614 1706 658 est
1730 645 1744 668 ,
1780 613 1834 657 ut
1863 603 1966 657 sub
1999 604 2220 658 invoca-

625 697 773 752 tione
799 694 1073 754 Creatoris
1104 711 1228 750 cum
1261 696 1529 752 modestia
1557 696 1865 751 convivium
1893 696 2218 761 celebretur;

621 790 675 844 in
704 789 932 860 gloriam
971 790 1116 844 enim
1156 788 1252 844 Dei
1284 789 1485 859 aliquid
1532 791 1625 856 lit,
1657 805 1779 844 cum
1827 789 1877 843 in
1920 789 2128 844 actibus
2168 797 2222 845 et

621 884 1044 940 conversatione
1082 883 1367 940 christiani
1399 884 1539 939 Deus
1569 883 1838 950 laudatur,
1878 885 1963 939 vel
2003 898 2125 939 cum
2159 882 2220 937 li-

617 979 815 1037 liormn
848 979 1156 1049 procreatio
1186 994 1212 1031 a
1244 979 1356 1034 Deo
1381 988 1654 1048 speratur.

690 1072 875 1143 (Vers.
901 1068 1020 1141 52.)
1059 1071 1184 1128 Sine
1210 1073 1496 1143 offensione
1519 1081 1675 1127 estote
1694 1070 1896 1126 Jﬂdwis
1923 1082 1969 1126 et
1998 1069 2216 1138 Graecis,

617 1177 664 1222 et
709 1165 960 1220 Ecclesia:
1007 1165 1122 1220 Dei.
1166 1164 1257 1220 Sic
1296 1166 1702 1236 temperandam
1747 1167 2215 1221 conversationem

617 1269 863 1319 nostram
891 1259 1080 1324 docet,
1113 1267 1172 1313 ut
1198 1259 1381 1314 nullus
1423 1261 1473 1314 in
1503 1275 1565 1314 ea
1609 1257 1925 1314 scandalum
1957 1257 2213 1328 patiatur.

616 1354 858 1410 Oll'ensio
886 1368 1014 1422 ergo
1043 1351 1248 1407 Judzeis
1280 1351 1337 1406 lit
1359 1393 1374 1418 ,
1403 1367 1524 1407 cum
1560 1351 1725 1417 idola,
1749 1366 1870 1420 quae
1902 1349 1980 1404 illi
2010 1349 2218 1404 abomi-

616 1459 836 1513 nantur,
859 1446 1240 1512 christianum,
1266 1447 1356 1517 qui
1385 1463 1445 1502 se
1466 1446 1597 1501 dicit
1621 1446 1817 1517 Legem
1841 1453 1894 1499 et
1922 1443 2217 1516 prophetas

617 1543 868 1610 accipere
889 1583 902 1606 ,
941 1541 1127 1595 vident
1156 1556 1262 1594 non
1294 1539 1537 1594 horrere.
1572 1539 1779 1595 Crtecis
1809 1554 1940 1593 vero
1960 1579 1975 1603 ,
2007 1537 2060 1592 id
2089 1547 2175 1594 est
2195 1579 2211 1606 ,

621 1636 778 1710 147
808 1635 1129 1706 gentilibus,
1175 1637 1290 1690 haec
1318 1645 1402 1689 est
1441 1633 1700 1699 oll’ensio,
1734 1635 1777 1688 si
1820 1633 1872 1688 in
1909 1648 1976 1687 eo
2016 1633 2068 1686 in
2107 1647 2216 1703 quo

610 1743 760 1798 sunt,
790 1747 898 1785 non
929 1730 1104 1786 solum
1143 1746 1250 1784 non
1281 1738 1600 1800 arguantur;
1635 1729 1732 1782 sed
1763 1737 1817 1782 et
1849 1727 2212 1797 promptiores

2329 510 2426 566 viri
2453 520 2568 578 est,
2600 514 2722 583 quia
2757 529 2853 584 per
2881 516 3056 584 ipsum
3087 531 3209 570 cum
3242 533 3351 572 non
3377 526 3548 583 esset,
3571 529 3761 575 creatus
3782 533 3851 574 est.

2326 602 2443 660 Una
2469 619 2600 675 ergo
2631 605 2796 661 dictio
2822 607 3098 663 diversam
3127 608 3292 666 habet
3323 610 3747 683 intelligentiam;
3768 617 3854 686 quia

2324 710 2379 753 et
2418 715 2660 768 personrc
2691 701 3008 772 discrepant
3033 713 3088 760 et
3117 704 3463 760 substantim.

2399 791 2579 862 (Vers.
2611 793 2695 864 4.)
2739 794 2920 849 Omnis
2961 796 3037 849 vir
3075 813 3230 851 orans
3269 808 3359 852 aut
3404 799 3708 870 praphetans
3737 803 3852 857 relato

2323 887 2491 958 capite
2527 889 2769 958 deturpat
2816 901 2971 961 caput
3004 908 3176 947 suum.
3207 893 3379 948 Orare
3412 891 3550 947 dicit
3580 892 3816 963 deprecari
3843 914 3852 948 :

2323 980 2652 1051 prophetare
2681 993 2861 1040 autem
2891 984 3182 1041 adventum
3222 986 3338 1044 fore
3373 985 3590 1043 Domini
3616 1004 3736 1045 voce
3755 1007 3855 1061 sym-

2325 1072 2432 1128 boli
2483 1083 2603 1145 post
2629 1077 2932 1132 orationem
2964 1079 3135 1134 etl‘ari.

2393 1163 2572 1236 (Vers.
2599 1167 2655 1231 5,
2687 1171 2740 1234 6,
2773 1166 2853 1241 7.)
2887 1167 3069 1224 Omnis
3095 1180 3268 1226 autem
3295 1171 3482 1226 mulier
3503 1189 3653 1227 orans
3679 1182 3754 1228 aut
3773 1193 3854 1246 pro-

2320 1257 2537 1328 pltetans
2558 1275 2659 1313 non
2681 1261 2846 1316 relato
2868 1262 3055 1331 capite,
3080 1263 3354 1331 confundit
3379 1275 3540 1336 caput
3558 1283 3724 1330 suum;
3745 1283 3855 1320 suum

2317 1359 2395 1403 est
2428 1351 2564 1404 enim
2592 1361 2746 1422 atque
2781 1353 3038 1422 idipsum,
3069 1365 3124 1408 ut
3163 1356 3478 1410 decalretur.
3527 1357 3589 1414 Si
3612 1369 3761 1413 autem
3788 1377 3854 1413 non

2319 1443 2519 1497 velatur
2543 1447 2749 1513 mulier,
2783 1448 3056 1502 tondeatur
3087 1463 3108 1503 .°
3137 1448 3180 1502 si
3207 1459 3380 1503 autem
3414 1459 3572 1521 turpe
3604 1460 3673 1505 est
3707 1452 3854 1504 mulieri

2319 1537 2522 1592 tonderi
2551 1551 2638 1594 aut
2667 1540 2926 1596 decalvari
2946 1584 2962 1608 ,
2996 1543 3124 1596 celet
3153 1552 3329 1614 caput.
3371 1542 3464 1597 Vir
3490 1546 3623 1600 enim
3650 1563 3735 1600 non
3755 1545 3855 1601 debet

2320 1633 2487 1687 celare
2516 1645 2700 1704 caput,
2735 1651 2853 1690 eum
2892 1637 2958 1690 sit
2999 1637 3171 1709 imago
3210 1647 3258 1692 et
3299 1639 3469 1709 gloria
3502 1637 3622 1694 Dei.
3659 1641 3854 1709 Quamvis

2319 1741 2421 1780 una
2465 1727 2770 1782 substantia
2815 1729 2887 1784 sit
2926 1738 2982 1785 et
3016 1730 3097 1784 vir
3137 1740 3193 1786 et
3223 1732 3444 1798 mulier,
3479 1740 3655 1788 tamen
3682 1733 3780 1802 quia
3803 1732 3854 1787 tir

609 1822 774 1890 ﬁant,
813 1822 939 1879 dum
972 1839 1080 1878 non
1112 1821 1348 1876 titantur
1378 1831 1499 1878 vota
1533 1821 1804 1876 idolorum
1837 1821 2080 1875 illorum.
2114 1819 2214 1874 Ec-
2244 1822 2292 1881 B
2318 1830 2480 1891 caput
2525 1832 2609 1878 est
2651 1823 2917 1890 mulieris,
2958 1825 3374 1894 anteponendos
3418 1827 3681 1892 traditur;
3712 1839 3760 1881 ut
3793 1841 3854 1896 per

607 1917 790 1974 clesia:
819 1926 1003 1974 autem
1036 1916 1133 1973 Dei
1170 1916 1230 1971 lit
1257 1915 1666 1982 oﬂ'endiculum,
1698 1914 1913 1986 quando
1949 1913 2213 1985 quosdam

606 2030 676 2071 ex
728 2029 957 2070 numero
1000 2029 1100 2071 suo
1143 2013 1290 2070 videt
1340 2013 1442 2081 iis,
1475 2030 1597 2084 qme
1644 2013 1858 2068 inimica
1899 2021 2027 2067 sunt
2068 2011 2208 2078 Deo,

605 2107 910 2164 adhaerere.

681 2201 862 2273 (Vers.
894 2201 1024 2272 55.)
1071 2203 1220 2258 Sicut
1261 2218 1352 2273 ego
1393 2201 1628 2256 omnibus
1662 2217 1754 2270 per
1791 2198 1966 2254 omnia
1995 2198 2207 2269 placeo,

607 2310 711 2350 non
745 2310 978 2365 quarens
1014 2295 1152 2365 quod
1181 2295 1308 2348 milii
1338 2294 1466 2348 utile
1493 2303 1566 2348 est
1587 2335 1600 2359 ,
1630 2292 1720 2348 sed
1747 2292 1884 2362 quod
1917 2292 2091 2346 multis
2110 2331 2126 2358 ,
2156 2300 2211 2344 ut

606 2388 737 2444 salvi
765 2390 914 2460 ﬁant.
941 2388 1205 2445 Omnibus
1233 2404 1329 2458 per
1348 2387 1531 2443 omnia
1564 2387 1783 2457 placere
1805 2397 1886 2442 est
1917 2386 2036 2441 sine
2057 2399 2212 2440 scan-

604 2481 728 2537 dalo
767 2482 1086 2554 cujusquam
1131 2497 1294 2552 agerc
1341 2481 1409 2535 ad
1457 2480 1761 2552 profectum
1800 2479 2046 2534 utilitatis
2091 2478 2208 2534 illo-

605 2589 749 2642 rum,
781 2584 839 2630 ut
867 2584 922 2631 et
953 2575 1058 2630 illis
1087 2585 1142 2630 et
1173 2574 1300 2629 huic
1330 2575 1400 2628 sit
1435 2575 1585 2628 utile.

1224 2666 1454 2723 CAPUT
1496 2667 1586 2721 XI.

676 2761 862 2833 (Vers.
889 2759 969 2832 1.)
1001 2757 1300 2812 Intitatores
1326 2759 1424 2812 mei
1447 2768 1624 2821 estote,
1649 2758 1784 2812 sicut
1811 2768 1857 2811 et
1881 2774 1972 2829 ego
1999 2757 2206 2812 Christi.

607 2855 915 2913 Humanum
946 2863 1031 2910 est
1067 2853 1212 2924 quod
1244 2852 1411 2916 dicit,
1446 2862 1503 2908 ut
1533 2852 1838 2907 imitatores
1868 2853 1986 2922 ejus
2015 2854 2205 2918 simus,

605 2950 694 3020 qui
726 2964 756 3002 a
799 2948 913 3002 Deo
941 2947 1100 3001 nobis
1139 2944 1396 3016 magister
1425 2944 1663 2999 indultus
1693 2955 1795 3000 est.
1831 2944 1889 3000 Si
1930 2945 2075 3000 enim
2122 2944 2210 3001 hic

609 3043 706 3098 Dei
737 3043 980 3096 imitator
1005 3049 1111 3105 est,
1139 3053 1310 3110 quare
1333 3054 1439 3092 non
1474 3053 1574 3093 nos
1600 3037 1876 3092 hominis?
1902 3038 2036 3105 Quia
2067 3027 2211 3094 sicut

605 3137 752 3192 Deus
781 3135 942 3190 Pater
981 3133 1132 3188 misit
1163 3131 1444 3188 Christum
1478 3132 1795 3202 magistrum
1837 3140 1893 3186 et
1931 3143 2207 3188 auctorem

607 3229 766 3293 vitae;
813 3228 886 3281 ita
925 3233 981 3282 et
1023 3224 1276 3280 Christus
1308 3225 1456 3278 misit
1512 3224 1790 3294 apostolos
1833 3223 1993 3280 nobis
2039 3212 2278 3296 magi-C
2312 3225 2547 3282 visibilis
2587 3227 2879 3298 imaginem
2926 3219 3161 3283 haberet
3189 3227 3240 3281 in
3276 3229 3471 3294 terris,
3514 3237 3572 3283 ut
3611 3239 3728 3281 unus
3750 3223 3842 3278 Deus
3918 3273 3919 3298 1

603 3336 772 3387 stros,
803 3331 862 3377 ut
893 3337 1080 3377 eorum
1122 3319 1426 3374 imitatores
1456 3335 1740 3386 essemus;
1783 3320 1908 3390 quia
1935 3318 2054 3390 ejus
2085 3334 2210 3375 esse

607 3432 714 3473 non
760 3405 1076 3488 possumus.
1117 3413 1192 3468 lta
1224 3412 1371 3468 enim
1418 3413 1493 3467 ait
1535 3411 1798 3467 Dominus
1837 3411 1904 3466 ad
1940 3411 2155 3484 Patrem
2191 3427 2206 3466 :

601 3510 753 3566 Sient
782 3523 861 3563 me
889 3507 1078 3562 misisti
1106 3507 1160 3560 in
1195 3504 1331 3559 hunc
1359 3504 1608 3558 mundum
1629 3545 1644 3570 ,
1680 3505 1750 3557 ita
1775 3513 1824 3558 et
1853 3521 1949 3577 ego
1977 3504 2092 3557 misi
2121 3521 2209 3559 eos

605 3607 657 3660 in
689 3604 825 3659 hunc
855 3602 1106 3657 mundum
1139 3599 1322 3672 (Joan.
1347 3615 1484 3665 xvtt,
1521 3599 1632 3670 i8).
1666 3597 1736 3652 Et
1761 3599 1886 3669 quia
1911 3597 2058 3668 digni
2091 3597 2210 3652 imi-

603 3711 811 3757 tatores
851 3700 968 3770 ejus
999 3706 1158 3754 erant
1179 3741 1195 3764 ,
1226 3695 1456 3768 subjecit
1486 3714 1497 3748 :
1538 3693 1607 3749 Et
1639 3711 1732 3766 pro
1763 3695 1836 3750 eis
1875 3693 2208 3764 sancti/icubo

602 3811 683 3848 me
709 3794 881 3864 ipsum
911 3788 1100 3862 (Ibid.,
1129 3789 1240 3862 19).

671 3887 857 3961 (Vers.
886 3885 970 3956 2.)
1008 3884 1194 3939 Laudo
1225 3893 1396 3939 autem
1435 3901 1557 3950 ros,
1603 3883 1824 3955 fratres,
1865 3884 2002 3947 quod
2035 3884 2210 3938 omnia

604 3996 717 4034 mea
743 3978 994 4032 memoria
1025 3977 1284 4044 retinetis,
1317 3987 1364 4030 et
1392 3978 1648 4047 quomodo
1679 3975 1864 4046 ubique
1892 3976 2063 4042 trado,
2100 3987 2208 4029 tra-

603 4071 826 4126 ditiones
866 4086 1003 4124 meas
1043 4071 1244 4123 tenetis.
1279 4068 1574 4139 Postquam
1619 4083 1801 4123 mores
1837 4079 1892 4124 et
1921 4084 2210 4126 conversa-

603 4165 809 4218 tionem
853 4161 1075 4216 illorum
1105 4160 1318 4231 arguit,
1351 4175 1496 4216 nunc
1527 4160 1851 4216 traditiones
1883 4161 1993 4216 vult
2031 4162 2207 4217 corri-

604 4270 758 4326 gere.
802 4253 931 4308 Ideo
977 4267 1082 4306 non
1129 4251 1234 4305 hoc
1270 4251 1594 4316 conﬁrmat,
1635 4251 1733 4307 sed
1772 4263 2060 4308 succenset
2087 4255 2205 4319 eis;

605 4348 731 4417 quia
764 4361 886 4402 cum
929 4354 1076 4400 esset
1106 4343 1386 4414 apostolus
1413 4360 1634 4410 eorum,
1677 4345 2026 4402 immemores
2055 4355 2211 4402 erant

609 4437 962 4494 traditionum
1001 4437 1120 4506 ejus
1164 4455 1178 4490 :
1225 4452 1399 4507 neque
1438 4437 1582 4508 quod
1630 4437 1807 4494 adhuc
1853 4454 1959 4494 non
2003 4438 2210 4496 didice-

608 4541 751 4596 rant,
778 4539 804 4569 ι
833 4547 902 4587 ex
931 4530 1159 4586 aliarum
1190 4530 1557 4585 Ecclesiarum
1590 4531 1878 4586 traditione
1906 4532 2210 4602 sequeban-

606 4632 725 4690 tur;
757 4638 819 4678 ac
847 4638 944 4694 per
977 4623 1076 4678 hoc
1106 4624 1261 4694 quasi
1295 4622 1505 4678 noviter
1531 4622 1696 4677 tradit
1724 4623 1854 4689 illis,
1884 4625 2071 4680 dicens
2102 4643 2115 4680 :

680 4716 860 4787 (Vcrs.
904 4714 984 4786 '5.)
1034 4716 1166 4770 Volo
1208 4732 1295 4771 vos
1349 4717 1480 4772 scire
1525 4717 1646 4786 quia
1701 4717 1866 4771 omnis
1911 4718 2007 4771 viri
2053 4727 2207 4789 caput

608 4811 843 4867 Christus
884 4821 982 4865 est.
1021 4810 1101 4865 Ad
1139 4811 1520 4867 auctoritatem
1564 4812 1786 4879 retulit;
1821 4813 1947 4884 quia
1980 4814 2144 4869 homo
2173 4829 2205 4870 a

609 4901 724 4960 Deo
747 4901 991 4974 quidem,
1015 4903 1110 4958 sed
1146 4921 1239 4975 per
1259 4904 1558 4961 Christum.
1587 4906 1752 4976 Caput
1779 4916 1948 4962 autem
1973 4907 2204 4962 mulieris

606 4998 702 5053 vir.
744 4996 882 5067 Quia
913 4997 1160 5068 quamvis
1190 5007 1244 5054 et
1285 5000 1479 5055 mulier
1516 5015 1611 5067 per
1641 4998 1914 5056 Christum
1935 5043 1948 5067 ,
1991 5001 2058 5056 dc
2089 5000 2204 5057 viro

607 5102 790 5148 tamen
832 5090 970 5146 facta
1011 5099 1135 5157 est,
1165 5106 1229 5146 ac
1261 5106 1356 5161 per
1391 5091 1496 5147 hoc
1533 5093 1821 5163 subjicitur
1859 5095 1997 5149 viro.
2039 5095 2206 5167 Caput

603 5194 777 5240 autem
809 5181 1001 5238 Christi
1041 5181 1198 5236 Deus.
1247 5182 1474 5253 Dignum
1508 5191 1594 5238 est
1629 5193 1685 5237 ιιι
1722 5183 1814 5238 ﬁlii
1851 5198 2012 5258 caput
2048 5187 2210 5243 Pater

602 5275 836 5343 dicatur,
864 5275 1021 5347 quasi
1051 5274 1269 5346 genitor
1304 5273 1443 5345 ejus.
1477 5275 1650 5330 Aliter
1693 5286 1870 5334 tamen
1908 5289 2069 5350 caput
2105 5279 2207 5336 viri

603 5366 854 5423 Christus
884 5376 998 5434 est,
1041 5374 1098 5423 et
1141 5367 1300 5422 aliter
1335 5367 1415 5421 \‘ir
1455 5368 1730 5434 mulieris,
1763 5381 1820 5426 et
1858 5373 2021 5430 aliter
2061 5375 2205 5431 Deus

601 5471 767 5531 caput
790 5462 991 5518 Christi
1015 5471 1122 5519 est.
1152 5462 1297 5518 Deus
1324 5470 1502 5517 autem
1535 5462 1658 5518 ideo
1687 5477 1849 5536 caput
1868 5468 2069 5524 ChriSti
2095 5480 2200 5540 est,

601 5554 726 5622 quia
756 5554 825 5610 de
851 5569 917 5611 eo
945 5556 1026 5611 vel
1060 5556 1127 5612 ab
1156 5555 1277 5627 ipso
1307 5558 1520 5627 genitus
1547 5567 1648 5613 est.
1685 5558 1928 5617 Mulieris
1957 5579 2086 5620 vero
2113 5580 2203 5622 ca-

600 5654 699 5716 put
743 5648 948 5704 idcirco
979 5649 1062 5704 vir
1101 5660 1216 5718 est,
1245 5652 1371 5722 quia
1409 5666 1474 5708 ex
1516 5653 1638 5722 ejus
1677 5665 1822 5708 costa
1866 5655 1960 5711 Dei
2003 5659 2201 5718 virtute

669 5796 695 5824 ι
734 5785 900 5840 Corb.
934 5784 1058 5840 cod.
1069 5827 1084 5854 ,
1114 5788 1204 5842 sed
1232 5787 1459 5844 aliarunt
1486 5787 1841 5848 Ecclesiarum
1866 5796 2196 5855 traditionem

596 5857 957 5934 sequebantur.

2316 1930 2536 1971 causam
2561 1926 2617 1972 et
2646 1920 2912 1973 rationem
2943 1918 3120 1989 major
3145 1919 3239 1986 sit,
3271 1935 3376 1974 non
3410 1935 3513 1990 per
3539 1919 3850 1976 substantiam.

2315 2007 2547 2064 Inferior
2574 2024 2706 2081 ergo
2737 2011 2935 2065 mulier
2961 2011 3078 2066 viro
3121 2020 3234 2079 est,
3276 2012 3457 2081 portio
3487 2011 3631 2066 enim
3659 2011 3759 2080 ejus
3777 2019 3852 2074 est;

2314 2105 2439 2174 quia
2469 2105 2623 2175 origo
2654 2104 2900 2160 mulieris
2927 2105 3010 2162 vir
3037 2114 3124 2161 est
3155 2123 3169 2161 :
3198 2121 3263 2161 ex
3294 2121 3360 2161 co
3389 2106 3540 2162 enim
3577 2114 3683 2170 est,
3711 2120 3761 2159 ac
3791 2119 3852 2174 per

2316 2195 2418 2251 hoc
2464 2196 2699 2252 obnoxia
2745 2197 2960 2253 videtur
3000 2197 3197 2254 mulier
3242 2199 3380 2263 viro,
3425 2209 3486 2252 ut
3532 2197 3740 2270 imperio
3773 2196 3849 2265 ejus

2315 2285 2563 2356 subjecta
2593 2288 2688 2342 sit.
2723 2287 3207 2344 lionorilicentiam
3237 2299 3292 2343 et
3319 2290 3644 2360 dignitatem
3685 2287 3766 2344 viri
3787 2285 3849 2374 ob:

2313 2391 2459 2436 stare
2485 2381 2648 2449 dicit,
2689 2396 2758 2438 ne
2784 2383 2931 2438 velet
2960 2395 3152 2454 caput;
3184 2385 3364 2455 imago
3392 2387 3544 2442 enim
3590 2386 3676 2441 Dei
3717 2386 3848 2438 incon-

2312 2489 2503 2545 gruum
2527 2485 2612 2529 cst
2639 2483 2696 2530 ut
2723 2476 2969 2531 celetur:
3001 2477 3263 2533 abscondi
3289 2477 3436 2535 enim
3468 2493 3576 2534 non
3603 2477 3766 2542 debet,
3790 2475 3847 2530 Dei

2313 2567 2456 2622 enim
2495 2567 2663 2638 gloria
2693 2567 2911 2624 videtur
2939 2569 2991 2623 in
3022 2569 3160 2624 viro.

2386 2661 2578 2716 Mulier
2611 2673 2780 2718 autem
2817 2664 2987 2736 gloria
3027 2665 3125 2718 viri
3171 2675 3267 2721 est.
3311 2664 3542 2722 Multum
3582 2665 3727 2722 distat
3755 2664 3848 2719 inter

2312 2757 2543 2827 gloriam
2576 2757 2672 2812 Dei
2715 2767 2770 2813 et
2801 2758 3026 2830 gloriam
3083 2759 3216 2826 \‘iri;
3248 2761 3328 2815 \‘il'
3353 2761 3506 2817 enim
3535 2761 3599 2816 ad
3630 2760 3845 2831 imaginem

2315 2849 2411 2904 Dei
2445 2849 2619 2905 factus
2645 2859 2750 2916 est,
2777 2866 2887 2906 non
2917 2851 3136 2906 mulier.
3169 2851 3297 2908 llmc
3319 2862 3511 2909 autem
3541 2854 3705 2924 imago
3728 2849 3793 2904 Dei
3813 2849 3844 2902 in

2313 2944 2454 3008 viro,
2484 2944 2608 3015 quia
2642 2960 2783 3000 unus
2813 2945 2955 3000 Deus
2982 2962 3146 3001 unum
3179 2945 3309 3001 fecit
3339 2945 3656 3011 hominem;
3685 2957 3726 2998 ut
3752 2944 3846 2998 sicut

2312 3037 2381 3092 ab
2408 3053 2514 3092 uno
2545 3037 2656 3093 Deo
2683 3049 2809 3093 sunt
2835 3039 3038 3102 omnia,
3071 3041 3144 3094 ita
3166 3049 3356 3095 essent
3387 3041 3540 3096 etab
3569 3056 3668 3095 uno
3690 3036 3844 3093 homine

2311 3146 2504 3186 omnes
2534 3129 2820 3197 homines;
2851 3142 2909 3186 ttt
2933 3134 3090 3187 unius
3118 3132 3213 3188 Dei
3242 3131 3564 3200 invisibilis,
3589 3147 3712 3188 unus
3733 3129 3842 3184 homo

2313 3320 2365 3374 in
2391 3334 2499 3373 uno
2527 3318 2752 3375 homine
2777 3319 3055 3375 videretur
3075 3319 3459 3375 auctoritatem
3487 3321 3644 3374 unius
3662 3311 3842 3388 prinopii

2311 3427 2675 3479 conservare,
2705 3413 2771 3467 ad
2815 3414 3190 3469 confusionem
3232 3411 3476 3480 diaboli,
3517 3414 3604 3482 qui
3645 3409 3842 3474 sibi,ne-

2310 3508 2488 3578 glecto
2539 3523 2650 3563 uno
2704 3509 2854 3573 Deo,
2903 3507 3206 3562 dominium
3255 3516 3310 3563 et
3361 3506 3693 3563 divinitatem
3730 3499 3842 3554 voluit
3915 3527 3917 3578 η

2312 3619 2597 3672 usurpare.
2632 3603 2787 3672 Quod
2819 3603 3083 3675 propheta
3117 3602 3364 3659 Ezechiel
3404 3603 3668 3675 signiﬁcat
3689 3593 3839 3668 (Ezech.

2311 3712 2472 3760 xuii,
2531 3694 2658 3766 16),
2714 3705 2769 3752 et
2816 3696 3112 3767 Apostolus
3161 3696 3330 3764 idem,
3383 3695 3464 3750 ait
3512 3690 3784 3751 enim:ltu
3807 3691 3842 3738 ιι

2311 3793 2365 3847 in
2415 3793 2603 3865 templo
2652 3791 2750 3846 Dei
2795 3791 3012 3862 sedeat,
3063 3791 3332 3846 ostendens
3377 3807 3431 3846 se
3478 3791 3624 3864 quasi
3660 3791 3715 3844 sit
3748 3780 3842 3837 Dat

2311 3885 2386 3957 (ll
2417 3884 2596 3941 Thess.
2623 3902 2661 3942 ll
2681 3927 2698 3954 ,
2726 3885 2805 3954 4).

2385 3979 2567 4052 (Vers.
2597 3979 2650 4045 8,
2683 3980 2739 4046 9,
2771 3979 2882 4049 10.)
2925 3979 3052 4034 Νοη
3085 3989 3159 4035 εει
3186 3979 3326 4035 enim
3361 3979 3440 4033 vir
3473 3995 3539 4036 ex
3565 3977 3763 4035 muliere,
3786 3969 3841 4022 δῖα

2313 4073 2499 4128 mulier
2535 4089 2602 4128 ex
2644 4073 2752 4127 viro
2798 4087 2816 4126 :
2857 4073 3044 4127 etenim
3087 4088 3190 4127 non
3228 4081 3303 4126 est
3348 4082 3555 4126 creatus
3590 4070 3660 4123 vir
3695 4069 3841 4137 ρνορια

2312 4165 2611 4231 mulierem,
2647 4163 2738 4219 sed
2774 4164 2964 4218 mulier
2994 4174 3206 4234 propter
3231 4163 3415 4218 virum.
3457 4161 3721 4228 Propterea
3745 4151 3840 4206 debet

2311 4259 2499 4313 mulier
2544 4267 2844 4328 potestatem
2882 4255 3072 4312 habere
3110 4274 3268 4330 supra
3313 4265 3472 4326 caput
3510 4263 3654 4312 etiam
3690 4257 3839 4324 pYOP‘“
3909 4311 3911 4320 ,

2311 4353 2546 4425 angelos.
2606 4352 2937 4407 Potestatem
2981 4352 3232 4407 velamen
3278 4351 3640 4421 signiﬁcavit,
3681 4340 3839 4440 augeltl‘

2313 4449 2604 4517 episcopos
2631 4445 2793 4513 dicit,
2823 4445 2965 4502 sicut
2988 4444 3218 4501 docetur
3250 4446 3304 4501 in
3334 4443 3655 4516 Apocalypsi
3679 4439 3838 4495 tonuit!

2314 4541 2499 4613 (ᾹΡοεο
2530 4557 2597 4606 ιι,
2644 4541 2668 4595 1
2705 4550 2752 4595 ει
2781 4541 2936 4612 δρψ).
2970 4540 3038 4596 Ει
3065 4539 3194 4610 quia
3230 4539 3418 4610 utique
3460 4538 3698 4595 homines
3727 4532 3835 4586 sutili

2235 4619 2289 4678 Ῑ)
2314 4633 2458 4705 quod
2499 4650 2604 4689 non
2645 4634 2989 4703 corriperent
3020 4633 3260 4704 plebem,
3290 4632 3452 4706 us
3479 4636 3752 4704 arguuntur
3775 4638 3784 4672 :
3804 4621 3838 4672 et

2315 4728 2457 4798 quod
2510 4738 2716 4784 rectum
2773 4737 2859 4784 est
2911 4728 2963 4782 in
3015 4728 3161 4795 illis,
3217 4729 3486 4784 laudatur.
3544 4724 3718 4782 Mulier
3751 4723 3838 4784 θΐεο

2315 4823 2418 4896 (55
2446 4834 2634 4894 quiest.
2663 4823 2697 4879 5
2717 4864 2733 4890 ,
2763 4839 2882 4891 cap.
2912 4821 3144 4893 Mulier)
3183 4822 3389 4878 idcirco
3414 4821 3574 4878 debet
3596 4818 3752 4874 velare
3780 4819 3837 4862 α·

3909 4365 3911 4499 l

3907 4633 3909 4771 ι

2315 4929 2440 4988 put;
2469 4921 2594 4990 quia
2619 4934 2729 4974 non
2752 4929 2835 4973 est
2864 4918 3043 4989 imago
3070 4919 3204 4983 Dei,
3226 4918 3324 4974 sed
3357 4927 3416 4974 ut
3445 4914 3736 4974 ostendatur
3753 4901 3836 4960 sub-

2311 5013 2473 5083 jecta.
2520 5013 2585 5068 Et
2613 5014 2737 5083 quia
2771 5011 3144 5082 praevaricatio
3187 5027 3283 5083 per
3313 5012 3465 5066 illam
3503 5009 3728 5065 inchoata
3758 5001 3833 5058 est.

2316 5105 2420 5162 hoc
2456 5105 2668 5176 signum
2717 5104 2881 5160 debet
2925 5105 3163 5170 habere;
3209 5114 3269 5160 ut
3316 5106 3368 5160 in
3411 5102 3642 5161 Ecclesia
3671 5097 3834 5168 ρτονιθτ

2313 5199 2676 5256 reverentiam
2713 5198 3080 5270 episcopalem
3109 5215 3218 5256 non
3242 5198 3438 5254 habeat
3469 5205 3623 5270 caput
3645 5193 3832 5248 liberum.

2310 5291 2405 5348 sed
2433 5291 2704 5347 velamine
2748 5299 2950 5346 tectum
2994 5310 3008 5345 :
3056 5307 3158 5348 nec
3201 5289 3398 5348 habeat
3445 5296 3739 5363 potestatem
3757 5275 3833 5374 ΔΙοξ

2309 5386 2550 5458 (ιιιεηάὶς
2604 5385 2731 5457 quia
2781 5386 3074 5457 episcopus
3131 5401 3418 5457 personam
3470 5384 3624 5440 habet
3666 5370 3829 5466 Christi.

2308 5479 2476 5548 Quasi
2517 5493 2645 5550 ergo
2685 5486 2811 5533 ante
2847 5478 3108 5550 iudicem,
3137 5478 3219 5534 sic
3255 5486 3384 5533 ante
3411 5477 3722 5550 episcopum.
3745 5469 3830 5550 illi"

2309 5572 2543 5628 vicarius
2575 5573 2790 5630 Domini
2817 5582 2904 5628 est
2922 5613 2937 5640 ,
2963 5570 2990 5611 ι)
3022 5580 3245 5644 propter
3271 5579 3454 5627 reatus
3483 5566 3722 5638 originem
3742 5548 3830 5609 sub‘

2304 5664 2450 5734 jecta
2477 5663 2642 5721 debet
2671 5665 2861 5721 videri.

2377 5799 2404 5928 ἴ
2443 5799 2738 5859 Gratianus
2782 5801 2838 5858 in
2885 5801 3130 5870 decreto,
3183 5811 3394 5874 propter
3434 5809 3681 5870 peccatum
3716 5777 3826 5856 odii'

2396 5889 2443 5928 e.

2306 5889 2372 5928 na
2377 5889 2443 5929 te.
