3978 6310
191 190 305 250 241

982 187 1481 250 COMMENTARIA
1526 190 1592 248 IN
1633 190 1849 252 EPIST.
1891 192 1984 249 AD
2021 189 2346 248 CORINTH.
2389 192 2673 249 PRIMAM.

3404 189 3514 246 24%

275 308 476 381 (Vers.
513 309 629 382 11.)
681 308 1031 365 Verumtamen
1079 324 1240 379 neque
1280 308 1465 361 mulier
1509 307 1618 363 sine
1663 308 1771 362 viro
1794 350 1808 373 ,
1839 314 1888 371 Α
1917 307 2150 365 Sciendo
2179 310 2471 366 nonnullos
2493 320 2674 366 mente
2695 321 2984 382 corruptos
3011 312 3247 368 versutia
3275 309 3513 376 diaboli,

190 415 394 474 neque-
414 405 496 458 vir
524 404 636 457 sine
675 404 885 456 muliere
925 403 975 456 in
1020 398 1259 454 Domino.
1294 400 1423 456 Ideo
1464 401 1517 454 in
1557 399 1804 466 Domino,

193 497 334 566 quia
378 496 525 552 Deus
564 512 629 551 ex
663 512 768 550 uno
815 495 939 550 fecit
977 495 1163 548 ambos
1189 505 1244 549 et
1275 509 1480 559 unum;
1514 508 1622 548 una
1662 494 1807 548 enim

192 603 336 645 Caro
357 600 416 646 et
446 606 615 646 unum
638 605 835 661 corpus
861 599 984 644 sunt
1013 591 1066 644 in
1089 587 1339 656 Domino,
1367 588 1467 643 hoc
1488 600 1592 654 est,
1617 603 1809 643 secun-

193 681 335 738 dum
382 684 692 750 Dominum,
736 682 827 753 qui
867 681 1088 737 creavit.
1137 679 1377 752 Denique
1411 681 1500 752 qui
1546 695 1649 735 non
1689 695 1808 735 cre-

193 773 344 829 dunt
381 775 667 831 mulierem
701 775 770 831 de
799 776 917 829 viro
953 782 1248 845 sumptam,
1295 773 1346 826 hi
1392 773 1513 827 sine
1552 772 1805 838 Domino,

194 869 289 924 vel
330 885 437 925 non
471 869 774 926 secundum
807 869 1092 926 Dominum
1125 868 1353 925 credunt
1384 867 1664 923 hominum
1693 869 1802 924 ori-

192 961 412 1031 ginem.

272 1056 466 1130 (Vers.
493 1057 608 1131 12.)
639 1057 778 1113 Nam
805 1059 939 1113 sicut
966 1057 1151 1112 mulier
1180 1058 1244 1113 de
1274 1059 1417 1126 viro;
1444 1058 1515 1112 ita
1543 1069 1590 1113 et
1621 1060 1697 1112 vir
1717 1075 1807 1130 per

194 1151 497 1202 nmtierem.
525 1149 638 1204 lloc
663 1149 918 1217 ﬁrmavit,
944 1149 1087 1220 quod
1114 1149 1277 1217 dixit;
1302 1152 1426 1221 quia
1456 1151 1616 1206 ambo
1639 1167 1802 1205 unum

191 1254 331 1300 sunt
374 1245 428 1298 in
475 1253 697 1311 natura,
737 1254 900 1314 alque
939 1245 1093 1314 origo
1125 1244 1369 1299 mulieris
1395 1245 1478 1299 vir
1514 1253 1632 1310 cst,
1667 1242 1808 1299 sicut

191 1336 403 1408 legitur
431 1339 482 1391 in
517 1337 714 1393 Genesi
745 1338 944 1393 factum
976 1352 1004 1391 a
1043 1336 1272 1392 Domino
1299 1336 1579 1393 Creatore.
1618 1335 1805 1391 Omnia

192 1440 372 1486 autem
401 1448 464 1487 ex
495 1430 608 1487 Deo
642 1429 800 1503 (Gen.
841 1447 908 1497 ιι,
935 1428 1050 1503 2‘2).
1091 1431 1384 1502 Postquam
1413 1429 1680 1502 gradatim
1711 1445 1806 1485 ex-

190 1527 385 1599 posuit
415 1527 656 1598 singula,
685 1535 742 1582 ut
773 1528 954 1581 omnia
986 1526 1098 1581 Deo
1127 1526 1456 1598 subiiceret,
1493 1541 1658 1580 untnn
1689 1539 1804 1580 ser-

191 1639 336 1680 vans
381 1623 710 1694 principium
731 1663 749 1692 ,
779 1622 854 1677 ait
889 1640 901 1676 :
937 1621 1125 1676 Omnia
1155 1631 1325 1676 autem
1352 1637 1415 1675 ea:
1445 1617 1591 1686 Deo;
1620 1628 1676 1673 ut
1708 1634 1804 1674 ne-

1912 402 2045 458 dicit
2084 420 2096 456 :
2143 403 2354 476 Oportet
2389 407 2604 460 Increses
2642 422 2768 460 esse.
2801 406 2918 461 Non
2952 407 3135 477 utique
3164 406 3371 471 voluit,
3407 418 3507 460 nec

1910 499 2116 566 optavit
2145 516 2160 550 :
2188 495 2215 534 δ
2245 497 2337 554 sed
2361 499 2484 569 quia
2508 499 2672 554 scivit
2697 498 2957 566 futurum,
2980 499 3136 568 dixit,
3162 499 3304 554 sicut
3324 511 3380 555 et
3403 497 3514 554 Do-

1909 591 2087 644 minus
2115 609 2128 645 :
2165 591 2400 662 Oportet,
2431 592 2624 663 inquit,
2653 593 2823 648 venire
2847 593 3094 648 scandala
3121 591 3334 665 (Matth.
3359 606 3511 658 xvm,

1910 681 1998 755 7).
2052 684 2118 739 Et
2163 701 2175 738 :
2226 684 2436 757 Oportet
2468 683 2662 739 Filium
2695 687 2916 741 hominis
2962 688 3067 756 pati
3097 685 3250 758 (Luc.
3280 702 3357 751 ix,
3388 684 3510 756 22),

1908 780 2190 852 prmscius,
2228 780 2352 851 quia
2386 779 2552 835 ludas
2583 780 2827 850 proditor
2854 790 2972 836 erat
3007 781 3238 835 iuturus.
3284 777 3353 835 Ut
3385 795 3510 849 pro-

1909 875 2013 928 bati
2053 887 2233 930 autem
2271 890 2392 929 cum
2423 873 2584 935 dicit.
2621 873 2880 946 manifesti
2911 875 3038 941 fiant
3080 874 3213 928 inter
3242 890 3350 940 vos,
3381 873 3512 929 illos

1907 970 2205 1041 significat,
2240 972 2329 1042 qui
2361 972 2413 1025 in
2445 971 2732 1026 traditione
2761 980 2986 1041 accepta
3014 969 3296 1033 durantes,
3325 983 3511 1024 exem-

1907 1063 2056 1132 plum
2117 1063 2450 1134 probationis
2503 1072 2660 1118 erant
2707 1063 3036 1134 evangelica:
3089 1061 3391 1132 disciplime
3442 1061 3510 1116 ad

1906 1157 2415 1213 condemnationem
2450 1166 2795 1214 caclerorum.
2837 1157 2877 1212 li
2913 1167 3040 1212 sunt
3078 1171 3216 1228 quos
3248 1155 3302 1210 in
3334 1156 3514 1227 capite

1907 1249 2154 1319 epistola:
2199 1251 2502 1321 signiﬁcat,
2563 1266 2629 1306 eo
2673 1251 2819 1322 quod
2865 1249 3114 1304 dicerent
3162 1265 3174 1301 :
3232 1246 3347 1303 Nos
3393 1265 3512 1304 vero

1907 1339 2142 1411 Christi;
2173 1360 2294 1398 cum
2334 1345 2424 1399 alii
2461 1344 2709 1400 dicereut
2752 1362 2765 1397 :
2800 1342 2913 1415 Ego
2956 1341 3143 1410 Pauli,
3191 1357 3284 1413 ego
3325 1342 3512 1413 Apollo

1908 1434 2335 1507 (lCor.t,12).

1978 1527 2160 1600 (Vers.
2197 1529 2302 1595 20,
2329 1529 2393 1583 9.1
2422 1571 2435 1594 ,
2460 1529 2580 1601 (ἐξ.)
2623 1527 3049 1583 Convenientibus
3085 1528 3243 1600 igitur
3278 1528 3420 1583 vobis
3457 1527 3512 1581 in

1902 1638 2084 1689 unum,
2091 1625 2206 1693 jam
2222 1639 2322 1676 non
2337 1632 2411 1676 est
2427 1621 2752 1677 Dominicam
2771 1638 2966 1676 coenam
2986 1622 3322 1676 manducare.
3342 1619 3511 1676 Unus-

191 1733 306 1789 qtte
357 1719 554 1771 mulier
595 1716 950 1786 subjoctionis
995 1731 1106 1770 sua:
1149 1730 1311 1770 causa
1360 1714 1795 1780 contristarelur,
1829 1708 2117 1787 Bquisque
2153 1718 2287 1771 enim
2325 1727 2546 1771 vestrum
2593 1718 2859 1789 propriam
2899 1733 3093 1772 coenam
3141 1717 3408 1788 prtesumit
3459 1717 3514 1772 iu

194 1827 378 1883 neque
406 1810 488 1865 vir
512 1811 664 1881 quasi
694 1810 971 1866 exaltatus
1002 1809 1326 1879 superbiret.

161 1903 178 1920 ⁶
270 1904 457 1977 (Vers.
496 1904 607 1975 15.)
649 1902 753 1957 Vos
803 1903 903 1971 ipsi
943 1901 1184 1974 judicate
1227 1917 1244 1955 :
1290 1902 1498 1956 tlecetne
1536 1901 1802 1954 mulierem

195 2016 303 2054 non
333 2001 554 2052 relatam
581 2012 729 2051 orare
750 1993 957 2049 Deum?
986 1994 1120 2048 llinc
1145 2003 1226 2048 est
1250 1993 1393 2048 unde
1421 1993 1672 2063 superius
1699 1993 1804 2047 illis

199 2108 299 2164 per
329 2091 558 2147 ironiam
599 2095 918 2154 succenset,
962 2087 1151 2143 dicens
1189 2104 1202 2140 :
1244 2085 1431 2140 Laudo
1469 2085 1590 2154 quia
1634 2086 1807 2139 omnia

206 2202 324 2240 mea
367 2185 607 2240 memoria
643 2183 875 2237 retinetis
922 2197 940 2236 :
987 2192 1032 2236 et
1079 2181 1335 2251 quomodo
1380 2181 1564 2251 ubique
1613 2178 1802 2246 trado,

214 2281 512 2336 traditiones
538 2295 674 2333 meas
701 2279 878 2333 tenetis
908 2276 1066 2349 (Sup.
1097 2291 1226 2332 vers.
1252 2276 1332 2348 2).
1357 2276 1490 2331 Cum
1518 2276 1662 2331 enim
1691 2273 1806 2329 haec

211 2384 358 2428 esset
400 2370 702 2426 traditionis
730 2371 895 2438 ratio,
927 2378 987 2424 ut
1022 2369 1216 2424 velata:
1246 2376 1431 2424 essent
1460 2368 1720 2422 mulieres
1751 2367 1804 2421 in

208 2464 476 2531 Ecclesia,
509 2466 582 2518 illi
616 2471 808 2520 contra
841 2464 1113 2519 revelatas
1142 2478 1236 2518 eas
1265 2462 1318 2516 in
1359 2462 1603 2516 Ecclesia
1635 2461 1808 2532 patie-

206 2558 429 2614 bantur.
480 2558 712 2629 ideoque
758 2559 872 2629 jam
925 2574 1031 2612 non
1085 2558 1409 2612 auctoritate
1456 2556 1804 2624 traditionis,

204 2667 368 2722 quam
401 2651 784 2720 neglexerant,
813 2650 907 2706 sed
941 2665 1038 2720 per
1069 2649 1242 2720 ipsam
1282 2659 1528 2702 naturam
1574 2648 1808 2703 suadere

203 2744 317 2802 illis
363 2746 551 2800 nititur
579 2744 862 2801 veritatem
894 2744 1082 2800 dicens
1116 2763 1127 2798 :

198 2857 215 2877 ο
281 2839 467 2909 (Vcrs.
504 2834 730 2911 14,15).
776 2837 890 2894 Nec
924 2839 1039 2909 ipsa
1084 2850 1271 2894 natura
1301 2839 1446 2893 docet
1477 2856 1563 2893 ros
1589 2839 1709 2910 quia
1735 2840 1809 2892 vir

204 2936 448 3005 quidem,
484 2935 529 2989 si
567 2951 766 2988 comam
795 2935 1065 3000 habuerit,
1108 2935 1390 3008 ignominia
1418 2944 1494 2989 est
1535 2933 1656 2988 illi?
1697 2932 1810 2987 lloc

206 3030 507 3086 secundum
544 3029 743 3101 Legem
782 3029 997 3085 locutus
1031 3041 1144 3095 est;
1190 3029 1441 3100 prohibet
1466 3028 1608 3084 enim
1635 3029 1809 3084 virum

1905 1810 2268 1865 manducando
2289 1823 2367 1866 :et
2393 1812 2525 1866 alius
2554 1812 2758 1883 quidem
2790 1813 2981 1879 esurit,
3007 1822 3052 1865 et
3075 1811 3210 1865 alius
3229 1810 3397 1864 ebrius
3414 1819 3512 1864 est.

1907 1904 2176 1974 Numquid
2199 1907 2378 1961 domos
2400 1924 2501 1962 non
2523 1906 2718 1961 habetis
2745 1908 2814 1962 ad
2843 1907 3097 1962 edendum
3122 1915 3169 1960 et
3197 1906 3472 1960 bibendum
3488 1906 3515 1960 ἒ

1905 2007 1994 2052 aut
2018 1997 2306 2053 Ecclesium
2340 1998 2435 2055 Dei
2467 2001 2814 2067 contemnitis,
2853 2009 2901 2054 et
2931 1999 3252 2070 confunditis
3278 2015 3383 2053 non
3411 1997 3511 2051 Ita-

1907 2093 2120 2148 bentes?
2147 2094 2254 2148 llos
2279 2104 2427 2148 uolat
2446 2138 2458 2161 ,
2489 2095 2579 2165 qui
2606 2096 2683 2150 sic
2706 2096 2757 2149 in
2782 2095 3084 2150 Ecclesium
3109 2093 3516 2150 conveniebant

1909 2196 1964 2242 ut
1996 2202 2220 2241 munera
2247 2203 2340 2241 sua
2371 2187 2665 2244 «ﬂorentes
2690 2231 2703 2253 ,
2730 2189 3150 2244 advenientibus
3182 2186 3518 2258 presbyteris

1913 2279 2073 2350 (quia
2121 2282 2296 2337 adhuc
2344 2294 2590 2338 rectores
2633 2283 2892 2338 Ecclesiis
2938 2299 3043 2338 non
3076 2283 3332 2337 omnibus
3379 2282 3516 2336 locis

1909 2372 2123 2428 fuerant
2157 2373 2498 2446 constituti),
2533 2382 2706 2429 totum
2737 2373 2840 2430 sibi
2887 2376 2977 2445 qui
3022 2375 3368 2441 obtulerant,
3391 2373 3512 2428 vin-

1910 2465 2180 2533 dicarent,
2211 2465 2524 2522 schismatis
2547 2482 2731 2520 causa.
2773 2465 2932 2538 149
2954 2467 3336 2522 Dissensiones
3365 2465 3512 2521 enim

1910 2558 2052 2613 inter
2082 2573 2178 2614 cos
2220 2559 2666 2630 pseudoapostoli
2698 2564 3131 2628 seminaverunt,
3165 2560 3238 2614 ita
3278 2568 3338 2613 ut
3363 2559 3514 2614 obla-

1913 2653 2090 2708 tiones
2118 2667 2242 2707 suas
2273 2655 2584 2709 celarentur
2612 2671 2625 2708 :
2658 2670 2779 2709 cum
2809 2669 2913 2708 una
2945 2663 3104 2725 atque
3135 2655 3324 2711 eadem
3353 2668 3513 2724 prece

1912 2749 2153 2803 omnium
2183 2749 2490 2804 oblationes
2518 2749 2992 2813 benedicercntur,
3025 2759 3085 2804 ιιι
3115 2751 3148 2804 ii
3177 2750 3266 2820 qui
3292 2791 3305 2815 ,
3333 2758 3392 2804 ut
3420 2748 3515 2803 ad-

1911 2841 2052 2895 solet
2079 2841 2193 2896 lieri
2221 2881 2236 2908 ,
2268 2857 2374 2895 non
2407 2841 2752 2908 obtulerant,
2787 2853 2878 2897 aut
2912 2844 3052 2898 unde
3079 2842 3370 2909 ollerrcnt,
3403 2859 3512 2897 non

1915 2931 2219 3000 habebant,
2258 2934 2464 3002 pudore
2489 2934 2730 3004 correpti
2760 2935 3246 3003 confunderentur,
3287 2950 3393 2990 non
3423 2950 3516 2991 su-

1915 3034 2127 3078 mentes
2157 3035 2362 3094 partem
2392 3043 2406 3078 :
2439 3034 2494 3080 et
2523 3034 2631 3080 tam
2660 3027 2770 3081 cito
2797 3025 2931 3081 illttd
2958 3027 3210 3096 agebant,
3243 3035 3302 3081 ut
3328 3041 3519 3097 super-

206 3137 334 3180 esse
383 3132 673 3178 comatum.
732 3121 926 3177 Mulier
977 3132 1148 3177 autem
1201 3123 1246 3176 si
1297 3138 1498 3176 comam
1545 3120 1806 3186 habuerit,
1837 3106 1887 3171 C
1919 3117 2197 3172 venientes
2232 3134 2338 3172 non
2381 3118 2708 3186 invenirent,
2741 3119 2885 3190 quod
2922 3119 3167 3174 ederent.
3206 3118 3441 3190 Ideoque
3471 3117 3519 3173 si

208 3219 385 3290 gloria
413 3229 485 3274 est
514 3219 594 3273 illi
616 3234 635 3284 ;
661 3217 904 3288 quoniam
925 3233 1071 3270 coma
1096 3233 1190 3287 pro
1211 3217 1459 3271 velamine
1488 3216 1611 3270 data
1639 3227 1711 3270 est
1740 3217 1809 3270 ei.

207 3310 544 3367 Naturaliter
570 3310 672 3366 hoc
703 3311 988 3365 honestum
1016 3317 1072 3364 et
1107 3307 1497 3380 propemodum
1532 3309 1811 3364 decretum

209 3407 330 3460 vult
355 3420 497 3470 esse,
526 3416 583 3459 ut
605 3405 778 3460 velata
807 3403 1001 3460 mulier
1031 3403 1349 3467 satisfaciat,
1378 3411 1434 3458 et
1459 3404 1662 3472 gratias
1692 3410 1816 3472 agat

211 3498 351 3553 Deo.
385 3498 553 3554 Coma
594 3513 725 3569 ergo
764 3498 1021 3552 iudicium
1053 3496 1340 3552 velaminis
1368 3503 1484 3562 est,
1525 3506 1579 3549 ut
1609 3504 1816 3549 natura:

212 3599 271 3646 et
300 3590 552 3646 voluntas
585 3590 833 3645 addatur.
871 3590 1114 3661 Denique
1139 3589 1284 3643 nulla
1317 3588 1513 3642 mulier
1535 3586 1695 3642 etiam
1726 3603 1814 3642 rc-

211 3684 399 3741 velata
429 3686 540 3739 adit
577 3692 918 3754 potestatem.

295 3777 478 3847 (Vers.
508 3777 622 3850 16.)
660 3777 724 3833 Si
748 3779 862 3848 quis
888 3787 1060 3832 autem
1086 3776 1291 3832 videtur
1315 3777 1660 3831 contentiosus
1687 3792 1814 3841 esse,

213 3887 312 3925 nos
349 3871 503 3926 talent
532 3871 950 3926 consuetudinem
984 3887 1085 3925 nou
1129 3870 1403 3935 habemus,
1439 3885 1602 3939 neque
1638 3869 1821 3924 Eccle-

214 3966 299 4020 sia
341 3965 460 4020 Dei.
509 3966 638 4022 Post
685 3967 954 4023 rationem
1003 3965 1302 4031 redditam,
1346 3975 1403 4020 ut
1447 3965 1821 4020 contentiosos

217 4060 426 4126 vincat,
459 4061 838 4115 auctoritatem
871 4058 1201 4130 interponit;
1240 4058 1364 4128 quia
1394 4074 1570 4128 neque
1600 4056 1823 4112 .Iudais-

218 4169 346 4211 mus
385 4154 484 4208 hoc
525 4153 736 4220 habuit,
765 4154 907 4208 unde
937 4153 1068 4208 dicit
1099 4170 1112 4207 :
1157 4151 1340 4222 Neque
1369 4167 1494 4218 nos,
1528 4167 1687 4220 neque
1724 4149 1823 4203 Ec-

219 4247 384 4302 clesia
416 4245 532 4312 Dei,
567 4258 622 4302 ut
653 4262 830 4318 neque
861 4247 1093 4318 Moyses,
1124 4260 1302 4317 neque
1327 4243 1578 4301 Salvator
1605 4245 1684 4298 sic
1715 4253 1823 4298 tra-

220 4341 446 4397 diderit.

297 4435 484 4506 (Vers.
517 4436 628 4507 17.)
675 4435 789 4492 Hoc
812 4445 981 4491 autem
1011 4434 1277 4505 prtrcipio.
1314 4450 1415 4488 non
1443 4434 1666 4488 laudans
1686 4432 1824 4504 quod

1914 3210 2016 3276 sic,
2045 3211 2242 3282 inquit,
2267 3210 2591 3278 convenitis,
2624 3221 2684 3266 ut
2715 3213 3088 3282 unusquisque
3117 3227 3274 3266 suum
3317 3219 3516 3275 sumat,

1916 3306 2063 3362 domi
2098 3307 2213 3362 haec
2241 3308 2469 3378 agenda,
2500 3324 2609 3362 non
2642 3309 2694 3361 in
2726 3307 3004 3373 Ecclesia;
3037 3307 3128 3363 ubi
3157 3306 3381 3362 unitatis
3409 3316 3432 3344 ε
3464 3315 3521 3361 et

1917 3400 2169 3471 mysterii
2200 3416 2360 3455 causa
2399 3402 2740 3468 convenitur,
2772 3417 2880 3456 non
2918 3401 3276 3458 dissensionis
3307 3410 3361 3456 et
3387 3416 3518 3456 ven-

1920 3493 2037 3548 tris.
2068 3493 2259 3548 Munus
2287 3494 2429 3548 enim
2457 3494 2699 3548 oblatum
2741 3494 2907 3548 totius
2949 3495 3130 3565 μορυιί
3173 3495 3276 3560 sit;
3310 3494 3432 3565 quia
3463 3493 3517 3547 in

1921 3600 2030 3640 uno
2078 3601 2216 3656 pane
2257 3601 2449 3641 omnes
2493 3585 2889 3657 signiﬁcantur.
2936 3587 3040 3642 Per
3085 3585 3137 3642 id
3185 3589 3328 3642 enim
3372 3583 3517 3655 quod

1921 3697 2088 3736 unum
2121 3697 2328 3748 sumus,
2359 3683 2427 3739 de
2459 3699 2567 3738 uno
2598 3698 2738 3754 pane
2765 3695 2959 3737 omnes
2988 3695 3087 3734 nos
3117 3693 3334 3735 sumere
3359 3693 3522 3749 opor-

1922 3783 2019 3829 tet.

1999 3866 2138 3934 Quid
2174 3866 2344 3920 dicant
2384 3866 2569 3921 vobis?
2597 3866 2778 3922 Laudo
2809 3869 2941 3923 vos?
2968 3866 3034 3921 In
3065 3865 3164 3920 hoc
3197 3881 3301 3920 non
3339 3863 3523 3920 laudo.

1924 3959 2184 4028 Apertum
2225 3968 2308 4014 est
2343 3959 2688 4029 deprehenso
2733 3971 2787 4017 et
2825 3970 3082 4033 correpto
3119 3974 3307 4015 errore
3329 4000 3344 4026 ,
3375 3967 3433 4012 ut
3459 3957 3529 4014 de

1925 4065 2125 4110 castero
2151 4056 2453 4128 corrigam,
2476 4066 2530 4112 et
2566 4057 2741 4111 sciant
2782 4057 2883 4112 hoc
2907 4072 3118 4121 verum,
3150 4053 3295 4124 quod
3325 4052 3525 4108 dudum

1927 4147 1980 4201 in
2024 4147 2340 4218 primordiis
2384 4148 2484 4218 ipsi
2515 4148 2850 4215 didicerant;
2889 4149 3117 4204 formam
3158 4141 3306 4201 illius
3344 4161 3466 4217 quae
3495 4161 3526 4198 a

1927 4242 2222 4297 Salvatore
2254 4244 2304 4297 in
2338 4259 2396 4298 re
2428 4242 2737 4312 hujusmodi
2779 4245 2903 4299 data
2935 4253 3049 4309 est,
3083 4244 3243 4298 iterat
3263 4240 3488 4296 dicens:

2000 4332 2180 4406 (Vers.
2211 4334 2313 4402 25,
2343 4334 2445 4403 ει,
2489 4334 2608 4407 25.)
2646 4335 2758 4408 Ego
2800 4336 2936 4389 enim
2969 4335 3148 4404 accepi
3186 4351 3219 4388 a
3262 4330 3524 4393 Domino,

1928 4431 2066 4500 quod
2090 4441 2138 4484 et
2177 4429 2369 4484 tradidi
2399 4429 2567 4498 vobis,
2601 4429 2845 4500 quoniam
2875 4427 3132 4483 Dominus
3156 4427 3314 4483 Jesus
3343 4429 3397 4481 in
3427 4443 3531 4498 qua

217 4529 328 4584 non
373 4531 427 4583 in
467 4529 686 4596 melius,
723 4529 812 4583 sed
855 4529 908 4582 in
945 4528 1169 4582 deterius
1213 4526 1511 4580 convenitis.
1542 4507 1905 4593 QuomodoD
1931 4537 2077 4580 nocte
2127 4526 2447 4593 tradebatur,
2497 4527 2692 4599 accepit
2746 4543 2967 4599 panem,
3015 4534 3065 4580 et
3105 4525 3302 4596 gratias
3342 4538 3530 4595 agens,

224 4624 594 4696 particulatim
630 4622 1107 4680 conversationem
1141 4622 1357 4677 illorum
1396 4635 1492 4691 per
1526 4619 1828 4688 correptio-

223 4734 357 4775 nem
388 4719 676 4784 emendat;
711 4718 781 4772 ita
825 4725 880 4772 et
909 4716 1231 4772 traditiones
1270 4714 1521 4781 illorum,
1561 4729 1666 4768 non
1712 4712 1829 4769 lau-

225 4811 368 4865 dans
399 4811 604 4881 utique,
638 4809 732 4865 sed
765 4807 1080 4879 vituperans
1111 4822 1225 4862 eos.

301 4905 486 4979 (Vers.
516 4908 604 4972 18,
634 4903 750 4976 19.)
793 4903 1033 4958 Primum
1063 4902 1216 4957 enim.
1248 4910 1274 4939 ³
1307 4899 1542 4956 Primum
1573 4898 1827 4966 dicendo,

225 5014 404 5072 genus
436 5000 642 5068 peccati
675 4996 936 5064 ostendit,
966 4995 1109 5050 unde
1137 4995 1240 5048 orti
1270 5001 1396 5048 sunt
1418 5007 1662 5055 errores,
1695 5006 1834 5062 quos

228 5095 625 5168 reprehendit;
665 5095 754 5150 ubi
796 5094 940 5148 enim
977 5091 1249 5147 dissensio
1290 5101 1409 5157 est,
1451 5090 1582 5145 nihil
1629 5099 1836 5146 rectum

1933 4622 2118 4693 fregit,
2151 4632 2198 4676 et
2228 4621 2362 4676 dixit
2389 4637 2408 4676 :
2442 4623 2700 4688 Accipite,
2733 4633 2780 4675 et
2810 4619 3139 4674 manducata.
3184 4618 3298 4673 Hoc
3325 4628 3397 4673 est
3419 4632 3537 4671 cor-

1935 4733 2034 4787 pus
2071 4732 2241 4770 meum
2261 4758 2274 4781 ,
2303 4716 2442 4787 quod
2471 4713 2498 4752 ά
2527 4732 2620 4786 pro
2656 4715 2799 4770 vobis
2830 4715 3131 4787 frangitur:
3163 4714 3259 4768 hoc
3288 4713 3441 4785 facile
3481 4710 3537 4765 in

1935 4811 2036 4864 mei
2064 4810 2614 4864 commemorationem.
2650 4810 2824 4866 Simili
2863 4810 3016 4864 modo
3043 4817 3092 4864 et
3122 4808 3365 4874 calicem,
3394 4814 3535 4877 post-

1936 4922 2090 4975 quam
2111 4913 2364 4958 comatum
2409 4915 2519 4971 est,
2552 4904 2726 4958 dicens
2753 4920 2770 4959 :
2803 4902 2917 4958 Hoc
2948 4903 3190 4971 poculum
3218 4915 3408 4954 novum
3441 4896 3538 4950 Te-

1938 5007 2249 5054 stamentum
2291 5007 2365 5051 est
2406 4997 2460 5051 in
2505 5013 2614 5050 meo
2646 4997 2932 5066 sanguine;
2961 4995 3056 5049 hoc
3095 4993 3282 5064 facite,
3309 4989 3539 5060 quoties-

1940 5107 2160 5158 cumque
2204 5090 2414 5156 bibetis,
2449 5092 2502 5144 in
2551 5091 2650 5144 mei
2690 5087 3240 5144 commemorationem.
3289 5078 3542 5137 Ostendit

1940 5183 2053 5240 illis
2092 5185 2412 5254 mysterium
2456 5181 2799 5238 eucharistize
2838 5182 2982 5236 inter
3023 5174 3347 5233 cmuandum
3394 5170 3542 5227 cele-

1947 5277 2164 5332 bratum
2185 5318 2199 5342 ,
2231 5292 2339 5331 non
2367 5291 2579 5332 cuinam
2620 5289 2771 5338 esse;
2806 5269 3074 5326 medicina
3109 5267 3255 5322 enim
3284 5265 3546 5336 spiritalis

1949 5379 2072 5438 est,
2117 5384 2238 5440 qua:
2266 5383 2388 5424 cum
2434 5368 2743 5425 reverentia
2787 5365 3107 5432 degustata,
3150 5355 3399 5428 puriﬁcat
3443 5356 3548 5412 sibi

227 5198 338 5244 est.
370 5188 793 5243 Convenientibus
832 5185 972 5240 vobis
1009 5184 1066 5238 in
1097 5183 1384 5238 Ecclesium
1405 5223 1420 5248 ,
1451 5183 1609 5236 audio
1643 5182 1842 5236 dissen-

230 5286 409 5340 siones
438 5299 579 5349 esse,
611 5292 658 5336 et
695 5282 886 5353 partim
922 5282 1092 5334 credo.
1131 5277 1346 5350 Oportet
1373 5278 1506 5332 enim
1541 5286 1588 5330 et
1627 5276 1843 5331 haereses

233 5392 370 5445 esse,
400 5385 460 5430 ut
499 5385 544 5430 et
570 5376 656 5446 qui
691 5375 894 5448 probati
921 5384 1069 5438 sunt,
1102 5372 1364 5439 manifesti
1404 5371 1533 5441 ﬁant
1573 5370 1706 5423 inter
1734 5385 1842 5424 vos.

314 5550 343 5578 ε·
386 5539 486 5594 Ms.
515 5538 705 5606 Corb.,
749 5537 849 5593 Ubi
879 5538 1013 5592 enim
1041 5536 1291 5592 dissensio
1320 5543 1423 5602 est,
1454 5533 1677 5606 primum
1697 5533 1846 5606 idice-

238 5630 382 5669 mus.
415 5610 484 5664 Id
514 5628 672 5683 genus
692 5603 892 5676 peccati
923 5610 1144 5683 ostendit
1169 5651 1182 5675 ,
1207 5607 1342 5662 unde
1371 5617 1561 5683 rectum
1587 5603 1848 5683 uiltilest.

254 5749 257 5751 ί
316 5684 346 5751 ἓξ
387 5676 591 5738 Omnes
612 5681 746 5736 edit.
776 5689 832 5736 et
855 5681 1072 5751 quidam
1105 5695 1262 5743 mss.,
1291 5677 1384 5730 sed
1410 5677 1529 5747 quia
1555 5676 1677 5751 sint,
1711 5680 1853 5751 fatus

246 5745 370 5812 ruiit
414 5755 580 5818 dixit;
618 5753 708 5812 alii
746 5743 906 5816 mssf,
938 5750 1025 5806 sed
1059 5752 1179 5822 quia
1220 5751 1363 5804 scivit
1383 5743 1717 5813 fnonnulli,
1759 5749 1852 5800 scit

1954 5538 2206 5609 futurum,
2236 5532 2389 5609 discit.
2434 5603 2449 5609 _
2740 5606 2747 5609 _
2816 5596 2845 5609 _,
3245 5594 3277 5609 _.

2036 5615 2057 5643 ο
2085 5604 2269 5659 Codex
2303 5603 2472 5658 Laud.
2495 5645 2508 5666 ,
2543 5610 2587 5653 et
2618 5603 2844 5667 mysterii
2867 5611 3024 5649 causa
3052 5603 3383 5651 convertitur;

2032 5673 2060 5711 (ί
2091 5675 2248 5730 llom.
2281 5675 2411 5730 edit.
2436 5714 2451 5740 ,
2481 5680 2573 5743 pro
2604 5669 2744 5722 vobis
2771 5667 3023 5722 tradetur.
