3978 6310
491 209 602 267 2ιὸ

1419 211 1511 268 AD
1544 209 1782 269 OPERA
1822 210 2072 268 SANCTI
2113 211 2438 269 AMBROSH
2480 210 2850 268 APPENDlX.

3695 215 3789 271 ‘2“

485 328 764 384 devotum.
785 327 1041 384 Memoria
1069 330 1213 385 enim
1233 329 1627 399 redemptionis
1649 338 1850 384 nostra;
1878 337 2002 394 est;
2034 336 2093 383 ut
2118 336 2171 394 Α
2197 343 2428 399 corpore
2456 338 2513 385 et
2558 331 2822 398 sanguine
2872 328 3029 402 150
3074 329 3318 394 Domini;
3353 337 3376 366 ε
3405 329 3620 401 gratias
3659 333 3788 386 enim

490 418 876 491 Redemptoris
905 435 1204 485 memores,
1240 421 1447 492 majora
1491 418 1560 476 ab
1589 435 1656 476 eo
1684 418 1947 491 consequi
1974 435 2091 474 meo

495 527 731 567 reamur.

561 604 745 675 (Vers.
777 604 897 677 26.)
931 605 1364 677 Quotiescumque
1391 607 1528 661 enim
1551 606 1877 662 comederitis
1906 622 2096 677 panem

489 697 622 751 hunc
642 735 659 766 ,
685 706 732 752 et
758 697 822 753 de
846 698 1033 770 poculo
1055 698 1284 754 btberitis
1299 739 1316 766 ,
1349 708 1562 754 mortem
1585 699 1796 755 Domini
1816 701 2097 754 annuntia-

490 789 606 844 bitis
626 832 639 855 ,
674 788 835 845 donec
863 792 1050 847 veniat.
1084 790 1222 859 Quia
1249 791 1394 846 enim
1431 802 1606 848 morte
1639 792 1852 847 Domini
1881 791 2094 848 liberali

490 898 706 948 sumus,
751 883 912 955 hujus
943 886 1022 940 rei
1057 899 1364 950 memores,
1401 885 1453 939 in
1500 884 1715 940 edendo
1758 894 1812 940 et
1857 884 2097 955 potando

491 993 713 1033 carnem
742 987 799 1034 et
826 977 1179 1050 sanguinem,
1211 995 1336 1050 quae
1373 995 1471 1049 pro
1499 979 1656 1035 nobis
1699 980 1882 1035 oblata
1935 989 2096 1049 sunt,

494 1070 905 1142 ttsigniﬁcamus
938 1086 1139 1127 novum
1155 1071 1565 1128 Testamentum
1591 1074 1644 1128 iu
1678 1071 1764 1128 his
1793 1073 2099 1141 consecuti,

485 1167 631 1238 quod
669 1180 756 1224 est
798 1185 938 1224 nova
978 1170 1059 1224 lex
1082 1211 1098 1236 ,
1132 1186 1252 1240 qua:
1279 1171 1629 1226 obedientem
1657 1170 1760 1227 sibi
1787 1170 1954 1225 tradit
1982 1185 2098 1228 c03-

493 1259 722 1318 lestibus
753 1261 957 1332 regnis.
982 1261 1120 1318 Nam
1147 1272 1202 1318 et
1231 1265 1443 1336 Moyses
1472 1274 1699 1336 accepto
1731 1264 1996 1335 sanguine
2017 1265 2097 1318 vi-

494 1357 592 1410 tuli
632 1357 684 1410 in
725 1367 947 1428 patera,
994 1359 1228 1428 aspersit
1267 1357 1411 1412 ﬁlios
1460 1357 1661 1424 Israel,
1698 1357 1890 1414 dicens
1932 1376 1945 1411 :
1989 1356 2103 1412 Hoc

496 1462 567 1505 est
601 1450 985 1506 Testamentum
1003 1495 1018 1521 ,
1047 1452 1186 1523 quod
1213 1452 1470 1523 disposuit
1500 1451 1642 1506 Deus
1678 1453 1746 1507 ad
1784 1468 1873 1507 vos
1900 1451 2098 1526 (Exod.

496 1563 621 1602 xxw
642 1589 659 1616 ,
685 1548 764 1619 8).
793 1547 906 1604 Hoc
939 1549 1104 1620 figura
1137 1548 1590 1604 iuit'l‘estamenti
1615 1589 1629 1614 ,
1661 1547 1806 1619 quod
1838 1548 2104 1604 Dominus

501 1658 700 1698 novum
742 1643 1036 1713 appellavit
1064 1660 1160 1714 per
1184 1643 1516 1715 prophetas;
1563 1652 1620 1698 ut
1643 1643 1777 1699 illud
1810 1653 1963 1699 vetus
1995 1645 2101 1713 sit,

2195 422 2501 478 videbimur
2530 423 2758 479 reddere
2787 422 3162 494 Redemptori.

2267 515 2446 584 (Vers.
2477 515 2597 587 '50.)
2626 515 2749 571 Ideo
2779 518 2929 570 multi
2946 517 3000 571 in
3025 518 3169 571 vobis
3189 516 3412 572 invalidi
3431 527 3479 571 et
3506 518 3712 589 egroti.
3739 515 3794 571 Et

2197 612 2455 665 dormiunt
2485 609 2653 664 multi.
2674 609 2744 667 Ut
2775 624 2959 666 verum
2977 612 3232 680 probaret
3253 611 3381 682 quia
3409 626 3648 666 examen
3670 612 3797 664 iutu-

2198 721 2317 760 rum
2338 714 2424 761 est
2443 705 2826 774 accipientium
2859 719 3056 774 corpus
3079 704 3312 770 Domini,
3338 704 3451 774 jam
3480 704 3578 759 hic
3619 704 3797 773 imagi-

2200 816 2322 854 nem
2341 801 2529 870 judicii
2553 800 2800 856 ostendit
2828 799 2882 854 in
2907 815 3003 854 eos
3019 839 3036 866 ,
3060 799 3150 870 qui
3180 798 3596 854 inconsiderate
3613 811 3800 867 corpus

2201 893 2411 949 Domini
2463 905 2806 964 acceperant,
2838 892 2967 948 dum
3021 891 3268 948 febribus
3296 905 3350 948 et
3401 890 3801 946 inﬁrmitatibus

2200 989 2661 1059 corripiebantur,
2693 996 2752 1043 et
2783 988 2932 1040 mttlti
2977 987 3348 1042 moriebantur
3378 1003 3391 1037 :
3424 995 3481 1039 ut
3511 985 3569 1038 in
3596 984 3682 1038 bis
3707 999 3800 1038 ete-

2205 1083 2306 1138 teri
2336 1082 2641 1145 discerent,
2669 1089 2727 1137 et
2771 1093 3066 1150 paucorum
3109 1081 3367 1149 exemplo
3397 1078 3585 1134 territi
3626 1089 3801 1134 emen-

2202 1177 2484 1242 dat-untur,
2509 1191 2616 1230 non
2649 1174 2880 1230 inultum
2913 1175 3149 1228 scientes
3173 1187 3374 1242 corpus
3398 1170 3627 1227 Domini
3651 1171 3806 1242 negli-

2203 1282 2398 1339 genter
2443 1269 2694 1337 accipere
2718 1283 2734 1334 ;
2765 1278 2822 1323 et
2847 1283 2971 1323 eum
3001 1283 3166 1339 quem
3195 1267 3284 1323 hic
3313 1281 3476 1338 pana
3501 1265 3804 1336 distulerit,

2205 1365 2422 1435 gravius
2443 1364 2783 1419 tractandum
2811 1362 2957 1428 fore;
2981 1363 3104 1433 quia
3126 1360 3805 1432 contempsitelemplum.

2281 1457 2462 1530 (Vers.
2494 1457 2585 1524 5i,
2608 1455 2727 1526 δὲ.)
2750 1456 2904 1524 Quod
2932 1441 2979 1510 soi
2995 1466 3190 1511 nosmet
3220 1456 3361 1527 ipsos
3385 1456 3806 1521 discernerent,

2210 1567 2314 1607 non
2351 1554 2526 1622 utique
2562 1553 2948 1626 judirarcntur.
3007 1549 3146 1606 Dum
3186 1551 3493 1622 jndieamttr
3538 1559 3741 1612 autem.
3782 1565 3808 1601 α

2211 1644 2437 1700 Domino
2479 1645 2828 1716 corripiatur;
2859 1657 2914 1699 ut
2959 1658 3062 1699 non
3091 1660 3210 1698 cum
3251 1644 3350 1699 hoc
3373 1641 3584 1698 mundo
3613 1643 3810 1695 damne-

498 1736 644 1808 quod
676 1738 893 1809 Moyses
925 1737 1163 1793 tradidit.
1213 1737 1628 1793 Testamentum
1667 1752 1801 1807 ergo
1835 1737 2105 1808 sanguine
2135 1735 2185 1795 B
2209 1755 2346 1793 mur.
2379 1738 2492 1794 lloc
2517 1738 2686 1804 dicit,
2715 1737 2843 1810 quia
2891 1739 2935 1793 si
2969 1747 3183 1793 nosmet
3211 1737 3312 1806 ipsi
3351 1750 3584 1792 errores
3615 1745 3810 1790 nostros

499 1836 854 1888 constitutum
881 1836 1147 1905 esttquia
1191 1834 1444 1890 beneﬁcii
1494 1834 1660 1889 divini
1702 1834 1924 1905 sanguis
1956 1834 2111 1890 testis

502 1937 606 1983 est.
639 1928 694 1981 ln
723 1930 878 1996 cuius
903 1939 1088 1999 typum
1107 1926 1133 1965 ι)
1158 1942 1258 1983 nos
1281 1928 1506 1982 calicem
1524 1928 1812 2000 mysticum
1830 1927 2112 1997 sanguinis

502 2019 567 2075 ad
593 2021 877 2076 tuitionem
920 2023 1167 2088 corporis
1193 2031 1250 2076 et
1275 2021 1474 2076 animat
1500 2032 1702 2077 nostrae
1735 2023 2108 2092 percipimus;

504 2113 630 2182 quia
651 2115 873 2184 sanguis
901 2113 1115 2169 Domini
1137 2116 1456 2185 sanguinem
1483 2124 1728 2170 nostrutn
1763 2114 2026 2182 redemit,
2057 2113 2111 2170 id

505 2215 617 2271 est,
647 2215 816 2261 totum
848 2206 1125 2264 hominem
1149 2209 1359 2263 salvum
1389 2207 1538 2264 fecit.
1570 2209 1710 2264 Caro
1737 2210 1885 2265 enim
1917 2209 2111 2266 Salva-

509 2300 644 2355 toris
689 2316 789 2371 pro
831 2301 1012 2358 salute
1049 2303 1334 2372 corporis,
1367 2302 1588 2374 sanguis
1620 2319 1750 2359 vero
1791 2318 1890 2373 pro
1932 2303 2111 2358 anima

506 2406 690 2450 nostra
721 2396 928 2452 ell'usus
955 2407 1075 2466 est,
1114 2397 1258 2454 sicut
1303 2400 1456 2468 prius
1489 2399 1892 2472 praefiguratum
1935 2399 2115 2455 fuerat

506 2504 533 2542 a
560 2490 776 2563 Moyse;
809 2491 888 2547 sic
915 2493 1060 2549 enim
1088 2495 1204 2548 ait:
1235 2492 1368 2548 Caro
1395 2510 1487 2563 pro
1516 2510 1729 2566 corpore
1757 2503 1926 2548 uestro
1957 2491 2115 2560 offer-

507 2592 612 2652 tur,
640 2590 856 2659 sanguis
876 2604 994 2642 vero
1021 2605 1116 2658 pro
1147 2589 1323 2642 anima
1353 2587 1464 2658 (Lee
1480 2590 1540 2642 it.
1571 2603 1714 2652 uvtt.
1741 2590 1760 2643 l
1785 2587 1851 2659 t);
1885 2587 2115 2658 ideoque

510 2694 620 2732 non
668 2681 1106 2736 manducandum
1145 2681 1490 2751 sanguinem.
1539 2683 1594 2736 Si
1633 2681 1797 2754 igitur
1844 2680 1986 2750 apud
2021 2697 2116 2736 vc-

512 2783 658 2828 teres
701 2775 878 2846 imago
921 2776 1023 2831 fuit
1074 2777 1346 2843 veritatis,
1401 2793 1522 2847 quae
1559 2793 1707 2832 nunc
1749 2777 2034 2848 apparuit,
2065 2788 2120 2832 et

514 2864 859 2922 manitestata
887 2881 970 2923 est
1001 2869 1051 2923 in
1071 2868 1380 2925 Salvatoris
1401 2869 1674 2936 adventu;
1700 2871 1974 2940 quomodo
2004 2870 2118 2926 hat-

513 2957 698 3012 reticis
726 2962 1062 3014 contrarium
1096 2963 1313 3017 videtur
1341 2976 1497 3020 vetus
1521 2979 1663 3019 novo
1683 3005 1696 3029 ,
1730 2981 1851 3020 cum
1875 2965 1992 3035 ipsa
2015 2967 2118 3022 sibi

517 3051 747 3107 invicem
777 3054 1096 3109 testimonio
1127 3055 1281 3110 sint?

2212 1832 2649 1902 corrigeremus,
2692 1846 2800 1885 non
2833 1845 2864 1884 a
2905 1829 3135 1885 Domino
3185 1828 3582 1900 iudicaremur.
3619 1826 3810 1897 thuia

2213 1923 2567 1993 corripimur,
2619 1931 2801 1978 tamen
2848 1938 2950 1994 pro
2995 1923 3154 1978 nobis
3198 1931 3319 1978 est:
3370 1931 3430 1974 ut
3487 1922 3689 1976 timore
3715 1922 3811 1985 ipso

2215 2017 2592 2072 emendentur.
2621 2016 2676 2070 In
2706 2017 2893 2086 paucis
2923 2015 3070 2070 enim
3098 2015 3347 2069 omnium
3378 2025 3464 2071 est
3489 2013 3811 2069 emendatio.

2218 2107 2300 2163 Ne
2323 2125 2441 2163 cum
2482 2109 2578 2164 hoc
2607 2111 2830 2173 mundo,
2877 2109 2929 2164 id
2962 2118 3075 2173 est,
3105 2123 3230 2163 cum
3275 2107 3600 2162 inﬁdelibus
3624 2107 3810 2160 damne-

2215 2218 2354 2257 mar.
2386 2203 2533 2258 Nihil
2563 2205 2710 2259 enim
2738 2201 2922 2258 differt
2949 2203 3018 2256 ab
3051 2201 3280 2267 inﬁdeli",
3306 2202 3397 2272 qui
3424 2198 3810 2256 inconsiderate

2217 2301 2284 2356 ad
2312 2315 2560 2357 mensam
2587 2299 2806 2355 Domini
2837 2299 3073 2355 accedit.

2289 2393 2474 2468 (Vers.
2505 2394 2607 2460 33,
2641 2391 2759 2461 54.)
2795 2391 3012 2455 Itaque,
3046 2391 3266 2461 fratres,
3309 2405 3428 2443 cum
3453 2387 3733 2443 convenitis
3758 2387 3810 2438 ad

2220 2489 2665 2555 manducandum,
2683 2489 2902 2542 inuicem
2922 2495 3232 2557 exspectate.
3258 2483 3321 2540 Si
3336 2485 3455 2554 quis
3478 2484 3664 2548 esurit,
3690 2480 3806 2534 dolui

2219 2583 2515 2637 manducet.
2546 2581 2625 2637 Ad
2667 2581 2899 2636 invicem
2930 2578 3360 2649 exspectandum
3401 2577 3581 2641 dicit,
3616 2585 3672 2629 nt
3696 2573 3806 2629 mul-

2223 2688 2401 2732 torum
2424 2675 2636 2731 oblatio
2663 2675 2827 2729 simul
2855 2673 3190 2736 celebretur,
3211 2677 3272 2725 ut
3302 2680 3358 2724 et
3385 2670 3648 2724 omnibus
3676 2666 3807 2721 mini-

2221 2783 2426 2830 stretur
2452 2793 2464 2828 :
2497 2783 2550 2828 ct
2579 2775 2622 2826 si
2651 2771 2773 2843 quis
2798 2770 3089 2842 impatiens
3117 2779 3234 2833 est,
3265 2768 3413 2822 domi
3444 2777 3670 2821 terreno
3690 2775 3804 2834 pane

2225 2875 2498 2939 pascatur.
2539 2864 2609 2920 Ut
2639 2865 2823 2919 nonin
2855 2863 3124 2935 judicium
3169 2860 3489 2915 conveniatis
3523 2877 3543 2913 :
3571 2859 3673 2914 hoc
3712 2865 3802 2921 est,

2224 2977 2294 3017 ne
2335 2958 2659 3032 mysterium
2705 2955 3220 3029 reprehensibiliter
3264 2966 3317 3009 ct
3364 2969 3490 3008 cum
3534 2951 3805 3007 offensione

2222 3055 2416 3126 agatis.

590 3143 772 3216 (Vers.
802 3146 926 3213 Ἦ.)
969 3146 1156 3219 Itaque
1183 3150 1492 3222 quicumque
1529 3153 1692 3207 ederit
1733 3170 1914 3218 partem
1945 3158 2081 3210 hunc
2101 3197 2115 3222 ,
2145 3135 2193 3200 C
2297 3145 2497 3202 Cetera
2525 3155 2700 3202 autem
2730 3157 2847 3198 cum
2884 3159 3102 3209 venero,
3144 3143 3444 3212 disponam.
3475 3139 3658 3210 Caput
3685 3137 3804 3207 prius

518 3249 605 3292 aut
645 3237 826 3292 biberit
851 3239 1067 3293 culicem
1101 3240 1310 3296 Domini
1340 3245 1552 3315 indigne
1589 3243 1812 3300 Domino
1837 3288 1851 3313 ,
1885 3249 2125 3302 reus-erit

518 3332 752 3401 corporis
797 3344 846 3387 et
896 3335 1170 3408 sanguinis
1214 3333 1443 3392 Domini.
1487 3339 1772 3410 Indignum
1816 3341 1949 3396 dicit
1998 3357 2124 3398 esse

525 3422 782 3488 Domino,
816 3428 904 3496 qui
939 3430 1098 3482 aliter
1121 3433 1438 3502 mysterium
1459 3433 1739 3501 celebrat,
1771 3451 1930 3506 quam
1961 3436 2031 3490 ab
2057 3452 2125 3490 eo

525 3518 780 3572 traditum
822 3532 928 3574 est.
983 3519 1096 3574 Non
1150 3522 1294 3578 enim
1329 3537 1508 3594 potest
1545 3525 1770 3582 devotus
1815 3543 1975 3596 esse,
2032 3531 2125 3600 qui

523 3615 681 3669 aliter
711 3620 1020 3686 praesumit,
1053 3630 1216 3689 quam
1247 3620 1434 3675 datum
1463 3632 1549 3677 est
1577 3622 1644 3677 ab
1689 3632 1934 3677 auctore.
1972 3623 2125 3679 lucos-

522 3728 625 3784 quo
652 3725 955 3783 prmuonct
977 3727 1034 3770 ut
1051 3717 1348 3772 secundum
1367 3718 1616 3775 ordinem
1639 3718 1898 3775 traditum
1929 3719 2125 3775 devota

524 3826 676 3865 mens
707 3811 777 3864 sit
807 3810 1124 3867 accedentis
1152 3813 1218 3866 ad
1262 3812 1647 3869 eucharistiam
1695 3813 1949 3880 Domini;
1991 3826 2127 3884 quu-

522 3903 668 3957 niam
701 3902 941 3959 futurum
969 3913 1059 3960 cst
1095 3905 1397 3975 judicium,
1433 3917 1492 3962 ut
1529 3907 1989 3978 quemadmodum
2029 3921 2125 3962 ac-

523 3993 668 4049 cedit
707 3997 1116 4068 unusquisque,
1171 3998 1364 4054 reddat
1415 4011 1610 4055 causas
1660 4000 1714 4054 in
1769 3999 1858 4055 die
1909 3998 2126 4054 Domini

523 4086 652 4141 .Iesu
679 4085 880 4144 Christi
907 4106 924 4156 ;
957 4091 1079 4160 quia
1107 4090 1227 4146 sine
1253 4090 1542 4160 disciplina
1575 4091 1885 4148 traditionis
1914 4100 1971 4148 et
1997 4108 2126 4146 con»

527 4179 858 4236 versationis
884 4181 978 4252 qui
1007 4182 1311 4249 accedunt,
1341 4183 1421 4238 rei
1465 4191 1592 4238 sunt
1635 4185 1884 4254 c'orpOris
1909 4197 1965 4240 et
1995 4169 2127 4240 son;

523 4271 704 4340 guinis
726 4271 962 4330 Domini.
987 4274 1129 4342 Quid
1151 4285 1237 4330 est
1263 4283 1446 4331 autem
1469 4287 1594 4331 reos
1615 4287 1740 4333 esse
1759 4319 1774 4343 ,
1805 4276 1908 4332 nisi
1940 4287 2130 4348 pinnas

529 4364 662 4422 dare
691 4369 882 4423 mortis
915 4367 1170 4424 Domini?
1198 4379 1220 4409 ο
1247 4368 1474 4425 Occisus
1495 4377 1579 4426 est
1605 4371 1751 4426 enim
1780 4385 1880 4443 pro
1902 4374 2011 4440 his,
2038 4374 2127 4444 qui

530 4456 851 4516 beneﬁcium
880 4462 1002 4531 ejus
1030 4462 1083 4518 In
1112 4462 1331 4518 irritum
1369 4463 1603 4520 ducunt.

2228 3239 2418 3296 salutis
2448 3238 2642 3293 ordine
2667 3236 2936 3308 agendum
2964 3235 3206 3292 ostendit
3225 3273 3239 3300 ,
3264 3242 3323 3289 et
3344 3233 3626 3304 quomodo
3657 3233 3701 3283 in
3727 3229 3803 3283 Ec-

2228 3333 2448 3389 olesiam
2486 3335 2554 3388 ab
2587 3344 2822 3403 utroque
2846 3347 2978 3387 sexu
3014 3330 3396 3394 conveniatur,
3443 3327 3736 3398 i‘ira'tnisit:
3763 3322 3803 3376 in

2230 3429 2426 3500 quibus
2450 3428 2612 3483 rebus
2633 3429 2680 3482 si
2705 3443 2862 3483 error
2886 3425 3050 3482 fuerit
3068 3469 3083 3492 ,
3117 3442 3225 3482 non
3261 3427 3383 3482 levo
3413 3435 3692 3494 peccatum
3716 3427 3799 3475 est.

2228 3522 2437 3579 Caetera
2475 3531 2656 3578 autem
2693 3534 2812 3592 qua-
2849 3523 2915 3577 ad
2947 3521 3365 3578 mdiﬁcatiOnem
3402 3518 3672 3574 Ecclesia:
3706 3527 3801 3584 pcr-

2232 3619 2435 3685 tinent,
2458 3617 2752 3688 "praesentia
2770 3632 2865 3673 sua
2897 3619 3154 3670 ordinare
3184 3631 3243 3670 se
3271 3613 3549 3686 promisit.

2843 3709 3074 3766 CAPUT
3113 3708 3232 3764 XII.

2303 3804 2487 3878 (Vera.
2521 3806 2574 3870 Ι,
2603 3802 2686 3876 Ω.)
2717 3801 2798 3859 De
2841 3803 3165 3875 spiritalibus
3193 3810 3366 3857 autem
3409 3802 3534 3856 nolo
3573 3816 3659 3856 eos
3681 3798 3800 3871 igno-

2231 3913 2369 3964 rare,
2410 3898 2619 3968 fratres.
2664 3896 2826 3954 Scitis
2852 3897 2976 3969 quia
3003 3905 3178 3968 gentes
3205 3898 3395 3960 eratis,
3431 3895 3800 3949 simulacrorum

2231 3994 2404 4065 forma
2437 4003 2646 4058 euntes,
2685 4001 2841 4064 prout
2880 3990 3227 4046 ducebamiui.
3268 3988 3548 4060 Spiritalia
3584 3985 3688 4041 illis
3717 3993 3801 4036 tra-

2231 4087 2448 4143 diturus
2477 4086 2787 4156 exemplum
2821 4084 3024 4156 prioris
3055 4081 3496 4139 conversationis
3533 4083 3798 4136 memorat;

2235 4189 2293 4235 ut
2314 4183 2456 4236 sicut
2476 4177 2898 4234 simulacrorum
2922 4176 3146 4231 fuerunt
3169 4175 3368 4240 forma,
3393 4175 3638 4230 colentes
3662 4166 3799 4227 idola.

2232 4282 2286 4328 et
2325 4272 2667 4328 ducebantur
2693 4270 2833 4326 duce
2871 4270 3148 4325 voluntate
3185 4267 3586 4323 daemoniorum
3614 4283 3627 4319 :
3657 4262 3720 4316 ita
3758 4265 3800 4311 et

2234 4367 2476 4422 eolentcs
2507 4364 2710 4430 Deum,
2744 4362 2857 4417 sint
2902 4361 3074 4416 forma
3109 4361 3241 4429 legis
3287 4359 3610 4419 Dominicae,
3643 4352 3802 4409 amba.

2236 4462 2409 4516 tantes
2438 4460 2578 4514 sicut
2607 4458 2784 4528 placet
2811 4455 3064 4511 Domino.
3091 4454 3286 4509 Forma
3309 4443 3471 4508 enim
3491 4449 3797 4516 uniuscujus-

603 4551 789 4623 (Vers.
818 4552 910 4620 ξε,
941 4553 1058 4626 29.)
1088 4554 1279 4612 Probet
1324 4566 1496 4612 autem
1543 4573 1600 4612 se
1638 4557 1815 4622 homo,
1858 4570 1905 4612 et
1945 4561 2017 4614 sic
2065 4561 2129 4615 de
2155 4546 2208 4607 Ι)
2233 4571 2339 4627 quo
2367 4555 2503 4626 legis
2524 4553 2580 4608 in
2607 4551 2950 4625 professione
2976 4560 3028 4606 et
3047 4547 3466 4604 conversatione
3491 4544 3706 4602 cultoris
3728 4539 3800 4592 de—

530 4663 664 4718 pone
686 4648 781 4702 illo
811 4648 961 4717 edat,
985 4659 1034 4703 et
1061 4649 1127 4704 de
1157 4650 1346 4722 poculo
1368 4651 1526 4707 bibat.
1557 4650 1662 4718 Qui
1684 4652 1818 4706 enim
1851 4652 2127 4707 manducat

528 4751 577 4796 et
598 4741 724 4796 bibit
747 4742 996 4815 indigne,
1032 4743 1289 4808 iudicium
1312 4745 1412 4800 sibi
1442 4745 1543 4815 ipsi
1586 4745 1871 4799 manducet
1895 4756 1941 4800 et
1968 4746 2126 4813 bibit,

529 4851 635 4889 non
654 4835 950 4889 discernens
977 4852 1165 4907 corpus
1191 4836 1423 4892 Domini.
1456 4837 1660 4893 Devoto
1702 4838 1890 4892 animo
1915 4848 1973 4894 et
2001 4851 2125 4894 cum

528 4927 725 4983 timore
775 4929 1145 4984 accedendum
1191 4929 1260 4984 ad
1301 4931 1746 4986 communionem
1791 4931 1982 4997 docet;
2013 4928 2039 4968 δ
2072 4941 2129 4987 ιιι

526 5021 666 5076 sciat
693 5036 850 5076 mens
877 5024 1240 5077 reverentiam
1286 5038 1347 5078 sa
1370 5023 1578 5079 debere
1606 5024 1677 5087 ei,
1720 5023 1789 5078 ad
1818 5023 1972 5093 cuius
1999 5040 2126 5080 cor-

527 5127 626 5180 pus
652 5113 980 5170 sumendum
1009 5114 1241 5170 accedit.
1271 5115 1387 5171 Hoc
1416 5115 1560 5170 enim
1591 5116 1732 5186 apud
1761 5131 1823 5172 se
1848 5116 2013 5172 debet
2037 5116 2127 5188 ju-

527 5208 745 5275 dicare;
777 5209 902 5281 qttia
945 5209 1211 5265 Dominus
1259 5218 1379 5278 est,
1412 5211 1569 5281 cujus
1598 5213 1649 5267 in
1697 5213 1960 5285 mysterio
2000 5227 2125 5268 san-

520 5302 736 5370 guinem
765 5313 936 5374 potat,
969 5303 1060 5374 qui
1102 5304 1258 5360 testis
1290 5311 1374 5359 est
1394 5304 1646 5360 beneﬁcii
1677 5305 1797 5360 Dei.
1828 5305 1998 5372 Quem
2025 5316 2127 5360 uos

521 5397 568 5450 si
612 5411 736 5452 cum
781 5397 1074 5468 disciplina
1099 5397 1476 5469 accipiamus,
1523 5415 1633 5455 non
1664 5401 1871 5456 erimus
1915 5400 2125 5471 indigni

598 5563 621 5588 ³
654 5552 750 5608 Ms.
785 5554 970 5621 Corln,
996 5553 1321 5625 significans,
1345 5562 1391 5608 et
1418 5554 1552 5622 quod
1573 5571 1750 5609 sumus
1770 5572 1961 5610 novum
1987 5554 2115 5610 Teso

524 5637 804 5694 tomentum
830 5627 884 5679 in
915 5627 996 5680 itis
1021 5630 1312 5689 consecuti,
1343 5626 1498 5694 quod,
1531 5636 1635 5680 etc.

597 5699 623 5738 ι)
649 5693 903 5752 Nonnulli
952 5712 1120 5765 mss.,
1170 5699 1381 5754 calicem
1414 5698 1688 5768 mysticum
1723 5697 1790 5750 ad
1821 5697 2123 5760 tuitionem;

524 5786 664 5828 unus
691 5815 704 5840 ,
752 5772 820 5828 ad
862 5771 1183 5828 tinctionem.

2231 4651 2324 4707 bet
2367 4650 2578 4713 videri;
2629 4646 2722 4702 ille
2771 4645 2920 4702 enim
2975 4643 3150 4699 forma
3205 4651 3262 4696 et
3315 4644 3496 4711 imago
3548 4638 3674 4710 legis
3723 4629 3799 4686 Dei

2231 4755 2312 4802 est
2335 4781 2350 4812 ,
2392 4746 2445 4800 in
2471 4743 2628 4815 cujus
2653 4741 2758 4796 tide
2791 4749 2850 4796 et
2875 4737 3294 4794 conversatione
3321 4735 3600 4806 Evangelii
3630 4725 3800 4787 veritas

2231 4839 2396 4894 lucet.

2303 4931 2485 5004 (Vers.
2532 4929 2613 5000 ὅ.)
2650 4927 2874 5000 Propter
2901 4925 3043 4997 quod
3073 4934 3256 4980 notum
3289 4922 3430 4976 vobis
3473 4921 3644 4992 facio,
3687 4909 3796 4986 qlod

2231 5039 2379 5078 uento
2410 5023 2465 5077 in
2502 5020 2705 5093 Spiritu
2745 5018 2845 5074 Dei
2887 5019 3132 5090 loquens,
3179 5015 3309 5070 dicit
3337 5013 3612 5069 anathema
3653 5008 3795 5063 Iesu:

2233 5130 2279 5172 et
2327 5132 2474 5171 nemo
2515 5123 2680 5185 potest
2710 5113 2883 5168 dicere
2926 5110 3207 5166 Dominum
3242 5108 3453 5170 letum,
3487 5106 3586 5160 nisi
3613 5107 3659 5157 in
3695 5096 3795 5168 Spi-

2233 5212 2337 5264 ritu
2350 5217 2547 5264 sancto.
2568 5208 2836 5275 Quoniam
2857 5207 3126 5262 rationem
3149 5201 3472 5274 spiritalium
3497 5201 3790 5268 ignorantes,

2236 5321 2331 5376 per
2376 5303 2587 5374 singula
2641 5302 2980 5358 charismata
3033 5297 3349 5354 hominibus
3405 5294 3615 5365 potius,
3665 5296 3793 5358 quam

2241 5400 2349 5456 Deo
2397 5397 2602 5454 dabant
2650 5396 2910 5468 gloriam,
2961 5408 3070 5450 non
3129 5390 3364 5448 assecuti
3416 5404 3514 5458 per
3570 5382 3790 5457 Spiritum

2304 5566 2325 5594 ε
2353 5555 2514 5610 Rom.
2549 5554 2682 5610 edit.
2704 5593 2720 5621 ,
2745 5553 2944 5608 occisus
2973 5563 3044 5608 est
3065 5553 3202 5608 enim
3229 5549 3291 5604 ab
3316 5549 3405 5603 iis.

2301 5623 2327 5663 ἀ
2358 5628 2450 5682 lvo
2473 5624 2639 5682 Cara.
2663 5661 2678 5692 ,
2707 5618 2770 5679 'ut
2799 5627 2962 5680 sciant
2982 5641 3161 5680 attines
3181 5663 3196 5679 .
3223 5662 3237 5676 .
3264 5662 3279 5676 .
3309 5618 3574 5674 accedant.

2307 5707 2330 5734 ε
2363 5700 2488 5752 Mss.
2526 5691 2777 5772 Aliquot,
2807 5698 2976 5772 gratia
2997 5698 3135 5753 enim
3163 5691 3434 5750 videbitur.
