3978 6310
118 208 238 264 243

936 207 1433 273 COMMENTARIA
1472 209 1538 266 IN
1580 207 1795 268 EPIST.
1837 209 1930 266 AD
1955 207 2280 268 CORINTH.
2323 212 2614 270 PRIMAM.

3337 215 3446 272 246

119 333 390 378 Sanctum
424 333 450 362 ³
480 325 583 382 hoc
611 325 808 382 donum
841 325 1130 380 ministrari
1159 343 1171 377 :
1203 333 1258 378 ct
1285 324 1408 394 quia
1440 323 1532 392 qui
1557 324 1737 379 Douti-
1766 327 1818 388 Α
1844 325 2246 380 ministeriorum
2292 336 2432 380 sunt.
2480 325 2583 380 Per
2622 327 2875 384 eumdem
2927 327 3190 398 Spiritum
3228 328 3450 386 diversa

121 435 262 473 num
296 419 493 477 Jesum
526 431 710 485 vocat,
738 435 841 475 non
873 420 990 476 sine
1012 419 1212 489 Spirittt
1235 429 1424 474 sancto
1455 419 1555 473 hoc
1576 419 1736 482 dicit;

122 512 303 570 habet
326 513 473 569 enim
503 514 730 584 gratiam
760 514 811 568 in
842 528 909 569 eo
935 514 1050 582 ipso
1083 511 1206 567 ﬁdei
1233 527 1353 568 suae
1383 520 1604 581 propter
1624 512 1740 581 glo-

120 607 269 663 riam
322 606 566 662 nominis
603 608 838 671 Christi;
891 623 997 662 nnn
1027 608 1169 660 cuitu
1208 606 1328 660 sine
1355 605 1498 659 dono
1536 604 1628 659 Dei
1658 613 1742 660 est

121 698 428 756 Dominum
459 700 641 755 dicere
669 699 850 754 Jesum
881 717 894 753 :
927 714 990 752 ac
1019 713 1113 767 per
1145 696 1248 753 hoc
1274 696 1515 752 ostendit
1546 696 1654 752 illis
1687 696 1738 751 in

120 792 395 848 omnibus
441 793 534 847 Dei
582 807 704 848 esse
751 791 967 846 laudem
1019 799 1074 846 ct
1119 791 1382 863 gratiam;
1426 791 1552 860 quia
1601 793 1742 845 sicut

120 884 406 940 idolorum
433 886 611 957 imago
639 886 690 940 iu
722 884 984 940 ministris
1011 883 1128 954 ejus
1155 892 1239 938 est
1260 925 1275 950 ,
1308 882 1556 939 ordinem
1581 898 1738 939 suum

120 981 341 1036 habens
378 996 471 1049 per
515 981 762 1050 singulos
792 979 1019 1050 gradus,
1067 989 1237 1034 totum
1274 988 1453 1036 tamen
1503 979 1742 1035 hominis

119 1082 249 1130 est:
283 1071 361 1128 ita
411 1083 467 1127 et
515 1072 569 1127 in
625 1076 744 1144 lege
787 1073 1060 1129 Dotninica
1104 1072 1304 1143 gradus
1351 1072 1740 1127 charismatum

122 1177 259 1221 sunt
297 1164 497 1220 ciliciis
536 1165 831 1231 Ecclesia),
867 1180 973 1219 non
1023 1163 1206 1233 utique
1239 1165 1448 1221 meritis
1488 1163 1741 1220 humanis

121 1256 326 1314 indulti
361 1274 374 1324 ;
417 1257 513 1312 sed
547 1267 604 1312 ut
637 1257 879 1312 membra
927 1257 992 1311 ad
1036 1256 1450 1313 aediﬁcationem
1483 1255 1743 1312 Ecclesiae

123 1353 461 1422 pertinentia
489 1393 502 1418 ,
543 1367 666 1423 qua:
705 1367 801 1422 per
845 1366 904 1407 se
954 1361 1008 1407 et
1037 1353 1087 1406 iu
1139 1366 1200 1406 se
1228 1350 1432 1406 habent
1471 1350 1739 1422 gloriam,

122 1447 267 1502 sicut
295 1456 384 1501 est
404 1447 567 1502 etiam
594 1446 646 1500 in
676 1445 926 1502 humanis
946 1445 1160 1503 otﬁciis.
1185 1444 1401 1502 Schula:
1426 1446 1570 1501 enim
1593 1457 1741 1512 sunt,

125 1555 246 1611 qum
281 1541 475 1611 positis
505 1540 556 1595 in
590 1553 651 1595 se
678 1539 806 1594 dant
832 1539 1183 1610 dignitatem;
1219 1550 1276 1596 ut
1305 1541 1406 1596 loci
1441 1541 1616 1596 honor
1647 1540 1738 1596 ho—

129 1635 333 1689 minem
373 1633 534 1688 faciat
565 1633 885 1702 gloriosum,
916 1649 1021 1688 non
1055 1633 1272 1703 propria
1295 1633 1433 1688 laus.
1463 1631 1556 1687 Ait
1578 1649 1736 1703 ergo;

1843 417 1981 471 dona
2010 417 2140 473 dicit
2168 420 2432 488 prtestari.
2467 417 2617 474 Idem
2640 438 2756 476 raro
2777 421 3049 478 Dominus.
3077 422 3145 477 Et
3166 423 3446 481 divisiones

1842 510 2204 580 operationmn
2260 521 2401 566 sunt.
2442 511 2629 582 .Iungit
2683 528 2825 570 nunc
2883 516 3158 570 Christum
3211 516 3441 586 Spiritui

1843 613 2056 660 sancto.
2083 601 2231 660 Idem
2258 613 2432 658 autent
2460 604 2597 658 Deus
2615 646 2628 668 ,
2657 608 2749 676 qui
2777 619 3022 676 operatur
3041 609 3214 663 omnia
3246 610 3299 664 in
3326 625 3446 664 ont-

1844 697 2018 752 nibus.
2052 697 2106 752 lu
2139 707 2347 753 tantum
2380 716 2484 752 non
2517 701 2619 753 hoc
2652 699 2962 757 hominibus
2992 703 3265 770 dandum,
3289 703 3445 775 quasi

1847 790 2123 860 proprium
2153 791 2258 858 sit,
2298 790 2392 847 sed
2423 791 2525 846 soli
2554 791 2667 846 Deo
2695 794 2922 860 asserit;
2957 804 3015 850 ut
3053 796 3217 851 etiam
3244 797 3448 853 donum

1846 882 2081 954 Spiritus
2120 886 2328 949 sancti,
2373 895 2426 940 et
2455 885 2686 956 gratiam
2723 886 2934 942 Domini
2981 888 3110 944 Jesu
3159 891 3318 946 unius
3351 891 3448 946 Dei

1844 976 1989 1032 dicat
2029 979 2441 1050 operationem;
2481 995 2550 1036 ne
2586 981 2758 1050 gratia
2801 993 2856 1036 et
2884 983 3086 1037 donum
3119 984 3352 1040 divisum
3383 988 3456 1041 sit

1846 1082 2069 1144 propter
2118 1088 2377 1143 personas
2410 1072 2592 1128 Patris
2620 1082 2677 1129 et
2724 1072 2846 1128 Filii
2877 1083 2931 1128 et
2960 1075 3196 1144 Spiritus
3231 1078 3400 1132 sancti
3438 1097 3452 1134 :

1846 1166 1938 1221 sed
1971 1166 2277 1223 indiscreta!
2313 1177 2334 1203 ε
2369 1168 2590 1222 unitatis
2616 1175 2673 1222 et
2702 1175 2907 1222 naturtc
2931 1168 3092 1223 trium
3123 1185 3290 1224 unum
3317 1186 3457 1241 opus

1846 1258 2200 1329 intelligatur,
2231 1266 2288 1313 ut
2315 1257 2384 1313 ad
2437 1274 2601 1314 unum
2633 1274 2850 1315 onmem
2890 1259 3122 1330 gloriam
3154 1262 3366 1334 redigat
3401 1273 3458 1318 et

1844 1351 2203 1407 divinitatem.
2251 1349 2542 1407 Divis-ianos
2569 1361 2742 1407 autem
2774 1354 3062 1424 gratiarum
3087 1364 3210 1410 sunt
3251 1355 3454 1412 ofﬁciis

1847 1446 2138 1514 Ecclesia},
2195 1463 2301 1502 non
2352 1446 2604 1503 humanis
2636 1449 2846 1504 meritis
2870 1448 3163 1518 deputatae.
3199 1451 3255 1506 Si
3307 1452 3454 1507 enim

1847 1539 2085 1610 Spiritus
2109 1551 2331 1597 sanctus
2356 1541 2498 1597 idem
2522 1542 2788 1598 Dominus
2809 1553 2919 1609 est;
2949 1553 3004 1600 et
3024 1545 3284 1600 Dominus
3309 1545 3453 1601 idem

1847 1633 1990 1690 Deus
2017 1643 2133 1700 est,
2158 1644 2208 1690 et
2239 1645 2349 1691 tres
2379 1651 2518 1692 unus
2553 1636 2698 1692 Deus
2727 1647 2843 1704 est;
2885 1653 3008 1692 cum
3039 1638 3187 1693 enim
3220 1637 3458 1709 Spiritus

136 1728 302 1784 Nemo
337 1728 391 1781 in
424 1727 631 1798 Spiritu
670 1727 770 1782 Dei
809 1727 1057 1798 loquens,
1107 1728 1230 1781 dicit
1261 1725 1538 1782 anathema
1582 1724 1730 1782 Jeiu.
1766 1729 1813 1789 B
1840 1729 2011 1784 sancti
2059 1728 2267 1799 gloria,
2322 1737 2378 1786 et
2425 1739 2700 1800 potestas,
2751 1743 2806 1788 et
2849 1741 3046 1788 natura
3093 1733 3190 1788 Dei
3244 1743 3359 1798 est,
3403 1744 3460 1789 ct

133 1821 250 1878 Vox
305 1821 453 1876 enim
489 1837 611 1892 quae
655 1819 786 1875 dicit
837 1819 1127 1875 anathema
1177 1818 1343 1887 Jesu,
1382 1818 1621 1874 buntano
1658 1827 1747 1875 est

131 1913 161 1952 δ
185 1929 375 1969 errore
407 1914 657 1984 prolata;
709 1911 970 1982 quidquid
1001 1911 1145 1966 enim
1187 1910 1378 1966 falsum
1407 1921 1521 1977 est,
1555 1911 1622 1966 ab
1653 1911 1747 1967 lto-

137 2011 279 2066 mine
298 2019 404 2064 est.
431 2007 499 2063 Et
526 2025 672 2063 nemo
701 2018 862 2080 potest
891 2008 1062 2063 dicere
1091 2006 1373 2064 Dominum
1402 2007 1586 2064 Jesum
1605 2050 1620 2078 ,
1648 2010 1748 2065 nisi

141 2105 191 2157 in
220 2101 421 2172 Spiritu
463 2113 666 2159 sancto.
715 2102 927 2158 Dictum
975 2103 1117 2158 enim
1151 2104 1362 2173 ipsum,
1406 2119 1513 2174 quo
1536 2104 1746 2176 signiﬁ-

147 2206 292 2252 catur
320 2197 582 2254 Dominus
609 2198 768 2254 Jesus
789 2240 804 2263 ,
842 2213 948 2254 non
982 2198 1052 2253 ab
1081 2197 1396 2255 adulatione
1428 2198 1743 2268 hominum,

155 2289 285 2344 sicut
311 2300 361 2346 et
389 2289 532 2345 idola
581 2291 654 2345 dii
695 2301 981 2359 vocantur,
1021 2291 1116 2346 sed
1159 2291 1399 2362 Spiritus
1439 2296 1612 2350 sancti
1649 2309 1744 2350 ve-

158 2385 308 2438 ritate
342 2383 615 2454 profusum
658 2393 776 2451 est;
823 2385 1082 2457 quidquid
1127 2387 1272 2442 enim
1323 2402 1508 2442 verum
1551 2403 1580 2441 a
1607 2403 1746 2459 quo-

157 2493 371 2549 cumque
415 2479 636 2547 dicitur,
681 2495 712 2534 a
745 2489 934 2534 sancto
965 2479 1166 2536 dicitur
1214 2481 1438 2552 Spiritu.
1493 2481 1570 2538 Ne
1616 2497 1748 2552 ergo

153 2571 419 2626 homirnam
451 2573 690 2628 favorem
717 2574 1097 2629 existimarent
1129 2575 1180 2630 in
1216 2577 1399 2647 regula
1423 2575 1744 2641 christiana,

151 2675 200 2720 et
225 2674 444 2737 propter
473 2665 578 2722 hoc
607 2681 666 2722 se
692 2668 844 2738 argui
879 2667 1105 2723 minime
1137 2677 1472 2738 paterentur,
1502 2671 1640 2725 sicut
1664 2677 1750 2724 est

149 2769 199 2813 et
237 2759 286 2813 in
327 2760 637 2816 simulacris
673 2772 694 2800 ο
730 2761 931 2832 (homo
975 2764 1118 2818 enim
1169 2761 1475 2832 adinveuit,
1507 2771 1568 2818 ut
1607 2763 1746 2819 Deus

149 2853 364 2922 dicatur,
397 2855 494 2925 qui
545 2871 652 2912 nim
685 2864 805 2922 est;
839 2871 903 2910 ac
947 2871 1042 2927 per
1073 2856 1176 2913 hoc
1212 2855 1440 2926 subjecti
1496 2863 1624 2910 sunt
1651 2871 1748 2910 an-

150 2949 333 3004 tistites
375 2947 538 3018 illis);
566 2948 808 3004 ostendit
859 2948 1004 3006 enim
1046 2949 1125 3004 eis
1171 2948 1377 3004 nullum
1421 2947 1744 3004 beneficium

149 3057 261 3098 esse
303 3042 598 3098 humanum
643 3042 695 3096 in
721 3057 820 3109 eo,
849 3043 972 3097 cum
1005 3041 1205 3096 dicitur
1247 3040 1510 3096 Dominus
1541 3039 1699 3095 Jesus
1731 3057 1744 3094 :

1850 1822 2110 1878 Dominus
2148 1822 2307 1878 Jesus
2343 1823 2483 1878 idem
2529 1831 2614 1880 est
2656 1824 2710 1879 in
2752 1834 2946 1880 natura
2977 1826 3122 1895 quod
3164 1826 3308 1882 Dens
3327 1835 3416 1882 est
3442 1868 3457 1892 ,

1849 1929 1988 1971 unus
2017 1915 2202 1986 utique
2234 1916 2472 1984 Spiritus
2502 1924 2728 1973 sanctus
2749 1959 2763 1984 ,
2802 1927 2856 1974 et
2897 1918 3162 1976 Dominus
3181 1919 3373 1986 Jcsus,
3404 1932 3456 1975 et

1849 2007 2009 2064 Pater
2039 2008 2184 2064 Deus
2226 2015 2332 2064 est.
2372 2009 2437 2064 Et
2459 2008 2656 2080 singuli
2695 2011 2840 2066 enim
2877 2011 3017 2066 Deus
3045 2027 3219 2078 unus,
3261 2022 3318 2068 et
3350 2021 3462 2068 tres

1851 2101 1992 2156 Dens
2023 2118 2180 2158 unus.
2229 2101 2474 2174 Denique
2503 2112 2769 2172 operante
2799 2118 2936 2168 uno,
2973 2112 3086 2160 tres
3125 2107 3343 2176 operari
3371 2104 3457 2159 di-

1849 2205 2079 2261 cuntur;
2113 2205 2170 2250 ut
2199 2195 2484 2254 Trinitatis
2509 2196 2830 2266 mysterium
2869 2196 2925 2252 in
2957 2198 3120 2252 unius
3145 2196 3243 2254 Dei
3265 2208 3458 2254 natura

1849 2297 1903 2344 et
1929 2299 2200 2360 potestate
2228 2289 2537 2356 claudatur,
2565 2304 2688 2345 cum
2715 2290 2788 2344 sit
2813 2290 3166 2346 immensum.

1920 2381 2104 2452 (Vers.
2137 2383 2217 2455 7.)
2250 2382 2541 2452 Unicuique
2566 2392 2738 2437 autent
2769 2381 2925 2435 datur
2952 2383 3303 2454 manifestatio
3333 2382 3460 2452 Spi-

1850 2478 1982 2530 ritus
2009 2477 2079 2529 ad
2121 2476 2418 2531 utilitatem.
2465 2474 2578 2530 Hoc
2609 2485 2720 2540 est,
2756 2473 2961 2530 donum
3006 2475 3236 2546 accipit,
3290 2484 3350 2529 ut
3378 2479 3461 2528 di-

1850 2571 1990 2626 vinis
2022 2571 2338 2626 retinaculis
2381 2571 2545 2626 vitam
2585 2586 2738 2626 suam
2786 2571 3132 2642 gubernans,
3183 2579 3241 2627 et
3266 2571 3372 2628 sibi
3406 2583 3463 2627 et

1851 2662 1972 2719 aliis
2001 2663 2149 2718 utilis
2175 2665 2278 2731 sit,
2311 2664 2439 2718 dum
2483 2663 2795 2734 exemplum
2837 2666 2994 2720 bona:
3022 2665 3458 2722 conversationis

1847 2757 2108 2820 ostendit.

1921 2851 2108 2922 (Vers.
2137 2849 2218 2922 8.)
2249 2849 2468 2907 Cuidant
2504 2852 2642 2907 enim
2683 2853 2840 2908 datur
2871 2867 2964 2924 per
2994 2851 3256 2923 Spiritum
3291 2869 3458 2908 sermo

1848 2945 2139 3018 sapientiae.
2172 2944 2225 2999 Id
2251 2953 2370 3012 est,
2396 2945 2555 3000 datur
2579 2945 2653 3000 illi
2679 2945 2968 3016 prudentia
2999 2961 3109 3001 non
3137 2961 3206 3003 ex
3237 2946 3457 3010 litteris.

1848 3041 1945 3099 sed
1971 3054 2200 3097 corusco
2241 3037 2481 3109 Spiritus
2507 3039 2680 3095 sancti
2706 3039 2864 3110 igne;
2894 3051 2954 3094 ut
2983 3055 3081 3095 cor
3105 3039 3306 3096 habeat
3338 3040 3460 3095 illu-

148 3137 235 3191 sed
261 3137 434 3206 magis
463 3137 662 3191 donum
712 3136 840 3204 Dei,
875 3136 965 3206 qui
1009 3135 1260 3206 dignatus
1301 3145 1384 3191 est
1425 3134 1742 3206 mysterium
1774 3121 1818 3185 C
1851 3138 2116 3194 minatum
2138 3176 2153 3202 ,
2185 3143 2240 3190 et
2279 3135 2351 3189 sit
2373 3133 2611 3204 prudens
2636 3175 2651 3200 ,
2699 3144 2755 3189 ut
2783 3134 3064 3191 discernat
3094 3149 3216 3205 quae
3242 3133 3460 3190 vitanda

149 3244 293 3282 suum
352 3228 512 3302 151
570 3227 879 3283 hominibus
936 3229 1239 3284 declarare.
1298 3227 1510 3283 Etenim
1561 3226 1588 3264 ει
1632 3228 1746 3298 ipsa

152 3319 408 3388 professio
461 3319 837 3376 remissionem
881 3319 1110 3391 acquirit
1165 3333 1550 3391 peccatorum,
1607 3319 1748 3376 sicut

152 3425 430 3487 exaggerat
456 3413 660 3470 dicatiu
693 3414 980 3470 idolorum.
1012 3415 1180 3470 Docet
1205 3431 1338 3486 ergo
1363 3430 1456 3469 eos
1485 3415 1608 3486 quia
1639 3432 1745 3472 nou

78 3572 85 3578 .
153 3519 402 3576 prmazant
444 3507 695 3578 religioni
738 3507 1096 3576 beneﬁcium,
1143 3508 1426 3565 dicentes;
1467 3507 1749 3564 Demittunt

152 3596 352 3669 Iesum,
404 3600 506 3657 sed
537 3601 842 3671 accipiunt;
872 3616 939 3656 ne
970 3617 1121 3657 more
1169 3600 1436 3657 idolorum
1468 3601 1747 3656 hominum

153 3703 400 3763 putarent
427 3694 658 3765 gratiam
701 3710 822 3748 csse
856 3696 907 3748 in
943 3694 1063 3764 lege
1096 3693 1340 3758 Domini,
1369 3693 1494 3748 dum
1526 3702 1750 3749 vocatur

159 3788 317 3855 Deus,
362 3790 454 3859 qui
506 3804 612 3844 non
659 3797 764 3844 est.
799 3788 1046 3859 Denique
1079 3804 1183 3844 non
1235 3788 1602 3858 intelligentes
1653 3787 1748 3844 Dei

155 3879 344 3936 donum
392 3897 518 3938 esse
566 3881 618 3936 in
652 3881 792 3948 ﬁde;
836 3881 1038 3952 singuli
1071 3881 1312 3952 singulos
1351 3880 1449 3935 sibi
1501 3880 1750 3937 homines

155 3973 495 4044 delegerant,
541 3991 674 4047 quos
713 3984 1102 4047 sequerentur,
1149 3974 1392 4030 dicentes
1424 3989 1437 4027 :
1468 3970 1584 4043 Ego
1634 3989 1750 4027 sum

159 4065 340 4136 Pauli,
387 4085 485 4140 ego
530 4085 644 4124 vero
693 4069 883 4137 Apollo
914 4064 1122 4139 (lCor.
1171 4083 1221 4131 ι,
1270 4064 1379 4138 4‘2).
1426 4063 1748 4136 Superbiam

159 4176 278 4229 ergo
311 4161 524 4219 illorum
569 4161 857 4228 humiliat;
905 4172 961 4216 ut
996 4161 1269 4230 patiantur
1294 4173 1353 4213 se
1380 4200 1394 4225 ,
1426 4159 1569 4214 sicut
1607 4156 1746 4224 dixi,

161 4259 322 4326 argui.

226 4349 402 4420 (νει-ς.
437 4347 519 4421 4.)
553 4347 843 4404 Dirisioues
868 4363 984 4402 t-ero
1015 4347 1300 4417 gratiarum
1331 4353 1469 4398 sunt.
1509 4342 1622 4397 Non
1650 4341 1750 4397 hoc

163 4440 398 4500 Immanis
427 4442 638 4498 meritis
668 4443 783 4498 vult
817 4443 1048 4509 ascribi,
1079 4443 1172 4498 scd
1201 4443 1335 4513 grati
1357 4461 1385 4496 c
1423 4443 1513 4498 Dei
1546 4442 1610 4495 ad
1649 4442 1746 4496 ho-

1851 3238 2002 3294 sunt,
2032 3243 2221 3299 quaeve
2258 3226 2554 3298 sequenda.
2597 3226 2702 3281 Alii
2746 3243 2865 3281 vero
2896 3242 3065 3280 sermo
3105 3226 3336 3281 scientiae
3379 3241 3460 3280 se-

1851 3323 2073 3377 cundum
2106 3321 2340 3376 eumdem
2367 3322 2607 3390 spiritum
2634 3337 2654 3374 :
2689 3320 2792 3377 hoc
2815 3331 2896 3376 est
2915 3362 2930 3387 ,
2963 3330 3022 3376 ut
3052 3319 3251 3377 habeat
3276 3319 3461 3376 scien-

1854 3421 1980 3474 tiam
2014 3433 2198 3474 rcrum
2225 3417 2557 3474 divinarum.
2587 3417 2692 3471 Atii
2720 3417 2892 3488 gratia
2921 3417 3251 3471 curationum
3271 3416 3328 3469 in
3357 3431 3460 3468 uno

1853 3513 2058 3585 Spiritu
2087 3528 2106 3568 .'
2133 3509 2188 3569 id
2233 3519 2347 3577 est,
2400 3518 2458 3566 ut
2502 3507 2769 3564 medelam
2809 3506 3015 3564 tribuat
3059 3507 3329 3574 inﬁrmis,
3373 3506 3458 3562 vel

1853 3609 2034 3679 trgris.

1925 3699 2104 3769 (Vcrs.
2137 3699 2169 3754 9
2192 3739 2205 3764 ,
2255 3695 2364 3767 10.)
2396 3696 2499 3750 Alii
2529 3695 2658 3764 ﬁdes
2686 3695 2739 3748 in
2762 3693 2940 3747 eodem
2971 3691 3195 3761 Spiritu.
3231 3690 3346 3746 Hoc
3373 3690 3460 3744 di-

1853 3793 1959 3856 cit,
1991 3799 2049 3846 ut
2093 3791 2214 3845 ﬁdei
2246 3787 2564 3860 proﬁtenda:
2592 3801 2655 3841 ac
2681 3783 3056 3851 vindicandae,
3092 3796 3278 3853 pressa
3310 3797 3466 3837 vere-

1854 3886 2082 3950 cundia,
2129 3883 2359 3952 accipiat
2389 3879 2726 3936 facultatem.
2777 3876 2880 3932 Alii
2918 3875 3150 3945 operatio
3186 3873 3458 3928 virtutum.

1855 3978 2184 4033 Potestatem
2235 3973 2351 4029 dari
2400 3969 2671 4042 signiﬁcat
2711 3969 2766 4024 in
2801 3965 3090 4036 ejiciendis
3135 3964 3457 4030 daemoniis,

1852 4080 1946 4124 ant
1971 4067 2138 4137 signis
2180 4065 2459 4122 faciendis.
2492 4063 2598 4118 Alii
2639 4060 2916 4133 prophetia
2945 4075 2964 4113 :
2995 4057 3045 4114 id
3095 4068 3178 4113 est
3200 4097 3214 4121 ,
3243 4065 3302 4113 ut
3331 4055 3459 4130 Spi-

1852 4165 1961 4219 ritu
1991 4169 2182 4217 sancto
2213 4159 2455 4230 repletus
2475 4158 2626 4214 dicat
2655 4156 2860 4212 futura.
2894 4153 2998 4210 Alii
3023 4153 3267 4208 discretio
3296 4152 3459 4221 spiriv

1851 4269 2019 4312 tuum.
2053 4255 2168 4312 Hoc
2191 4254 2357 4320 dicit,
2410 4262 2467 4308 ut
2495 4250 2770 4322 intelligat
2813 4259 2869 4304 et
2903 4247 3140 4320 iudicet,
3190 4245 3336 4316 quod
3371 4245 3459 4299 di-

1852 4353 2019 4418 citur,
2049 4365 2116 4406 an
2140 4348 2379 4419 Spiritus
2405 4347 2579 4403 sancti
2605 4345 2696 4410 sit,
2731 4359 2799 4399 an
2827 4341 3112 4398 mundani.
3135 4341 3243 4396 Alii
3268 4354 3460 4411 genere

1860 4443 1877 4482 ί
1904 4444 2222 4514 linguarum,
2251 4439 2347 4494 alii
2369 4438 2722 4510 interpretatio
2751 4450 3070 4492 sermonum.
3101 4431 3458 4504 Interpretari

163 4537 551 4594 noriﬁcentiam
591 4537 827 4594 nominis
851 4537 998 4608 ejus;
1032 4538 1172 4592 sicut
1196 4537 1340 4592 enim
1373 4537 1460 4607 qui
1491 4537 1619 4594 dicit
1650 4537 1752 4592 Do-
1781 4521 1828 4582 D
1857 4545 1970 4601 est,
2001 4547 2059 4592 ut
2093 4535 2235 4590 dicta
2275 4532 2494 4588 illorum
2519 4572 2533 4597 ,
2562 4531 2653 4600 qui
2701 4527 2902 4598 linguis
2935 4527 3230 4598 loquuntur
3251 4525 3339 4583 vel
3366 4524 3456 4580 lit-

166 4636 356 4687 minnm
383 4632 602 4697 Jesum,
653 4632 704 4686 in
755 4631 960 4701 Spiritu
1015 4640 1204 4686 sancto
1235 4630 1401 4696 dicit,
1449 4631 1625 4702 qualis
1672 4631 1752 4686 vis

167 4725 231 4779 sit
261 4741 275 4780 :
306 4724 379 4781 ita
405 4735 460 4781 et
492 4725 543 4780 in
568 4725 687 4780 loco
715 4725 920 4779 ordinis
947 4724 1111 4780 ofﬁcii
1143 4723 1494 4780 ecclesiastici
1523 4723 1750 4794 positus,

167 4821 382 4888 gratiam
414 4821 606 4886 habet,
641 4819 816 4891 qualis
841 4818 920 4873 vis
947 4819 1056 4872 sit:
1093 4835 1196 4871 non
1229 4817 1413 4888 utique
1446 4819 1749 4888 propriam,

170 4912 257 4967 sed
299 4913 510 4970 ordinis
539 4929 637 4986 per
666 4912 959 4969 efﬁcaciam
992 4911 1230 4981 Spiritus
1277 4912 1475 4966 sancti.
1509 4910 1664 4967 Unde
1701 4920 1757 4968 et

172 5006 300 5062 iuler
350 5007 499 5063 initia
555 5007 689 5063 dicit
730 5023 744 5064 :
811 5005 989 5076 Neque
1027 5007 1114 5076 qui
1164 5006 1364 5078 plantat
1424 5015 1498 5062 est
1527 5006 1754 5076 aliquid,

171 5117 319 5169 neque
338 5104 426 5173 qui
447 5103 581 5175 rigat
607 5102 736 5158 :sed
763 5103 850 5172 qui
870 5102 1238 5157 incrementum
1269 5101 1358 5156 dat
1389 5099 1530 5160 Deut
1567 5101 1607 5172 (Ι
1637 5100 1757 5156 Cor.

172 5208 252 5262 ιιι,
284 5195 366 5266 7).

239 5288 410 5361 (νει-8.
440 5290 503 5355 5,
535 5289 812 5362 6.),Ιάεηι
863 5299 1034 5346 autent
1059 5290 1325 5361 .Spiritus.
1374 5290 1438 5348 Et
1486 5292 1764 5347 divisiones

248 5501 272 5528 α
296 5491 428 5551 Cod.
461 5491 579 5548 Val.
604 5534 618 5558 ,
643 5491 739 5552 hoc
766 5492 960 5546 donum
980 5492 1266 5548 ministrari
1296 5491 1423 5549 Deo.

246 5562 272 5600 δ
303 5563 401 5634 Ms.
424 5565 615 5626 Corb.,
658 5581 830 5618 errore
859 5564 1093 5634 probata.

253 5648 270 5672 τ
307 5633 433 5691 Gill.
463 5635 592 5690 edit.
617 5678 632 5702 ,
661 5635 815 5690 homo
844 5633 978 5690 cnim
1009 5635 1076 5688 ad
1105 5635 1160 5689 id
1194 5635 1344 5690 venit.

244 5703 274 5791 ,δ
303 5705 428 5787 Dss.
478 5707 713 5779 aliquot,
767 5708 879 5780 ipsa
927 5709 1221 5781 confessio;
1270 5704 1462 5773 Cori).,
1504 5706 1619 5776 ipsa
1649 5720 1770 5777 pro-

192 5794 376 5834 ""3810.

1854 4632 1985 4685 teris
2009 4672 2022 4696 ,
2061 4647 2156 4700 per
2184 4629 2386 4682 donum
2420 4626 2514 4680 Dei
2549 4623 2786 4680 ﬁdeliter
2808 4623 3223 4692 interpretetur.

1927 4723 2110 4794 (Vers.
2147 4721 2259 4790 il.)
2297 4719 2486 4774 Omnia
2511 4728 2681 4772 autem
2712 4715 2823 4774 haec
2868 4725 3112 4786 operatur
3141 4730 3275 4770 unus
3308 4723 3466 4786 atque

1857 4817 1992 4872 idem
2043 4814 2307 4887 Spiritus,
2337 4812 2570 4867 dividens
2617 4810 2898 4880 unicuique
2946 4817 3097 4878 prout
3135 4808 3263 4864 vult.
3309 4805 3465 4875 Quid

1859 4908 2116 4980 snperius
2167 4908 2326 4961 trium
2362 4919 2721 4976 personarum
2764 4903 2938 4970 dicit,
2973 4915 3115 4958 nunc
3160 4915 3257 4972 per
3299 4913 3466 4954 unum

1861 5003 2124 5074 Spiritum
2157 5007 2402 5056 sanctum
2432 4998 2515 5068 agi
2567 4997 2887 5067 proﬁtetur;
2937 5005 2997 5050 ut
3025 4995 3146 5064 quia
3179 4992 3336 5048 unius
3373 5005 3471 5045 na-

1860 5108 1994 5152 turtc
2025 5104 2148 5152 sunt
2179 5103 2234 5150 et
2262 5091 2475 5147 virtutis
2496 5132 2510 5158 ,
2535 5090 2679 5162 quod
2704 5105 2843 5146 unus
2864 5093 3142 5158 Operatur,
3170 5092 3470 5154 opt-rentur

1859 5200 1970 5248 tres
1999 5208 2012 5245 :
2041 5204 2177 5244 unus
2221 5197 2400 5242 tamen
2440 5194 2523 5240 est
2577 5182 2756 5247 Deus,
2802 5180 2958 5250 cujus
3002 5175 3174 5248 gratia
3206 5170 3470 5230 dividitur

1865 5284 2090 5356 singulis
2113 5326 2128 5352 ,
2163 5292 2323 5353 prout
2351 5281 2498 5346 vult,
2547 5293 2652 5332 non
2687 5275 2754 5331 ad
2795 5275 2990 5333 merita
3019 5269 3298 5325 hominum
3327 5307 3340 5332 ,
3371 5267 3468 5322 sed

1951 5497 1973 5524 θ
1999 5484 2167 5541 Corb.
2196 5483 2320 5539 cod.
2338 5523 2352 5547 ,
2379 5476 2594 5537 unitatis
2623 5484 2812 5530 natura
2831 5511 2845 5537 ,
2883 5481 2929 5525 et
2955 5470 3110 5525 trium
3317 5487 3472 5547 opus,

1957 5555 1974 5593 τ
2007 5540 2142 5611 Cod.
2168 5540 2405 5610 (ὶυιιιίθι
2429 5551 2591 5610 Vall.,
2626 5547 2938 5614 linguarum,
2969 5556 3144 5614 eorum
3164 5540 3356 5614 scilicet
3385 5545 3474 5612 qui

1880 5647 1970 5702 per
1993 5613 2797 5702 Spir_itus__sanctihmajestatem.
3121 5613 3348 5702 gratiam
3373 5654 3386 5678 ,
3421 5625 3475 5666 ut

1884 5685 2080 5770 possint
2107 5698 2390 5768 intelligere
2415 5685 2732 5747 dicer—sarum
2761 5687 3059 5759 linguarum
3087 5685 3366 5753 eloquium.
