  <div class='ocr_page' id='page_1' title='image "/cluster/home/n/w/nwhite01/storage/ocr_20150623/17/hvd.32044015471329/129.png"; bbox 0 0 3978 6310; ppageno 0'>
   <div class='ocr_carea' id='block_1_1' title="bbox 511 141 3805 222">
    <p class='ocr_par' dir='ltr' id='par_1_1' title="bbox 511 141 3805 222">
     <span class='ocr_line' id='line_1_1' title="bbox 511 141 3805 222; baseline -0.007 0"><span class='ocrx_word' id='word_1_1' title='bbox 511 165 618 222; x_wconf 75' lang='grc'><strong>247</strong></span> <span class='ocrx_word' id='word_1_2' title='bbox 1425 157 1517 212; x_wconf 84' lang='lat' dir='ltr'><strong>AD</strong></span> <span class='ocrx_word' id='word_1_3' title='bbox 1555 153 1788 213; x_wconf 80' lang='lat' dir='ltr'><strong>OPERA</strong></span> <span class='ocrx_word' id='word_1_4' title='bbox 1829 153 2074 210; x_wconf 71' lang='lat' dir='ltr'><strong>SANC’I’I</strong></span> <span class='ocrx_word' id='word_1_5' title='bbox 2115 151 2444 210; x_wconf 76' lang='lat' dir='ltr'><strong>AMBROSII</strong></span> <span class='ocrx_word' id='word_1_6' title='bbox 2483 149 2856 210; x_wconf 74' lang='lat' dir='ltr'><strong>APPENDIX.</strong></span> <span class='ocrx_word' id='word_1_7' title='bbox 3721 141 3805 200; x_wconf 64' lang='lat' dir='ltr'><strong>iis</strong></span> 
     </span>
    </p>
   </div>
   <div class='ocr_carea' id='block_1_2' title="bbox 508 258 3814 351">
    <p class='ocr_par' dir='ltr' id='par_1_2' title="bbox 508 258 3814 351">
     <span class='ocr_line' id='line_1_2' title="bbox 508 258 3814 351; baseline -0.006 -15"><span class='ocrx_word' id='word_1_8' title='bbox 508 280 687 351; x_wconf 80' lang='lat' dir='ltr'><strong>magis</strong></span> <span class='ocrx_word' id='word_1_9' title='bbox 733 277 802 334; x_wconf 88' lang='lat' dir='ltr'><strong>ad</strong></span> <span class='ocrx_word' id='word_1_10' title='bbox 845 276 1262 334; x_wconf 66' lang='lat' dir='ltr'><strong>aediﬁcationem</strong></span> <span class='ocrx_word' id='word_1_11' title='bbox 1309 271 1570 328; x_wconf 62' lang='lat' dir='ltr'><strong>Ecclesiae</strong></span> <span class='ocrx_word' id='word_1_12' title='bbox 1613 285 1756 336; x_wconf 83' lang='lat' dir='ltr'><strong>suae;</strong></span> <span class='ocrx_word' id='word_1_13' title='bbox 1799 279 1859 326; x_wconf 92' lang='lat' dir='ltr'><strong>ut</strong></span> <span class='ocrx_word' id='word_1_14' title='bbox 1888 268 2105 334; x_wconf 87' lang='lat' dir='ltr'><strong>omnia,</strong></span> <span class='ocrx_word' id='word_1_15' title='bbox 2141 277 2186 332; x_wconf 77' lang='grc' dir='ltr'>Α</span> <span class='ocrx_word' id='word_1_16' title='bbox 2217 285 2342 328; x_wconf 90' lang='lat' dir='ltr'><strong>cum</strong></span> <span class='ocrx_word' id='word_1_17' title='bbox 2373 269 2608 325; x_wconf 82' lang='lat' dir='ltr'><strong>invicem</strong></span> <span class='ocrx_word' id='word_1_18' title='bbox 2645 269 2730 326; x_wconf 91' lang='lat' dir='ltr'><strong>sui</strong></span> <span class='ocrx_word' id='word_1_19' title='bbox 2760 275 3000 340; x_wconf 78' lang='lat' dir='ltr'><strong>egeant,</strong></span> <span class='ocrx_word' id='word_1_20' title='bbox 3041 281 3150 322; x_wconf 90' lang='lat' dir='ltr'><strong>non</strong></span> <span class='ocrx_word' id='word_1_21' title='bbox 3195 265 3524 335; x_wconf 85' lang='lat' dir='ltr'><strong>discrepant</strong></span> <span class='ocrx_word' id='word_1_22' title='bbox 3549 259 3604 316; x_wconf 91' lang='lat' dir='ltr'><strong>in</strong></span> <span class='ocrx_word' id='word_1_23' title='bbox 3637 258 3814 317; x_wconf 82' lang='lat' dir='ltr'><strong>unitate</strong></span> 
     </span>
    </p>
   </div>
   <div class='ocr_carea' id='block_1_3' title="bbox 517 355 3816 446">
    <p class='ocr_par' dir='ltr' id='par_1_3' title="bbox 517 355 3816 446">
     <span class='ocr_line' id='line_1_3' title="bbox 517 355 3816 446; baseline -0.006 -16"><span class='ocrx_word' id='word_1_24' title='bbox 517 391 641 446; x_wconf 62' lang='lat' dir='ltr'><strong>quae</strong></span> <span class='ocrx_word' id='word_1_25' title='bbox 665 372 900 428; x_wconf 88' lang='lat' dir='ltr'><strong>mundus</strong></span> <span class='ocrx_word' id='word_1_26' title='bbox 931 369 1134 426; x_wconf 90' lang='lat' dir='ltr'><strong>imitari</strong></span> <span class='ocrx_word' id='word_1_27' title='bbox 1161 369 1272 423; x_wconf 88' lang='lat' dir='ltr'><strong>vult</strong></span> <span class='ocrx_word' id='word_1_28' title='bbox 1292 409 1306 434; x_wconf 93' lang='lat'><strong>,</strong></span> <span class='ocrx_word' id='word_1_29' title='bbox 1336 367 1430 422; x_wconf 88' lang='lat' dir='ltr'><strong>sed</strong></span> <span class='ocrx_word' id='word_1_30' title='bbox 1461 381 1568 421; x_wconf 88' lang='lat' dir='ltr'><strong>non</strong></span> <span class='ocrx_word' id='word_1_31' title='bbox 1610 365 1830 436; x_wconf 90' lang='lat' dir='ltr'><strong>implet,</strong></span> <span class='ocrx_word' id='word_1_32' title='bbox 1860 361 1982 436; x_wconf 89' lang='lat' dir='ltr'><strong>quia</strong></span> <span class='ocrx_word' id='word_1_33' title='bbox 2004 377 2126 418; x_wconf 90' lang='lat' dir='ltr'><strong>car-</strong></span> <span class='ocrx_word' id='word_1_34' title='bbox 2229 373 2472 432; x_wconf 64' lang='lat' dir='ltr'><strong>naturae,</strong></span> <span class='ocrx_word' id='word_1_35' title='bbox 2509 364 2758 434; x_wconf 82' lang='lat' dir='ltr'><strong>quamvis</strong></span> <span class='ocrx_word' id='word_1_36' title='bbox 2801 363 3017 420; x_wconf 89' lang='lat' dir='ltr'><strong>diversa</strong></span> <span class='ocrx_word' id='word_1_37' title='bbox 3045 363 3192 428; x_wconf 90' lang='lat' dir='ltr'><strong>sint;</strong></span> <span class='ocrx_word' id='word_1_38' title='bbox 3241 361 3366 430; x_wconf 86' lang='lat' dir='ltr'><strong>quia</strong></span> <span class='ocrx_word' id='word_1_39' title='bbox 3403 355 3702 414; x_wconf 70' lang='lat' dir='ltr'><strong>diversitas</strong></span> <span class='ocrx_word' id='word_1_40' title='bbox 3725 355 3816 409; x_wconf 67' lang='lat' dir='ltr'><strong>haec</strong></span> 
     </span>
    </p>
   </div>
   <div class='ocr_carea' id='block_1_4' title="bbox 515 450 3816 532">
    <p class='ocr_par' dir='ltr' id='par_1_4' title="bbox 515 450 3816 532">
     <span class='ocr_line' id='line_1_4' title="bbox 515 450 3816 532; baseline -0.006 -8"><span class='ocrx_word' id='word_1_41' title='bbox 515 467 658 524; x_wconf 88' lang='lat' dir='ltr'><strong>nalis</strong></span> <span class='ocrx_word' id='word_1_42' title='bbox 680 475 798 532; x_wconf 86' lang='lat' dir='ltr'><strong>est;</strong></span> <span class='ocrx_word' id='word_1_43' title='bbox 831 465 946 519; x_wconf 70' lang='lat' dir='ltr'><strong>haec</strong></span> <span class='ocrx_word' id='word_1_44' title='bbox 973 463 1028 518; x_wconf 91' lang='lat' dir='ltr'><strong>in</strong></span> <span class='ocrx_word' id='word_1_45' title='bbox 1053 461 1316 528; x_wconf 83' lang='lat' dir='ltr'><strong>Ecclesia,</strong></span> <span class='ocrx_word' id='word_1_46' title='bbox 1337 476 1458 532; x_wconf 73' lang='lat' dir='ltr'><strong>quate</strong></span> <span class='ocrx_word' id='word_1_47' title='bbox 1474 459 1671 514; x_wconf 86' lang='lat' dir='ltr'><strong>domus</strong></span> <span class='ocrx_word' id='word_1_48' title='bbox 1695 458 1792 512; x_wconf 87' lang='lat' dir='ltr'><strong>Dei</strong></span> <span class='ocrx_word' id='word_1_49' title='bbox 1812 465 1917 524; x_wconf 90' lang='lat' dir='ltr'><strong>est,</strong></span> <span class='ocrx_word' id='word_1_50' title='bbox 1941 457 2124 526; x_wconf 85' lang='lat' dir='ltr'><strong>singu-</strong></span> <span class='ocrx_word' id='word_1_51' title='bbox 2229 457 2282 512; x_wconf 90' lang='lat' dir='ltr'><strong>in</strong></span> <span class='ocrx_word' id='word_1_52' title='bbox 2315 473 2480 512; x_wconf 87' lang='lat' dir='ltr'><strong>unum</strong></span> <span class='ocrx_word' id='word_1_53' title='bbox 2523 458 2835 524; x_wconf 76' lang='lat' dir='ltr'><strong>concurrit,</strong></span> <span class='ocrx_word' id='word_1_54' title='bbox 2883 465 2942 511; x_wconf 92' lang='lat' dir='ltr'><strong>ut</strong></span> <span class='ocrx_word' id='word_1_55' title='bbox 2979 455 3228 526; x_wconf 86' lang='lat' dir='ltr'><strong>corporis</strong></span> <span class='ocrx_word' id='word_1_56' title='bbox 3269 453 3484 510; x_wconf 75' lang='lat' dir='ltr'><strong>utilitas</strong></span> <span class='ocrx_word' id='word_1_57' title='bbox 3531 450 3816 520; x_wconf 76' lang='lat' dir='ltr'><strong>expleatur,</strong></span> 
     </span>
    </p>
   </div>
   <div class='ocr_carea' id='block_1_5' title="bbox 513 545 3816 626">
    <p class='ocr_par' dir='ltr' id='par_1_5' title="bbox 513 545 3816 626">
     <span class='ocr_line' id='line_1_5' title="bbox 513 545 3816 626; baseline -0.005 -12"><span class='ocrx_word' id='word_1_58' title='bbox 513 561 696 616; x_wconf 91' lang='lat' dir='ltr'><strong>lorum</strong></span> <span class='ocrx_word' id='word_1_59' title='bbox 729 557 927 614; x_wconf 89' lang='lat' dir='ltr'><strong>ofﬁciis</strong></span> <span class='ocrx_word' id='word_1_60' title='bbox 965 567 1022 614; x_wconf 85' lang='lat' dir='ltr'><strong>et</strong></span> <span class='ocrx_word' id='word_1_61' title='bbox 1050 556 1195 612; x_wconf 88' lang='lat' dir='ltr'><strong>dono</strong></span> <span class='ocrx_word' id='word_1_62' title='bbox 1220 564 1276 611; x_wconf 90' lang='lat' dir='ltr'><strong>ct</strong></span> <span class='ocrx_word' id='word_1_63' title='bbox 1313 554 1628 626; x_wconf 76' lang='lat' dir='ltr'><strong>magisterio</strong></span> <span class='ocrx_word' id='word_1_64' title='bbox 1677 553 1914 624; x_wconf 75' lang='lat' dir='ltr'><strong>Spiritus</strong></span> <span class='ocrx_word' id='word_1_65' title='bbox 1953 553 2126 607; x_wconf 89' lang='lat' dir='ltr'><strong>sancti</strong></span> <span class='ocrx_word' id='word_1_66' title='bbox 2227 554 2370 608; x_wconf 86' lang='lat' dir='ltr'><strong>sicut</strong></span> <span class='ocrx_word' id='word_1_67' title='bbox 2390 561 2444 609; x_wconf 89' lang='lat' dir='ltr'><strong>et</strong></span> <span class='ocrx_word' id='word_1_68' title='bbox 2466 569 2528 608; x_wconf 87' lang='lat' dir='ltr'><strong>ea</strong></span> <span class='ocrx_word' id='word_1_69' title='bbox 2557 555 2756 624; x_wconf 78' lang='lat' dir='ltr'><strong>quibus</strong></span> <span class='ocrx_word' id='word_1_70' title='bbox 2783 551 3018 608; x_wconf 89' lang='lat' dir='ltr'><strong>mundus</strong></span> <span class='ocrx_word' id='word_1_71' title='bbox 3041 551 3156 622; x_wconf 91' lang='lat' dir='ltr'><strong>ipse</strong></span> <span class='ocrx_word' id='word_1_72' title='bbox 3173 558 3420 612; x_wconf 77' lang='lat' dir='ltr'><strong>consmt,</strong></span> <span class='ocrx_word' id='word_1_73' title='bbox 3453 563 3586 602; x_wconf 86' lang='lat' dir='ltr'><strong>cum</strong></span> <span class='ocrx_word' id='word_1_74' title='bbox 3615 545 3816 600; x_wconf 85' lang='lat' dir='ltr'><strong>suntdi-</strong></span> 
     </span>
    </p>
   </div>
   <div class='ocr_carea' id='block_1_6' title="bbox 519 639 3820 721">
    <p class='ocr_par' dir='ltr' id='par_1_6' title="bbox 519 639 3820 721">
     <span class='ocr_line' id='line_1_6' title="bbox 519 639 3820 721; baseline -0.003 -15"><span class='ocrx_word' id='word_1_75' title='bbox 519 652 730 708; x_wconf 90' lang='lat' dir='ltr'><strong>indnlta</strong></span> <span class='ocrx_word' id='word_1_76' title='bbox 768 651 832 705; x_wconf 85' lang='lat' dir='ltr'><strong>ad</strong></span> <span class='ocrx_word' id='word_1_77' title='bbox 862 649 1241 721; x_wconf 82' lang='lat' dir='ltr'><strong>probationem</strong></span> <span class='ocrx_word' id='word_1_78' title='bbox 1271 646 1519 702; x_wconf 84' lang='lat' dir='ltr'><strong>veritatis</strong></span> <span class='ocrx_word' id='word_1_79' title='bbox 1549 648 1603 702; x_wconf 88' lang='lat' dir='ltr'><strong>in</strong></span> <span class='ocrx_word' id='word_1_80' title='bbox 1636 645 1734 712; x_wconf 92' lang='lat' dir='ltr'><strong>iis,</strong></span> <span class='ocrx_word' id='word_1_81' title='bbox 1767 645 1856 717; x_wconf 86' lang='lat' dir='ltr'><strong>qui</strong></span> <span class='ocrx_word' id='word_1_82' title='bbox 1887 655 2129 700; x_wconf 84' lang='lat' dir='ltr'><strong>contcm-</strong></span> <span class='ocrx_word' id='word_1_83' title='bbox 2233 663 2388 704; x_wconf 88' lang='lat' dir='ltr'><strong>versa</strong></span> <span class='ocrx_word' id='word_1_84' title='bbox 2422 663 2530 702; x_wconf 89' lang='lat' dir='ltr'><strong>non</strong></span> <span class='ocrx_word' id='word_1_85' title='bbox 2575 649 2750 703; x_wconf 89' lang='lat' dir='ltr'><strong>solum</strong></span> <span class='ocrx_word' id='word_1_86' title='bbox 2793 647 3019 714; x_wconf 87' lang='lat' dir='ltr'><strong>ofﬁciis,</strong></span> <span class='ocrx_word' id='word_1_87' title='bbox 3069 645 3164 701; x_wconf 85' lang='lat' dir='ltr'><strong>sed</strong></span> <span class='ocrx_word' id='word_1_88' title='bbox 3215 655 3266 700; x_wconf 89' lang='lat' dir='ltr'><strong>et</strong></span> <span class='ocrx_word' id='word_1_89' title='bbox 3303 641 3562 705; x_wconf 77' lang='lat' dir='ltr'><strong>natiuis;</strong></span> <span class='ocrx_word' id='word_1_90' title='bbox 3597 639 3664 694; x_wconf 87' lang='lat' dir='ltr'><strong>ad</strong></span> <span class='ocrx_word' id='word_1_91' title='bbox 3687 640 3820 695; x_wconf 85' lang='lat' dir='ltr'><strong>unius</strong></span> 
     </span>
    </p>
   </div>
   <div class='ocr_carea' id='block_1_7' title="bbox 521 731 3919 818">
    <p class='ocr_par' dir='ltr' id='par_1_7' title="bbox 521 731 3919 818">
     <span class='ocr_line' id='line_1_7' title="bbox 521 731 3919 818; baseline -0.005 -18"><span class='ocrx_word' id='word_1_92' title='bbox 521 745 746 818; x_wconf 86' lang='lat' dir='ltr'><strong>ptibiles</strong></span> <span class='ocrx_word' id='word_1_93' title='bbox 782 744 986 800; x_wconf 89' lang='lat' dir='ltr'><strong>mundo</strong></span> <span class='ocrx_word' id='word_1_94' title='bbox 1016 750 1178 814; x_wconf 89' lang='lat' dir='ltr'><strong>sunt,</strong></span> <span class='ocrx_word' id='word_1_95' title='bbox 1204 740 1511 797; x_wconf 88' lang='lat' dir='ltr'><strong>videantur.</strong></span> <span class='ocrx_word' id='word_1_96' title='bbox 2233 751 2414 796; x_wconf 88' lang='lat' dir='ltr'><strong>tamen</strong></span> <span class='ocrx_word' id='word_1_97' title='bbox 2443 740 2630 796; x_wconf 87' lang='lat' dir='ltr'><strong>mundi</strong></span> <span class='ocrx_word' id='word_1_98' title='bbox 2651 739 2938 812; x_wconf 90' lang='lat' dir='ltr'><strong>proﬁciunt</strong></span> <span class='ocrx_word' id='word_1_99' title='bbox 2963 737 3386 810; x_wconf 87' lang='lat' dir='ltr'><strong>perfectionem,</strong></span> <span class='ocrx_word' id='word_1_100' title='bbox 3413 747 3476 790; x_wconf 89' lang='lat' dir='ltr'><strong>et</strong></span> <span class='ocrx_word' id='word_1_101' title='bbox 3503 749 3578 789; x_wconf 73' lang='lat' dir='ltr'><strong>ex</strong></span> <span class='ocrx_word' id='word_1_102' title='bbox 3601 731 3820 788; x_wconf 85' lang='lat' dir='ltr'><strong>omnibus</strong></span> <span class='ocrx_word' id='word_1_103' title='bbox 3917 731 3919 792; x_wconf 62' lang='grc' dir='ltr'>ἓ</span> 
     </span>
    </p>
   </div>
   <div class='ocr_carea' id='block_1_8' title="bbox 591 824 3919 912">
    <p class='ocr_par' dir='ltr' id='par_1_8' title="bbox 591 824 3919 912">
     <span class='ocr_line' id='line_1_8' title="bbox 591 824 3919 912; baseline -0.004 -18"><span class='ocrx_word' id='word_1_104' title='bbox 591 839 778 912; x_wconf 86' lang='lat' dir='ltr'><strong>(Vers.</strong></span> <span class='ocrx_word' id='word_1_105' title='bbox 831 841 931 906; x_wconf 68' lang='grc'><strong>12,</strong></span> <span class='ocrx_word' id='word_1_106' title='bbox 969 841 1081 910; x_wconf 83' lang='grc'><strong>15.)</strong></span> <span class='ocrx_word' id='word_1_107' title='bbox 1125 838 1276 894; x_wconf 81' lang='lat' dir='ltr'><strong>Sicut</strong></span> <span class='ocrx_word' id='word_1_108' title='bbox 1315 840 1450 892; x_wconf 85' lang='lat' dir='ltr'><strong>enim</strong></span> <span class='ocrx_word' id='word_1_109' title='bbox 1497 853 1686 906; x_wconf 83' lang='lat' dir='ltr'><strong>corpus</strong></span> <span class='ocrx_word' id='word_1_110' title='bbox 1716 853 1878 890; x_wconf 86' lang='lat' dir='ltr'><strong>unum</strong></span> <span class='ocrx_word' id='word_1_111' title='bbox 1925 845 2032 901; x_wconf 76' lang='lat' dir='ltr'><strong>est,</strong></span> <span class='ocrx_word' id='word_1_112' title='bbox 2080 843 2130 888; x_wconf 90' lang='lat' dir='ltr'><strong>et</strong></span> <span class='ocrx_word' id='word_1_113' title='bbox 2233 837 2318 892; x_wconf 89' lang='lat' dir='ltr'><strong>his</strong></span> <span class='ocrx_word' id='word_1_114' title='bbox 2351 837 2588 892; x_wconf 84' lang='lat' dir='ltr'><strong>nascitur</strong></span> <span class='ocrx_word' id='word_1_115' title='bbox 2611 835 2904 907; x_wconf 85' lang='lat' dir='ltr'><strong>temperies</strong></span> <span class='ocrx_word' id='word_1_116' title='bbox 2933 834 3180 906; x_wconf 61' lang='lat' dir='ltr'><strong>quaedam</strong></span> <span class='ocrx_word' id='word_1_117' title='bbox 3209 832 3262 888; x_wconf 91' lang='lat' dir='ltr'><strong>in</strong></span> <span class='ocrx_word' id='word_1_118' title='bbox 3293 824 3820 898; x_wconf 82' lang='lat' dir='ltr'><strong>frnctibus,quiliu-</strong></span> <span class='ocrx_word' id='word_1_119' title='bbox 3917 841 3919 884; x_wconf 73' lang='grc' dir='ltr'><strong>ι</strong></span> 
     </span>
    </p>
   </div>
   <div class='ocr_carea' id='block_1_9' title="bbox 522 929 3006 996">
    <p class='ocr_par' dir='ltr' id='par_1_9' title="bbox 522 929 3006 996">
     <span class='ocr_line' id='line_1_9' title="bbox 522 929 3006 996; baseline -0.005 -6"><span class='ocrx_word' id='word_1_120' title='bbox 522 935 754 990; x_wconf 84' lang='lat' dir='ltr'><strong>membra</strong></span> <span class='ocrx_word' id='word_1_121' title='bbox 800 933 952 988; x_wconf 83' lang='lat' dir='ltr'><strong>habet</strong></span> <span class='ocrx_word' id='word_1_122' title='bbox 992 932 1205 987; x_wconf 87' lang='lat' dir='ltr'><strong>multa:</strong></span> <span class='ocrx_word' id='word_1_123' title='bbox 1239 933 1412 986; x_wconf 81' lang='lat' dir='ltr'><strong>omnia</strong></span> <span class='ocrx_word' id='word_1_124' title='bbox 1441 941 1612 986; x_wconf 86' lang='lat' dir='ltr'><strong>autem</strong></span> <span class='ocrx_word' id='word_1_125' title='bbox 1657 930 1884 984; x_wconf 86' lang='lat' dir='ltr'><strong>membra</strong></span> <span class='ocrx_word' id='word_1_126' title='bbox 1928 943 1991 982; x_wconf 82' lang='lat' dir='ltr'><strong>ea:</strong></span> <span class='ocrx_word' id='word_1_127' title='bbox 2027 942 2130 980; x_wconf 88' lang='lat' dir='ltr'><strong>uno</strong></span> <span class='ocrx_word' id='word_1_128' title='bbox 2233 945 2409 986; x_wconf 71' lang='lat' dir='ltr'><strong>manu:</strong></span> <span class='ocrx_word' id='word_1_129' title='bbox 2449 929 2738 996; x_wconf 87' lang='lat' dir='ltr'><strong>proﬁciunt</strong></span> <span class='ocrx_word' id='word_1_130' title='bbox 2767 931 3006 984; x_wconf 78' lang='lat' dir='ltr'><strong>utilitati.</strong></span> 
     </span>
    </p>
   </div>
   <div class='ocr_carea' id='block_1_10' title="bbox 520 1011 3919 1101">
    <p class='ocr_par' dir='ltr' id='par_1_10' title="bbox 520 1011 3919 1101">
     <span class='ocr_line' id='line_1_10' title="bbox 520 1011 3919 1101; baseline -0.006 -17"><span class='ocrx_word' id='word_1_131' title='bbox 520 1045 766 1101; x_wconf 83' lang='lat' dir='ltr'><strong>corpore,</strong></span> <span class='ocrx_word' id='word_1_132' title='bbox 813 1043 928 1080; x_wconf 86' lang='lat' dir='ltr'><strong>cum</strong></span> <span class='ocrx_word' id='word_1_133' title='bbox 961 1027 1062 1081; x_wconf 84' lang='lat' dir='ltr'><strong>sint</strong></span> <span class='ocrx_word' id='word_1_134' title='bbox 1105 1027 1300 1092; x_wconf 86' lang='lat' dir='ltr'><strong>multa,</strong></span> <span class='ocrx_word' id='word_1_135' title='bbox 1349 1041 1508 1078; x_wconf 83' lang='lat' dir='ltr'><strong>unum</strong></span> <span class='ocrx_word' id='word_1_136' title='bbox 1539 1033 1658 1078; x_wconf 71' lang='lat' dir='ltr'><strong>sicut</strong></span> <span class='ocrx_word' id='word_1_137' title='bbox 1702 1039 1936 1092; x_wconf 87' lang='lat' dir='ltr'><strong>corpus;</strong></span> <span class='ocrx_word' id='word_1_138' title='bbox 1981 1021 2056 1074; x_wconf 83' lang='lat' dir='ltr'><strong>ita</strong></span> <span class='ocrx_word' id='word_1_139' title='bbox 2085 1029 2132 1075; x_wconf 89' lang='lat' dir='ltr'><strong>et</strong></span> <span class='ocrx_word' id='word_1_140' title='bbox 2309 1022 2490 1096; x_wconf 72' lang='grc' dir='ltr'>(νει-ε.</span> <span class='ocrx_word' id='word_1_141' title='bbox 2519 1019 2770 1090; x_wconf 73' lang='lat' dir='ltr'><strong>2|.)Non</strong></span> <span class='ocrx_word' id='word_1_142' title='bbox 2815 1029 2980 1092; x_wconf 87' lang='lat' dir='ltr'><strong>potest</strong></span> <span class='ocrx_word' id='word_1_143' title='bbox 3007 1029 3178 1073; x_wconf 85' lang='lat' dir='ltr'><strong>autem</strong></span> <span class='ocrx_word' id='word_1_144' title='bbox 3203 1017 3376 1072; x_wconf 80' lang='lat' dir='ltr'><strong>dicere</strong></span> <span class='ocrx_word' id='word_1_145' title='bbox 3401 1013 3598 1070; x_wconf 81' lang='lat' dir='ltr'><strong>oculus</strong></span> <span class='ocrx_word' id='word_1_146' title='bbox 3629 1011 3824 1065; x_wconf 77' lang='lat' dir='ltr'><strong>manui:</strong></span> <span class='ocrx_word' id='word_1_147' title='bbox 3917 1077 3919 1084; x_wconf 18' lang='grc' dir='ltr'><strong>η</strong></span> 
     </span>
    </p>
   </div>
   <div class='ocr_carea' id='block_1_11' title="bbox 523 1103 3826 1189">
    <p class='ocr_par' dir='ltr' id='par_1_11' title="bbox 523 1103 3826 1189">
     <span class='ocr_line' id='line_1_11' title="bbox 523 1103 3826 1189; baseline -0.006 -11"><span class='ocrx_word' id='word_1_148' title='bbox 523 1121 780 1178; x_wconf 79' lang='lat' dir='ltr'><strong>Christus.</strong></span> <span class='ocrx_word' id='word_1_149' title='bbox 835 1119 1036 1174; x_wconf 77' lang='lat' dir='ltr'><strong>Etenim</strong></span> <span class='ocrx_word' id='word_1_150' title='bbox 1065 1119 1123 1174; x_wconf 86' lang='lat' dir='ltr'><strong>in</strong></span> <span class='ocrx_word' id='word_1_151' title='bbox 1169 1134 1272 1172; x_wconf 87' lang='lat' dir='ltr'><strong>uno</strong></span> <span class='ocrx_word' id='word_1_152' title='bbox 1315 1117 1522 1189; x_wconf 77' lang='lat' dir='ltr'><strong>Spiritu</strong></span> <span class='ocrx_word' id='word_1_153' title='bbox 1557 1133 1650 1170; x_wconf 80' lang='lat' dir='ltr'><strong>nos</strong></span> <span class='ocrx_word' id='word_1_154' title='bbox 1677 1131 1856 1170; x_wconf 81' lang='lat' dir='ltr'><strong>omnes</strong></span> <span class='ocrx_word' id='word_1_155' title='bbox 1881 1115 1936 1168; x_wconf 92' lang='lat' dir='ltr'><strong>in</strong></span> <span class='ocrx_word' id='word_1_156' title='bbox 1973 1129 2131 1166; x_wconf 86' lang='lat' dir='ltr'><strong>unum</strong></span> <span class='ocrx_word' id='word_1_157' title='bbox 2239 1115 2413 1186; x_wconf 82' lang='lat' dir='ltr'><strong>Opera</strong></span> <span class='ocrx_word' id='word_1_158' title='bbox 2461 1125 2550 1168; x_wconf 88' lang='lat' dir='ltr'><strong>tua</strong></span> <span class='ocrx_word' id='word_1_159' title='bbox 2581 1131 2682 1168; x_wconf 88' lang='lat' dir='ltr'><strong>non</strong></span> <span class='ocrx_word' id='word_1_160' title='bbox 2713 1115 2941 1186; x_wconf 81' lang='lat' dir='ltr'><strong>indigeo.</strong></span> <span class='ocrx_word' id='word_1_161' title='bbox 2995 1111 3108 1167; x_wconf 79' lang='lat' dir='ltr'><strong>l-loc</strong></span> <span class='ocrx_word' id='word_1_162' title='bbox 3133 1122 3246 1174; x_wconf 88' lang='lat' dir='ltr'><strong>est,</strong></span> <span class='ocrx_word' id='word_1_163' title='bbox 3295 1125 3406 1164; x_wconf 79' lang='lat' dir='ltr'><strong>non</strong></span> <span class='ocrx_word' id='word_1_164' title='bbox 3438 1115 3636 1178; x_wconf 86' lang='lat' dir='ltr'><strong>potest</strong></span> <span class='ocrx_word' id='word_1_165' title='bbox 3669 1103 3826 1159; x_wconf 77' lang='lat' dir='ltr'><strong>dicere</strong></span> 
     </span>
    </p>
   </div>
   <div class='ocr_carea' id='block_1_12' title="bbox 523 1200 3919 1288">
    <p class='ocr_par' dir='ltr' id='par_1_12' title="bbox 523 1200 3919 1288">
     <span class='ocr_line' id='line_1_12' title="bbox 523 1200 3919 1288; baseline -0.005 -19"><span class='ocrx_word' id='word_1_166' title='bbox 523 1232 712 1286; x_wconf 82' lang='lat' dir='ltr'><strong>corpus</strong></span> <span class='ocrx_word' id='word_1_167' title='bbox 733 1213 982 1281; x_wconf 79' lang='lat' dir='ltr'><strong>baptizati</strong></span> <span class='ocrx_word' id='word_1_168' title='bbox 1005 1229 1214 1279; x_wconf 84' lang='lat' dir='ltr'><strong>sumus,</strong></span> <span class='ocrx_word' id='word_1_169' title='bbox 1249 1213 1354 1266; x_wconf 84' lang='lat' dir='ltr'><strong>sive</strong></span> <span class='ocrx_word' id='word_1_170' title='bbox 1377 1211 1711 1278; x_wconf 78' lang='lat' dir='ltr'><strong>Judtei,sive</strong></span> <span class='ocrx_word' id='word_1_171' title='bbox 1733 1208 1934 1276; x_wconf 69' lang='grc' dir='ltr'><strong>(ἔπεσί,</strong></span> <span class='ocrx_word' id='word_1_172' title='bbox 1975 1206 2132 1279; x_wconf 79' lang='lat'><strong>152</strong></span> <span class='ocrx_word' id='word_1_173' title='bbox 2237 1211 2416 1281; x_wconf 86' lang='lat' dir='ltr'><strong>potior</strong></span> <span class='ocrx_word' id='word_1_174' title='bbox 2467 1209 2711 1265; x_wconf 89' lang='lat' dir='ltr'><strong>inferiori</strong></span> <span class='ocrx_word' id='word_1_175' title='bbox 2747 1227 2762 1268; x_wconf 85' lang='lat'><strong>:</strong></span> <span class='ocrx_word' id='word_1_176' title='bbox 2795 1208 2915 1264; x_wconf 82' lang='lat' dir='ltr'><strong>Non</strong></span> <span class='ocrx_word' id='word_1_177' title='bbox 2965 1207 3098 1262; x_wconf 84' lang='lat' dir='ltr'><strong>mihi</strong></span> <span class='ocrx_word' id='word_1_178' title='bbox 3150 1221 3286 1276; x_wconf 86' lang='lat' dir='ltr'><strong>opus</strong></span> <span class='ocrx_word' id='word_1_179' title='bbox 3331 1219 3428 1270; x_wconf 89' lang='lat' dir='ltr'><strong>es;</strong></span> <span class='ocrx_word' id='word_1_180' title='bbox 3483 1201 3622 1273; x_wconf 88' lang='lat' dir='ltr'><strong>quia</strong></span> <span class='ocrx_word' id='word_1_181' title='bbox 3668 1200 3828 1254; x_wconf 81' lang='lat' dir='ltr'><strong>oculus</strong></span> <span class='ocrx_word' id='word_1_182' title='bbox 3917 1269 3919 1288; x_wconf 22' lang='grc' dir='ltr'>ἐ</span> 
     </span>
    </p>
   </div>
   <div class='ocr_carea' id='block_1_13' title="bbox 527 1289 3919 1374">
    <p class='ocr_par' dir='ltr' id='par_1_13' title="bbox 527 1289 3919 1374">
     <span class='ocr_line' id='line_1_13' title="bbox 527 1289 3919 1374; baseline -0.005 -11"><span class='ocrx_word' id='word_1_183' title='bbox 527 1311 632 1363; x_wconf 80' lang='lat' dir='ltr'><strong>sive</strong></span> <span class='ocrx_word' id='word_1_184' title='bbox 659 1311 789 1363; x_wconf 82' lang='lat' dir='ltr'><strong>servi</strong></span> <span class='ocrx_word' id='word_1_185' title='bbox 811 1352 826 1374; x_wconf 90' lang='lat'><strong>,</strong></span> <span class='ocrx_word' id='word_1_186' title='bbox 859 1310 963 1362; x_wconf 85' lang='lat' dir='ltr'><strong>sive</strong></span> <span class='ocrx_word' id='word_1_187' title='bbox 994 1306 1144 1362; x_wconf 83' lang='lat' dir='ltr'><strong>liberi</strong></span> <span class='ocrx_word' id='word_1_188' title='bbox 1170 1322 1188 1360; x_wconf 93' lang='lat'><em>:</em></span> <span class='ocrx_word' id='word_1_189' title='bbox 1215 1315 1262 1360; x_wconf 91' lang='lat' dir='ltr'><strong>et</strong></span> <span class='ocrx_word' id='word_1_190' title='bbox 1283 1323 1458 1361; x_wconf 83' lang='lat' dir='ltr'><strong>omnes</strong></span> <span class='ocrx_word' id='word_1_191' title='bbox 1499 1321 1659 1359; x_wconf 86' lang='lat' dir='ltr'><strong>unum</strong></span> <span class='ocrx_word' id='word_1_192' title='bbox 1693 1303 1950 1372; x_wconf 84' lang='lat' dir='ltr'><strong>Spiritum</strong></span> <span class='ocrx_word' id='word_1_193' title='bbox 1986 1311 2135 1374; x_wconf 86' lang='lat' dir='ltr'><strong>pota-</strong></span> <span class='ocrx_word' id='word_1_194' title='bbox 2237 1304 2457 1374; x_wconf 85' lang='lat' dir='ltr'><strong>quidem</strong></span> <span class='ocrx_word' id='word_1_195' title='bbox 2487 1304 2660 1372; x_wconf 90' lang='lat' dir='ltr'><strong>videt,</strong></span> <span class='ocrx_word' id='word_1_196' title='bbox 2691 1303 2786 1358; x_wconf 89' lang='lat' dir='ltr'><strong>sed</strong></span> <span class='ocrx_word' id='word_1_197' title='bbox 2821 1319 3012 1358; x_wconf 87' lang='lat' dir='ltr'><strong>manus</strong></span> <span class='ocrx_word' id='word_1_198' title='bbox 3037 1310 3196 1366; x_wconf 88' lang='lat' dir='ltr'><strong>sunt,</strong></span> <span class='ocrx_word' id='word_1_199' title='bbox 3230 1315 3352 1368; x_wconf 63' lang='lat' dir='ltr'><strong>quae</strong></span> <span class='ocrx_word' id='word_1_200' title='bbox 3393 1305 3724 1368; x_wconf 79' lang='lat' dir='ltr'><strong>operantur.</strong></span> <span class='ocrx_word' id='word_1_201' title='bbox 3747 1294 3824 1346; x_wconf 71' lang='lat' dir='ltr'><strong>Aut</strong></span> <span class='ocrx_word' id='word_1_202' title='bbox 3918 1289 3919 1296; x_wconf 62' lang='grc'><em>“</em></span> 
     </span>
    </p>
   </div>
   <div class='ocr_carea' id='block_1_14' title="bbox 525 1385 3827 1471">
    <p class='ocr_par' dir='ltr' id='par_1_14' title="bbox 525 1385 3827 1471">
     <span class='ocr_line' id='line_1_14' title="bbox 525 1385 3827 1471; baseline -0.005 -15"><span class='ocrx_word' id='word_1_203' title='bbox 525 1405 716 1457; x_wconf 85' lang='lat' dir='ltr'><strong>vimus.</strong></span> <span class='ocrx_word' id='word_1_204' title='bbox 765 1403 867 1457; x_wconf 87' lang='lat' dir='ltr'><strong>Per</strong></span> <span class='ocrx_word' id='word_1_205' title='bbox 897 1403 1012 1456; x_wconf 76' lang='lat' dir='ltr'><strong>lucc</strong></span> <span class='ocrx_word' id='word_1_206' title='bbox 1057 1403 1219 1457; x_wconf 86' lang='lat' dir='ltr'><strong>docet</strong></span> <span class='ocrx_word' id='word_1_207' title='bbox 1261 1401 1464 1455; x_wconf 88' lang='lat' dir='ltr'><strong>nullius</strong></span> <span class='ocrx_word' id='word_1_208' title='bbox 1505 1413 1796 1471; x_wconf 83' lang='lat' dir='ltr'><strong>personam</strong></span> <span class='ocrx_word' id='word_1_209' title='bbox 1841 1399 1994 1468; x_wconf 86' lang='lat' dir='ltr'><strong>quasi</strong></span> <span class='ocrx_word' id='word_1_210' title='bbox 2039 1397 2134 1450; x_wconf 87' lang='lat' dir='ltr'><strong>de-</strong></span> <span class='ocrx_word' id='word_1_211' title='bbox 2235 1401 2422 1454; x_wconf 83' lang='lat' dir='ltr'><strong>iterum</strong></span> <span class='ocrx_word' id='word_1_212' title='bbox 2459 1411 2616 1468; x_wconf 81' lang='lat' dir='ltr'><strong>caput</strong></span> <span class='ocrx_word' id='word_1_213' title='bbox 2659 1398 2916 1468; x_wconf 87' lang='lat' dir='ltr'><strong>pedibus:</strong></span> <span class='ocrx_word' id='word_1_214' title='bbox 2947 1395 3070 1450; x_wconf 80' lang='lat' dir='ltr'><strong>Non</strong></span> <span class='ocrx_word' id='word_1_215' title='bbox 3101 1395 3222 1450; x_wconf 75' lang='lat' dir='ltr'><strong>estis</strong></span> <span class='ocrx_word' id='word_1_216' title='bbox 3261 1392 3391 1446; x_wconf 85' lang='lat' dir='ltr'><strong>mihi</strong></span> <span class='ocrx_word' id='word_1_217' title='bbox 3427 1385 3827 1445; x_wconf 79' lang='lat' dir='ltr'><strong>necessarii:id</strong></span> 
     </span>
    </p>
   </div>
   <div class='ocr_carea' id='block_1_15' title="bbox 527 1481 3826 1568">
    <p class='ocr_par' dir='ltr' id='par_1_15' title="bbox 527 1481 3826 1568">
     <span class='ocr_line' id='line_1_15' title="bbox 527 1481 3826 1568; baseline -0.006 -16"><span class='ocrx_word' id='word_1_218' title='bbox 527 1505 770 1568; x_wconf 88' lang='lat' dir='ltr'><strong>spcctam</strong></span> <span class='ocrx_word' id='word_1_219' title='bbox 812 1495 1300 1560; x_wconf 81' lang='lat' dir='ltr'><strong>contemnendam,</strong></span> <span class='ocrx_word' id='word_1_220' title='bbox 1342 1509 1521 1563; x_wconf 89' lang='lat' dir='ltr'><strong>neque</strong></span> <span class='ocrx_word' id='word_1_221' title='bbox 1569 1491 1800 1562; x_wconf 79' lang='lat' dir='ltr'><strong>alicujus</strong></span> <span class='ocrx_word' id='word_1_222' title='bbox 1831 1489 1982 1560; x_wconf 81' lang='lat' dir='ltr'><strong>quasi</strong></span> <span class='ocrx_word' id='word_1_223' title='bbox 2013 1505 2136 1559; x_wconf 89' lang='lat' dir='ltr'><strong>per-</strong></span> <span class='ocrx_word' id='word_1_224' title='bbox 2239 1503 2355 1559; x_wconf 80' lang='lat' dir='ltr'><strong>est,</strong></span> <span class='ocrx_word' id='word_1_225' title='bbox 2405 1493 2578 1564; x_wconf 75' lang='lat' dir='ltr'><strong>major</strong></span> <span class='ocrx_word' id='word_1_226' title='bbox 2616 1492 2788 1562; x_wconf 72' lang='lat' dir='ltr'><strong>gradu</strong></span> <span class='ocrx_word' id='word_1_227' title='bbox 2835 1499 2892 1546; x_wconf 78' lang='lat' dir='ltr'><strong>ei,</strong></span> <span class='ocrx_word' id='word_1_228' title='bbox 2931 1490 3192 1561; x_wconf 76' lang='lat' dir='ltr'><strong>dignitate</strong></span> <span class='ocrx_word' id='word_1_229' title='bbox 3234 1505 3340 1542; x_wconf 80' lang='grc' dir='ltr'>ιιιιη</span> <span class='ocrx_word' id='word_1_230' title='bbox 3383 1495 3582 1558; x_wconf 78' lang='lat' dir='ltr'><strong>potest</strong></span> <span class='ocrx_word' id='word_1_231' title='bbox 3617 1484 3730 1538; x_wconf 87' lang='lat' dir='ltr'><strong>sine</strong></span> <span class='ocrx_word' id='word_1_232' title='bbox 3753 1481 3826 1534; x_wconf 78' lang='lat' dir='ltr'><strong>illa</strong></span> 
     </span>
    </p>
   </div>
   <div class='ocr_carea' id='block_1_16' title="bbox 529 1577 3826 1660">
    <p class='ocr_par' dir='ltr' id='par_1_16' title="bbox 529 1577 3826 1660">
     <span class='ocr_line' id='line_1_16' title="bbox 529 1577 3826 1660; baseline -0.003 -17"><span class='ocrx_word' id='word_1_233' title='bbox 529 1591 669 1645; x_wconf 78' lang='lat' dir='ltr'><strong>lecta</strong></span> <span class='ocrx_word' id='word_1_234' title='bbox 701 1589 810 1658; x_wconf 88' lang='lat' dir='ltr'><strong>sit,</strong></span> <span class='ocrx_word' id='word_1_235' title='bbox 845 1589 1238 1660; x_wconf 62' lang='lat' dir='ltr'><strong>praeferemlam</strong></span> <span class='ocrx_word' id='word_1_236' title='bbox 1267 1607 1280 1641; x_wconf 88' lang='lat'><strong>:</strong></span> <span class='ocrx_word' id='word_1_237' title='bbox 1317 1603 1414 1642; x_wconf 85' lang='lat' dir='ltr'><strong>nec</strong></span> <span class='ocrx_word' id='word_1_238' title='bbox 1441 1586 1669 1658; x_wconf 83' lang='lat' dir='ltr'><strong>gloriam</strong></span> <span class='ocrx_word' id='word_1_239' title='bbox 1695 1626 1710 1650; x_wconf 94' lang='lat'><strong>,</strong></span> <span class='ocrx_word' id='word_1_240' title='bbox 1741 1600 1861 1654; x_wconf 75' lang='lat' dir='ltr'><strong>qua:</strong></span> <span class='ocrx_word' id='word_1_241' title='bbox 1889 1583 1990 1638; x_wconf 87' lang='lat' dir='ltr'><strong>soli</strong></span> <span class='ocrx_word' id='word_1_242' title='bbox 2029 1584 2138 1636; x_wconf 78' lang='lat' dir='ltr'><strong>Deo</strong></span> <span class='ocrx_word' id='word_1_243' title='bbox 2242 1603 2398 1654; x_wconf 89' lang='lat' dir='ltr'><strong>esse,</strong></span> <span class='ocrx_word' id='word_1_244' title='bbox 2431 1587 2523 1657; x_wconf 85' lang='lat' dir='ltr'><strong>qui</strong></span> <span class='ocrx_word' id='word_1_245' title='bbox 2555 1585 2780 1641; x_wconf 84' lang='lat' dir='ltr'><strong>humilis</strong></span> <span class='ocrx_word' id='word_1_246' title='bbox 2803 1593 2918 1650; x_wconf 90' lang='lat' dir='ltr'><strong>est;</strong></span> <span class='ocrx_word' id='word_1_247' title='bbox 2948 1585 3072 1654; x_wconf 89' lang='lat' dir='ltr'><strong>quia</strong></span> <span class='ocrx_word' id='word_1_248' title='bbox 3102 1593 3188 1638; x_wconf 85' lang='lat' dir='ltr'><strong>est</strong></span> <span class='ocrx_word' id='word_1_249' title='bbox 3215 1580 3356 1652; x_wconf 91' lang='lat' dir='ltr'><strong>quod</strong></span> <span class='ocrx_word' id='word_1_250' title='bbox 3389 1577 3624 1632; x_wconf 84' lang='lat' dir='ltr'><strong>humilis</strong></span> <span class='ocrx_word' id='word_1_251' title='bbox 3647 1585 3826 1646; x_wconf 74' lang='lat' dir='ltr'><strong>potest.</strong></span> 
     </span>
    </p>
   </div>
   <div class='ocr_carea' id='block_1_17' title="bbox 535 1664 3826 1753">
    <p class='ocr_par' dir='ltr' id='par_1_17' title="bbox 535 1664 3826 1753">
     <span class='ocr_line' id='line_1_17' title="bbox 535 1664 3826 1753; baseline -0.005 -19"><span class='ocrx_word' id='word_1_252' title='bbox 535 1683 794 1748; x_wconf 79' lang='lat' dir='ltr'><strong>debetur,</strong></span> <span class='ocrx_word' id='word_1_253' title='bbox 823 1681 1136 1736; x_wconf 88' lang='lat' dir='ltr'><strong>hominibus</strong></span> <span class='ocrx_word' id='word_1_254' title='bbox 1161 1679 1533 1746; x_wconf 89' lang='lat' dir='ltr'><strong>tribuendam;</strong></span> <span class='ocrx_word' id='word_1_255' title='bbox 1564 1676 1780 1749; x_wconf 88' lang='lat' dir='ltr'><strong>quando</strong></span> <span class='ocrx_word' id='word_1_256' title='bbox 1808 1677 1861 1731; x_wconf 91' lang='lat' dir='ltr'><strong>in</strong></span> <span class='ocrx_word' id='word_1_257' title='bbox 1885 1675 2140 1730; x_wconf 89' lang='lat' dir='ltr'><strong>omnibus</strong></span> <span class='ocrx_word' id='word_1_258' title='bbox 2170 1693 2217 1753; x_wconf 78' lang='grc' dir='ltr'><strong>Β</strong></span> <span class='ocrx_word' id='word_1_259' title='bbox 2243 1681 2388 1752; x_wconf 88' lang='lat' dir='ltr'><strong>quod</strong></span> <span class='ocrx_word' id='word_1_260' title='bbox 2413 1695 2518 1736; x_wconf 92' lang='lat' dir='ltr'><strong>non</strong></span> <span class='ocrx_word' id='word_1_261' title='bbox 2545 1689 2722 1750; x_wconf 89' lang='lat' dir='ltr'><strong>potest</strong></span> <span class='ocrx_word' id='word_1_262' title='bbox 2751 1678 2999 1732; x_wconf 86' lang='lat' dir='ltr'><strong>sublimis</strong></span> <span class='ocrx_word' id='word_1_263' title='bbox 3025 1719 3038 1742; x_wconf 92' lang='lat'><strong>,</strong></span> <span class='ocrx_word' id='word_1_264' title='bbox 3067 1677 3190 1746; x_wconf 88' lang='lat' dir='ltr'><strong>quia</strong></span> <span class='ocrx_word' id='word_1_265' title='bbox 3219 1675 3424 1729; x_wconf 86' lang='lat' dir='ltr'><strong>ferrum</strong></span> <span class='ocrx_word' id='word_1_266' title='bbox 3459 1678 3685 1741; x_wconf 88' lang='lat' dir='ltr'><strong>potest,</strong></span> <span class='ocrx_word' id='word_1_267' title='bbox 3711 1664 3826 1736; x_wconf 82' lang='lat' dir='ltr'><strong>quod</strong></span> 
     </span>
    </p>
   </div>
   <div class='ocr_carea' id='block_1_18' title="bbox 527 1757 3828 1847">
    <p class='ocr_par' dir='ltr' id='par_1_18' title="bbox 527 1757 3828 1847">
     <span class='ocr_line' id='line_1_18' title="bbox 527 1757 3828 1847; baseline -0.007 -17"><span class='ocrx_word' id='word_1_268' title='bbox 527 1792 670 1831; x_wconf 89' lang='lat' dir='ltr'><strong>unus</strong></span> <span class='ocrx_word' id='word_1_269' title='bbox 713 1785 876 1847; x_wconf 88' lang='lat' dir='ltr'><strong>atque</strong></span> <span class='ocrx_word' id='word_1_270' title='bbox 924 1776 1068 1831; x_wconf 88' lang='lat' dir='ltr'><strong>idem</strong></span> <span class='ocrx_word' id='word_1_271' title='bbox 1117 1776 1257 1830; x_wconf 84' lang='lat' dir='ltr'><strong>Deus</strong></span> <span class='ocrx_word' id='word_1_272' title='bbox 1307 1775 1379 1828; x_wconf 89' lang='lat' dir='ltr'><strong>sit</strong></span> <span class='ocrx_word' id='word_1_273' title='bbox 1420 1775 1690 1844; x_wconf 78' lang='lat' dir='ltr'><strong>gloriosus</strong></span> <span class='ocrx_word' id='word_1_274' title='bbox 1725 1791 1739 1826; x_wconf 92' lang='lat'>:</span> <span class='ocrx_word' id='word_1_275' title='bbox 1772 1772 1970 1842; x_wconf 90' lang='lat' dir='ltr'><strong>quippe</strong></span> <span class='ocrx_word' id='word_1_276' title='bbox 2017 1783 2141 1825; x_wconf 89' lang='lat' dir='ltr'><strong>cum</strong></span> <span class='ocrx_word' id='word_1_277' title='bbox 2249 1789 2356 1828; x_wconf 90' lang='lat' dir='ltr'><strong>non</strong></span> <span class='ocrx_word' id='word_1_278' title='bbox 2385 1781 2770 1842; x_wconf 89' lang='lat' dir='ltr'><strong>potestaurum</strong></span> <span class='ocrx_word' id='word_1_279' title='bbox 2795 1786 2810 1822; x_wconf 88' lang='lat'><strong>:</strong></span> <span class='ocrx_word' id='word_1_280' title='bbox 2839 1783 2902 1824; x_wconf 87' lang='lat' dir='ltr'><strong>ac</strong></span> <span class='ocrx_word' id='word_1_281' title='bbox 2925 1783 3022 1838; x_wconf 88' lang='lat' dir='ltr'><strong>per</strong></span> <span class='ocrx_word' id='word_1_282' title='bbox 3047 1767 3150 1821; x_wconf 91' lang='lat' dir='ltr'><strong>hoc</strong></span> <span class='ocrx_word' id='word_1_283' title='bbox 3171 1767 3432 1820; x_wconf 87' lang='lat' dir='ltr'><strong>honorem</strong></span> <span class='ocrx_word' id='word_1_284' title='bbox 3457 1758 3638 1830; x_wconf 86' lang='lat' dir='ltr'><strong>capiti</strong></span> <span class='ocrx_word' id='word_1_285' title='bbox 3659 1757 3828 1811; x_wconf 81' lang='lat' dir='ltr'><strong>faciunt</strong></span> 
     </span>
    </p>
   </div>
   <div class='ocr_carea' id='block_1_19' title="bbox 528 1867 2439 1940">
    <p class='ocr_par' dir='ltr' id='par_1_19' title="bbox 528 1867 2439 1940">
     <span class='ocr_line' id='line_1_19' title="bbox 528 1867 2439 1940; baseline 0 -20"><span class='ocrx_word' id='word_1_286' title='bbox 528 1885 721 1924; x_wconf 79' lang='lat' dir='ltr'><strong>omnes</strong></span> <span class='ocrx_word' id='word_1_287' title='bbox 749 1879 802 1924; x_wconf 90' lang='lat' dir='ltr'><strong>ct</strong></span> <span class='ocrx_word' id='word_1_288' title='bbox 828 1884 996 1923; x_wconf 88' lang='lat' dir='ltr'><strong>unum</strong></span> <span class='ocrx_word' id='word_1_289' title='bbox 1017 1868 1294 1938; x_wconf 86' lang='lat' dir='ltr'><strong>baptisma</strong></span> <span class='ocrx_word' id='word_1_290' title='bbox 1331 1867 1662 1934; x_wconf 86' lang='lat' dir='ltr'><strong>habeamus,</strong></span> <span class='ocrx_word' id='word_1_291' title='bbox 1703 1875 1758 1920; x_wconf 89' lang='lat' dir='ltr'><strong>et</strong></span> <span class='ocrx_word' id='word_1_292' title='bbox 1783 1881 1952 1920; x_wconf 93' lang='lat' dir='ltr'><strong>unum</strong></span> <span class='ocrx_word' id='word_1_293' title='bbox 1983 1872 2144 1932; x_wconf 88' lang='lat' dir='ltr'><strong>atque</strong></span> <span class='ocrx_word' id='word_1_294' title='bbox 2251 1869 2439 1940; x_wconf 82' lang='lat' dir='ltr'><strong>pedes.</strong></span> 
     </span>
    </p>
   </div>
   <div class='ocr_carea' id='block_1_20' title="bbox 531 1943 3828 2034">
    <p class='ocr_par' dir='ltr' id='par_1_20' title="bbox 531 1943 3828 2034">
     <span class='ocr_line' id='line_1_20' title="bbox 531 1943 3828 2034; baseline -0.005 -17"><span class='ocrx_word' id='word_1_295' title='bbox 531 1962 784 2018; x_wconf 87' lang='lat' dir='ltr'><strong>eumdem</strong></span> <span class='ocrx_word' id='word_1_296' title='bbox 825 1961 1090 2032; x_wconf 85' lang='lat' dir='ltr'><strong>Spiritum</strong></span> <span class='ocrx_word' id='word_1_297' title='bbox 1145 1973 1420 2015; x_wconf 90' lang='lat' dir='ltr'><strong>sanctum.</strong></span> <span class='ocrx_word' id='word_1_298' title='bbox 1469 1960 1584 2015; x_wconf 86' lang='lat' dir='ltr'><strong>Hoc</strong></span> <span class='ocrx_word' id='word_1_299' title='bbox 1631 1968 1854 2030; x_wconf 86' lang='lat' dir='ltr'><strong>propter</strong></span> <span class='ocrx_word' id='word_1_300' title='bbox 1898 1956 2146 2027; x_wconf 83' lang='lat' dir='ltr'><strong>supradi-</strong></span> <span class='ocrx_word' id='word_1_301' title='bbox 2323 1962 2504 2034; x_wconf 67' lang='grc' dir='ltr'>(γει-ε.</span> <span class='ocrx_word' id='word_1_302' title='bbox 2539 1959 2658 2032; x_wconf 71' lang='lat'><strong>2:2.)</strong></span> <span class='ocrx_word' id='word_1_303' title='bbox 2683 1959 2788 2015; x_wconf 86' lang='lat' dir='ltr'><strong>Sed</strong></span> <span class='ocrx_word' id='word_1_304' title='bbox 2827 1955 3182 2026; x_wconf 83' lang='lat' dir='ltr'><strong>multomagis</strong></span> <span class='ocrx_word' id='word_1_305' title='bbox 3211 1967 3326 2024; x_wconf 72' lang='lat' dir='ltr'><strong>quae</strong></span> <span class='ocrx_word' id='word_1_306' title='bbox 3353 1952 3604 2006; x_wconf 83' lang='lat' dir='ltr'><strong>videntur</strong></span> <span class='ocrx_word' id='word_1_307' title='bbox 3639 1943 3828 1999; x_wconf 82' lang='lat' dir='ltr'><strong>membra</strong></span> 
     </span>
    </p>
   </div>
   <div class='ocr_carea' id='block_1_21' title="bbox 533 2037 3820 2127">
    <p class='ocr_par' dir='ltr' id='par_1_21' title="bbox 533 2037 3820 2127">
     <span class='ocr_line' id='line_1_21' title="bbox 533 2037 3820 2127; baseline -0.005 -19"><span class='ocrx_word' id='word_1_308' title='bbox 533 2064 678 2108; x_wconf 89' lang='lat' dir='ltr'><strong>ctam</strong></span> <span class='ocrx_word' id='word_1_309' title='bbox 702 2053 1104 2126; x_wconf 83' lang='lat' dir='ltr'><strong>causam;quia</strong></span> <span class='ocrx_word' id='word_1_310' title='bbox 1133 2055 1186 2110; x_wconf 90' lang='lat' dir='ltr'><strong>in</strong></span> <span class='ocrx_word' id='word_1_311' title='bbox 1219 2053 1909 2125; x_wconf 78' lang='lat' dir='ltr'><strong>aliquibusgloriabanlur,</strong></span> <span class='ocrx_word' id='word_1_312' title='bbox 1937 2051 2146 2122; x_wconf 88' lang='lat' dir='ltr'><strong>aliquos</strong></span> <span class='ocrx_word' id='word_1_313' title='bbox 2255 2056 2484 2127; x_wconf 79' lang='lat' dir='ltr'><strong>corporis</strong></span> <span class='ocrx_word' id='word_1_314' title='bbox 2541 2053 2832 2122; x_wconf 76' lang='lat' dir='ltr'><strong>infirmiora</strong></span> <span class='ocrx_word' id='word_1_315' title='bbox 2885 2067 3028 2114; x_wconf 79' lang='lat' dir='ltr'><strong>esse,</strong></span> <span class='ocrx_word' id='word_1_316' title='bbox 3075 2047 3426 2103; x_wconf 81' lang='lat' dir='ltr'><strong>necessariam</strong></span> <span class='ocrx_word' id='word_1_317' title='bbox 3489 2050 3636 2098; x_wconf 79' lang='lat' dir='ltr'><strong>sunt.</strong></span> <span class='ocrx_word' id='word_1_318' title='bbox 3684 2037 3820 2093; x_wconf 77' lang='lat' dir='ltr'><strong>Mani-</strong></span> 
     </span>
    </p>
   </div>
   <div class='ocr_carea' id='block_1_22' title="bbox 533 2131 3826 2218">
    <p class='ocr_par' dir='ltr' id='par_1_22' title="bbox 533 2131 3826 2218">
     <span class='ocr_line' id='line_1_22' title="bbox 533 2131 3826 2218; baseline -0.003 -18"><span class='ocrx_word' id='word_1_319' title='bbox 533 2162 667 2204; x_wconf 89' lang='lat' dir='ltr'><strong>vcro</strong></span> <span class='ocrx_word' id='word_1_320' title='bbox 699 2147 846 2201; x_wconf 71' lang='lat' dir='ltr'><strong>Velut</strong></span> <span class='ocrx_word' id='word_1_321' title='bbox 869 2148 1314 2218; x_wconf 81' lang='lat' dir='ltr'><strong>contemptibiles</strong></span> <span class='ocrx_word' id='word_1_322' title='bbox 1341 2147 1700 2218; x_wconf 85' lang='lat' dir='ltr'><strong>spernebant.</strong></span> <span class='ocrx_word' id='word_1_323' title='bbox 2251 2151 2450 2209; x_wconf 85' lang='lat' dir='ltr'><strong>festum</strong></span> <span class='ocrx_word' id='word_1_324' title='bbox 2479 2157 2593 2215; x_wconf 90' lang='lat' dir='ltr'><strong>est,</strong></span> <span class='ocrx_word' id='word_1_325' title='bbox 2625 2149 2750 2218; x_wconf 83' lang='lat' dir='ltr'><strong>quia</strong></span> <span class='ocrx_word' id='word_1_326' title='bbox 2791 2145 3038 2218; x_wconf 83' lang='lat' dir='ltr'><strong>quamvis</strong></span> <span class='ocrx_word' id='word_1_327' title='bbox 3067 2143 3266 2214; x_wconf 88' lang='lat' dir='ltr'><strong>aliquis</strong></span> <span class='ocrx_word' id='word_1_328' title='bbox 3305 2139 3582 2210; x_wconf 80' lang='lat' dir='ltr'><strong>dignitate</strong></span> <span class='ocrx_word' id='word_1_329' title='bbox 3619 2131 3826 2190; x_wconf 68' lang='lat' dir='ltr'><strong>sublimis</strong></span> 
     </span>
    </p>
   </div>
   <div class='ocr_carea' id='block_1_23' title="bbox 613 2225 2184 2314">
    <p class='ocr_par' dir='ltr' id='par_1_23' title="bbox 613 2238 2144 2312">
     <span class='ocr_line' id='line_1_23' title="bbox 613 2238 2144 2312; baseline -0.002 -17"><span class='ocrx_word' id='word_1_330' title='bbox 613 2240 798 2312; x_wconf 80' lang='lat' dir='ltr'><strong>(Vers.</strong></span> <span class='ocrx_word' id='word_1_331' title='bbox 831 2239 946 2310; x_wconf 76' lang='grc'><strong>14.)</strong></span> <span class='ocrx_word' id='word_1_332' title='bbox 973 2239 1112 2295; x_wconf 86' lang='lat' dir='ltr'><strong>Nam</strong></span> <span class='ocrx_word' id='word_1_333' title='bbox 1135 2251 1182 2294; x_wconf 84' lang='lat' dir='ltr'><strong>et</strong></span> <span class='ocrx_word' id='word_1_334' title='bbox 1212 2257 1401 2311; x_wconf 84' lang='lat' dir='ltr'><strong>corpus</strong></span> <span class='ocrx_word' id='word_1_335' title='bbox 1429 2257 1534 2294; x_wconf 92' lang='lat' dir='ltr'><strong>non</strong></span> <span class='ocrx_word' id='word_1_336' title='bbox 1561 2249 1636 2294; x_wconf 85' lang='lat' dir='ltr'><strong>est</strong></span> <span class='ocrx_word' id='word_1_337' title='bbox 1655 2255 1819 2294; x_wconf 83' lang='lat' dir='ltr'><strong>unum</strong></span> <span class='ocrx_word' id='word_1_338' title='bbox 1841 2238 2144 2302; x_wconf 85' lang='lat' dir='ltr'><strong>membrum,</strong></span> 
     </span>
    </p>
   </div>
   <div class='ocr_carea' id='block_1_24' title="bbox 2252 2225 3823 2314">
    <p class='ocr_par' dir='ltr' id='par_1_24' title="bbox 2252 2225 3823 2314">
     <span class='ocr_line' id='line_1_24' title="bbox 2252 2225 3823 2314; baseline -0.015 -11"><span class='ocrx_word' id='word_1_339' title='bbox 2252 2247 2360 2312; x_wconf 90' lang='lat' dir='ltr'><strong>sit;</strong></span> <span class='ocrx_word' id='word_1_340' title='bbox 2393 2245 2438 2301; x_wconf 91' lang='lat' dir='ltr'><strong>si</strong></span> <span class='ocrx_word' id='word_1_341' title='bbox 2485 2243 2762 2314; x_wconf 85' lang='lat' dir='ltr'><strong>subjectus</strong></span> <span class='ocrx_word' id='word_1_342' title='bbox 2791 2253 2974 2296; x_wconf 86' lang='lat' dir='ltr'><strong>tamen</strong></span> <span class='ocrx_word' id='word_1_343' title='bbox 3004 2237 3268 2302; x_wconf 85' lang='lat' dir='ltr'><strong>defuerit,</strong></span> <span class='ocrx_word' id='word_1_344' title='bbox 3297 2235 3388 2306; x_wconf 93' lang='lat' dir='ltr'><strong>qui</strong></span> <span class='ocrx_word' id='word_1_345' title='bbox 3431 2228 3718 2300; x_wconf 85' lang='lat' dir='ltr'><strong>obsequiis</strong></span> <span class='ocrx_word' id='word_1_346' title='bbox 3740 2225 3823 2280; x_wconf 84' lang='lat' dir='ltr'><strong>suis</strong></span> 
     </span>
    </p>
   </div>
   <div class='ocr_carea' id='block_1_25' title="bbox 537 2325 3828 2412">
    <p class='ocr_par' dir='ltr' id='par_1_25' title="bbox 537 2325 3828 2412">
     <span class='ocr_line' id='line_1_25' title="bbox 537 2325 3828 2412; baseline -0 -26"><span class='ocrx_word' id='word_1_347' title='bbox 537 2333 630 2389; x_wconf 83' lang='lat' dir='ltr'><strong>sed</strong></span> <span class='ocrx_word' id='word_1_348' title='bbox 669 2335 853 2387; x_wconf 87' lang='lat' dir='ltr'><strong>multa.</strong></span> <span class='ocrx_word' id='word_1_349' title='bbox 903 2333 1013 2388; x_wconf 90' lang='lat' dir='ltr'><strong>lloc</strong></span> <span class='ocrx_word' id='word_1_350' title='bbox 1037 2335 1261 2402; x_wconf 88' lang='lat' dir='ltr'><strong>dicens,</strong></span> <span class='ocrx_word' id='word_1_351' title='bbox 1297 2343 1324 2372; x_wconf 73' lang='grc' dir='ltr'><strong>ιι</strong></span> <span class='ocrx_word' id='word_1_352' title='bbox 1367 2334 1602 2390; x_wconf 79' lang='lat' dir='ltr'><strong>Ostendit</strong></span> <span class='ocrx_word' id='word_1_353' title='bbox 1636 2334 1897 2389; x_wconf 86' lang='lat' dir='ltr'><strong>unitatem</strong></span> <span class='ocrx_word' id='word_1_354' title='bbox 1943 2331 2150 2386; x_wconf 83' lang='lat' dir='ltr'><strong>habere</strong></span> <span class='ocrx_word' id='word_1_355' title='bbox 2253 2343 2408 2400; x_wconf 73' lang='lat' dir='ltr'><strong>illum</strong></span> <span class='ocrx_word' id='word_1_356' title='bbox 2451 2341 2610 2398; x_wconf 60' lang='lat' dir='ltr'><strong>faciat</strong></span> <span class='ocrx_word' id='word_1_357' title='bbox 2635 2339 2930 2412; x_wconf 66' lang='lat' dir='ltr'><strong>gloriosum</strong></span> <span class='ocrx_word' id='word_1_358' title='bbox 2957 2379 2973 2404; x_wconf 80' lang='lat'><strong>,</strong></span> <span class='ocrx_word' id='word_1_359' title='bbox 3005 2337 3120 2406; x_wconf 83' lang='lat' dir='ltr'><strong>ipsa</strong></span> <span class='ocrx_word' id='word_1_360' title='bbox 3153 2335 3388 2406; x_wconf 80' lang='lat' dir='ltr'><strong>dignitas</strong></span> <span class='ocrx_word' id='word_1_361' title='bbox 3427 2325 3828 2399; x_wconf 65' lang='grc' dir='ltr'><strong>εοηιειηριίὺίὶῐῦ</strong></span> 
     </span>
    </p>
   </div>
   <div class='ocr_carea' id='block_1_26' title="bbox 545 2423 3820 2498">
    <p class='ocr_par' dir='ltr' id='par_1_26' title="bbox 545 2423 3820 2498">
     <span class='ocr_line' id='line_1_26' title="bbox 545 2423 3820 2498; baseline -0.001 -16"><span class='ocrx_word' id='word_1_362' title='bbox 545 2429 846 2484; x_wconf 85' lang='lat' dir='ltr'><strong>varietates</strong></span> <span class='ocrx_word' id='word_1_363' title='bbox 871 2427 1206 2494; x_wconf 81' lang='lat' dir='ltr'><strong>ofﬁciorum,</strong></span> <span class='ocrx_word' id='word_1_364' title='bbox 1245 2437 1302 2484; x_wconf 89' lang='lat' dir='ltr'><strong>et</strong></span> <span class='ocrx_word' id='word_1_365' title='bbox 1322 2428 1699 2484; x_wconf 87' lang='lat' dir='ltr'><strong>diversitatem</strong></span> <span class='ocrx_word' id='word_1_366' title='bbox 1735 2428 1874 2484; x_wconf 87' lang='lat' dir='ltr'><strong>hanc</strong></span> <span class='ocrx_word' id='word_1_367' title='bbox 1901 2443 2010 2482; x_wconf 91' lang='lat' dir='ltr'><strong>non</strong></span> <span class='ocrx_word' id='word_1_368' title='bbox 2039 2427 2152 2482; x_wconf 85' lang='lat' dir='ltr'><strong>dis-</strong></span> <span class='ocrx_word' id='word_1_369' title='bbox 2255 2436 2360 2492; x_wconf 68' lang='lat' dir='ltr'><strong>erit</strong></span> <span class='ocrx_word' id='word_1_370' title='bbox 2391 2451 2403 2489; x_wconf 74' lang='grc' dir='ltr'>ε</span> <span class='ocrx_word' id='word_1_371' title='bbox 2433 2432 2672 2488; x_wconf 78' lang='lat' dir='ltr'><strong>otiicium</strong></span> <span class='ocrx_word' id='word_1_372' title='bbox 2704 2429 2851 2486; x_wconf 83' lang='lat' dir='ltr'><strong>enim</strong></span> <span class='ocrx_word' id='word_1_373' title='bbox 2893 2438 3006 2494; x_wconf 85' lang='lat' dir='ltr'><strong>est,</strong></span> <span class='ocrx_word' id='word_1_374' title='bbox 3053 2443 3151 2498; x_wconf 89' lang='lat' dir='ltr'><strong>per</strong></span> <span class='ocrx_word' id='word_1_375' title='bbox 3177 2425 3320 2498; x_wconf 87' lang='lat' dir='ltr'><strong>quod</strong></span> <span class='ocrx_word' id='word_1_376' title='bbox 3349 2423 3596 2496; x_wconf 78' lang='lat' dir='ltr'><strong>dignitas</strong></span> <span class='ocrx_word' id='word_1_377' title='bbox 3629 2427 3820 2478; x_wconf 58' lang='lat' dir='ltr'><strong>constt!-</strong></span> 
     </span>
    </p>
   </div>
   <div class='ocr_carea' id='block_1_27' title="bbox 537 2515 3826 2596">
    <p class='ocr_par' dir='ltr' id='par_1_27' title="bbox 537 2515 3826 2596">
     <span class='ocr_line' id='line_1_27' title="bbox 537 2515 3826 2596; baseline -0.003 -18"><span class='ocrx_word' id='word_1_378' title='bbox 537 2539 768 2592; x_wconf 81' lang='lat' dir='ltr'><strong>crepare</strong></span> <span class='ocrx_word' id='word_1_379' title='bbox 823 2525 876 2580; x_wconf 91' lang='lat' dir='ltr'><strong>in</strong></span> <span class='ocrx_word' id='word_1_380' title='bbox 925 2526 1134 2578; x_wconf 86' lang='lat' dir='ltr'><strong>unitate</strong></span> <span class='ocrx_word' id='word_1_381' title='bbox 1177 2523 1492 2592; x_wconf 81' lang='lat' dir='ltr'><strong>potestatis;</strong></span> <span class='ocrx_word' id='word_1_382' title='bbox 1541 2524 1763 2594; x_wconf 83' lang='lat' dir='ltr'><strong>quando</strong></span> <span class='ocrx_word' id='word_1_383' title='bbox 1809 2524 1988 2578; x_wconf 90' lang='lat' dir='ltr'><strong>unitas</strong></span> <span class='ocrx_word' id='word_1_384' title='bbox 2031 2539 2148 2578; x_wconf 84' lang='lat' dir='ltr'><strong>cor-</strong></span> <span class='ocrx_word' id='word_1_385' title='bbox 2258 2527 2388 2584; x_wconf 84' lang='lat' dir='ltr'><strong>Tale</strong></span> <span class='ocrx_word' id='word_1_386' title='bbox 2417 2537 2501 2583; x_wconf 91' lang='lat' dir='ltr'><strong>est</strong></span> <span class='ocrx_word' id='word_1_387' title='bbox 2528 2525 2574 2582; x_wconf 87' lang='lat' dir='ltr'><strong>si</strong></span> <span class='ocrx_word' id='word_1_388' title='bbox 2615 2523 2926 2596; x_wconf 80' lang='lat' dir='ltr'><strong>imperatori</strong></span> <span class='ocrx_word' id='word_1_389' title='bbox 2959 2521 3416 2577; x_wconf 79' lang='lat' dir='ltr'><strong>desitexercitus.</strong></span> <span class='ocrx_word' id='word_1_390' title='bbox 3447 2515 3710 2586; x_wconf 86' lang='lat' dir='ltr'><strong>Quamvis</strong></span> <span class='ocrx_word' id='word_1_391' title='bbox 3729 2525 3826 2580; x_wconf 70' lang='lat' dir='ltr'><strong>ergo</strong></span> 
     </span>
    </p>
   </div>
   <div class='ocr_carea' id='block_1_28' title="bbox 539 2605 3824 2694">
    <p class='ocr_par' dir='ltr' id='par_1_28' title="bbox 539 2605 3824 2694">
     <span class='ocr_line' id='line_1_28' title="bbox 539 2605 3824 2694; baseline -0.004 -23"><span class='ocrx_word' id='word_1_392' title='bbox 539 2617 692 2688; x_wconf 85' lang='lat' dir='ltr'><strong>poris</strong></span> <span class='ocrx_word' id='word_1_393' title='bbox 739 2631 848 2672; x_wconf 91' lang='lat' dir='ltr'><strong>non</strong></span> <span class='ocrx_word' id='word_1_394' title='bbox 896 2617 948 2670; x_wconf 90' lang='lat' dir='ltr'><strong>in</strong></span> <span class='ocrx_word' id='word_1_395' title='bbox 993 2617 1370 2686; x_wconf 81' lang='lat' dir='ltr'><strong>singularitate</strong></span> <span class='ocrx_word' id='word_1_396' title='bbox 1413 2615 1698 2682; x_wconf 84' lang='lat' dir='ltr'><strong>consistit,</strong></span> <span class='ocrx_word' id='word_1_397' title='bbox 1733 2614 1828 2670; x_wconf 91' lang='lat' dir='ltr'><strong>sed</strong></span> <span class='ocrx_word' id='word_1_398' title='bbox 1869 2615 1924 2670; x_wconf 91' lang='lat' dir='ltr'><strong>in</strong></span> <span class='ocrx_word' id='word_1_399' title='bbox 1971 2615 2154 2670; x_wconf 89' lang='lat' dir='ltr'><strong>multis</strong></span> <span class='ocrx_word' id='word_1_400' title='bbox 2257 2639 2484 2694; x_wconf 74' lang='lat' dir='ltr'><strong>magnus</strong></span> <span class='ocrx_word' id='word_1_401' title='bbox 2533 2620 2606 2674; x_wconf 86' lang='lat' dir='ltr'><strong>sit</strong></span> <span class='ocrx_word' id='word_1_402' title='bbox 2665 2621 2980 2690; x_wconf 85' lang='lat' dir='ltr'><strong>imperator,</strong></span> <span class='ocrx_word' id='word_1_403' title='bbox 3031 2613 3406 2672; x_wconf 80' lang='lat' dir='ltr'><strong>necessarium</strong></span> <span class='ocrx_word' id='word_1_404' title='bbox 3468 2621 3656 2666; x_wconf 83' lang='lat' dir='ltr'><strong>tamen</strong></span> <span class='ocrx_word' id='word_1_405' title='bbox 3699 2605 3824 2660; x_wconf 75' lang='lat' dir='ltr'><strong>habet</strong></span> 
     </span>
    </p>
   </div>
   <div class='ocr_carea' id='block_1_29' title="bbox 547 2705 3824 2782">
    <p class='ocr_par' dir='ltr' id='par_1_29' title="bbox 547 2705 3824 2782">
     <span class='ocr_line' id='line_1_29' title="bbox 547 2705 3824 2782; baseline -0.004 -20"><span class='ocrx_word' id='word_1_406' title='bbox 547 2708 849 2773; x_wconf 86' lang='lat' dir='ltr'><strong>membris;</strong></span> <span class='ocrx_word' id='word_1_407' title='bbox 883 2717 940 2761; x_wconf 92' lang='lat' dir='ltr'><strong>nt</strong></span> <span class='ocrx_word' id='word_1_408' title='bbox 971 2709 1202 2762; x_wconf 90' lang='lat' dir='ltr'><strong>invicem</strong></span> <span class='ocrx_word' id='word_1_409' title='bbox 1234 2707 1336 2760; x_wconf 86' lang='lat' dir='ltr'><strong>sibi</strong></span> <span class='ocrx_word' id='word_1_410' title='bbox 1365 2717 1652 2777; x_wconf 68' lang='lat' dir='ltr'><strong>praestent,</strong></span> <span class='ocrx_word' id='word_1_411' title='bbox 1686 2707 1830 2778; x_wconf 90' lang='lat' dir='ltr'><strong>quod</strong></span> <span class='ocrx_word' id='word_1_412' title='bbox 1862 2707 2080 2762; x_wconf 87' lang='lat' dir='ltr'><strong>debent.</strong></span> <span class='ocrx_word' id='word_1_413' title='bbox 2259 2717 2592 2782; x_wconf 52' lang='lat' dir='ltr'><strong>exeruiium;</strong></span> <span class='ocrx_word' id='word_1_414' title='bbox 2627 2725 2648 2753; x_wconf 84' lang='lat' dir='ltr'><strong>c</strong></span> <span class='ocrx_word' id='word_1_415' title='bbox 2676 2714 2978 2768; x_wconf 68' lang='lat' dir='ltr'><strong>membrum</strong></span> <span class='ocrx_word' id='word_1_416' title='bbox 3003 2720 3088 2766; x_wconf 72' lang='lat' dir='ltr'><strong>esi</strong></span> <span class='ocrx_word' id='word_1_417' title='bbox 3111 2711 3253 2764; x_wconf 75' lang='lat' dir='ltr'><strong>enim</strong></span> <span class='ocrx_word' id='word_1_418' title='bbox 3285 2707 3542 2777; x_wconf 66' lang='lat' dir='ltr'><strong>corporis</strong></span> <span class='ocrx_word' id='word_1_419' title='bbox 3571 2705 3705 2775; x_wconf 75' lang='lat' dir='ltr'><strong>ejus,</strong></span> <span class='ocrx_word' id='word_1_420' title='bbox 3731 2710 3824 2754; x_wconf 79' lang='lat' dir='ltr'><strong>ante</strong></span> 
     </span>
    </p>
   </div>
   <div class='ocr_carea' id='block_1_30' title="bbox 619 2794 2190 2874">
    <p class='ocr_par' dir='ltr' id='par_1_30' title="bbox 619 2799 2152 2874">
     <span class='ocr_line' id='line_1_30' title="bbox 619 2799 2152 2874; baseline -0.001 -16"><span class='ocrx_word' id='word_1_421' title='bbox 619 2801 806 2874; x_wconf 81' lang='lat' dir='ltr'><strong>(Vers.</strong></span> <span class='ocrx_word' id='word_1_422' title='bbox 839 2799 958 2872; x_wconf 78' lang='grc'><strong>15.)</strong></span> <span class='ocrx_word' id='word_1_423' title='bbox 985 2801 1046 2856; x_wconf 83' lang='lat' dir='ltr'><strong>Si</strong></span> <span class='ocrx_word' id='word_1_424' title='bbox 1093 2803 1282 2855; x_wconf 71' lang='lat' dir='ltr'><strong>dixerit</strong></span> <span class='ocrx_word' id='word_1_425' title='bbox 1313 2817 1402 2870; x_wconf 86' lang='lat' dir='ltr'><strong>pes</strong></span> <span class='ocrx_word' id='word_1_426' title='bbox 1429 2815 1450 2856; x_wconf 90' lang='lat'><strong><em>:</em></strong></span> <span class='ocrx_word' id='word_1_427' title='bbox 1483 2802 1620 2867; x_wconf 83' lang='lat' dir='ltr'><strong>Quia</strong></span> <span class='ocrx_word' id='word_1_428' title='bbox 1651 2819 1752 2856; x_wconf 87' lang='lat' dir='ltr'><strong>non</strong></span> <span class='ocrx_word' id='word_1_429' title='bbox 1778 2819 1892 2856; x_wconf 89' lang='lat' dir='ltr'><strong>sum</strong></span> <span class='ocrx_word' id='word_1_430' title='bbox 1933 2819 2152 2870; x_wconf 82' lang='lat' dir='ltr'><strong>manus,</strong></span> 
     </span>
    </p>
   </div>
   <div class='ocr_carea' id='block_1_31' title="bbox 2251 2794 3822 2874">
    <p class='ocr_par' dir='ltr' id='par_1_31' title="bbox 2259 2794 3822 2870">
     <span class='ocr_line' id='line_1_31' title="bbox 2259 2794 3822 2870; baseline -0.013 -4"><span class='ocrx_word' id='word_1_431' title='bbox 2259 2825 2319 2866; x_wconf 90' lang='lat' dir='ltr'><strong>se</strong></span> <span class='ocrx_word' id='word_1_432' title='bbox 2347 2808 2552 2864; x_wconf 86' lang='lat' dir='ltr'><strong>habens</strong></span> <span class='ocrx_word' id='word_1_433' title='bbox 2594 2806 2841 2862; x_wconf 89' lang='lat' dir='ltr'><strong>tribunos</strong></span> <span class='ocrx_word' id='word_1_434' title='bbox 2861 2845 2874 2868; x_wconf 88' lang='lat'><strong>,</strong></span> <span class='ocrx_word' id='word_1_435' title='bbox 2902 2803 3133 2859; x_wconf 90' lang='lat' dir='ltr'><strong>comites</strong></span> <span class='ocrx_word' id='word_1_436' title='bbox 3153 2843 3169 2868; x_wconf 89' lang='lat'><strong>,</strong></span> <span class='ocrx_word' id='word_1_437' title='bbox 3199 2814 3253 2856; x_wconf 84' lang='lat' dir='ltr'><strong>et</strong></span> <span class='ocrx_word' id='word_1_438' title='bbox 3285 2799 3604 2870; x_wconf 82' lang='lat' dir='ltr'><strong>magistros.</strong></span> <span class='ocrx_word' id='word_1_439' title='bbox 3631 2794 3714 2850; x_wconf 89' lang='lat' dir='ltr'><strong>His</strong></span> <span class='ocrx_word' id='word_1_440' title='bbox 3737 2807 3822 2846; x_wconf 84' lang='lat' dir='ltr'><strong>om-</strong></span> 
     </span>
    </p>
   </div>
   <div class='ocr_carea' id='block_1_32' title="bbox 549 2883 3822 2969">
    <p class='ocr_par' dir='ltr' id='par_1_32' title="bbox 549 2883 3822 2969">
     <span class='ocr_line' id='line_1_32' title="bbox 549 2883 3822 2969; baseline -0.005 -17"><span class='ocrx_word' id='word_1_441' title='bbox 549 2914 656 2952; x_wconf 86' lang='lat' dir='ltr'><strong>non</strong></span> <span class='ocrx_word' id='word_1_442' title='bbox 685 2915 802 2952; x_wconf 85' lang='lat' dir='ltr'><strong>sum</strong></span> <span class='ocrx_word' id='word_1_443' title='bbox 826 2898 889 2952; x_wconf 89' lang='lat' dir='ltr'><strong>de</strong></span> <span class='ocrx_word' id='word_1_444' title='bbox 917 2914 1169 2968; x_wconf 86' lang='lat' dir='ltr'><strong>corpore;</strong></span> <span class='ocrx_word' id='word_1_445' title='bbox 1201 2915 1325 2952; x_wconf 88' lang='lat' dir='ltr'><strong>num</strong></span> <span class='ocrx_word' id='word_1_446' title='bbox 1370 2907 1644 2969; x_wconf 84' lang='lat' dir='ltr'><strong>prapterea</strong></span> <span class='ocrx_word' id='word_1_447' title='bbox 1681 2915 1785 2953; x_wconf 88' lang='lat' dir='ltr'><strong>non</strong></span> <span class='ocrx_word' id='word_1_448' title='bbox 1832 2909 1906 2953; x_wconf 83' lang='lat' dir='ltr'><strong>est</strong></span> <span class='ocrx_word' id='word_1_449' title='bbox 1942 2899 2006 2954; x_wconf 87' lang='lat' dir='ltr'><strong>de</strong></span> <span class='ocrx_word' id='word_1_450' title='bbox 2041 2915 2160 2954; x_wconf 84' lang='lat' dir='ltr'><strong>cor-</strong></span> <span class='ocrx_word' id='word_1_451' title='bbox 2261 2903 2420 2959; x_wconf 82' lang='lat' dir='ltr'><strong>uibus</strong></span> <span class='ocrx_word' id='word_1_452' title='bbox 2465 2901 2758 2958; x_wconf 84' lang='lat' dir='ltr'><strong>inferiores</strong></span> <span class='ocrx_word' id='word_1_453' title='bbox 2800 2907 2927 2953; x_wconf 88' lang='lat' dir='ltr'><strong>sunt</strong></span> <span class='ocrx_word' id='word_1_454' title='bbox 2972 2897 3206 2962; x_wconf 89' lang='lat' dir='ltr'><strong>milites,</strong></span> <span class='ocrx_word' id='word_1_455' title='bbox 3255 2903 3309 2951; x_wconf 89' lang='lat' dir='ltr'><strong>et</strong></span> <span class='ocrx_word' id='word_1_456' title='bbox 3353 2894 3532 2964; x_wconf 81' lang='lat' dir='ltr'><strong>magis</strong></span> <span class='ocrx_word' id='word_1_457' title='bbox 3579 2883 3822 2946; x_wconf 78' lang='lat' dir='ltr'><strong>necessarii</strong></span> 
     </span>
    </p>
   </div>
   <div class='ocr_carea' id='block_1_33' title="bbox 551 2977 3819 3061">
    <p class='ocr_par' dir='ltr' id='par_1_33' title="bbox 551 2977 3819 3061">
     <span class='ocr_line' id='line_1_33' title="bbox 551 2977 3819 3061; baseline -0.004 -17"><span class='ocrx_word' id='word_1_458' title='bbox 551 2990 718 3058; x_wconf 84' lang='lat' dir='ltr'><strong>pore?</strong></span> <span class='ocrx_word' id='word_1_459' title='bbox 742 2989 853 3044; x_wconf 92' lang='lat' dir='ltr'><strong>lloc</strong></span> <span class='ocrx_word' id='word_1_460' title='bbox 881 2997 997 3055; x_wconf 88' lang='lat' dir='ltr'><strong>est,</strong></span> <span class='ocrx_word' id='word_1_461' title='bbox 1035 3003 1140 3044; x_wconf 90' lang='lat' dir='ltr'><strong>non</strong></span> <span class='ocrx_word' id='word_1_462' title='bbox 1179 3003 1341 3060; x_wconf 87' lang='lat' dir='ltr'><strong>posse</strong></span> <span class='ocrx_word' id='word_1_463' title='bbox 1365 3005 1524 3057; x_wconf 86' lang='lat' dir='ltr'><strong>eum,</strong></span> <span class='ocrx_word' id='word_1_464' title='bbox 1555 2990 1646 3058; x_wconf 89' lang='lat' dir='ltr'><strong>qui</strong></span> <span class='ocrx_word' id='word_1_465' title='bbox 1674 2990 1922 3045; x_wconf 86' lang='lat' dir='ltr'><strong>inﬁrmus</strong></span> <span class='ocrx_word' id='word_1_466' title='bbox 1949 2989 2160 3046; x_wconf 88' lang='lat' dir='ltr'><strong>videtur</strong></span> <span class='ocrx_word' id='word_1_467' title='bbox 2263 3005 2425 3061; x_wconf 84' lang='lat' dir='ltr'><strong>sunt,</strong></span> <span class='ocrx_word' id='word_1_468' title='bbox 2473 2995 2618 3048; x_wconf 86' lang='lat' dir='ltr'><strong>sicut</strong></span> <span class='ocrx_word' id='word_1_469' title='bbox 2662 2991 2904 3046; x_wconf 80' lang='lat' dir='ltr'><strong>membra</strong></span> <span class='ocrx_word' id='word_1_470' title='bbox 2953 2989 3202 3060; x_wconf 88' lang='lat' dir='ltr'><strong>corporis</strong></span> <span class='ocrx_word' id='word_1_471' title='bbox 3226 3029 3241 3054; x_wconf 92' lang='lat'><strong>,</strong></span> <span class='ocrx_word' id='word_1_472' title='bbox 3273 3003 3394 3058; x_wconf 77' lang='lat' dir='ltr'><strong>qua:</strong></span> <span class='ocrx_word' id='word_1_473' title='bbox 3435 3001 3565 3041; x_wconf 86' lang='lat' dir='ltr'><strong>cum</strong></span> <span class='ocrx_word' id='word_1_474' title='bbox 3613 2977 3819 3038; x_wconf 73' lang='lat' dir='ltr'><strong>inferiora</strong></span> 
     </span>
    </p>
   </div>
   <div class='ocr_carea' id='block_1_34' title="bbox 547 3080 3824 3160">
    <p class='ocr_par' dir='ltr' id='par_1_34' title="bbox 547 3080 3824 3160">
     <span class='ocr_line' id='line_1_34' title="bbox 547 3080 3824 3160; baseline -0.005 -20"><span class='ocrx_word' id='word_1_475' title='bbox 547 3085 696 3142; x_wconf 89' lang='lat' dir='ltr'><strong>inter</strong></span> <span class='ocrx_word' id='word_1_476' title='bbox 727 3086 956 3152; x_wconf 88' lang='lat' dir='ltr'><strong>fratres,</strong></span> <span class='ocrx_word' id='word_1_477' title='bbox 993 3085 1179 3154; x_wconf 83' lang='lat' dir='ltr'><strong>negari</strong></span> <span class='ocrx_word' id='word_1_478' title='bbox 1209 3099 1330 3140; x_wconf 90' lang='lat' dir='ltr'><strong>esse</strong></span> <span class='ocrx_word' id='word_1_479' title='bbox 1357 3084 1426 3140; x_wconf 89' lang='lat' dir='ltr'><strong>de</strong></span> <span class='ocrx_word' id='word_1_480' title='bbox 1467 3099 1736 3156; x_wconf 82' lang='lat' dir='ltr'><strong>corpore;</strong></span> <span class='ocrx_word' id='word_1_481' title='bbox 1777 3085 1902 3155; x_wconf 90' lang='lat' dir='ltr'><strong>quia</strong></span> <span class='ocrx_word' id='word_1_482' title='bbox 1942 3100 2046 3140; x_wconf 91' lang='lat' dir='ltr'><strong>nou</strong></span> <span class='ocrx_word' id='word_1_483' title='bbox 2075 3093 2160 3141; x_wconf 91' lang='lat' dir='ltr'><strong>est</strong></span> <span class='ocrx_word' id='word_1_484' title='bbox 2187 3097 2232 3159; x_wconf 75' lang='grc' dir='ltr'><strong>ί]</strong></span> <span class='ocrx_word' id='word_1_485' title='bbox 2265 3091 2540 3156; x_wconf 82' lang='lat' dir='ltr'><strong>videntur,</strong></span> <span class='ocrx_word' id='word_1_486' title='bbox 2573 3089 2696 3160; x_wconf 89' lang='lat' dir='ltr'><strong>plus</strong></span> <span class='ocrx_word' id='word_1_487' title='bbox 2730 3087 2877 3142; x_wconf 87' lang='lat' dir='ltr'><strong>utilia</strong></span> <span class='ocrx_word' id='word_1_488' title='bbox 2923 3093 3084 3150; x_wconf 87' lang='lat' dir='ltr'><strong>sunt;</strong></span> <span class='ocrx_word' id='word_1_489' title='bbox 3111 3084 3229 3139; x_wconf 90' lang='lat' dir='ltr'><strong>sine</strong></span> <span class='ocrx_word' id='word_1_490' title='bbox 3269 3081 3443 3138; x_wconf 88' lang='lat' dir='ltr'><strong>oculis</strong></span> <span class='ocrx_word' id='word_1_491' title='bbox 3479 3080 3632 3137; x_wconf 87' lang='lat' dir='ltr'><strong>enim</strong></span> <span class='ocrx_word' id='word_1_492' title='bbox 3671 3083 3824 3132; x_wconf 84' lang='lat' dir='ltr'><strong>manus</strong></span> 
     </span>
    </p>
   </div>
   <div class='ocr_carea' id='block_1_35' title="bbox 553 3177 3594 3256">
    <p class='ocr_par' dir='ltr' id='par_1_35' title="bbox 553 3177 3594 3256">
     <span class='ocr_line' id='line_1_35' title="bbox 553 3177 3594 3256; baseline -0.006 -8"><span class='ocrx_word' id='word_1_493' title='bbox 553 3187 772 3248; x_wconf 72' lang='grc' dir='ltr'><strong>Ροῑθηεο</strong></span> <span class='ocrx_word' id='word_1_494' title='bbox 2259 3193 2538 3256; x_wconf 81' lang='lat' dir='ltr'><strong>operatur,</strong></span> <span class='ocrx_word' id='word_1_495' title='bbox 2567 3193 2622 3238; x_wconf 89' lang='lat' dir='ltr'><strong>et</strong></span> <span class='ocrx_word' id='word_1_496' title='bbox 2652 3198 2748 3254; x_wconf 87' lang='lat' dir='ltr'><strong>pes</strong></span> <span class='ocrx_word' id='word_1_497' title='bbox 2767 3181 3054 3236; x_wconf 82' lang='lat' dir='ltr'><strong>ambulans</strong></span> <span class='ocrx_word' id='word_1_498' title='bbox 3078 3179 3281 3234; x_wconf 90' lang='lat' dir='ltr'><strong>victum</strong></span> <span class='ocrx_word' id='word_1_499' title='bbox 3313 3177 3594 3248; x_wconf 81' lang='lat' dir='ltr'><strong>qmeritat.</strong></span> 
     </span>
    </p>
   </div>
   <div class='ocr_carea' id='block_1_36' title="bbox 621 3269 3820 3348">
    <p class='ocr_par' dir='ltr' id='par_1_36' title="bbox 621 3269 3820 3348">
     <span class='ocr_line' id='line_1_36' title="bbox 621 3269 3820 3348; baseline -0.003 -24"><span class='ocrx_word' id='word_1_500' title='bbox 621 3269 806 3340; x_wconf 81' lang='lat' dir='ltr'><strong>(Vers.</strong></span> <span class='ocrx_word' id='word_1_501' title='bbox 837 3269 955 3342; x_wconf 88' lang='grc'><strong>16.)</strong></span> <span class='ocrx_word' id='word_1_502' title='bbox 985 3269 1046 3326; x_wconf 87' lang='lat' dir='ltr'><strong>Si</strong></span> <span class='ocrx_word' id='word_1_503' title='bbox 1071 3269 1264 3324; x_wconf 72' lang='lat' dir='ltr'><strong>dixerit</strong></span> <span class='ocrx_word' id='word_1_504' title='bbox 1293 3270 1532 3326; x_wconf 84' lang='lat' dir='ltr'><strong>auricula</strong></span> <span class='ocrx_word' id='word_1_505' title='bbox 1555 3288 1574 3326; x_wconf 91' lang='lat'><strong><em>:</em></strong></span> <span class='ocrx_word' id='word_1_506' title='bbox 1605 3271 1740 3340; x_wconf 82' lang='lat' dir='ltr'><strong>Quia</strong></span> <span class='ocrx_word' id='word_1_507' title='bbox 1763 3289 1866 3327; x_wconf 86' lang='lat' dir='ltr'><strong>non</strong></span> <span class='ocrx_word' id='word_1_508' title='bbox 1895 3289 2010 3327; x_wconf 81' lang='lat' dir='ltr'><strong>sum</strong></span> <span class='ocrx_word' id='word_1_509' title='bbox 2036 3289 2159 3326; x_wconf 90' lang='lat' dir='ltr'><strong>ocu-</strong></span> <span class='ocrx_word' id='word_1_510' title='bbox 2332 3277 2512 3348; x_wconf 73' lang='lat' dir='ltr'><strong>(vers.</strong></span> <span class='ocrx_word' id='word_1_511' title='bbox 2537 3275 2656 3347; x_wconf 75' lang='lat'><strong>9.5.)</strong></span> <span class='ocrx_word' id='word_1_512' title='bbox 2689 3274 2752 3328; x_wconf 77' lang='lat' dir='ltr'><strong>Et</strong></span> <span class='ocrx_word' id='word_1_513' title='bbox 2791 3291 2906 3344; x_wconf 80' lang='lat' dir='ltr'><strong>qua:</strong></span> <span class='ocrx_word' id='word_1_514' title='bbox 2935 3283 3176 3343; x_wconf 82' lang='lat' dir='ltr'><strong>putamus</strong></span> <span class='ocrx_word' id='word_1_515' title='bbox 3219 3272 3536 3344; x_wconf 85' lang='lat' dir='ltr'><strong>ignobiliora</strong></span> <span class='ocrx_word' id='word_1_516' title='bbox 3579 3284 3684 3324; x_wconf 78' lang='lat' dir='ltr'><strong>esse</strong></span> <span class='ocrx_word' id='word_1_517' title='bbox 3703 3277 3820 3318; x_wconf 75' lang='lat' dir='ltr'><strong>ntem-</strong></span> 
     </span>
    </p>
   </div>
   <div class='ocr_carea' id='block_1_37' title="bbox 545 3361 3816 3439">
    <p class='ocr_par' dir='ltr' id='par_1_37' title="bbox 545 3361 3816 3439">
     <span class='ocr_line' id='line_1_37' title="bbox 545 3361 3816 3439; baseline 0 -22"><span class='ocrx_word' id='word_1_518' title='bbox 545 3365 628 3417; x_wconf 85' lang='lat' dir='ltr'><strong>lus</strong></span> <span class='ocrx_word' id='word_1_519' title='bbox 643 3405 658 3430; x_wconf 95' lang='lat'><strong>,</strong></span> <span class='ocrx_word' id='word_1_520' title='bbox 682 3378 785 3417; x_wconf 89' lang='lat' dir='ltr'><strong>non</strong></span> <span class='ocrx_word' id='word_1_521' title='bbox 809 3379 922 3417; x_wconf 76' lang='lat' dir='ltr'><strong>sunt</strong></span> <span class='ocrx_word' id='word_1_522' title='bbox 943 3363 1008 3418; x_wconf 82' lang='lat' dir='ltr'><strong>de</strong></span> <span class='ocrx_word' id='word_1_523' title='bbox 1032 3380 1286 3433; x_wconf 86' lang='lat' dir='ltr'><strong>corpore;</strong></span> <span class='ocrx_word' id='word_1_524' title='bbox 1307 3381 1432 3418; x_wconf 86' lang='lat' dir='ltr'><strong>num</strong></span> <span class='ocrx_word' id='word_1_525' title='bbox 1454 3375 1728 3436; x_wconf 79' lang='lat' dir='ltr'><strong>pt&#39;Opterea</strong></span> <span class='ocrx_word' id='word_1_526' title='bbox 1750 3382 1851 3420; x_wconf 89' lang='lat' dir='ltr'><strong>non</strong></span> <span class='ocrx_word' id='word_1_527' title='bbox 1874 3375 1946 3421; x_wconf 85' lang='lat' dir='ltr'><strong>est</strong></span> <span class='ocrx_word' id='word_1_528' title='bbox 1963 3365 2028 3420; x_wconf 90' lang='lat' dir='ltr'><strong>de</strong></span> <span class='ocrx_word' id='word_1_529' title='bbox 2044 3382 2159 3420; x_wconf 83' lang='lat' dir='ltr'><strong>cor-</strong></span> <span class='ocrx_word' id='word_1_530' title='bbox 2260 3367 2352 3424; x_wconf 86' lang='lat' dir='ltr'><strong>bra</strong></span> <span class='ocrx_word' id='word_1_531' title='bbox 2377 3370 2629 3439; x_wconf 84' lang='lat' dir='ltr'><strong>corporis,</strong></span> <span class='ocrx_word' id='word_1_532' title='bbox 2654 3367 2736 3423; x_wconf 82' lang='lat' dir='ltr'><strong>his</strong></span> <span class='ocrx_word' id='word_1_533' title='bbox 2752 3367 3178 3422; x_wconf 84' lang='lat' dir='ltr'><strong>abundantiorem</strong></span> <span class='ocrx_word' id='word_1_534' title='bbox 3196 3367 3442 3420; x_wconf 82' lang='lat' dir='ltr'><strong>honorem</strong></span> <span class='ocrx_word' id='word_1_535' title='bbox 3457 3361 3816 3418; x_wconf 64' lang='lat' dir='ltr'><strong>circumdamu-</strong></span> 
     </span>
    </p>
   </div>
   <div class='ocr_carea' id='block_1_38' title="bbox 548 3451 3818 3529">
    <p class='ocr_par' dir='ltr' id='par_1_38' title="bbox 548 3451 3818 3529">
     <span class='ocr_line' id='line_1_38' title="bbox 548 3451 3818 3529; baseline -0.002 -19"><span class='ocrx_word' id='word_1_536' title='bbox 548 3471 673 3526; x_wconf 70' lang='grc' dir='ltr'>μοι-ε</span> <span class='ocrx_word' id='word_1_537' title='bbox 694 3456 720 3510; x_wconf 83' lang='lat'><strong><em>?</em></strong></span> <span class='ocrx_word' id='word_1_538' title='bbox 747 3454 863 3510; x_wconf 83' lang='lat' dir='ltr'><strong>Non</strong></span> <span class='ocrx_word' id='word_1_539' title='bbox 889 3456 1092 3512; x_wconf 91' lang='lat' dir='ltr'><strong>debere</strong></span> <span class='ocrx_word' id='word_1_540' title='bbox 1113 3456 1244 3511; x_wconf 90' lang='lat' dir='ltr'><strong>dicit</strong></span> <span class='ocrx_word' id='word_1_541' title='bbox 1272 3457 1457 3524; x_wconf 89' lang='lat' dir='ltr'><strong>illum,</strong></span> <span class='ocrx_word' id='word_1_542' title='bbox 1486 3457 1578 3528; x_wconf 91' lang='lat' dir='ltr'><strong>qui</strong></span> <span class='ocrx_word' id='word_1_543' title='bbox 1609 3459 1772 3528; x_wconf 89' lang='lat' dir='ltr'><strong>paulo</strong></span> <span class='ocrx_word' id='word_1_544' title='bbox 1794 3457 2023 3514; x_wconf 88' lang='lat' dir='ltr'><strong>inferior</strong></span> <span class='ocrx_word' id='word_1_545' title='bbox 2049 3469 2154 3526; x_wconf 87' lang='lat' dir='ltr'><strong>cst,</strong></span> <span class='ocrx_word' id='word_1_546' title='bbox 2261 3463 2470 3520; x_wconf 88' lang='lat' dir='ltr'><strong>Similis</strong></span> <span class='ocrx_word' id='word_1_547' title='bbox 2513 3472 2594 3516; x_wconf 85' lang='lat' dir='ltr'><strong>est</strong></span> <span class='ocrx_word' id='word_1_548' title='bbox 2623 3476 2817 3516; x_wconf 90' lang='lat' dir='ltr'><strong>sensus</strong></span> <span class='ocrx_word' id='word_1_549' title='bbox 2843 3502 2858 3528; x_wconf 96' lang='lat'><strong>,</strong></span> <span class='ocrx_word' id='word_1_550' title='bbox 2887 3461 3010 3528; x_wconf 89' lang='lat' dir='ltr'><strong>quia</strong></span> <span class='ocrx_word' id='word_1_551' title='bbox 3040 3459 3130 3529; x_wconf 91' lang='lat' dir='ltr'><strong>qui</strong></span> <span class='ocrx_word' id='word_1_552' title='bbox 3177 3467 3437 3529; x_wconf 85' lang='lat' dir='ltr'><strong>putantur</strong></span> <span class='ocrx_word' id='word_1_553' title='bbox 3461 3456 3584 3512; x_wconf 83' lang='lat' dir='ltr'><strong>sine</strong></span> <span class='ocrx_word' id='word_1_554' title='bbox 3609 3451 3818 3524; x_wconf 74' lang='lat' dir='ltr'><strong>dignitate</strong></span> 
     </span>
    </p>
   </div>
   <div class='ocr_carea' id='block_1_39' title="bbox 549 3543 2120 3624">
    <p class='ocr_par' dir='ltr' id='par_1_39' title="bbox 549 3550 2120 3622">
     <span class='ocr_line' id='line_1_39' title="bbox 549 3550 2120 3622; baseline 0.002 -19"><span class='ocrx_word' id='word_1_555' title='bbox 549 3564 660 3604; x_wconf 92' lang='lat' dir='ltr'><strong>non</strong></span> <span class='ocrx_word' id='word_1_556' title='bbox 693 3551 1066 3605; x_wconf 90' lang='lat' dir='ltr'><strong>necessarium</strong></span> <span class='ocrx_word' id='word_1_557' title='bbox 1099 3550 1278 3620; x_wconf 88' lang='lat' dir='ltr'><strong>putari</strong></span> <span class='ocrx_word' id='word_1_558' title='bbox 1309 3550 1569 3620; x_wconf 84' lang='lat' dir='ltr'><strong>corpori,</strong></span> <span class='ocrx_word' id='word_1_559' title='bbox 1599 3561 1882 3622; x_wconf 88' lang='lat' dir='ltr'><strong>propterea</strong></span> <span class='ocrx_word' id='word_1_560' title='bbox 1916 3550 2059 3622; x_wconf 91' lang='lat' dir='ltr'><strong>quod</strong></span> <span class='ocrx_word' id='word_1_561' title='bbox 2089 3551 2120 3606; x_wconf 97' lang='lat' dir='ltr'><strong>d</strong></span> 
     </span>
    </p>
   </div>
   <div class='ocr_carea' id='block_1_40' title="bbox 2246 3543 3817 3624">
    <p class='ocr_par' dir='ltr' id='par_1_40' title="bbox 2261 3543 3817 3624">
     <span class='ocr_line' id='line_1_40' title="bbox 2261 3543 3817 3624; baseline -0.013 -10"><span class='ocrx_word' id='word_1_562' title='bbox 2261 3573 2414 3620; x_wconf 86' lang='lat' dir='ltr'><strong>esse.</strong></span> <span class='ocrx_word' id='word_1_563' title='bbox 2469 3551 2774 3612; x_wconf 85' lang='lat' dir='ltr'><strong>invenimus</strong></span> <span class='ocrx_word' id='word_1_564' title='bbox 2811 3556 2863 3611; x_wconf 92' lang='lat' dir='ltr'><strong>in</strong></span> <span class='ocrx_word' id='word_1_565' title='bbox 2893 3555 2975 3610; x_wconf 87' lang='lat' dir='ltr'><strong>eis</strong></span> <span class='ocrx_word' id='word_1_566' title='bbox 3017 3553 3160 3624; x_wconf 91' lang='lat' dir='ltr'><strong>quod</strong></span> <span class='ocrx_word' id='word_1_567' title='bbox 3195 3552 3514 3619; x_wconf 86' lang='lat' dir='ltr'><strong>laudemus,</strong></span> <span class='ocrx_word' id='word_1_568' title='bbox 3547 3551 3684 3606; x_wconf 89' lang='lat' dir='ltr'><strong>sicut</strong></span> <span class='ocrx_word' id='word_1_569' title='bbox 3709 3555 3752 3600; x_wconf 86' lang='lat' dir='ltr'><strong>et</strong></span> <span class='ocrx_word' id='word_1_570' title='bbox 3781 3543 3817 3596; x_wconf 84' lang='lat' dir='ltr'><strong>in</strong></span> 
     </span>
    </p>
   </div>
   <div class='ocr_carea' id='block_1_41' title="bbox 551 3641 3919 3720">
    <p class='ocr_par' dir='ltr' id='par_1_41' title="bbox 551 3641 3919 3720">
     <span class='ocr_line' id='line_1_41' title="bbox 551 3641 3919 3720; baseline -0.002 -24"><span class='ocrx_word' id='word_1_571' title='bbox 551 3642 745 3711; x_wconf 91' lang='lat' dir='ltr'><strong>primis</strong></span> <span class='ocrx_word' id='word_1_572' title='bbox 772 3657 882 3698; x_wconf 89' lang='lat' dir='ltr'><strong>non</strong></span> <span class='ocrx_word' id='word_1_573' title='bbox 911 3641 1002 3698; x_wconf 90' lang='lat' dir='ltr'><strong>sit.</strong></span> <span class='ocrx_word' id='word_1_574' title='bbox 2263 3651 2525 3708; x_wconf 88' lang='lat' dir='ltr'><strong>membris</strong></span> <span class='ocrx_word' id='word_1_575' title='bbox 2561 3649 2845 3705; x_wconf 89' lang='lat' dir='ltr'><strong>vilioribus</strong></span> <span class='ocrx_word' id='word_1_576' title='bbox 2869 3690 2883 3716; x_wconf 95' lang='lat'><strong>,</strong></span> <span class='ocrx_word' id='word_1_577' title='bbox 2913 3647 3056 3720; x_wconf 89' lang='lat' dir='ltr'><strong>quod</strong></span> <span class='ocrx_word' id='word_1_578' title='bbox 3091 3648 3210 3717; x_wconf 85' lang='lat' dir='ltr'><strong>plus</strong></span> <span class='ocrx_word' id='word_1_579' title='bbox 3239 3645 3398 3701; x_wconf 90' lang='lat' dir='ltr'><strong>nobis</strong></span> <span class='ocrx_word' id='word_1_580' title='bbox 3429 3644 3672 3716; x_wconf 86' lang='lat' dir='ltr'><strong>placeat,</strong></span> <span class='ocrx_word' id='word_1_581' title='bbox 3695 3647 3818 3710; x_wconf 79' lang='lat' dir='ltr'><strong>quam</strong></span> <span class='ocrx_word' id='word_1_582' title='bbox 3918 3663 3919 3666; x_wconf 58' lang='grc' dir='ltr'><strong>η</strong></span> 
     </span>
    </p>
   </div>
   <div class='ocr_carea' id='block_1_42' title="bbox 625 3730 3820 3818">
    <p class='ocr_par' dir='ltr' id='par_1_42' title="bbox 625 3730 3820 3818">
     <span class='ocr_line' id='line_1_42' title="bbox 625 3730 3820 3818; baseline -0.003 -29"><span class='ocrx_word' id='word_1_583' title='bbox 625 3733 800 3806; x_wconf 85' lang='lat' dir='ltr'><strong>(Vers.</strong></span> <span class='ocrx_word' id='word_1_584' title='bbox 838 3735 956 3806; x_wconf 89' lang='grc'><strong>17.)</strong></span> <span class='ocrx_word' id='word_1_585' title='bbox 1015 3733 1077 3791; x_wconf 90' lang='lat' dir='ltr'><strong>Si</strong></span> <span class='ocrx_word' id='word_1_586' title='bbox 1123 3744 1290 3790; x_wconf 86' lang='lat' dir='ltr'><strong>totum</strong></span> <span class='ocrx_word' id='word_1_587' title='bbox 1334 3751 1522 3800; x_wconf 84' lang='lat' dir='ltr'><strong>corpus</strong></span> <span class='ocrx_word' id='word_1_588' title='bbox 1571 3737 1780 3802; x_wconf 86' lang='lat' dir='ltr'><strong>oculus,</strong></span> <span class='ocrx_word' id='word_1_589' title='bbox 1821 3737 1905 3791; x_wconf 86' lang='lat' dir='ltr'><strong>ubi</strong></span> <span class='ocrx_word' id='word_1_590' title='bbox 1946 3747 2021 3791; x_wconf 84' lang='lat' dir='ltr'><strong>est</strong></span> <span class='ocrx_word' id='word_1_591' title='bbox 2059 3753 2158 3791; x_wconf 87' lang='lat' dir='ltr'><strong>au-</strong></span> <span class='ocrx_word' id='word_1_592' title='bbox 2260 3745 2406 3818; x_wconf 78' lang='lat' dir='ltr'><strong>quod</strong></span> <span class='ocrx_word' id='word_1_593' title='bbox 2437 3746 2490 3800; x_wconf 81' lang='lat' dir='ltr'><strong>in</strong></span> <span class='ocrx_word' id='word_1_594' title='bbox 2522 3745 2738 3801; x_wconf 51' lang='lat' dir='ltr'><strong>caeteris</strong></span> <span class='ocrx_word' id='word_1_595' title='bbox 2765 3743 3092 3798; x_wconf 83' lang='lat' dir='ltr'><strong>invenimus.</strong></span> <span class='ocrx_word' id='word_1_596' title='bbox 3125 3741 3244 3808; x_wconf 84' lang='lat' dir='ltr'><strong>Quo</strong></span> <span class='ocrx_word' id='word_1_597' title='bbox 3273 3739 3420 3794; x_wconf 90' lang='lat' dir='ltr'><strong>enim</strong></span> <span class='ocrx_word' id='word_1_598' title='bbox 3449 3738 3660 3794; x_wconf 84' lang='lat' dir='ltr'><strong>honore</strong></span> <span class='ocrx_word' id='word_1_599' title='bbox 3685 3730 3820 3800; x_wconf 71' lang='lat' dir='ltr'><strong>digne</strong></span> 
     </span>
    </p>
   </div>
   <div class='ocr_carea' id='block_1_43' title="bbox 545 3817 3818 3906">
    <p class='ocr_par' dir='ltr' id='par_1_43' title="bbox 545 3817 3818 3906">
     <span class='ocr_line' id='line_1_43' title="bbox 545 3817 3818 3906; baseline -0.002 -27"><span class='ocrx_word' id='word_1_600' title='bbox 545 3825 733 3881; x_wconf 80' lang='lat' dir='ltr'><strong>ditus?</strong></span> <span class='ocrx_word' id='word_1_601' title='bbox 781 3825 844 3882; x_wconf 86' lang='lat' dir='ltr'><strong>Si</strong></span> <span class='ocrx_word' id='word_1_602' title='bbox 893 3836 1058 3882; x_wconf 86' lang='lat' dir='ltr'><strong>totum</strong></span> <span class='ocrx_word' id='word_1_603' title='bbox 1085 3827 1323 3896; x_wconf 81' lang='lat' dir='ltr'><strong>auditus,</strong></span> <span class='ocrx_word' id='word_1_604' title='bbox 1370 3829 1458 3882; x_wconf 84' lang='lat' dir='ltr'><strong>ubi</strong></span> <span class='ocrx_word' id='word_1_605' title='bbox 1501 3837 1575 3882; x_wconf 83' lang='lat' dir='ltr'><strong>est</strong></span> <span class='ocrx_word' id='word_1_606' title='bbox 1605 3829 1905 3884; x_wconf 84' lang='lat' dir='ltr'><strong>odoratus?</strong></span> <span class='ocrx_word' id='word_1_607' title='bbox 1948 3828 2007 3884; x_wconf 85' lang='lat' dir='ltr'><strong>Id</strong></span> <span class='ocrx_word' id='word_1_608' title='bbox 2050 3839 2156 3896; x_wconf 91' lang='lat' dir='ltr'><strong>est,</strong></span> <span class='ocrx_word' id='word_1_609' title='bbox 2263 3817 2390 3893; x_wconf 72' lang='lat' dir='ltr'><strong>sunt</strong></span> <span class='ocrx_word' id='word_1_610' title='bbox 2429 3851 2620 3892; x_wconf 80' lang='lat' dir='ltr'><strong>manus</strong></span> <span class='ocrx_word' id='word_1_611' title='bbox 2645 3877 2659 3903; x_wconf 73' lang='grc'><em>,</em></span> <span class='ocrx_word' id='word_1_612' title='bbox 2707 3834 2924 3906; x_wconf 79' lang='lat' dir='ltr'><strong>quando</strong></span> <span class='ocrx_word' id='word_1_613' title='bbox 2963 3832 3109 3905; x_wconf 79' lang='lat' dir='ltr'><strong>quod</strong></span> <span class='ocrx_word' id='word_1_614' title='bbox 3139 3833 3419 3898; x_wconf 65' lang='lat' dir='ltr'><strong>volumus,</strong></span> <span class='ocrx_word' id='word_1_615' title='bbox 3445 3828 3718 3886; x_wconf 72' lang='lat' dir='ltr'><strong>tenemus!</strong></span> <span class='ocrx_word' id='word_1_616' title='bbox 3757 3817 3818 3874; x_wconf 79' lang='lat' dir='ltr'><strong>vel</strong></span> 
     </span>
    </p>
   </div>
   <div class='ocr_carea' id='block_1_44' title="bbox 539 3921 3818 4002">
    <p class='ocr_par' dir='ltr' id='par_1_44' title="bbox 539 3921 3818 4002">
     <span class='ocr_line' id='line_1_44' title="bbox 539 3921 3818 4002; baseline -0.004 -27"><span class='ocrx_word' id='word_1_617' title='bbox 539 3923 590 3975; x_wconf 83' lang='lat' dir='ltr'><strong>si</strong></span> <span class='ocrx_word' id='word_1_618' title='bbox 636 3935 830 3976; x_wconf 88' lang='lat' dir='ltr'><strong>omnes</strong></span> <span class='ocrx_word' id='word_1_619' title='bbox 877 3921 1040 3977; x_wconf 90' lang='lat' dir='ltr'><strong>unius</strong></span> <span class='ocrx_word' id='word_1_620' title='bbox 1083 3931 1270 3978; x_wconf 90' lang='lat' dir='ltr'><strong>essent</strong></span> <span class='ocrx_word' id='word_1_621' title='bbox 1301 3921 1470 3977; x_wconf 86' lang='lat' dir='ltr'><strong>ofﬁcii</strong></span> <span class='ocrx_word' id='word_1_622' title='bbox 1506 3931 1561 3976; x_wconf 90' lang='lat' dir='ltr'><strong>et</strong></span> <span class='ocrx_word' id='word_1_623' title='bbox 1607 3923 1790 3993; x_wconf 90' lang='lat' dir='ltr'><strong>operis</strong></span> <span class='ocrx_word' id='word_1_624' title='bbox 1815 3963 1832 3988; x_wconf 92' lang='lat'><strong>,</strong></span> <span class='ocrx_word' id='word_1_625' title='bbox 1885 3924 2160 3991; x_wconf 91' lang='lat' dir='ltr'><strong>quomodo</strong></span> <span class='ocrx_word' id='word_1_626' title='bbox 2263 3929 2454 4002; x_wconf 75' lang='lat' dir='ltr'><strong>pedes,</strong></span> <span class='ocrx_word' id='word_1_627' title='bbox 2478 3945 2599 3984; x_wconf 80' lang='lat' dir='ltr'><strong>cum</strong></span> <span class='ocrx_word' id='word_1_628' title='bbox 2622 3928 2822 3998; x_wconf 74' lang='lat' dir='ltr'><strong>quibus</strong></span> <span class='ocrx_word' id='word_1_629' title='bbox 2842 3943 2951 3998; x_wconf 75' lang='lat' dir='ltr'><strong>quo</strong></span> <span class='ocrx_word' id='word_1_630' title='bbox 2977 3926 3259 3990; x_wconf 63' lang='lat' dir='ltr'><strong>volumus,</strong></span> <span class='ocrx_word' id='word_1_631' title='bbox 3288 3923 3460 3978; x_wconf 75' lang='lat' dir='ltr'><strong>imus!</strong></span> <span class='ocrx_word' id='word_1_632' title='bbox 3495 3921 3818 3992; x_wconf 73' lang='lat' dir='ltr'><strong>Proptereaet</strong></span> 
     </span>
    </p>
   </div>
   <div class='ocr_carea' id='block_1_45' title="bbox 550 4010 3815 4088">
    <p class='ocr_par' dir='ltr' id='par_1_45' title="bbox 550 4010 3815 4088">
     <span class='ocr_line' id='line_1_45' title="bbox 550 4010 3815 4088; baseline -0.002 -18"><span class='ocrx_word' id='word_1_633' title='bbox 550 4016 874 4086; x_wconf 91' lang='lat' dir='ltr'><strong>impleretur</strong></span> <span class='ocrx_word' id='word_1_634' title='bbox 919 4016 1127 4086; x_wconf 89' lang='lat' dir='ltr'><strong>reliqua</strong></span> <span class='ocrx_word' id='word_1_635' title='bbox 1167 4016 1469 4072; x_wconf 87' lang='lat' dir='ltr'><strong>necessitas</strong></span> <span class='ocrx_word' id='word_1_636' title='bbox 1511 4017 1798 4087; x_wconf 91' lang='lat' dir='ltr'><strong>corporis;</strong></span> <span class='ocrx_word' id='word_1_637' title='bbox 1855 4031 1977 4072; x_wconf 89' lang='lat' dir='ltr'><strong>eum</strong></span> <span class='ocrx_word' id='word_1_638' title='bbox 2027 4031 2163 4072; x_wconf 90' lang='lat' dir='ltr'><strong>con-</strong></span> <span class='ocrx_word' id='word_1_639' title='bbox 2264 4038 2366 4078; x_wconf 84' lang='lat' dir='ltr'><strong>uos</strong></span> <span class='ocrx_word' id='word_1_640' title='bbox 2406 4022 2658 4078; x_wconf 80' lang='lat' dir='ltr'><strong>addimus</strong></span> <span class='ocrx_word' id='word_1_641' title='bbox 2697 4021 2776 4076; x_wconf 86' lang='lat' dir='ltr'><strong>eis</strong></span> <span class='ocrx_word' id='word_1_642' title='bbox 2818 4017 3319 4084; x_wconf 81' lang='lat' dir='ltr'><strong>honoriﬁcentiam,</strong></span> <span class='ocrx_word' id='word_1_643' title='bbox 3347 4027 3408 4071; x_wconf 90' lang='lat' dir='ltr'><strong>ut</strong></span> <span class='ocrx_word' id='word_1_644' title='bbox 3451 4024 3580 4086; x_wconf 81' lang='lat' dir='ltr'><strong>puta</strong></span> <span class='ocrx_word' id='word_1_645' title='bbox 3605 4010 3815 4088; x_wconf 72' lang='lat' dir='ltr'><strong>pedibus;</strong></span> 
     </span>
    </p>
   </div>
   <div class='ocr_carea' id='block_1_46' title="bbox 551 4097 3817 4188">
    <p class='ocr_par' dir='ltr' id='par_1_46' title="bbox 551 4097 3817 4188">
     <span class='ocr_line' id='line_1_46' title="bbox 551 4097 3817 4188; baseline -0.001 -24"><span class='ocrx_word' id='word_1_646' title='bbox 551 4119 662 4166; x_wconf 85' lang='lat' dir='ltr'><strong>stet</strong></span> <span class='ocrx_word' id='word_1_647' title='bbox 689 4110 874 4165; x_wconf 90' lang='lat' dir='ltr'><strong>multis</strong></span> <span class='ocrx_word' id='word_1_648' title='bbox 900 4109 1077 4165; x_wconf 88' lang='lat' dir='ltr'><strong>oﬁciis</strong></span> <span class='ocrx_word' id='word_1_649' title='bbox 1098 4124 1236 4180; x_wconf 92' lang='lat' dir='ltr'><strong>opus</strong></span> <span class='ocrx_word' id='word_1_650' title='bbox 1256 4123 1379 4164; x_wconf 91' lang='lat' dir='ltr'><strong>esse</strong></span> <span class='ocrx_word' id='word_1_651' title='bbox 1399 4108 1466 4162; x_wconf 88' lang='lat' dir='ltr'><strong>ad</strong></span> <span class='ocrx_word' id='word_1_652' title='bbox 1491 4109 1856 4178; x_wconf 87' lang='lat' dir='ltr'><strong>gubernacula</strong></span> <span class='ocrx_word' id='word_1_653' title='bbox 1879 4111 2161 4180; x_wconf 84' lang='lat' dir='ltr'><strong>corporis?</strong></span> <span class='ocrx_word' id='word_1_654' title='bbox 2263 4131 2400 4187; x_wconf 89' lang='lat' dir='ltr'><strong>quos</strong></span> <span class='ocrx_word' id='word_1_655' title='bbox 2437 4115 2591 4188; x_wconf 81' lang='lat'><strong>153</strong></span> <span class='ocrx_word' id='word_1_656' title='bbox 2619 4115 2746 4186; x_wconf 88' lang='lat' dir='ltr'><strong>quia</strong></span> <span class='ocrx_word' id='word_1_657' title='bbox 2776 4113 3006 4169; x_wconf 88' lang='lat' dir='ltr'><strong>humiles</strong></span> <span class='ocrx_word' id='word_1_658' title='bbox 3037 4121 3164 4167; x_wconf 90' lang='lat' dir='ltr'><strong>sunt</strong></span> <span class='ocrx_word' id='word_1_659' title='bbox 3194 4121 3248 4168; x_wconf 86' lang='lat' dir='ltr'><strong>et</strong></span> <span class='ocrx_word' id='word_1_660' title='bbox 3278 4108 3398 4164; x_wconf 76' lang='lat' dir='ltr'><strong>sine</strong></span> <span class='ocrx_word' id='word_1_661' title='bbox 3423 4110 3712 4180; x_wconf 78' lang='lat' dir='ltr'><strong>dignitate.</strong></span> <span class='ocrx_word' id='word_1_662' title='bbox 3737 4097 3817 4154; x_wconf 64' lang='lat' dir='ltr'><strong>cnl-</strong></span> 
     </span>
    </p>
   </div>
   <div class='ocr_carea' id='block_1_47' title="bbox 629 4199 3811 4276">
    <p class='ocr_par' dir='ltr' id='par_1_47' title="bbox 629 4199 3811 4276">
     <span class='ocr_line' id='line_1_47' title="bbox 629 4199 3811 4276; baseline -0.005 -11"><span class='ocrx_word' id='word_1_663' title='bbox 629 4203 824 4274; x_wconf 67' lang='lat' dir='ltr'><strong>(Vers.</strong></span> <span class='ocrx_word' id='word_1_664' title='bbox 875 4202 1004 4272; x_wconf 69' lang='grc'><strong>18.)</strong></span> <span class='ocrx_word' id='word_1_665' title='bbox 1053 4200 1212 4256; x_wconf 78' lang='lat' dir='ltr'><strong>Nunc</strong></span> <span class='ocrx_word' id='word_1_666' title='bbox 1259 4211 1432 4256; x_wconf 64' lang='lat' dir='ltr'><strong>autem</strong></span> <span class='ocrx_word' id='word_1_667' title='bbox 1487 4199 1630 4254; x_wconf 66' lang='lat' dir='ltr'><strong>Deus</strong></span> <span class='ocrx_word' id='word_1_668' title='bbox 1680 4203 1854 4272; x_wconf 73' lang='grc' dir='ltr'>ροδιιδι</span> <span class='ocrx_word' id='word_1_669' title='bbox 1902 4203 2159 4271; x_wconf 76' lang='lat' dir='ltr'><strong>membra.</strong></span> <span class='ocrx_word' id='word_1_670' title='bbox 2263 4209 2564 4265; x_wconf 90' lang='lat' dir='ltr'><strong>ceamentis</strong></span> <span class='ocrx_word' id='word_1_671' title='bbox 2603 4221 2882 4262; x_wconf 90' lang='lat' dir='ltr'><strong>ornamus.</strong></span> <span class='ocrx_word' id='word_1_672' title='bbox 2925 4205 2990 4260; x_wconf 83' lang='lat' dir='ltr'><strong>Et</strong></span> <span class='ocrx_word' id='word_1_673' title='bbox 3034 4221 3148 4276; x_wconf 74' lang='lat' dir='ltr'><strong>qua:</strong></span> <span class='ocrx_word' id='word_1_674' title='bbox 3191 4204 3466 4258; x_wconf 85' lang='lat' dir='ltr'><strong>inhonesta</strong></span> <span class='ocrx_word' id='word_1_675' title='bbox 3507 4212 3626 4256; x_wconf 81' lang='lat' dir='ltr'><strong>sunt</strong></span> <span class='ocrx_word' id='word_1_676' title='bbox 3653 4205 3811 4254; x_wconf 77' lang='lat' dir='ltr'><strong>nostra.</strong></span> 
     </span>
    </p>
   </div>
   <div class='ocr_carea' id='block_1_48' title="bbox 553 4286 3814 4364">
    <p class='ocr_par' dir='ltr' id='par_1_48' title="bbox 553 4286 3814 4364">
     <span class='ocr_line' id='line_1_48' title="bbox 553 4286 3814 4364; baseline -0.003 -16"><span class='ocrx_word' id='word_1_677' title='bbox 553 4292 955 4364; x_wconf 86' lang='lat' dir='ltr'><strong>unumquodque</strong></span> <span class='ocrx_word' id='word_1_678' title='bbox 999 4293 1054 4346; x_wconf 89' lang='lat' dir='ltr'><strong>in</strong></span> <span class='ocrx_word' id='word_1_679' title='bbox 1101 4308 1353 4364; x_wconf 86' lang='lat' dir='ltr'><strong>corpore;</strong></span> <span class='ocrx_word' id='word_1_680' title='bbox 1394 4293 1526 4346; x_wconf 82' lang='lat' dir='ltr'><strong>sicut</strong></span> <span class='ocrx_word' id='word_1_681' title='bbox 1579 4292 1761 4347; x_wconf 84' lang='lat' dir='ltr'><strong>voluit.</strong></span> <span class='ocrx_word' id='word_1_682' title='bbox 1814 4291 2160 4351; x_wconf 80' lang='lat' dir='ltr'><strong>Voluptatem</strong></span> <span class='ocrx_word' id='word_1_683' title='bbox 2262 4301 2694 4356; x_wconf 86' lang='lat' dir='ltr'><strong>abundantiorem</strong></span> <span class='ocrx_word' id='word_1_684' title='bbox 2729 4300 2974 4355; x_wconf 86' lang='lat' dir='ltr'><strong>honorem</strong></span> <span class='ocrx_word' id='word_1_685' title='bbox 3003 4301 3210 4354; x_wconf 86' lang='lat' dir='ltr'><strong>habent.</strong></span> <span class='ocrx_word' id='word_1_686' title='bbox 3249 4297 3594 4353; x_wconf 79' lang='lat' dir='ltr'><strong>Manifestum</strong></span> <span class='ocrx_word' id='word_1_687' title='bbox 3625 4304 3701 4351; x_wconf 87' lang='lat' dir='ltr'><strong>est</strong></span> <span class='ocrx_word' id='word_1_688' title='bbox 3723 4286 3814 4360; x_wconf 80' lang='lat' dir='ltr'><strong>quia</strong></span> 
     </span>
    </p>
   </div>
   <div class='ocr_carea' id='block_1_49' title="bbox 556 4385 3814 4468">
    <p class='ocr_par' dir='ltr' id='par_1_49' title="bbox 556 4385 3814 4468">
     <span class='ocr_line' id='line_1_49' title="bbox 556 4385 3814 4468; baseline -0.002 -28"><span class='ocrx_word' id='word_1_689' title='bbox 556 4385 687 4451; x_wconf 85' lang='lat' dir='ltr'><strong>Dei,</strong></span> <span class='ocrx_word' id='word_1_690' title='bbox 717 4387 840 4456; x_wconf 90' lang='lat' dir='ltr'><strong>quia</strong></span> <span class='ocrx_word' id='word_1_691' title='bbox 873 4385 1097 4456; x_wconf 88' lang='lat' dir='ltr'><strong>provida</strong></span> <span class='ocrx_word' id='word_1_692' title='bbox 1125 4395 1181 4442; x_wconf 92' lang='lat' dir='ltr'><strong>et</strong></span> <span class='ocrx_word' id='word_1_693' title='bbox 1213 4385 1554 4442; x_wconf 88' lang='lat' dir='ltr'><strong>rationabilis</strong></span> <span class='ocrx_word' id='word_1_694' title='bbox 1581 4396 1663 4442; x_wconf 91' lang='lat' dir='ltr'><strong>est</strong></span> <span class='ocrx_word' id='word_1_695' title='bbox 1690 4427 1704 4454; x_wconf 90' lang='lat'><strong>,</strong></span> <span class='ocrx_word' id='word_1_696' title='bbox 1753 4388 1996 4443; x_wconf 88' lang='lat' dir='ltr'><strong>membra</strong></span> <span class='ocrx_word' id='word_1_697' title='bbox 2025 4389 2162 4445; x_wconf 87' lang='lat' dir='ltr'><strong>dicit</strong></span> <span class='ocrx_word' id='word_1_698' title='bbox 2263 4397 2518 4468; x_wconf 84' lang='lat' dir='ltr'><strong>pudenda</strong></span> <span class='ocrx_word' id='word_1_699' title='bbox 2550 4406 2736 4452; x_wconf 86' lang='lat' dir='ltr'><strong>nostra</strong></span> <span class='ocrx_word' id='word_1_700' title='bbox 2762 4437 2776 4462; x_wconf 90' lang='lat'><strong>,</strong></span> <span class='ocrx_word' id='word_1_701' title='bbox 2802 4411 2924 4468; x_wconf 69' lang='lat' dir='ltr'><strong>quae</strong></span> <span class='ocrx_word' id='word_1_702' title='bbox 2953 4394 3132 4466; x_wconf 88' lang='lat' dir='ltr'><strong>turpia</strong></span> <span class='ocrx_word' id='word_1_703' title='bbox 3153 4391 3430 4457; x_wconf 88' lang='lat' dir='ltr'><strong>videnlur,</strong></span> <span class='ocrx_word' id='word_1_704' title='bbox 3459 4391 3587 4448; x_wconf 79' lang='lat' dir='ltr'><strong>dutn</strong></span> <span class='ocrx_word' id='word_1_705' title='bbox 3611 4393 3814 4459; x_wconf 82' lang='lat' dir='ltr'><strong>aspectus</strong></span> 
     </span>
    </p>
   </div>
   <div class='ocr_carea' id='block_1_50' title="bbox 550 4475 3815 4562">
    <p class='ocr_par' dir='ltr' id='par_1_50' title="bbox 550 4475 3815 4562">
     <span class='ocr_line' id='line_1_50' title="bbox 550 4475 3815 4562; baseline -0.006 -14"><span class='ocrx_word' id='word_1_706' title='bbox 550 4478 771 4548; x_wconf 71' lang='grc' dir='ltr'><strong>εονΡοΐί</strong></span> <span class='ocrx_word' id='word_1_707' title='bbox 828 4490 1075 4549; x_wconf 71' lang='lat' dir='ltr'><strong>aptasse;</strong></span> <span class='ocrx_word' id='word_1_708' title='bbox 1133 4487 1194 4534; x_wconf 79' lang='grc' dir='ltr'><strong>υῑ</strong></span> <span class='ocrx_word' id='word_1_709' title='bbox 1245 4477 1433 4534; x_wconf 60' lang='lat' dir='ltr'><strong>nihil”</strong></span> <span class='ocrx_word' id='word_1_710' title='bbox 1463 4478 1603 4534; x_wconf 68' lang='grc' dir='ltr'>ἀθείῑ</span> <span class='ocrx_word' id='word_1_711' title='bbox 1647 4481 1896 4550; x_wconf 54' lang='lat' dir='ltr'><strong>corporis</strong></span> <span class='ocrx_word' id='word_1_712' title='bbox 1945 4480 2041 4536; x_wconf 77' lang='lat' dir='ltr'><strong>sed</strong></span> <span class='ocrx_word' id='word_1_713' title='bbox 2090 4481 2161 4538; x_wconf 70' lang='lat' dir='ltr'><strong>Sil</strong></span> <span class='ocrx_word' id='word_1_714' title='bbox 2188 4499 2238 4559; x_wconf 82' lang='grc' dir='ltr'>ι)</span> <span class='ocrx_word' id='word_1_715' title='bbox 2263 4491 2513 4562; x_wconf 89' lang='lat' dir='ltr'><strong>publicos</strong></span> <span class='ocrx_word' id='word_1_716' title='bbox 2541 4490 2750 4556; x_wconf 87' lang='lat' dir='ltr'><strong>vitant,</strong></span> <span class='ocrx_word' id='word_1_717' title='bbox 2805 4490 3088 4544; x_wconf 89' lang='lat' dir='ltr'><strong>honestate</strong></span> <span class='ocrx_word' id='word_1_718' title='bbox 3130 4503 3190 4544; x_wconf 89' lang='lat' dir='ltr'><strong>se</strong></span> <span class='ocrx_word' id='word_1_719' title='bbox 3211 4495 3544 4558; x_wconf 79' lang='lat' dir='ltr'><strong>contegunt,</strong></span> <span class='ocrx_word' id='word_1_720' title='bbox 3573 4501 3638 4541; x_wconf 90' lang='lat' dir='ltr'><strong>ne</strong></span> <span class='ocrx_word' id='word_1_721' title='bbox 3665 4495 3744 4553; x_wconf 86' lang='lat' dir='ltr'><strong>per</strong></span> <span class='ocrx_word' id='word_1_722' title='bbox 3761 4475 3815 4530; x_wconf 88' lang='lat' dir='ltr'><strong>ir-</strong></span> 
     </span>
    </p>
   </div>
   <div class='ocr_carea' id='block_1_51' title="bbox 558 4571 3814 4652">
    <p class='ocr_par' dir='ltr' id='par_1_51' title="bbox 558 4571 3814 4652">
     <span class='ocr_line' id='line_1_51' title="bbox 558 4571 3814 4652; baseline -0.004 -6"><span class='ocrx_word' id='word_1_723' title='bbox 558 4573 749 4630; x_wconf 64' lang='lat' dir='ltr'><strong>mums</strong></span> <span class='ocrx_word' id='word_1_724' title='bbox 782 4573 1045 4630; x_wconf 64' lang='lat' dir='ltr'><strong>membris</strong></span> <span class='ocrx_word' id='word_1_725' title='bbox 1077 4575 1400 4646; x_wconf 67' lang='grc' dir='ltr'><strong>Ρθτίθειυω·</strong></span> <span class='ocrx_word' id='word_1_726' title='bbox 2259 4585 2624 4642; x_wconf 83' lang='lat' dir='ltr'><strong>reverentiam</strong></span> <span class='ocrx_word' id='word_1_727' title='bbox 2671 4586 2950 4639; x_wconf 91' lang='lat' dir='ltr'><strong>horreant.</strong></span> <span class='ocrx_word' id='word_1_728' title='bbox 2981 4582 3158 4640; x_wconf 89' lang='lat' dir='ltr'><strong>Simili</strong></span> <span class='ocrx_word' id='word_1_729' title='bbox 3209 4583 3374 4637; x_wconf 91' lang='lat' dir='ltr'><strong>modo</strong></span> <span class='ocrx_word' id='word_1_730' title='bbox 3401 4591 3458 4636; x_wconf 89' lang='lat' dir='ltr'><strong>et</strong></span> <span class='ocrx_word' id='word_1_731' title='bbox 3495 4579 3704 4652; x_wconf 85' lang='lat' dir='ltr'><strong>quidam</strong></span> <span class='ocrx_word' id='word_1_732' title='bbox 3735 4571 3814 4627; x_wconf 66' lang='grc' dir='ltr'><strong>(η’</strong></span> 
     </span>
    </p>
   </div>
   <div class='ocr_carea' id='block_1_52' title="bbox 626 4664 3816 4746">
    <p class='ocr_par' dir='ltr' id='par_1_52' title="bbox 626 4664 3816 4746">
     <span class='ocr_line' id='line_1_52' title="bbox 626 4664 3816 4746; baseline -0.001 -26"><span class='ocrx_word' id='word_1_733' title='bbox 626 4664 812 4738; x_wconf 82' lang='lat' dir='ltr'><strong>(Vers.</strong></span> <span class='ocrx_word' id='word_1_734' title='bbox 849 4664 964 4738; x_wconf 88' lang='grc'><strong>19.)</strong></span> <span class='ocrx_word' id='word_1_735' title='bbox 1014 4665 1076 4722; x_wconf 91' lang='lat' dir='ltr'><strong>Si</strong></span> <span class='ocrx_word' id='word_1_736' title='bbox 1115 4677 1286 4722; x_wconf 87' lang='lat' dir='ltr'><strong>autem</strong></span> <span class='ocrx_word' id='word_1_737' title='bbox 1320 4668 1540 4738; x_wconf 79' lang='lat' dir='ltr'><strong>fuissent</strong></span> <span class='ocrx_word' id='word_1_738' title='bbox 1588 4669 1764 4724; x_wconf 89' lang='lat' dir='ltr'><strong>omnia</strong></span> <span class='ocrx_word' id='word_1_739' title='bbox 1789 4686 1950 4725; x_wconf 88' lang='lat' dir='ltr'><strong>unum</strong></span> <span class='ocrx_word' id='word_1_740' title='bbox 1997 4688 2158 4726; x_wconf 87' lang='lat' dir='ltr'><strong>mem-</strong></span> <span class='ocrx_word' id='word_1_741' title='bbox 2259 4687 2436 4744; x_wconf 78' lang='lat' dir='ltr'><strong>trum,</strong></span> <span class='ocrx_word' id='word_1_742' title='bbox 2462 4692 2584 4732; x_wconf 92' lang='lat' dir='ltr'><strong>cum</strong></span> <span class='ocrx_word' id='word_1_743' title='bbox 2607 4679 2717 4732; x_wconf 89' lang='lat' dir='ltr'><strong>sint</strong></span> <span class='ocrx_word' id='word_1_744' title='bbox 2745 4686 2988 4746; x_wconf 78' lang='lat' dir='ltr'><strong>egestate</strong></span> <span class='ocrx_word' id='word_1_745' title='bbox 3007 4683 3065 4731; x_wconf 90' lang='lat' dir='ltr'><strong>et</strong></span> <span class='ocrx_word' id='word_1_746' title='bbox 3093 4674 3278 4730; x_wconf 86' lang='lat' dir='ltr'><strong>habitu</strong></span> <span class='ocrx_word' id='word_1_747' title='bbox 3305 4673 3613 4739; x_wconf 89' lang='lat' dir='ltr'><strong>inhonesti;</strong></span> <span class='ocrx_word' id='word_1_748' title='bbox 3645 4673 3816 4726; x_wconf 44' lang='lat' dir='ltr'><strong>nonis.</strong></span> 
     </span>
    </p>
   </div>
   <div class='ocr_carea' id='block_1_53' title="bbox 553 4756 3811 4844">
    <p class='ocr_par' dir='ltr' id='par_1_53' title="bbox 553 4756 3811 4844">
     <span class='ocr_line' id='line_1_53' title="bbox 553 4756 3811 4844; baseline 0.002 -30"><span class='ocrx_word' id='word_1_749' title='bbox 553 4761 734 4827; x_wconf 86' lang='lat' dir='ltr'><strong>brum,</strong></span> <span class='ocrx_word' id='word_1_750' title='bbox 785 4760 871 4815; x_wconf 85' lang='lat' dir='ltr'><strong>ubi</strong></span> <span class='ocrx_word' id='word_1_751' title='bbox 911 4761 1139 4832; x_wconf 73' lang='lat' dir='ltr'><strong>corpus?</strong></span> <span class='ocrx_word' id='word_1_752' title='bbox 1181 4761 1526 4820; x_wconf 80' lang='lat' dir='ltr'><strong>Manifestum</strong></span> <span class='ocrx_word' id='word_1_753' title='bbox 1555 4773 1641 4821; x_wconf 89' lang='lat' dir='ltr'><strong>est</strong></span> <span class='ocrx_word' id='word_1_754' title='bbox 1695 4767 1821 4837; x_wconf 90' lang='lat' dir='ltr'><strong>quia</strong></span> <span class='ocrx_word' id='word_1_755' title='bbox 1870 4768 1916 4822; x_wconf 92' lang='lat' dir='ltr'><strong>si</strong></span> <span class='ocrx_word' id='word_1_756' title='bbox 1967 4783 2158 4824; x_wconf 91' lang='lat' dir='ltr'><strong>omnes</strong></span> <span class='ocrx_word' id='word_1_757' title='bbox 2261 4789 2384 4830; x_wconf 91' lang='lat' dir='ltr'><strong>men</strong></span> <span class='ocrx_word' id='word_1_758' title='bbox 2413 4779 2538 4828; x_wconf 86' lang='lat' dir='ltr'><strong>sunt</strong></span> <span class='ocrx_word' id='word_1_759' title='bbox 2557 4773 2677 4828; x_wconf 89' lang='lat' dir='ltr'><strong>sine</strong></span> <span class='ocrx_word' id='word_1_760' title='bbox 2697 4772 2892 4844; x_wconf 79' lang='lat' dir='ltr'><strong>gratia,</strong></span> <span class='ocrx_word' id='word_1_761' title='bbox 2919 4786 3016 4841; x_wconf 88' lang='lat' dir='ltr'><strong>per</strong></span> <span class='ocrx_word' id='word_1_762' title='bbox 3046 4783 3208 4839; x_wconf 80' lang='lat' dir='ltr'><strong>quam</strong></span> <span class='ocrx_word' id='word_1_763' title='bbox 3233 4756 3811 4832; x_wconf 71' lang='lat' dir='ltr'><strong>membrasintcurporis</strong></span> 
     </span>
    </p>
   </div>
   <div class='ocr_carea' id='block_1_54' title="bbox 547 4847 3813 4934">
    <p class='ocr_par' dir='ltr' id='par_1_54' title="bbox 547 4847 3813 4934">
     <span class='ocr_line' id='line_1_54' title="bbox 547 4847 3813 4934; baseline -0.002 -22"><span class='ocrx_word' id='word_1_764' title='bbox 547 4859 782 4914; x_wconf 87' lang='lat' dir='ltr'><strong>fuissent</strong></span> <span class='ocrx_word' id='word_1_765' title='bbox 825 4859 986 4913; x_wconf 86' lang='lat' dir='ltr'><strong>unius</strong></span> <span class='ocrx_word' id='word_1_766' title='bbox 1015 4858 1292 4927; x_wconf 71' lang='lat' dir='ltr'><strong>dignitatis</strong></span> <span class='ocrx_word' id='word_1_767' title='bbox 1312 4899 1328 4926; x_wconf 92' lang='lat'><strong>,</strong></span> <span class='ocrx_word' id='word_1_768' title='bbox 1372 4877 1479 4916; x_wconf 92' lang='lat' dir='ltr'><strong>non</strong></span> <span class='ocrx_word' id='word_1_769' title='bbox 1511 4862 1826 4918; x_wconf 91' lang='lat' dir='ltr'><strong>dicerentur</strong></span> <span class='ocrx_word' id='word_1_770' title='bbox 1870 4866 2112 4920; x_wconf 88' lang='lat' dir='ltr'><strong>membra</strong></span> <span class='ocrx_word' id='word_1_771' title='bbox 2138 4907 2154 4934; x_wconf 91' lang='lat'><strong>,</strong></span> <span class='ocrx_word' id='word_1_772' title='bbox 2259 4865 2432 4921; x_wconf 90' lang='lat' dir='ltr'><strong>nostri</strong></span> <span class='ocrx_word' id='word_1_773' title='bbox 2463 4883 2475 4918; x_wconf 93' lang='lat'><strong>:</strong></span> <span class='ocrx_word' id='word_1_774' title='bbox 2505 4881 2627 4919; x_wconf 88' lang='lat' dir='ltr'><strong>nam</strong></span> <span class='ocrx_word' id='word_1_775' title='bbox 2660 4865 2839 4919; x_wconf 91' lang='lat' dir='ltr'><strong>solent</strong></span> <span class='ocrx_word' id='word_1_776' title='bbox 2877 4863 3140 4918; x_wconf 87' lang='lat' dir='ltr'><strong>succincti</strong></span> <span class='ocrx_word' id='word_1_777' title='bbox 3169 4860 3430 4917; x_wconf 70' lang='lat' dir='ltr'><strong>resticula</strong></span> <span class='ocrx_word' id='word_1_778' title='bbox 3461 4859 3676 4923; x_wconf 83' lang='lat' dir='ltr'><strong>tetrica,</strong></span> <span class='ocrx_word' id='word_1_779' title='bbox 3705 4847 3813 4908; x_wconf 82' lang='lat' dir='ltr'><strong>nudo</strong></span> 
     </span>
    </p>
   </div>
   <div class='ocr_carea' id='block_1_55' title="bbox 549 4945 3807 5032">
    <p class='ocr_par' dir='ltr' id='par_1_55' title="bbox 549 4945 3807 5032">
     <span class='ocr_line' id='line_1_55' title="bbox 549 4945 3807 5032; baseline -0.002 -23"><span class='ocrx_word' id='word_1_780' title='bbox 549 4969 730 5026; x_wconf 88' lang='lat' dir='ltr'><strong>neque</strong></span> <span class='ocrx_word' id='word_1_781' title='bbox 780 4967 980 5024; x_wconf 90' lang='lat' dir='ltr'><strong>corpus</strong></span> <span class='ocrx_word' id='word_1_782' title='bbox 1010 4970 1022 5006; x_wconf 96' lang='lat'>:</span> <span class='ocrx_word' id='word_1_783' title='bbox 1054 4953 1285 5025; x_wconf 89' lang='lat' dir='ltr'><strong>ideoque</strong></span> <span class='ocrx_word' id='word_1_784' title='bbox 1329 4955 1492 5011; x_wconf 89' lang='lat' dir='ltr'><strong>variis</strong></span> <span class='ocrx_word' id='word_1_785' title='bbox 1541 4959 1911 5014; x_wconf 90' lang='lat' dir='ltr'><strong>membrorum</strong></span> <span class='ocrx_word' id='word_1_786' title='bbox 1963 4959 2156 5017; x_wconf 84' lang='lat' dir='ltr'><strong>ofﬁciis</strong></span> <span class='ocrx_word' id='word_1_787' title='bbox 2260 4959 2416 5032; x_wconf 91' lang='lat' dir='ltr'><strong>pede,</strong></span> <span class='ocrx_word' id='word_1_788' title='bbox 2451 4955 2734 5016; x_wconf 89' lang='lat' dir='ltr'><strong>incedere.</strong></span> <span class='ocrx_word' id='word_1_789' title='bbox 2757 4959 2894 5014; x_wconf 84' lang='lat' dir='ltr'><strong>Cum</strong></span> <span class='ocrx_word' id='word_1_790' title='bbox 2927 4973 3057 5029; x_wconf 80' lang='lat' dir='ltr'><strong>ergo</strong></span> <span class='ocrx_word' id='word_1_791' title='bbox 3083 4956 3370 5012; x_wconf 85' lang='lat' dir='ltr'><strong>videantur</strong></span> <span class='ocrx_word' id='word_1_792' title='bbox 3399 4945 3807 5024; x_wconf 69' lang='lat' dir='ltr'><strong>contemptibiles,</strong></span> 
     </span>
    </p>
   </div>
   <div class='ocr_carea' id='block_1_56' title="bbox 549 5048 3812 5125">
    <p class='ocr_par' dir='ltr' id='par_1_56' title="bbox 549 5048 3812 5125">
     <span class='ocr_line' id='line_1_56' title="bbox 549 5048 3812 5125; baseline -0.002 -21"><span class='ocrx_word' id='word_1_793' title='bbox 549 5049 1073 5121; x_wconf 79' lang='lat' dir='ltr'><strong>congubernantur;</strong></span> <span class='ocrx_word' id='word_1_794' title='bbox 1105 5048 1288 5104; x_wconf 88' lang='lat' dir='ltr'><strong>omnia</strong></span> <span class='ocrx_word' id='word_1_795' title='bbox 1319 5049 1466 5104; x_wconf 92' lang='lat' dir='ltr'><strong>enim</strong></span> <span class='ocrx_word' id='word_1_796' title='bbox 1503 5066 1667 5105; x_wconf 87' lang='lat' dir='ltr'><strong>unum</strong></span> <span class='ocrx_word' id='word_1_797' title='bbox 1697 5052 2000 5108; x_wconf 91' lang='lat' dir='ltr'><strong>membrum</strong></span> <span class='ocrx_word' id='word_1_798' title='bbox 2033 5068 2156 5110; x_wconf 90' lang='lat' dir='ltr'><strong>esse</strong></span> <span class='ocrx_word' id='word_1_799' title='bbox 2261 5053 2435 5125; x_wconf 79' lang='lat' dir='ltr'><strong>magis</strong></span> <span class='ocrx_word' id='word_1_800' title='bbox 2477 5053 2670 5109; x_wconf 89' lang='lat' dir='ltr'><strong>honori</strong></span> <span class='ocrx_word' id='word_1_801' title='bbox 2701 5062 2858 5116; x_wconf 84' lang='lat' dir='ltr'><strong>sunt;</strong></span> <span class='ocrx_word' id='word_1_802' title='bbox 2887 5052 3010 5123; x_wconf 90' lang='lat' dir='ltr'><strong>quia</strong></span> <span class='ocrx_word' id='word_1_803' title='bbox 3051 5051 3233 5107; x_wconf 86' lang='lat' dir='ltr'><strong>solent</strong></span> <span class='ocrx_word' id='word_1_804' title='bbox 3273 5049 3442 5104; x_wconf 85' lang='lat' dir='ltr'><strong>vitam</strong></span> <span class='ocrx_word' id='word_1_805' title='bbox 3467 5049 3664 5104; x_wconf 88' lang='lat' dir='ltr'><strong>habere</strong></span> <span class='ocrx_word' id='word_1_806' title='bbox 3696 5053 3812 5098; x_wconf 81' lang='lat' dir='ltr'><strong>mun-</strong></span> 
     </span>
    </p>
   </div>
   <div class='ocr_carea' id='block_1_57' title="bbox 549 5139 3806 5218">
    <p class='ocr_par' dir='ltr' id='par_1_57' title="bbox 549 5139 3806 5218">
     <span class='ocr_line' id='line_1_57' title="bbox 549 5139 3806 5218; baseline -0 -21"><span class='ocrx_word' id='word_1_807' title='bbox 549 5159 662 5199; x_wconf 89' lang='lat' dir='ltr'><strong>non</strong></span> <span class='ocrx_word' id='word_1_808' title='bbox 693 5150 968 5214; x_wconf 88' lang='lat' dir='ltr'><strong>poterant.</strong></span> <span class='ocrx_word' id='word_1_809' title='bbox 1017 5139 1144 5197; x_wconf 88' lang='lat' dir='ltr'><strong>Ideo</strong></span> <span class='ocrx_word' id='word_1_810' title='bbox 1187 5151 1368 5199; x_wconf 90' lang='lat' dir='ltr'><strong>autem</strong></span> <span class='ocrx_word' id='word_1_811' title='bbox 1419 5144 1586 5200; x_wconf 90' lang='lat' dir='ltr'><strong>multa</strong></span> <span class='ocrx_word' id='word_1_812' title='bbox 1615 5153 1776 5212; x_wconf 92' lang='lat' dir='ltr'><strong>sunt,</strong></span> <span class='ocrx_word' id='word_1_813' title='bbox 1805 5147 1931 5218; x_wconf 85' lang='lat' dir='ltr'><strong>quia</strong></span> <span class='ocrx_word' id='word_1_814' title='bbox 1975 5147 2044 5204; x_wconf 89' lang='lat' dir='ltr'><strong>ab</strong></span> <span class='ocrx_word' id='word_1_815' title='bbox 2073 5148 2156 5203; x_wconf 85' lang='lat' dir='ltr'><strong>in-</strong></span> <span class='ocrx_word' id='word_1_816' title='bbox 2260 5148 2491 5206; x_wconf 46' lang='lat' dir='ltr'><strong>diorem.</strong></span> <span class='ocrx_word' id='word_1_817' title='bbox 2521 5149 2676 5217; x_wconf 86' lang='lat' dir='ltr'><strong>Quod</strong></span> <span class='ocrx_word' id='word_1_818' title='bbox 2723 5147 2868 5203; x_wconf 91' lang='lat' dir='ltr'><strong>enim</strong></span> <span class='ocrx_word' id='word_1_819' title='bbox 2911 5147 3224 5203; x_wconf 88' lang='lat' dir='ltr'><strong>hominibus</strong></span> <span class='ocrx_word' id='word_1_820' title='bbox 3251 5144 3468 5201; x_wconf 88' lang='lat' dir='ltr'><strong>videtur</strong></span> <span class='ocrx_word' id='word_1_821' title='bbox 3501 5143 3806 5215; x_wconf 60' lang='lat' dir='ltr'><strong>despectum.</strong></span> 
     </span>
    </p>
   </div>
   <div class='ocr_carea' id='block_1_58' title="bbox 553 5233 3778 5312">
    <p class='ocr_par' dir='ltr' id='par_1_58' title="bbox 553 5233 3778 5312">
     <span class='ocr_line' id='line_1_58' title="bbox 553 5233 3778 5312; baseline 0.002 -26"><span class='ocrx_word' id='word_1_822' title='bbox 553 5236 728 5291; x_wconf 88' lang='lat' dir='ltr'><strong>vicem</strong></span> <span class='ocrx_word' id='word_1_823' title='bbox 750 5233 1011 5291; x_wconf 70' lang='lat' dir='ltr'><strong>differunt</strong></span> <span class='ocrx_word' id='word_1_824' title='bbox 1039 5233 1320 5305; x_wconf 78' lang='lat' dir='ltr'><strong>dignitate.</strong></span> <span class='ocrx_word' id='word_1_825' title='bbox 2255 5243 2397 5300; x_wconf 87' lang='lat' dir='ltr'><strong>solet</strong></span> <span class='ocrx_word' id='word_1_826' title='bbox 2426 5258 2456 5296; x_wconf 92' lang='lat' dir='ltr'><strong>a</strong></span> <span class='ocrx_word' id='word_1_827' title='bbox 2489 5242 2600 5297; x_wconf 79' lang='lat' dir='ltr'><strong>Deo</strong></span> <span class='ocrx_word' id='word_1_828' title='bbox 2629 5240 2914 5311; x_wconf 87' lang='lat' dir='ltr'><strong>pulchrum</strong></span> <span class='ocrx_word' id='word_1_829' title='bbox 2937 5239 3199 5312; x_wconf 79' lang='lat' dir='ltr'><strong>iudicari.</strong></span> <span class='ocrx_word' id='word_1_830' title='bbox 3771 5281 3778 5288; x_wconf 88' lang='lat'><strong>.</strong></span> 
     </span>
    </p>
   </div>
   <div class='ocr_carea' id='block_1_59' title="bbox 623 5325 3806 5412">
    <p class='ocr_par' dir='ltr' id='par_1_59' title="bbox 623 5325 3806 5412">
     <span class='ocr_line' id='line_1_59' title="bbox 623 5325 3806 5412; baseline -0.003 -26"><span class='ocrx_word' id='word_1_831' title='bbox 623 5331 806 5402; x_wconf 65' lang='grc' dir='ltr'><strong>(γει-8.</strong></span> <span class='ocrx_word' id='word_1_832' title='bbox 836 5329 953 5402; x_wconf 74' lang='grc'><strong>20.)</strong></span> <span class='ocrx_word' id='word_1_833' title='bbox 1009 5329 1170 5386; x_wconf 85' lang='lat' dir='ltr'><strong>Nunc</strong></span> <span class='ocrx_word' id='word_1_834' title='bbox 1210 5342 1380 5386; x_wconf 87' lang='lat' dir='ltr'><strong>autem</strong></span> <span class='ocrx_word' id='word_1_835' title='bbox 1429 5333 1594 5388; x_wconf 86' lang='lat' dir='ltr'><strong>multa</strong></span> <span class='ocrx_word' id='word_1_836' title='bbox 1633 5335 1839 5405; x_wconf 86' lang='lat' dir='ltr'><strong>quidem</strong></span> <span class='ocrx_word' id='word_1_837' title='bbox 1887 5335 2112 5390; x_wconf 87' lang='lat' dir='ltr'><strong>membra</strong></span> <span class='ocrx_word' id='word_1_838' title='bbox 2137 5379 2152 5403; x_wconf 94' lang='lat'><strong>,</strong></span> <span class='ocrx_word' id='word_1_839' title='bbox 2333 5339 2515 5412; x_wconf 87' lang='lat' dir='ltr'><strong>(Vers.</strong></span> <span class='ocrx_word' id='word_1_840' title='bbox 2540 5338 2659 5410; x_wconf 76' lang='grc'><strong>24.)</strong></span> <span class='ocrx_word' id='word_1_841' title='bbox 2684 5339 2814 5408; x_wconf 78' lang='lat' dir='ltr'><strong>Quce</strong></span> <span class='ocrx_word' id='word_1_842' title='bbox 2839 5349 3010 5392; x_wconf 86' lang='lat' dir='ltr'><strong>autem</strong></span> <span class='ocrx_word' id='word_1_843' title='bbox 3039 5337 3251 5392; x_wconf 79' lang='lat' dir='ltr'><strong>honesta</strong></span> <span class='ocrx_word' id='word_1_844' title='bbox 3273 5347 3394 5392; x_wconf 85' lang='lat' dir='ltr'><strong>sunt</strong></span> <span class='ocrx_word' id='word_1_845' title='bbox 3425 5347 3600 5392; x_wconf 86' lang='lat' dir='ltr'><strong>nostra</strong></span> <span class='ocrx_word' id='word_1_846' title='bbox 3619 5376 3635 5403; x_wconf 93' lang='lat'><strong>,</strong></span> <span class='ocrx_word' id='word_1_847' title='bbox 3657 5325 3806 5389; x_wconf 75' lang='lat' dir='ltr'><strong>nullius</strong></span> 
     </span>
    </p>
   </div>
   <div class='ocr_carea' id='block_1_60' title="bbox 549 5417 3800 5504">
    <p class='ocr_par' dir='ltr' id='par_1_60' title="bbox 549 5417 3800 5504">
     <span class='ocr_line' id='line_1_60' title="bbox 549 5417 3800 5504; baseline 0.002 -29"><span class='ocrx_word' id='word_1_848' title='bbox 549 5437 709 5476; x_wconf 87' lang='lat' dir='ltr'><strong>unum</strong></span> <span class='ocrx_word' id='word_1_849' title='bbox 735 5434 907 5478; x_wconf 86' lang='lat' dir='ltr'><strong>autem</strong></span> <span class='ocrx_word' id='word_1_850' title='bbox 938 5441 1148 5496; x_wconf 85' lang='lat' dir='ltr'><strong>corpus.</strong></span> <span class='ocrx_word' id='word_1_851' title='bbox 1175 5424 1290 5481; x_wconf 87' lang='lat' dir='ltr'><strong>Hoc</strong></span> <span class='ocrx_word' id='word_1_852' title='bbox 1320 5425 1486 5494; x_wconf 91' lang='lat' dir='ltr'><strong>dicit,</strong></span> <span class='ocrx_word' id='word_1_853' title='bbox 1516 5427 1642 5497; x_wconf 88' lang='lat' dir='ltr'><strong>quia</strong></span> <span class='ocrx_word' id='word_1_854' title='bbox 1671 5427 1840 5483; x_wconf 89' lang='lat' dir='ltr'><strong>multa</strong></span> <span class='ocrx_word' id='word_1_855' title='bbox 1863 5431 2108 5484; x_wconf 87' lang='lat' dir='ltr'><strong>membra</strong></span> <span class='ocrx_word' id='word_1_856' title='bbox 2133 5472 2149 5496; x_wconf 91' lang='lat'><strong>,</strong></span> <span class='ocrx_word' id='word_1_857' title='bbox 2261 5441 2427 5503; x_wconf 86' lang='lat' dir='ltr'><strong>egent.</strong></span> <span class='ocrx_word' id='word_1_858' title='bbox 2461 5431 2724 5504; x_wconf 78' lang='lat' dir='ltr'><strong>Apertum</strong></span> <span class='ocrx_word' id='word_1_859' title='bbox 2755 5439 2840 5488; x_wconf 89' lang='lat' dir='ltr'><strong>est</strong></span> <span class='ocrx_word' id='word_1_860' title='bbox 2865 5431 2991 5502; x_wconf 87' lang='lat' dir='ltr'><strong>quia</strong></span> <span class='ocrx_word' id='word_1_861' title='bbox 3031 5437 3198 5501; x_wconf 88' lang='lat' dir='ltr'><strong>caput</strong></span> <span class='ocrx_word' id='word_1_862' title='bbox 3249 5444 3358 5486; x_wconf 91' lang='lat' dir='ltr'><strong>non</strong></span> <span class='ocrx_word' id='word_1_863' title='bbox 3397 5439 3540 5502; x_wconf 77' lang='lat' dir='ltr'><strong>eget,</strong></span> <span class='ocrx_word' id='word_1_864' title='bbox 3572 5439 3726 5499; x_wconf 87' lang='lat' dir='ltr'><strong>neque</strong></span> <span class='ocrx_word' id='word_1_865' title='bbox 3753 5417 3800 5474; x_wconf 69' lang='lat' dir='ltr'><strong>fa-</strong></span> 
     </span>
    </p>
   </div>
   <div class='ocr_carea' id='block_1_61' title="bbox 623 5579 3804 5672">
    <p class='ocr_par' dir='ltr' id='par_1_61' title="bbox 623 5579 3804 5672">
     <span class='ocr_line' id='line_1_61' title="bbox 623 5579 3804 5672; baseline 0.002 -30"><span class='ocrx_word' id='word_1_866' title='bbox 623 5597 654 5672; x_wconf 63' lang='grc' dir='ltr'><strong>εξ</strong></span> <span class='ocrx_word' id='word_1_867' title='bbox 681 5585 882 5672; x_wconf 54' lang='lat' dir='ltr'><strong>(liques</strong></span> <span class='ocrx_word' id='word_1_868' title='bbox 903 5589 1035 5672; x_wconf 76' lang='lat' dir='ltr'><strong>edit.</strong></span> <span class='ocrx_word' id='word_1_869' title='bbox 1082 5605 1148 5646; x_wconf 91' lang='lat' dir='ltr'><strong>ac</strong></span> <span class='ocrx_word' id='word_1_870' title='bbox 1185 5606 1318 5672; x_wconf 76' lang='lat' dir='ltr'><strong>mss.</strong></span> <span class='ocrx_word' id='word_1_871' title='bbox 1353 5591 1592 5672; x_wconf 76' lang='lat' dir='ltr'><strong>aliquot,</strong></span> <span class='ocrx_word' id='word_1_872' title='bbox 1629 5591 1850 5672; x_wconf 69' lang='lat' dir='ltr'><strong>ostendit</strong></span> <span class='ocrx_word' id='word_1_873' title='bbox 1894 5594 2142 5650; x_wconf 87' lang='lat' dir='ltr'><strong>unitatem</strong></span> <span class='ocrx_word' id='word_1_874' title='bbox 2249 5595 2490 5652; x_wconf 86' lang='lat' dir='ltr'><strong>membris</strong></span> <span class='ocrx_word' id='word_1_875' title='bbox 2519 5598 2800 5672; x_wconf 77' lang='lat' dir='ltr'><strong>perfectum</strong></span> <span class='ocrx_word' id='word_1_876' title='bbox 2819 5611 2840 5661; x_wconf 85' lang='lat'><strong><em>;</em></strong></span> <span class='ocrx_word' id='word_1_877' title='bbox 2861 5609 3003 5672; x_wconf 67' lang='lat' dir='ltr'><strong>mss.</strong></span> <span class='ocrx_word' id='word_1_878' title='bbox 3037 5609 3144 5648; x_wconf 90' lang='lat' dir='ltr'><strong>non</strong></span> <span class='ocrx_word' id='word_1_879' title='bbox 3193 5590 3349 5672; x_wconf 76' lang='lat' dir='ltr'><strong>pauci</strong></span> <span class='ocrx_word' id='word_1_880' title='bbox 3385 5579 3804 5672; x_wconf 49' lang='lat' dir='ltr'><strong>omittuntpcﬂf‘</strong></span> 
     </span>
    </p>
   </div>
   <div class='ocr_carea' id='block_1_62' title="bbox 542 5655 3800 5740">
    <p class='ocr_par' dir='ltr' id='par_1_62' title="bbox 542 5655 3800 5740">
     <span class='ocr_line' id='line_1_62' title="bbox 542 5655 3800 5740; baseline -0.002 -27"><span class='ocrx_word' id='word_1_881' title='bbox 542 5661 808 5740; x_wconf 69' lang='lat' dir='ltr'><strong>varietatis</strong></span> <span class='ocrx_word' id='word_1_882' title='bbox 837 5675 855 5713; x_wconf 92' lang='lat'><strong><em>:</em></strong></span> <span class='ocrx_word' id='word_1_883' title='bbox 883 5661 1079 5716; x_wconf 88' lang='lat' dir='ltr'><strong>melius</strong></span> <span class='ocrx_word' id='word_1_884' title='bbox 1099 5665 1315 5740; x_wconf 75' lang='lat' dir='ltr'><strong>cteteri&#39;,</strong></span> <span class='ocrx_word' id='word_1_885' title='bbox 1344 5674 1402 5718; x_wconf 86' lang='lat' dir='ltr'><strong>ut</strong></span> <span class='ocrx_word' id='word_1_886' title='bbox 1422 5655 1779 5740; x_wconf 57' lang='lat' dir='ltr'><strong>inconteitu.</strong></span> <span class='ocrx_word' id='word_1_887' title='bbox 1808 5685 1821 5740; x_wconf 40' lang='grc' dir='ltr'><em>έ</em></span> <span class='ocrx_word' id='word_1_888' title='bbox 1889 5739 1895 5740; x_wconf 13' lang='grc' dir='ltr'>ί</span> <span class='ocrx_word' id='word_1_889' title='bbox 2009 5683 2028 5726; x_wconf 63' lang='grc' dir='ltr'><strong>·ι</strong></span> <span class='ocrx_word' id='word_1_890' title='bbox 2248 5679 2390 5740; x_wconf 77' lang='lat' dir='ltr'><strong>ctum</strong></span> <span class='ocrx_word' id='word_1_891' title='bbox 2415 5683 2435 5722; x_wconf 89' lang='lat'><em>:</em></span> <span class='ocrx_word' id='word_1_892' title='bbox 2464 5655 2668 5740; x_wconf 73' lang='lat' dir='ltr'><strong>optime</strong></span> <span class='ocrx_word' id='word_1_893' title='bbox 2701 5655 2832 5740; x_wconf 67' lang='lat' dir='ltr'><strong>vero</strong></span> <span class='ocrx_word' id='word_1_894' title='bbox 2853 5667 3018 5722; x_wconf 67' lang='grc' dir='ltr'><strong>(Σοί-ι).</strong></span> <span class='ocrx_word' id='word_1_895' title='bbox 3049 5681 3114 5722; x_wconf 79' lang='lat' dir='ltr'><strong>ex</strong></span> <span class='ocrx_word' id='word_1_896' title='bbox 3143 5655 3251 5735; x_wconf 80' lang='lat' dir='ltr'><strong>quo</strong></span> <span class='ocrx_word' id='word_1_897' title='bbox 3283 5663 3462 5740; x_wconf 81' lang='lat' dir='ltr'><strong>locum</strong></span> <span class='ocrx_word' id='word_1_898' title='bbox 3491 5655 3800 5716; x_wconf 64' lang='lat' dir='ltr'><strong>reSIitulmui-</strong></span> 
     </span>
    </p>
   </div>
   <div class='ocr_carea' id='block_1_63' title="bbox 555 5731 3631 5812">
    <p class='ocr_par' dir='ltr' id='par_1_63' title="bbox 555 5731 3631 5812">
     <span class='ocr_line' id='line_1_63' title="bbox 555 5731 3631 5812; baseline 0.001 -25"><span class='ocrx_word' id='word_1_899' title='bbox 555 5795 566 5803; x_wconf 55' lang='grc'><em>,</em></span> <span class='ocrx_word' id='word_1_900' title='bbox 606 5731 634 5769; x_wconf 72' lang='grc' dir='ltr'>δ</span> <span class='ocrx_word' id='word_1_901' title='bbox 663 5731 809 5788; x_wconf 86' lang='lat' dir='ltr'><strong>Edit.</strong></span> <span class='ocrx_word' id='word_1_902' title='bbox 843 5746 1060 5800; x_wconf 89' lang='lat' dir='ltr'><strong>omnes,</strong></span> <span class='ocrx_word' id='word_1_903' title='bbox 1085 5735 1209 5789; x_wconf 85' lang='lat' dir='ltr'><strong>cum</strong></span> <span class='ocrx_word' id='word_1_904' title='bbox 1249 5749 1380 5792; x_wconf 71' lang='lat' dir='ltr'><strong>mss.</strong></span> <span class='ocrx_word' id='word_1_905' title='bbox 1407 5736 1756 5808; x_wconf 84' lang='lat' dir='ltr'><strong>quibusdam,</strong></span> <span class='ocrx_word' id='word_1_906' title='bbox 1786 5735 1919 5795; x_wconf 85' lang='lat' dir='ltr'><strong>desit</strong></span> <span class='ocrx_word' id='word_1_907' title='bbox 1947 5740 2125 5795; x_wconf 81' lang='lat' dir='ltr'><strong>multis</strong></span> <span class='ocrx_word' id='word_1_908' title='bbox 2311 5750 2333 5779; x_wconf 73' lang='grc' dir='ltr'><strong>ο</strong></span> <span class='ocrx_word' id='word_1_909' title='bbox 2365 5731 2527 5796; x_wconf 72' lang='grc' dir='ltr'>Κοιῐί.</span> <span class='ocrx_word' id='word_1_910' title='bbox 2553 5737 2685 5794; x_wconf 87' lang='lat' dir='ltr'><strong>cdit.</strong></span> <span class='ocrx_word' id='word_1_911' title='bbox 2707 5779 2722 5808; x_wconf 85' lang='lat'><strong>,</strong></span> <span class='ocrx_word' id='word_1_912' title='bbox 2750 5737 2920 5812; x_wconf 85' lang='lat' dir='ltr'><strong>Caput</strong></span> <span class='ocrx_word' id='word_1_913' title='bbox 2947 5748 3024 5794; x_wconf 82' lang='lat' dir='ltr'><strong>est</strong></span> <span class='ocrx_word' id='word_1_914' title='bbox 3059 5731 3194 5794; x_wconf 77' lang='lat' dir='ltr'><strong>enim</strong></span> <span class='ocrx_word' id='word_1_915' title='bbox 3223 5735 3491 5807; x_wconf 80' lang='lat' dir='ltr'><strong>corporis,</strong></span> <span class='ocrx_word' id='word_1_916' title='bbox 3524 5744 3631 5790; x_wconf 86' lang='lat' dir='ltr'><strong>etc.</strong></span> 
     </span>
    </p>
   </div>
  </div>
