3978 6310
97 208 225 266 9.49
935 203 1434 264 COMMENTARIA
1471 206 1537 264 IN
1580 207 1795 265 EPIST.
1842 209 1932 265 AD
1969 209 2296 268 CORINTH.
2341 208 2630 267 PRIMAM.
3345 208 3454 266 250

101 325 260 393 cies,
300 342 495 398 neque
531 339 748 391 manus,
773 333 832 380 ut
876 325 959 382 his
983 325 1212 380 addatur
1243 340 1340 396 per
1387 325 1530 397 quod
1580 325 1742 381 deco-
1768 334 1822 391 Α
1847 341 1968 383 mea
2009 336 2134 398 eget
2159 327 2460 398 prOphetis.
2499 327 2567 382 Et
2605 327 2731 398 quia
2760 327 2830 383 ab
2863 341 2971 383 uno
3000 327 3114 382 Deo
3136 325 3302 384 Patre
3324 332 3455 380 sunt

106 428 328 476 rentur
359 438 372 473 :
411 421 488 475 ita
523 430 581 476 et
613 418 862 474 fratribus
884 460 898 483 ,
929 419 983 472 in
1010 419 1205 489 quibus
1230 417 1472 473 studium
1503 419 1744 490 peritize,
1851 421 2056 486 omnia,
2083 421 2322 493 singulos
2362 421 2650 492 episcopos
2680 421 2908 493 singulis
2930 419 3192 476 Ecclesils
3215 433 3454 490 prmessc

102 525 166 573 et
196 517 667 572 conversationis
709 516 848 585 viget
899 517 1158 570 honestas
1185 557 1199 580 ,
1233 514 1367 570 niltil
1406 523 1492 570 est
1543 513 1685 584 quod
1716 530 1746 570 a
1851 511 2114 568 decrevit.

107 617 297 673 nobis
345 617 618 682 additur;
664 616 876 671 debitus
923 616 1069 670 enim
1116 615 1224 671 illis
1257 614 1505 670 redditur
1551 615 1744 668 honor.
1923 604 2097 661 Tertio
2121 605 2376 661 doctores.
2411 605 2540 661 Illos
2560 605 2695 661 dicit
2717 605 2976 662 doctores
3003 605 3096 678 qui
3125 606 3178 661 in
3203 604 3450 661 Ecclesia

109 711 433 782 Despcclis
462 727 596 766 vero
626 711 707 766 vel
747 709 1038 766 humilibus
1081 711 1389 766 exhortatio
1440 710 1744 766 necessaria
1849 699 2047 754 litteris
2080 711 2101 738 ο
2130 709 2182 755 et
2216 699 2538 756 lectionibus
2571 699 2874 756 retinendis
2906 716 3106 771 pueros
3135 699 3455 756 imbuebant

106 813 229 868 est,
284 819 395 874 per
445 819 610 874 quam
651 806 881 858 addatur
907 803 1014 858 illis
1045 803 1242 874 aliquis
1289 803 1484 871 honor,
1513 811 1575 857 ut
1616 801 1737 856 ﬁant

1849 808 2000 849 more
2027 792 2360 866 Synagogze;
2392 795 2514 865 quia
2542 793 2762 848 traditio
2783 793 3000 849 illorum
3027 793 3096 850 ad
3119 810 3220 850 nos
3249 793 3450 850 transi~

107 896 296 951 utiles
338 915 354 950 :
390 898 435 951 si
465 897 781 968 quominus,
817 896 934 967 ipso
963 905 1281 968 contemptu
1321 896 1746 967 negligentiorcs
1849 899 1962 945 tum
1994 890 2138 945 fecit.
2165 889 2372 958 Quarto
2402 889 2518 944 loco
2545 889 2618 944 ait
2651 910 2663 944 :

105 991 269 1047 circa
304 1006 373 1048 se
403 1002 588 1056 erunt,
631 993 682 1046 in
713 992 906 1061 quibus
933 993 1104 1063 magis
1142 992 1534 1063 proficiendum
1567 1000 1670 1046 est.

1922 982 2118 1037 Deinde
2147 983 2380 1049 virtutes,
2414 981 2600 1036 deinde
2622 982 2846 1053 gratiam
2877 980 3242 1046 curationum;
3271 987 3450 1050 potest

183 1085 400 1159 (Vers.
446 1086 566 1156 25.)
599 1085 704 1141 Sed
733 1084 868 1140 Deus
899 1088 1194 1157 temperavit
1226 1104 1433 1158 corpus,
1467 1086 1512 1140 ei
1543 1090 1624 1138 cut
1650 1085 1744 1139 de-
1849 1076 1995 1131 enim
2021 1075 2218 1144 aliquis
2243 1088 2350 1129 non
2383 1089 2506 1130 esse
2527 1075 2819 1145 episcopus
2839 1115 2853 1138 ,
2877 1083 2930 1128 et
2957 1072 3161 1128 habere
3188 1073 3240 1126 in
3265 1086 3323 1127 se
3348 1071 3445 1126 do-

107 1190 263 1246 erat,
321 1181 758 1234 abundantiorem
805 1181 1076 1234 tribuendo
1107 1181 1348 1235 Ιιοηοτεηι
1371 1197 1388 1246 ;
1413 1188 1440 1216 ι
1469 1190 1523 1233 ut
1549 1196 1651 1232 ηοη
1678 1178 1746 1233 δίε
1849 1186 1974 1226 nunt
1999 1169 2217 1224 virtutis
2232 1168 2548 1224 sanitatum.
2581 1167 2987 1237 Opitulatioucs,
3014 1165 3445 1238 gubernationes;

106 1273 362 1326 schisma
395 1273 450 1326 in
477 1291 711 1343 corpore,
739 1274 829 1330 sed
859 1291 951 1344 pro
973 1275 1189 1328 invicem
1217 1275 1440 1328 sollicita
1465 1274 1565 1329 sint
1588 1290 1744 1326 mem-
1849 1275 1906 1322 ttt
1948 1267 2000 1320 in
2045 1265 2212 1320 rebus
2237 1262 2439 1319 divinis
2471 1262 2660 1334 vigilet
2693 1262 2972 1317 intellectu
3005 1278 3018 1312 :
3045 1261 3120 1314 ita
3151 1270 3354 1324 tamen,
3389 1265 3450 1310 ut

108 1367 234 1420 bra.
273 1366 379 1424 Sic
405 1367 545 1422 dicit
573 1383 602 1422 a
635 1367 744 1423 Deo
791 1369 1128 1424 moderatum
1183 1371 1476 1424 humanum
1506 1383 1738 1439 corpus,

109 1469 178 1516 ut
208 1460 412 1516 omnia
461 1462 702 1518 membra
749 1463 866 1533 ejus
909 1465 1216 1518 necessaria
1247 1465 1355 1517 sint
1379 1479 1394 1529 ;
1418 1477 1487 1517 ac
1516 1478 1609 1532 per
1640 1462 1744 1517 hoc

113 1572 225 1627 pro
256 1572 325 1612 se
359 1555 598 1612 invicem
626 1557 859 1612 sollicita
887 1599 900 1622 ,
931 1557 1055 1628 quia
1084 1557 1231 1613 aliud
1264 1557 1379 1612 sine
1407 1557 1581 1611 altero
1621 1571 1743 1611 esse

115 1664 233 1705 non
264 1660 462 1720 potest
495 1669 506 1704 :
539 1661 591 1706 et
620 1651 765 1721 quod
816 1651 1042 1706 inferius
1067 1661 1315 1722 putatur,
1350 1651 1520 1721 magis
1550 1665 1742 1705 neces-

1849 1364 1902 1418 in
1925 1363 2216 1434 aliquibus,
2237 1376 2355 1432 qurc
2385 1361 2612 1431 implere
2631 1374 2739 1413 non
2763 1356 3104 1420 conceditur,
3131 1353 3201 1409 ab
3223 1353 3334 1407 alio
3356 1366 3445 1406 su-

1849 1467 1961 1512 tnat
2009 1455 2147 1527 quod
2196 1470 2302 1510 non
2355 1454 2551 1520 habet;
2582 1454 2706 1524 quia
2744 1461 2916 1508 totum
2949 1450 3039 1505 uni
3073 1447 3303 1505 concedi
3340 1462 3445 1500 nou

1848 1560 2047 1622 potest.
2074 1552 2210 1606 Sunt
2239 1560 2294 1606 et
2334 1551 2736 1620 gubernatores
2757 1589 2771 1614 ,
2805 1549 2894 1618 qui
2924 1543 3084 1618 154
3111 1541 3451 1614 spiritalibus

1849 1645 2168 1700 retinaculis
2183 1643 2494 1698 hominibus
2507 1642 2840 1698 documento
2857 1650 3004 1695 sunt.
3024 1636 3225 1693 Genera
3242 1637 3450 1706 lingua-

115 1745 341 1799 sarium
367 1752 490 1810 est;
519 1744 660 1799 sicut
687 1751 741 1799 et
772 1743 838 1798 de
871 1743 1128 1799 fratribus
1157 1744 1460 1813 expositum
1503 1753 1584 1796 est
1611 1785 1625 1808 ,
1659 1741 1741 1798 vel
1775 1748 1824 1808 Β
1850 1757 2001 1806 rum;
2031 1748 2085 1793 ut
2110 1738 2314 1793 donum
2336 1739 2406 1793 sit
2437 1738 2528 1793 Dei
2563 1737 2764 1792 multas
2795 1737 3008 1806 linguas
3031 1736 3197 1788 scire.
3226 1728 3251 1767 ἀ
3277 1729 3454 1784 luter-

116 1836 478 1906 diSputatum
504 1880 518 1902 ,
546 1838 668 1908 quia
699 1838 876 1891 nullus
904 1837 1069 1893 debet
1100 1837 1247 1891 velut
1276 1837 1482 1891 inutilis
1510 1834 1737 1902 destiici.

196 1929 397 2003 (Vers.
431 1929 555 2001 ‘26.)
603 1929 670 1982 Et
714 1931 757 1984 si
787 1930 913 2000 quid
962 1931 1160 2000 patitur
1211 1946 1369 1983 unum
1419 1927 1739 1992 membrum,

122 2023 532 2092 compatiuntur
561 2023 733 2075 omnia
762 2022 1008 2076 membra.
1032 2021 1141 2076 Hoc
1165 2021 1232 2076 de
1259 2021 1520 2076 membris
1544 2035 1741 2090 corpo-

126 2117 206 2172 ris
229 2117 418 2172 carnis
445 2116 759 2187 ambiguum
788 2132 894 2170 non
921 2125 1004 2171 est
1025 2133 1037 2180 ;
1060 2117 1178 2186 quia
1204 2114 1248 2170 si
1269 2114 1482 2179 oculus,
1511 2126 1599 2169 aut
1625 2130 1739 2185 pes,

133 2211 221 2265 vel
255 2225 454 2264 manus
506 2210 754 2279 capiatur
791 2209 1110 2280 aegritudine
1144 2208 1321 2278 aliqua
1371 2206 1739 2274 infirmitatis,

143 2315 322 2359 totum
345 2319 537 2372 corpus
565 2304 824 2359 condolet
849 2321 861 2358 :
891 2303 918 2340 ι’
944 2305 1013 2357 ita
1038 2318 1091 2358 et
1126 2319 1225 2356 nos
1259 2303 1417 2357 docet
1443 2303 1740 2356 condolere

142 2396 457 2462 fratribus,
504 2397 547 2450 si
603 2396 804 2466 aliquid
866 2396 1210 2466 hujusmodi,
1260 2405 1349 2449 aut
1399 2397 1742 2450 necessitatis

137 2488 455 2543 emerserit.
485 2488 605 2542 Sive
635 2489 956 2559 gloriﬁcatur
979 2505 1138 2543 unum
1171 2488 1478 2552 membrum,
1512 2505 1739 2557 congau-

131 2583 291 2636 deant
350 2584 530 2636 omnia
574 2583 820 2639 membra.
877 2583 1222 2639 Manifestum
1279 2595 1363 2638 est
1402 2583 1523 2654 quia
1556 2586 1737 2638 lmtum

129 2686 218 2731 est
246 2687 425 2748 caput
464 2679 578 2733 sive
604 2688 797 2734 czctera
829 2678 1100 2744 membra,
1133 2680 1177 2734 si
1213 2679 1378 2749 pedes
1409 2679 1611 2734 fuerint
1651 2696 1737 2736 ac-

127 2771 312 2824 curati
346 2770 435 2825 vel
460 2772 597 2826 sani.
630 2771 721 2826 Sic
747 2771 1014 2827 debemus
1043 2783 1095 2825 et
1125 2788 1224 2827 nos
1267 2773 1480 2827 alacres
1513 2773 1626 2828 lieri
1648 2815 1662 2838 ,
1695 2773 1738 2827 si

126 2862 365 2918 fratrem
397 2862 634 2932 aliquem
664 2863 960 2919 viderimus
991 2865 1258 2920 cultorem
1289 2865 1404 2931 Dei,
1438 2875 1492 2919 et
1520 2875 1736 2921 auctum

126 2958 432 3011 ilOllCSlale
467 2973 700 3023 morum,
732 2957 833 3013 hoc
863 2968 967 3023 est,
997 2973 1186 3013 sanutn
1209 2974 1332 3014 esse
1359 2960 1609 3014 consilio.

196 3048 391 3121 (Vers.
426 3047 549 3114 27.)
593 3049 693 3103 Vos
722 3063 890 3106 autem
921 3052 1041 3106 estis
1063 3069 1250 3122 corpus
1271 3050 1488 3120 Christi,
1509 3065 1557 3106 et
1582 3070 1739 3108 mem-

1847 1833 2189 1903 pretationem
2231 1848 2562 1897 sermonum;
2585 1841 2645 1885 ut
2681 1830 2785 1884 hoc
2811 1828 2975 1883 alicui
3007 1827 3178 1897 gratia
3225 1825 3320 1880 Dei
3346 1823 3450 1878 im-

1848 1927 2066 1995 pertiat,
2102 1935 2159 1980 ttt
2187 1925 2492 1996 linguarum
2518 1922 3059 1995 interpretandarum
3083 1919 3282 1974 haheat
3303 1917 3449 1988 peri-

1847 2019 1998 2073 tiam.

1922 2112 2108 2185 (Vers.
2139 2111 2232 2168 ἓξ).
2261 2111 2279 2184 )
2308 2111 2578 2183 Numquid
2599 2127 2775 2166 omnes
2805 2108 3076 2182 apostoli?
3102 2106 3302 2162 Verum
3337 2110 3452 2168 est,

1844 2207 1970 2278 quia
2019 2207 2071 2260 in
2137 2206 2382 2261 Ecclesia
2421 2217 2443 2240 ε·
2473 2223 2615 2261 unus
2671 2215 2752 2260 est
2806 2205 3119 2273 episcopus.
3177 2197 3450 2267 Numquid

1845 2317 2018 2355 amnes
2047 2301 2352 2372 prophetw?
2381 2301 2492 2355 Non
2533 2310 2616 2354 est
2665 2299 2978 2368 ambiguum
3032 2311 3139 2350 non
3187 2293 3444 2349 omnibus

1843 2394 2070 2449 concedi
2107 2393 2469 2464 prophetiam.
2510 2392 2782 2461 Numquid
2821 2405 2996 2444 omnes
3035 2385 3311 2442 doctores?
3351 2383 3449 2439 llle

1843 2488 2036 2542 doctor
2059 2499 2165 2549 ρει,
2199 2489 2286 2542 cui
2318 2487 2458 2541 alios
2490 2486 2708 2541 erudire
2731 2483 3070 2540 conceditur.

1915 2581 2096 2651 (Vers.
2129 2581 2248 2647 50.)
2306 2579 2572 2648 Numquid
2627 2595 2800 2633 omnes
2829 2573 3086 2631 virtutes?
3129 2573 3226 2628 llic
3269 2577 3451 2640 potest

1844 2674 2047 2731 habere
2099 2677 2396 2742 virtutem,
2439 2675 2529 2728 cui
2568 2675 2662 2728 dat
2714 2673 2857 2727 Deus
2901 2667 3170 2725 daemonia
3218 2667 3446 2736 ejicere.

1844 2771 1989 2827 Nunt
2040 2790 2214 2827 omnes
2251 2774 2474 2845 gratiam
2520 2771 2708 2824 habent
2760 2765 3130 2822 curationum?
3158 2759 3450 2831 Quomodo

1842 2875 2024 2938 potest
2055 2865 2172 2922 lteri
2200 2907 2215 2932 ,
2257 2878 2312 2919 ιιι
2357 2879 2548 2920 omnes
2597 2863 2835 2918 habeant
2873 2860 3016 2914 dona
3060 2854 3450 2913 curationum?

1844 2958 2118 3030 Numquid
2145 2976 2318 3013 omnes
2363 2959 2555 3030 linguis
2595 2955 2915 3027 loquuntur?
2944 2953 3060 3006 Non
3086 2951 3270 3020 utique
3293 2991 3309 3016 ,
3343 2949 3449 3003 nisi

1841 3057 1935 3126 qui
1966 3056 2170 3126 accipit
2199 3055 2403 3110 donum
2452 3055 2503 3108 in
2539 3053 2640 3107 hac
2680 3067 2760 3106 re.
2792 3046 3064 3118 Numquid
3097 3061 3272 3100 omnes
3308 3041 3325 3080 ί
3359 3043 3443 3097 in-

123 3144 214 3196 bra
241 3143 309 3196 de
343 3143 595 3196 membro.
643 3144 894 3198 Ostendit
923 3155 1114 3214 aperte
1145 3155 1385 3200 nostram
1429 3161 1487 3200 sc
1519 3161 1736 3200 causam
1769 3152 1813 3212 C
1846 3149 2230 3219 terpretautur?
2255 3147 2352 3202 Ille
2384 3157 2562 3217 potest
2607 3157 2893 3200 sermones
2937 3137 3319 3211 interpretari,
3359 3137 3446 3192 cui

125 3250 224 3306 per
249 3235 634 3291 membrorum
658 3238 956 3292 carnalium
989 3240 1252 3295 rationem
1283 3248 1580 3304 tractasse;
1611 3241 1737 3310 quia

121 3345 230 3384 non
257 3344 465 3384 omnes
503 3345 790 3400 possumus
819 3331 1041 3397 eadem,
1075 3333 1167 3388 sed
1198 3335 1396 3404 singuli
1433 3351 1529 3404 pro
1568 3334 1740 3405 quali-

124 3429 241 3478 tate
273 3423 408 3477 ﬁdei
440 3431 496 3476 ct
525 3426 750 3494 gratiam
786 3424 1046 3480 habemus
1076 3441 1413 3481 concessam.

193 3515 397 3588 (Vers.
430 3514 549 3588 εδ.)
592 3515 659 3570 Et
706 3519 955 3587 quosdam
1005 3520 1176 3590 posuit
1223 3517 1361 3572 Deus
1404 3520 1457 3572 in
1501 3518 1739 3574 Ecclesia

118 3613 362 3680 primum
392 3612 599 3682 quidem
634 3613 915 3684 apt-stolas.
959 3613 1132 3683 Caput
1177 3614 1363 3683 itaque
1413 3614 1464 3668 in
1498 3613 1738 3669 Ecclesia

116 3710 422 3779 apostolos
456 3707 656 3777 posuit,
693 3710 783 3777 qui
818 3709 978 3777 legati
1012 3708 1215 3762 Christi
1245 3718 1399 3772 sunt,
1433 3708 1578 3762 sicut
1607 3707 1740 3763 dicit

117 3801 262 3857 idem
287 3800 598 3867 Apostolus
633 3819 644 3853 :
682 3799 788 3854 Pro
817 3817 917 3870 quo
942 3801 1198 3872 legatione
1217 3801 1487 3873 fungimur
1518 3799 1584 3869 (Il
1615 3799 1734 3854 Cor.

114 3909 169 3960 γ,
195 3893 322 3966 20).
359 3893 454 3948 Isti
478 3895 882 3964 suntepiscopi,
900 3897 1147 3950 firmante
1176 3896 1316 3950 isntd
1342 3895 1504 3950 Petro
1520 3902 1741 3963 aposto-

119 3985 193 4053 lo,
226 3995 287 4042 et
312 3985 546 4042 dicente
573 3987 712 4042 inter
732 3997 924 4042 cmtera
954 3989 1022 4043 dc
1053 3987 1189 4043 Juda
1222 4005 1236 4042 :
1271 3987 1336 4042 Et
1381 3989 1738 4058 episcopatum

117 4079 230 4149 ejus
250 4078 491 4150 accipiat
519 4078 650 4133 alter
673 4081 811 4150 (Act.
841 4097 879 4146 t,
903 4080 1017 4150 <ΞΟ).

188 4171 453 4228 Secundo
478 4172 778 4242 praphetas.
800 4173 1096 4242 Pr0pltctas
1115 4173 1319 4244 duplici
1344 4189 1548 4244 genere
1578 4175 1737 4230 intel-

114 4265 394 4336 ligamus,
442 4273 498 4319 et
543 4263 720 4319 futura
761 4265 1041 4332 dicentes,
1074 4275 1127 4321 et
1154 4267 1465 4338 Scripturas
1494 4269 1739 4324 revelan-

117 4365 232 4420 tes;
265 4357 533 4426 quamvis
559 4361 668 4413 sint
694 4370 747 4414 et
770 4358 1000 4428 apostoli
1041 4360 1341 4430 prophelm,
1377 4362 1500 4432 quia
1532 4362 1736 4432 primus

116 4447 333 4516 gradus
387 4446 569 4502 omnia
628 4447 868 4517 subjecta
920 4448 1104 4504 habet.
1167 4449 1411 4520 Denique
1463 4453 1736 4521 pessimus

1844 3241 1938 3297 dat
1960 3241 2120 3297 Deus.
2174 3241 2230 3295 In
2261 3240 2636 3309 sttpradictum
2688 3251 2911 3291 sensum
2967 3235 3083 3288 ha-c
3130 3229 3448 3286 inserenda.

1844 3334 2178 3406 Explanavit
2232 3333 2400 3399 enim,
2462 3331 2670 3387 reddita
2720 3328 2976 3394 ratione,
3009 3340 3204 3380 omnes
3245 3323 3450 3379 habere

1843 3429 2087 3484 diversas
2119 3427 2346 3498 gratias,
2380 3441 2479 3481 nec
2521 3435 2692 3479 totum
2722 3423 2878 3476 alicui
2903 3418 3132 3474 eoncedi
3152 3459 3166 3485 ,
3197 3417 3449 3486 exemplo

1844 3524 2238 3579 membrorum.
2270 3521 2534 3590 Exemplo
2554 3519 2696 3573 enim
2726 3516 2973 3586 corporis
2993 3515 3175 3569 carnis
3199 3512 3448 3582 spiritale

1842 3633 2043 3690 corpus
2076 3618 2342 3672 insinuat:
2369 3631 2432 3670 ac
2461 3630 2558 3684 per
2581 3612 2684 3666 hoc
2713 3612 2764 3663 in
2796 3609 3052 3662 omnibus
3083 3607 3252 3660 licunt
3287 3605 3453 3658 bette-

1842 3712 2165 3778 dicendum,
2195 3721 2248 3766 et
2280 3711 2331 3764 in
2385 3709 2552 3778 ipsius
2598 3705 2818 3758 l‘ﬂlnllle
2855 3700 3238 3773 gloriandum,
3287 3700 3447 3767 cujus

1841 3806 2014 3877 gratia
2044 3815 2152 3860 est.
2185 3803 2338 3859 Hanc
2373 3803 2638 3857 rationem
2672 3799 2836 3852 etiam
2886 3796 2941 3849 in
2992 3793 3159 3849 rebus
3206 3790 3449 3862 physicis

1843 3898 2180 3960 invenimus;
2231 3910 2423 3950 aurum
2475 3893 2620 3948 enim
2668 3905 2792 3945 cum
2833 3887 3030 3944 melius
3073 3895 3302 3957 argento
3350 3882 3443 3948 sit,

1841 3993 1963 4062 plus
1997 4003 2174 4046 tamen
2205 3991 2255 4045 itt
2299 4004 2399 4044 usu
2433 3996 2715 4057 argentum
2749 3991 2868 4047 est;
2898 3989 2956 4036 et
2980 3995 3102 4034 cum
3139 3994 3212 4032 ass
3249 3989 3445 4031 neces-

1837 4087 2041 4141 snrium
2089 4085 2191 4144 sit.
2232 4083 2357 4154 plus
2405 4091 2588 4136 tamen
2633 4077 2780 4132 ferro
2810 4089 2949 4148 Opus
2979 4081 3098 4138 est;
3128 4070 3261 4125 nihil
3291 4071 3438 4124 enim

1841 4194 1978 4250 pcnc
2003 4179 2124 4233 sine
2159 4178 2302 4232 ferro
2335 4177 2388 4230 fit
2409 4217 2424 4239 ,
2458 4190 2582 4228 rum
2610 4175 2680 4227 sit
2726 4170 2976 4226 inferius.
3006 4167 3083 4238 Et
3113 4173 3236 4238 post
3274 4163 3392 4218 haec
3419 4179 3432 4217 ;

1911 4272 2090 4342 (Vers.
2122 4268 2238 4340 3i.)
2273 4267 2622 4322 1Emulamini
2667 4264 2981 4318 charismata
3035 4259 3274 4312 meliora.
3335 4254 3451 4311 Hoc

1839 4382 1967 4423 mox
1994 4365 2048 4420 in
2085 4363 2352 4431 subjectis
2394 4360 2650 4416 absolvit.
2688 4356 2754 4411 Et
2787 4355 2959 4410 adhuc
2991 4353 3156 4425 magis
3185 4349 3446 4405 excellen-

1840 4461 2022 4514 tiorem
2052 4457 2184 4510 uiam
2215 4455 2356 4510 vobis
2401 4455 2716 4508 demonstro.
2761 4447 3043 4506 Gradatim
3085 4444 3208 4498 illos
3236 4441 3302 4496 ad
3335 4441 3446 4495 uti-

115 4536 371 4610 Caiphas
422 4550 642 4609 propter
692 4541 835 4610 quod
886 4542 1138 4611 princeps
1178 4544 1524 4600 sacerdotum
1580 4556 1732 4614 erat,
1764 4542 1976 4610 Dliora
2019 4555 2315 4626 provehit,
2367 4552 2665 4608 ostendens
2713 4548 2822 4603 illis
2867 4545 3098 4618 gratiam
3151 4537 3454 4612 supradicti

118 4633 484 4702 prophetarit
513 4629 696 4700 (Joau.
729 4647 807 4696 χι,
840 4631 958 4703 5i),
989 4633 1197 4688 ordinis
1213 4635 1398 4705 utiqtte
1420 4653 1600 4702 cattsa,
1630 4655 1736 4694 non

121 4723 339 4794 proprii
373 4724 574 4778 meriti.
600 4723 802 4780 Tamen
840 4726 1154 4796 specialiter
1183 4740 1339 4783 erant
1381 4732 1657 4800 propheta:
1684 4741 1741 4786 et

122 4817 548 4887 Scripturarum
567 4817 914 4887 interpretes,
934 4827 988 4875 ct
1002 4819 1182 4876 futura
1197 4822 1442 4878 dicentes
1461 4824 1599 4895 (Act.
1623 4841 1734 4891 XXI,

124 4911 245 4979 ll),
292 4912 442 4964 sicut
479 4920 598 4966 erat
637 4911 877 4982 Agahns,
930 4916 1018 4985 qui
1049 4915 1215 4971 exitia
1248 4927 1300 4972 et
1343 4918 1554 4972 vincula
1609 4919 1735 4976 huic

122 5004 401 5074 Apostolo
430 5005 778 5075 prophetarit
811 5007 990 5063 futura
1014 5009 1424 5084 Hierosolymis,
1450 5023 1504 5069 et
1536 5014 1732 5072 famem

122 5097 371 5163 cecinit,
421 5113 544 5167 qua:
585 5098 724 5154 facta
763 5110 846 5154 est
886 5101 990 5156 sub
1035 5100 1259 5158 Claudio
1302 5106 1438 5177 (Act.
1487 5123 1563 5174 xl,
1613 5108 1729 5177 98).

123 5188 255 5246 Ideo
283 5205 618 5261 quamquam
647 5195 719 5247 sit
761 5193 958 5250 melior
983 5197 1261 5265 apostolus
1285 5213 1299 5261 ;
1341 5199 1632 5270 aliquando
1656 5211 1733 5257 ta-

200 5363 227 5390 ιι
257 5352 366 5406 Ms.
391 5351 580 5424 cori»,
608 5363 662 5406 ut
693 5371 793 5408 non
819 5355 886 5409 sit
905 5353 1185 5424 separatio”.

195 5425 227 5465 δ
259 5424 403 5477 Cod.
440 5423 608 5491 Vall.,
639 5427 711 5480 ita
741 5436 787 5479 et
810 5442 901 5478 nos
932 5423 1095 5492 decet,
1131 5428 1273 5483 haud
1305 5430 1470 5486 male.

200 5503 223 5530 ο
259 5494 426 5548 Rom.
453 5495 612 5560 edit.,
645 5507 691 5550 et
722 5496 1081 5554 traditionibus
1108 5501 1402 5558 retinendis.

200 5562 612 5635 “Interpretatio
653 5584 944 5622 sermonum
973 5570 1022 5623 in
1056 5585 1186 5625 mss.
1215 5575 1488 5630 nonnullis
1515 5577 1733 5633 deside-

129 5647 352 5701 rantur,
377 5647 434 5692 et
456 5653 516 5717 re_
556 5653 680 5717 vera
715 5641 875 5694 etiam
901 5642 951 5717 in
975 5643 1164 5710 graecis
1187 5647 1503 5717 acsyriacis
1533 5649 1732 5704 Biblio-

128 5723 250 5761 rttm
281 5709 731 5788 egemplaribus'
767 5709 1192 5788 non‘ltahentur.
1241 5709 1501 5788 Sequenti
1547 5734 1728 5788 autem

131 5793 295 5836 versu
328 5778 489 5836 Rom.
517 5780 651 5838 edit.
679 5783 941 5854 rep05uit,
976 5786 1027 5838 ttt
1055 5778 1347 5844 scrtttonuni
1388 5784 1732 5863 interpretan-

1842 4645 2023 4701 ontnis
2052 4645 2182 4701 doni
2213 4687 2228 4712 ,
2277 4643 2420 4716 quod
2467 4643 2523 4697 itt
2557 4639 2871 4695 hominibus
2900 4637 3180 4702 videntur,
3215 4633 3334 4688 sive
3367 4631 3452 4686 lo-

1839 4739 2072 4810 quendi,
2104 4747 2198 4792 aut
2219 4736 2478 4801 curandi,
2509 4743 2602 4789 aut
2628 4730 3020 4803 prophetandi,
3052 4743 3159 4784 non
3192 4725 3258 4780 ad
3287 4724 3453 4780 meri-

1843 4841 1953 4886 tum
1989 4831 2232 4885 hominis
2257 4830 2534 4900 pertinere
2555 4868 2570 4890 ,
2603 4827 2696 4882 sed
2729 4825 2795 4879 ad
2825 4819 3301 4879 honorificentiam
3331 4818 3445 4873 Dei.

1841 4923 2077 4993 Ideoque
2095 4939 2237 4978 nunc
2261 4923 2404 4976 viam
2430 4937 2490 4976 se
2511 4921 2644 4976 dicit
2664 4919 2772 4974 illis
2793 4916 3088 4974 ostendere
3115 4913 3443 4984 planiorem,

1841 5035 1946 5090 qua
1991 5019 2098 5072 itttr
2141 5017 2208 5072 ad
2259 5016 2482 5082 coelum,
2536 5029 2658 5085 quae
2716 5011 2972 5068 meritum
3026 5007 3264 5063 collocat
3302 5003 3447 5071 apud

1846 5111 2038 5167 Deum.
2074 5110 2206 5165 Nam
2237 5111 2362 5180 quia
2395 5125 2559 5179 supra
2593 5109 2737 5162 dicta
2786 5121 2893 5160 non
2925 5115 3145 5170 semper
3175 5096 3242 5151 ad
3277 5093 3446 5148 tueri-

1844 5215 1958 5261 tum
1985 5205 2284 5275 pertinent,
2319 5204 2452 5259 dicit
2477 5202 2734 5259 Salvator
2765 5219 2777 5254 :
2815 5197 2973 5252 Multi
3020 5189 3151 5246 mihi
3182 5187 3352 5242 dicent
3393 5187 3447 5240 in

1840 5369 2046 5433 dorum,
2072 5366 2163 5421 ubi
2192 5366 2314 5421 alia:
2343 5375 2398 5422 et
2427 5379 2563 5421 mss.
2592 5373 2648 5417 ut
2681 5361 2982 5431 linguarum
3021 5345 3442 5416 interpretanda-

1837 5449 2109 5566 ﬂagitiis:
2131 5512 2362 5580 aliquot,
2390 5525 2526 5562 unus
2548 5517 2618 5560 est
2646 5502 2901 5580 Christus.
2933 5495 3072 5580 N_um
3097 5497 3436 5580 omnespetc.

1915 5562 2098 5639 {add
2125 5562 2771 5646 (Icilii,interpretentur.
2809 5570 2919 5623 Nec
2953 5569 3062 5647 _Ito_c
3095 5562 3402 5647 μηιρίῼαηηι
3427 5603 3442 5627 ν

1837 5657 1958 5724 quia
1982 5657 2080 5709 nisi
2105 5656 2189 5708 cui
2218 5639 2722 5724 Dominus'gratiam
2736 5658 2912 5724 suam.
2930 5639 3125 5724 dederit
3145 5639 3446 5724 ,_iut_t:rpre-

1839 5707 2285 5796 t'arinequaquam
2315 5707 2527 5793 poterit:
2558 5716 2631 5772 1E
2639 5713 2912 5771 mulamiui
2947 5721 3118 5765 autem
3149 5707 3447 5759 charisma-

1840 5807 1915 5865 ta,
1944 5808 2052 5853 etc.
