3978 6310
81 288 190 342 ίέ55

882 277 1381 338 (ΖΟΜΠΕΝΤᾹΒΙΔ
1420 278 1488 336 IN
1527 278 1746 337 EPIST.
1789 277 1884 336 AD
1919 277 2248 336 CORINTH.
2288 278 2572 337 PRIMAM.

3283 279 3391 334 251

149 405 167 472 (ς
192 403 354 457 Vera.
389 400 445 464 9,
485 399 615 472 10.)
647 399 763 454 Sive
809 396 1091 467 prophetia:
1118 393 1532 460 evneuabuntstr,
1585 393 1690 448 siue
1718 397 1770 456 Α
1796 393 1940 447 ηοιίι
1969 409 1983 450 :
2017 391 2268 446 homines
2292 407 2418 446 vero
2444 395 2724 454 nesciout;
2762 392 2988 460 ideoque
3017 390 3191 445 nullus
3224 399 3393 446 estex

77 498 272 568 lingua:
305 493 583 549 cessabunt
603 534 618 560 ,
649 492 751 545 sive
778 488 988 544 scientia
1012 486 1363 544 evacuabitur.
1413 485 1500 541 E1:
1537 494 1684 556 parte

75 591 210 644 enim
242 589 634 659 cognoscimus,
668 596 716 642 et
744 601 808 641 ετ
833 594 976 657 parte
1011 582 1378 656 prophetarum
1403 600 1421 637 :
1451 599 1567 636 cum
1588 596 1685 636 au-

77 698 174 740 tem
205 686 406 740 uenerit
429 684 574 756 quod
600 685 882 756 perfectum
905 690 998 748 est,
1023 679 1402 735 evacuabuntur
1430 678 1547 742 illa,
1569 691 1686 748 quas

74 794 137 834 ea:
187 785 342 847 parte
385 785 531 833 sunt.
582 775 775 830 Omnia
823 772 1214 830 charismatum
1256 771 1400 826 dona
1429 769 1685 827 evacuari

75 869 255 935 dixit;
305 870 438 940 quia
497 881 605 923 non
657 876 863 922 tantum
909 874 1140 936 possunt
1186 862 1682 935 comprehendere,

74 971 342 1034 quantum
385 960 504 1031 ipsa
536 961 741 1015 veritas
788 958 974 1014 habet.
1005 956 1197 1028 Neque
1226 972 1327 1012 nos
1362 967 1454 1011 aut
1487 969 1685 1027 capere

73 1067 164 1114 aut
195 1070 467 1114 enarrare
513 1069 805 1127 possumus
837 1053 1234 1124 plenitudinem
1279 1052 1548 1108 veritatis.
1579 1049 1684 1118 Qui

75 1151 220 1207 enim
246 1150 366 1206 ﬁeri
400 1157 581 1221 potest
604 1155 662 1203 ut
692 1147 873 1218 lingua
907 1147 1143 1201 humana
1166 1161 1330 1201 omne
1355 1143 1686 1214 complecta-

76 1251 179 1306 tur,
194 1241 342 1314 quod
367 1240 462 1297 Dei
479 1241 602 1296 est?
623 1239 754 1297 ideo
769 1239 1084 1296 destruetur
1106 1237 1448 1310 imperfectio
1473 1247 1682 1301 nostra,

76 1351 181 1390 non
214 1334 268 1390 id
297 1333 452 1405 quod
484 1349 674 1389 verum
697 1343 783 1389 est
809 1333 1206 1390 evacuabitur:
1240 1330 1334 1387 sed
1363 1330 1492 1386 dum
1535 1339 1559 1366 ιι
1590 1328 1686 1384 ad-

77 1427 221 1482 ditur
267 1424 631 1498 imperfecto,
667 1424 810 1497 quod
842 1425 1038 1496 deest,
1070 1425 1406 1480 destruetur.
1458 1423 1684 1478 Destru-

75 1520 184 1575 ctio
230 1519 382 1576 enim
417 1518 855 1591 imperfectionis
879 1529 991 1586 eSt,
1038 1517 1256 1590 quando
1301 1516 1352 1572 id
1388 1515 1532 1588 quod
1585 1517 1686 1571 im-

81 1613 383 1684 perfectum
409 1620 525 1680 est,
559 1610 820 1682 impletur
858 1611 910 1665 in
939 1624 1151 1667 verum.

145 1704 476 1780 (γενεαί.)
511 1704 642 1762 Cum
689 1721 852 1761 essent
896 1705 1182 1777 parvulus,
1237 1704 1386 1776 quasi
1435 1701 1683 1774 paruulus

1788 486 1888 542 hac
1910 501 1970 542 re
1992 484 2290 557 profectus.
2317 485 2524 554 Spiritu
2549 494 2718 539 autem
2745 487 2970 555 loquitur
2988 485 3255 556 mysteria,
3283 500 3391 538 non

1787 595 1986 646 sensu;
2020 578 2144 649 quia
2175 580 2418 649 ignorat.
2453 581 2594 649 quod
2623 579 2774 634 dicit.

1856 675 1876 748 (
1904 675 2054 730 Vera.
2090 677 2141 729 ’5.
2168 673 2186 745 )
2219 673 2321 741 Qui
2351 675 2490 728 enim
2519 673 2812 746 prophetat,
2847 673 3141 727 hominibus
3172 673 3399 743 loquitur

1785 769 1855 824 ad
1883 770 2308 840 tudiﬁcationem,
2339 781 2386 824 et
2417 768 2852 832 exhortationem,
2885 779 2931 822 et
2960 770 3361 823 cumulationem
3379 785 3396 833 ,-

1787 863 2088 920 zcdiiicatur
2115 864 2283 930 enim,
2315 867 2534 934 quando
2566 866 2926 933 qua-stionum
2951 865 3275 919 solutionem
3302 863 3399 918 ad-

1787 958 1961 1013 discit.
2029 958 2350 1012 Exhortatio
2411 967 2592 1013 autem
2645 957 2723 1012 illi
2797 957 2900 1024 ﬁt,
2955 965 3012 1010 ut
3065 957 3393 1012 desiderium

1787 1053 2023 1122 patiatur
2056 1051 2411 1122 prophetandi
2448 1069 2462 1106 :
2501 1052 2814 1106 consolatur
2844 1065 2972 1106 vero
2994 1091 3008 1116 ,
3045 1062 3066 1088 ε
3107 1053 3229 1122 quia
3259 1066 3395 1106 con-

1787 1152 2050 1215 temptum
2082 1145 2390 1215 disciplina:
2422 1144 2475 1198 in
2501 1160 2598 1214 spe
2623 1144 2792 1200 videt.
2828 1142 3068 1200 Scientia
3092 1145 3236 1198 enim
3262 1143 3400 1212 legis

1788 1237 1966 1292 firmat
2011 1239 2256 1306 animos,
2306 1248 2363 1293 et
2405 1246 2666 1309 provocat
2709 1237 2774 1292 ad
2823 1237 2938 1307 spei
2987 1236 3228 1292 melioris
3274 1252 3402 1306 pro-

1786 1329 2011 1386 fectum.

1859 1423 2053 1498 (Vers.
2087 1424 2182 1497 4.)
2215 1424 2315 1490 Qui
2345 1426 2570 1496 loquitur
2600 1426 2800 1496 lingua,
2835 1443 2888 1481 se
2929 1427 3099 1498 ipsum
3128 1425 3397 1493 aedificat:

1785 1519 1874 1588 qui
1903 1533 2021 1573 uero
2049 1519 2344 1591 prophetat,
2377 1516 2668 1572 Ecclesium
2699 1518 2943 1586 ludiﬁcat.
2988 1519 3092 1574 Per
3121 1519 3171 1574 id
3205 1518 3350 1573 cnint
3375 1557 3394 1585 ,

1786 1611 1930 1682 quod
1963 1610 2101 1666 forte
2129 1613 2276 1666 solus
2313 1612 2443 1678 scit,
2477 1612 2622 1683 quod
2663 1611 2923 1682 loquitur,
2969 1627 3029 1668 se
3063 1614 3236 1668 solum
3266 1612 3400 1667 tudi-

1788 1702 1910 1759 iicat
1939 1722 1952 1758 :
1987 1719 2108 1759 nam
2140 1705 2231 1775 qui
2272 1703 2600 1775 prophetat,
2631 1719 2850 1760 omnem
2881 1705 3095 1774 plebem
3133 1706 3398 1772 a-diticat,

78 1803 338 1873 loquebar,
367 1802 520 1873 quasi
550 1802 795 1872 paruulus
828 1802 1108 1874 capiebam.
1139 1802 1284 1872 quasi
1312 1800 1560 1872 parvulus
1581 1816 1673 1854 co-
1702 1805 1748 1865 Β
1778 1796 1906 1852 dum
1932 1796 2252 1868 intelligitur
2276 1797 2343 1852 ab
2367 1797 2618 1852 omnibus
2641 1796 2769 1868 quid
2795 1797 3069 1868 loquatur.
3095 1797 3400 1866 Prophetas

83 1894 304 1966 gitabam
336 1909 356 1948 :
397 1903 452 1946 at
484 1892 572 1948 ubi
599 1895 767 1964 [actus
794 1909 904 1948 sum
931 1895 1028 1960 sir,
1053 1910 1112 1949 ea
1140 1907 1256 1966 quia
1295 1893 1498 1960 parvuli
1535 1901 1682 1948 erant

86 1987 330 2042 destrui.
387 1985 504 2042 Hoc
533 1985 690 2052 dicit,
723 1987 852 2058 quia
897 1998 1162 2045 exeuntes
1217 1988 1390 2043 satu-ti
1447 1987 1517 2044 de
1579 1987 1684 2044 hoc

90 2076 303 2143 mundo,
337 2078 461 2148 plus
499 2092 728 2135 necesse
752 2088 836 2133 est
865 2079 1157 2134 inveniant
1178 2121 1192 2144 ,
1226 2094 1386 2149 quam
1413 2094 1556 2134 nunc
1585 2095 1686 2150 pu-

95 2180 224 2236 tant,
266 2169 410 2225 sicut
455 2168 697 2226 Joannes
741 2171 1026 2242 apostolus
1066 2171 1134 2225 de
1174 2171 1456 2227 Salvatore
1495 2171 1678 2226 dixit:

103 2261 236 2316 Tunc
263 2262 542 2319 uidebimus
571 2263 634 2317 ill
645 2280 748 2329 unt,
781 2264 934 2319 sicuti
953 2273 1026 2318 est
1046 2260 1260 2334 (lJoan.
1283 2278 1364 2327 ut,
1390 2263 1472 2332 2).
1503 2262 1560 2318 In
1586 2263 1686 2319 hac

105 2370 232 2426 ergo
263 2357 368 2410 vita
399 2355 613 2426 parvuli
652 2371 841 2412 sumus
886 2356 952 2412 ad
990 2355 1456 2426 comparationem
1489 2355 1686 2412 futura)

107 2447 252 2514 vita;
306 2448 430 2518 quia
472 2448 619 2504 sicut
664 2449 772 2502 vita
831 2447 948 2504 htec
995 2446 1310 2518 imperfecta
1355 2455 1461 2516 est,
1514 2448 1586 2503 ita
1630 2455 1688 2503 et

102 2541 340 2596 scientia.

165 2632 336 2703 (νει-ε.
366 2633 485 2707 12.)
514 2634 756 2691 Videmus
775 2650 908 2690 nunc
928 2650 1018 2706 per
1034 2635 1297 2706 speculum
1319 2634 1375 2689 in
1391 2633 1681 2705 tenigmate,

98 2738 212 2781 tunc
231 2729 494 2798 verolocic
521 2729 591 2784 ad
621 2729 828 2800 faciem.
856 2731 1118 2798 Apertum
1143 2737 1225 2784 est
1250 2743 1393 2783 nunc
1424 2728 1688 2796 imagines

98 2819 257 2876 videri
285 2837 383 2890 per
406 2822 594 2885 ﬁdem,
625 2830 754 2877 tunc
785 2837 876 2876 res
905 2822 1065 2895 156
1087 2822 1254 2892 ipsas.
1300 2819 1461 2876 Modo
1481 2821 1589 2876 scio
1625 2837 1690 2876 es:

98 2925 232 2985 parte
253 2931 273 2967 :
295 2924 421 2970 tunc
444 2931 560 2970 vero
584 2931 919 2987 cognoscam,
942 2919 1072 2970 sicut
1101 2925 1147 2970 et
1173 2917 1408 2989 cognitus
1437 2933 1550 2968 sum
1587 2931 1602 2969 :
1637 2914 1688 2969 id

97 3017 206 3071 est,
235 3007 435 3064 videbo
460 3025 582 3078 quae
636 3010 907 3079 promissa
959 3019 1108 3075 sunt,
1151 3011 1294 3065 sicut
1340 3009 1556 3075 videor;
1591 3011 1690 3064 hoc

93 3109 190 3164 est,
222 3109 550 3170 praesentem
577 3117 700 3158 esse
745 3101 813 3157 ad
846 3102 1156 3167 Dominum,
1184 3101 1277 3158 ubi
1311 3102 1560 3156 Christus
1584 3112 1686 3157 est.

1787 1890 2118 1962 interpretes
2146 1890 2280 1946 dicit
2301 1890 2711 1960 Scripturarum
2739 1908 2752 1955 ;
2785 1891 2928 1947 sicut
2955 1892 3100 1947 enim
3133 1892 3394 1961 propheta

1786 1983 1966 2039 futura
2017 1984 2286 2055 praedicit,
2334 2000 2453 2054 qua:
2500 1985 2820 2040 nesciuntur
2864 2005 2876 2042 :
2923 1985 2992 2040 ita
3039 1992 3096 2040 et
3143 1984 3229 2040 hic
3268 1985 3396 2037 dum

1786 2076 2191 2147 Scripturarutn
2219 2091 2439 2132 sensum
2459 2117 2475 2142 ,
2503 2077 2593 2147 qui
2635 2077 2820 2132 multis
2848 2077 3099 2132 occultus
3129 2086 3211 2132 cst
3234 2118 3247 2142 ,
3277 2092 3395 2129 ma-

1785 2169 2025 2237 nifestat,
2057 2170 2259 2226 dicitur
2289 2172 2636 2242 prophetare.

1859 2263 2040 2333 (Vera.
2091 2264 2171 2335 5.)
2229 2265 2357 2319 Volo
2402 2277 2573 2320 autem
2620 2282 2708 2321 uos
2749 2281 2925 2319 omnes
2973 2264 3111 2334 loqui
3157 2265 3347 2335 linguis
3376 2279 3397 2318 :

1788 2361 1952 2434 magis
1987 2370 2163 2415 autem
2213 2371 2267 2415 ut
2314 2361 2650 2432 prophetetis.
2694 2360 2807 2415 Non
2850 2367 3062 2431 poterat
3108 2358 3400 2429 prohibere

1790 2454 1938 2525 loqui
1979 2454 2207 2524 linguis,
2254 2454 2344 2524 qui
2390 2452 2640 2524 superius
2682 2453 2882 2507 donum
2929 2451 3068 2506 istud
3109 2450 3238 2506 dicit
3273 2463 3399 2506 esse

1790 2546 2020 2616 Spiritus
2045 2547 2214 2599 sancti
2244 2565 2257 2599 :
2289 2547 2382 2600 sed
2407 2545 2528 2600 ideo
2555 2543 2912 2615 prophetandi
2947 2543 3116 2614 magis
3141 2542 3385 2598 studium

1791 2641 2126 2706 habendum,
2155 2641 2281 2711 quia
2317 2641 2502 2695 utilius
2529 2650 2633 2695 est.
2679 2639 2857 2712 Major
2884 2649 2958 2694 est
2987 2639 3122 2694 enim
3151 2639 3237 2708 qui
3264 2654 3388 2710 pro-

1792 2733 1988 2803 phetat,
2037 2751 2190 2804 quant
2232 2735 2321 2803 qui
2361 2733 2590 2803 loquitur
2629 2733 2827 2803 lingua,
2873 2732 2972 2788 nisi
3015 2733 3395 2797 interpretetur.

1791 2828 1927 2893 Ouia
1970 2829 2015 2883 si
2066 2828 2412 2896 interpretari
2466 2829 2685 2898 poterit,
2734 2844 2839 2882 non
2878 2827 2982 2881 erit
3012 2826 3227 2890 utilior;
3274 2824 3400 2894 quia

1797 2920 2093 2975 Ecclesium
2151 2919 2385 2974 a'dilicat
2439 2937 2451 2974 :
2505 2921 2606 2973 hoc
2659 2921 2804 2974 enim
2859 2918 3030 2989 tnajzs
3075 2927 3200 2980 cst,
3255 2915 3400 2986 quod

1793 3015 2044 3070 omnibus
2083 3015 2324 3085 prodest.
2371 3013 2467 3070 llic
2513 3015 2656 3070 enim
2703 3031 2799 3083 per
2834 3014 3036 3069 donum
3080 3014 3171 3069 Dei
3205 3010 3399 3081 linguis

1793 3110 2049 3180 loquitur,
2097 3109 2188 3180 qui
2231 3109 2394 3164 etiam
2439 3110 2845 3177 interpretatur,
2891 3108 3026 3163 sicut
3060 3115 3114 3163 ct
3150 3105 3227 3161 illi
3257 3106 3393 3159 duo-

159 3191 345 3265 (νοτε.
395 3195 530 3265 15.)
569 3193 782 3250 Manent
822 3205 992 3250 autem
1030 3211 1166 3249 nunc
1199 3196 1347 3263 ﬁdes,
1387 3209 1524 3266 spes,
1557 3193 1685 3246 chao
1715 3205 1760 3268 C
1791 3201 1966 3256 decim
1996 3201 2046 3255 in
2081 3201 2305 3254 Actibus
2335 3201 2705 3269 apostolorum
2739 3199 2879 3272 (Act.
2906 3215 2963 3261 ιι,
2991 3197 3073 3270 4).

93 3290 231 3352 ritas,
289 3291 393 3344 tria
437 3290 547 3344 hac
585 3304 606 3343 ξ
651 3290 819 3358 major
871 3299 1042 3344 autem
1089 3290 1275 3343 horum
1321 3297 1392 3341 est
1437 3288 1684 3342 charitas.

95 3380 253 3452 Digne
276 3382 456 3452 major
480 3389 564 3437 est
587 3381 823 3436 charitas
847 3399 859 3435 :
885 3380 1012 3450 quia
1044 3389 1100 3435 ut
1127 3380 1258 3435 ﬁdes
1283 3381 1688 3451 praedicaretur,

91 3485 142 3530 et
181 3491 307 3546 spes
335 3486 488 3532 esset
528 3477 718 3531 latura:
760 3478 907 3543 vitae,
956 3477 1195 3531 charitas
1235 3477 1508 3547 puc-titit,
1554 3476 1694 3530 sicut

93 3584 243 3639 supra
286 3570 610 3625 memoravi.
665 3569 818 3626 Unde
863 3582 912 3626 et
953 3569 1192 3626 Joannes
1229 3572 1509 3640 apnsmlns
1545 3588 1556 3622 :
1611 3568 1694 3624 Ea:

93 3663 182 3716 hoc
213 3664 599 3737 cognoscimus,
644 3663 838 3733 inquit,
883 3662 1184 3718 charitatent
1219 3666 1375 3735 ejus;
1417 3662 1541 3729 quia
1585 3661 1696 3733 ipse

94 3775 183 3825 pro
211 3760 357 3814 nobis
387 3760 620 3814 animum
641 3775 786 3813 suam
807 3758 978 3830 posuit
1012 3757 1067 3828 (l
1091 3757 1250 3813 Joan.
1275 3772 1356 3825 ιιι,
1388 3758 1448 3812 16
1471 3761 1509 3826 ).
1542 3755 1693 3812 Juste

94 3852 245 3920 igitur
262 3853 443 3924 major
462 3851 720 3920 charitas,
746 3867 843 3922 per
861 3868 1022 3924 quam
1046 3851 1398 3909 reformatum
1420 3860 1499 3907 est
1522 3865 1694 3921 genus

95 3945 406 4004 humanum.

699 4039 929 4098 CAPUT
982 4039 1116 4095 XIV.

157 4133 174 4204 (
192 4133 350 4191 Vers.
388 4137 443 4191 1.
469 4132 488 4207 )
519 4134 806 4191 Sectamini
832 4134 1158 4202 charitatem,
1186 4135 1505 4190 cemulamini
1537 4136 1695 4207 spiri-

93 4226 214 4280 talia
238 4243 258 4282 .'
299 4229 466 4300 magis
505 4236 680 4282 autem
716 4237 770 4280 ut
813 4229 1149 4297 prophetetis.
1194 4228 1324 4284 Post
1373 4229 1692 4284 charitatem

93 4318 116 4354 δ
153 4320 516 4390 prophetandi
551 4321 790 4376 studium
833 4321 1004 4392 magis
1055 4320 1368 4377 habendum
1408 4323 1690 4380 hortatur:

91 4412 205 4480 quia
230 4412 487 4484 quamvis
505 4413 684 4484 magni
703 4414 814 4468 sint
846 4413 1124 4483 Spiritales
1149 4415 1368 4484 gradus,
1393 4429 1530 4486 quos
1559 4430 1694 4470 cnu-

91 4516 259 4561 nierat
291 4526 304 4560 :
341 4507 432 4563 hic
462 4517 643 4563 tamen
676 4507 892 4575 melior,
909 4508 998 4579 qui
1023 4507 1091 4562 ad
1113 4507 1400 4563 utilitatem
1435 4507 1693 4565 Ecclesiae

95 4598 305 4667 proiicit
324 4641 340 4666 ,
374 4608 435 4655 ut
463 4599 679 4656 discant
707 4616 897 4656 omnes
925 4601 1125 4656 divina:
1155 4601 1292 4672 legis
1318 4602 1604 4657 rationem.
1640 4602 1696 4659 In
1723 4611 1777 4673 1)

89 4706 190 4757 quo
228 4694 377 4747 enim
415 4693 535 4762 quis
571 4694 814 4748 animum
853 4692 1100 4760 dederit,
1149 4693 1200 4749 in
1243 4710 1308 4749 eo
1339 4693 1458 4766 ipso
1488 4696 1688 4766 accipit

91 4782 314 4852 donum,
363 4785 580 4842 dicente
616 4785 948 4844 Salomone:
985 4785 1132 4842 Scire
1169 4787 1354 4860 legem,
1393 4803 1574 4842 sensus
1620 4797 1693 4843 est

92 4879 269 4947 aptimi
313 4878 509 4949 (Prov.
553 4896 630 4944 ιχ.
664 4879 794 4952 ’55);
828 4879 1055 4936 scientia
1097 4880 1241 4934 enim
1271 4879 1538 4935 charitate
1567 4880 1694 4935 sub-

93 4972 210 5026 nixa
281 4988 390 5029 non
448 4974 695 5040 inﬂatur,
747 4973 841 5030 sed
892 4983 979 5030 est
1021 4985 1305 5030 mansueta
1336 5013 1352 5042 ,
1407 4975 1694 5044 proﬁciens

91 5068 342 5124 omnibus
369 5068 434 5124 ad
464 5069 777 5126 utilitatem.

160 5160 354 5232 (Vers.
387 5161 480 5233 2.)
515 5161 654 5218 Nam
682 5163 772 5234 qui
798 5163 1026 5234 loquitur
1048 5162 1246 5238 lingua,
1279 5180 1378 5218 non
1403 5164 1696 5220 hominibus

95 5253 338 5321 loquitur,
383 5255 470 5310 sed
520 5256 671 5322 Dea;
719 5271 866 5310 nemo
907 5256 1040 5310 enim
1081 5258 1248 5322 audit,
1295 5257 1483 5330 spiritu
1527 5268 1696 5312 autem

93 5344 316 5413 loquitur
347 5351 611 5420 mysteria.
650 5347 764 5404 Hoc
788 5359 871 5405 est
901 5350 1042 5421 quod
1073 5350 1225 5418 dicit,
1258 5352 1379 5422 quia
1407 5352 1496 5424 qni
1527 5355 1700 5424 loqui-

94 5443 179 5493 tur
205 5439 476 5512 incoguita
511 5441 686 5513 lingua
709 5484 723 5508 ,
759 5441 870 5498 Deo
912 5442 1181 5512 loquitur;
1213 5444 1336 5512 quia
1370 5445 1484 5514 ipse
1516 5446 1695 5500 omnia

166 5628 190 5656 ει
218 5618 339 5695 Yet.
397 5619 531 5695 edit.
559 5631 622 5672 ac
653 5633 784 5674 mss.
817 5619 1042 5695 aliquot,
1080 5620 1293 5695 gdditur
1335 5623 1678 5695 imperfectio,

98 5688 232 5755 qur-tl
258 5692 401 5744 deest
426 5732 440 5754 ,
475 5694 814 5746 destruetur:
845 5691 1042 5748 melius
1079 5689 1240 5749 Rom.
1291 5688 1449 5760 editi,
1478 5688 1689 5751 additur

99 5762 423 5840 quodaeest,
457 5763 776 5840 imperfectio
814 5764 1138 5840 destruetur;
1179 5773 1420 5840 attamen
1463 5776 1690 5840 antepo-

101 5833 261 5890 nendi
291 5845 416 5890 sunt
450 5847 581 5890 mss.
613 5833 853 5906 plurimi,
882 5851 1018 5908 quos
1050 5837 1138 5895 hic
1162 5837 1462 5910 sequimur.

1867 3295 2048 3367 (Vers.
2089 3295 2167 3359 6.)
2213 3293 2369 3350 Nunc
2412 3305 2602 3360 autent,
2645 3297 2852 3364 fratres,
2891 3294 2935 3348 si
2978 3309 3160 3348 venero
3200 3292 3269 3346 ad
3311 3307 3398 3344 vos

1796 3388 1985 3458 linguis
2014 3388 2250 3457 loquens,
2290 3390 2412 3457 quid
2450 3388 2589 3442 vobis
2630 3387 2873 3458 prodere,
2913 3389 3013 3441 nisi
3046 3389 3224 3457 loquar
3257 3385 3397 3439 robis

1795 3493 1884 3538 aut
1910 3483 1966 3536 in
1994 3482 2320 3548 reuelatione,
2354 3492 2445 3536 aut
2471 3483 2521 3535 in
2549 3481 2755 3546 notitia,
2783 3491 2871 3534 aut
2905 3481 2956 3534 in
2980 3481 3270 3552 prophetia,
3303 3486 3392 3532 aut

1793 3577 1849 3630 in
1891 3576 2166 3631 doctrina?
2214 3575 2340 3630 llzcc
2385 3577 2567 3630 omnia
2605 3591 2768 3629 unum
2809 3575 3154 3644 signiﬁCant;
3199 3573 3399 3630 docere

1797 3671 1940 3725 enim
1976 3685 2133 3724 nemo
2160 3670 2381 3737 poterit.
2407 3670 2507 3724 nisi
2538 3669 2890 3738 intelligatur.

1870 3761 2044 3832 (γωδ.
2079 3762 2130 3822 7.
2151 3760 2233 3830 8.)
2256 3760 2447 3814 Tamen
2474 3777 2590 3830 qua:
2606 3763 2714 3814 sine
2735 3763 2910 3814 (mima
2936 3770 3052 3814 sunt
3075 3776 3248 3814 uocem
3265 3759 3396 3812 dun-

1797 3854 1888 3915 tia.
1920 3854 2024 3907 siue
2045 3853 2192 3918 tibia,
2216 3854 2323 3907 sive
2344 3853 2570 3915 cithara,
2591 3854 2634 3906 si
2663 3854 3048 3907 distinctionem
3071 3853 3268 3906 sonitus
3292 3868 3395 3906 non

1797 3945 2068 4010 dederunt,
2101 3945 2356 4015 quomodo
2386 3956 2723 4016 coquoscetur
2749 3945 2888 4014 quod
2919 3962 3008 4012 per
3036 3945 3215 3998 tibiam
3251 3946 3399 3999 cani-

1798 4050 1904 4104 tur,
1935 4049 2023 4094 aut
2051 4038 2190 4107 quod
2227 4037 2602 4096 citharizutur‘t
2632 4038 2840 4092 Etenim
2869 4040 2914 4092 si
2944 4041 3196 4092 incertam
3228 4054 3398 4092 uocem

1797 4136 1920 4189 tuba
1969 4135 2191 4199 dederit,
2233 4135 2344 4204 quis
2383 4151 2436 4188 se
2472 4133 2670 4206 parabit
2709 4136 2776 4187 ad
2821 4135 3097 4204 pra’liunt?
3133 4133 3396 4201 Quoniam

1796 4229 2042 4298 exempla
2073 4227 2286 4282 facilius
2305 4227 2537 4283 suadent
2558 4243 2720 4298 quam
2750 4229 2930 4293 verba,
2963 4227 3226 4298 exemplis
3251 4241 3402 4281 com-

1799 4319 2021 4377 mendat
2047 4335 2146 4393 per
2175 4337 2296 4392 quin
2328 4320 2487 4378 facile
2516 4332 2876 4392 assequamur
2907 4336 3013 4376 non
3046 4320 3246 4376 debere
3277 4321 3399 4375 illos

1800 4417 1850 4472 in
1882 4416 2122 4472 Ecclesia
2167 4417 2311 4486 loqui
2361 4416 2582 4485 linguis,
2630 4415 2720 4486 qui
2757 4416 3102 4486 interpretari
3141 4429 3246 4468 non
3275 4428 3401 4484 pos-

1798 4520 1941 4565 sunt.
1974 4508 2046 4566 Ut
2073 4509 2199 4580 quid
2229 4511 2372 4565 euiut
2404 4512 2676 4581 loquatur,
2720 4525 2879 4580 quem
2910 4525 3070 4565 nemo
3100 4508 3400 4579 intelligit?

1877 4605 2057 4677 (Vers.
2081 4606 2167 4676 9.)
2205 4604 2288 4660 Ita
2313 4615 2358 4661 et
2393 4623 2482 4660 vos
2515 4622 2605 4675 per
2635 4606 2866 4677 linguam
2897 4607 2992 4661 nisi
3024 4607 3401 4675 signiﬁcantem

1796 4713 2083 4753 sermonem
2113 4699 2382 4765 dederitis,
2426 4699 2680 4769 quomodo
2713 4700 2901 4754 scietur
2937 4699 3058 4769 quid
3086 4699 3400 4768 loquimini?

1800 4789 1963 4847 Erilis
1992 4793 2125 4846 enim
2166 4794 2222 4848 in
2257 4809 2379 4847 aera
2423 4792 2723 4862 loquentes;
2764 4793 2864 4848 hoc
2899 4803 3002 4854 est.
3050 4791 3184 4846 nihil
3237 4791 3400 4861 proii-

1798 4886 2024 4942 cientes.
2061 4885 2200 4940 Nam
2231 4889 2414 4952 multa,
2457 4897 2512 4942 ut
2551 4899 2699 4960 puta,
2740 4905 2926 4958 genera
2957 4889 3255 4956 linguarum
3283 4896 3402 4940 sunt

1799 4979 1852 5033 in
1879 4980 1974 5033 hoc
1997 4980 2208 5047 mundo,
2240 4990 2287 5035 et
2309 4980 2440 5035 nihil
2465 4981 2576 5036 sine
2599 4997 2738 5035 uoce.
2772 4979 2941 5034 Multa
2967 4979 3185 5048 quidem
3214 4995 3398 5049 genera

1800 5084 1915 5127 sunt
1957 5075 2272 5146 linguarum,
2306 5076 2500 5146 inquit,
2544 5075 2638 5130 sed
2681 5076 2880 5130 habent
2918 5075 3167 5145 pmprias
3205 5088 3397 5128 vocum

1801 5168 2242 5237 signiﬁcationes,
2279 5180 2332 5222 ut
2366 5169 2749 5236 intelligantur.

1874 5267 1888 5331 t
1903 5261 2053 5316 Vcrs.
2090 5263 2174 5321 10.
2209 5261 2320 5333 ll.)
2346 5263 2539 5332 Siergo
2563 5263 2788 5316 nesciero
2815 5261 3051 5314 virtutem
3070 5259 3228 5322 uocis,
3247 5275 3334 5312 ero
3349 5260 3397 5314 ei

1800 5354 1881 5408 cui
1904 5354 2102 5424 loquor,
2127 5357 2413 5411 barbarus:
2441 5366 2484 5409 et
2515 5356 2558 5409 is
2584 5358 2670 5422 qui
2703 5356 2950 5422 loquitur,
2978 5351 3100 5406 mihi
3123 5351 3392 5407 barbarus.

1803 5449 1917 5503 Non
1952 5451 2138 5522 utique
2167 5451 2219 5507 id
2242 5450 2568 5508 Studendum
2604 5455 2806 5512 monet,
2841 5460 2897 5500 ut
2925 5447 3152 5501 invicem
3189 5462 3281 5516 per
3315 5446 3394 5501 iu-

1864 5628 2104 5714 L‘Uodex
2136 5629 2334 5696 Laud.,
2384 5627 2751 5702 prophetundi,
2799 5628 3142 5697 prtedicandi,
3175 5632 3396 5687 docendi

1800 5704 2053 5832 “aedilis:
2083 5775 2350 5841 nonnulli,
2383 5773 2504 5844 quia
2525 5780 2817 5841 contemptu
2839 5769 3147 5843 disciplima,
3179 5787 3285 5829 ctc.
