3978 6310
590 238 703 300 955

1549 237 1644 296 AD
1692 235 1926 294 OPERA
1969 234 2218 293 SANCTI
2259 233 2590 293 AMBROSII
2626 233 2998 292 APPENDIX.
3745 237 3814 293 256

591 359 868 433 cognitam
897 357 1133 429 linguam
1158 355 1376 413 barbari
1409 355 1513 413 sibi
1548 355 1835 413 videantur
1878 373 1892 410 :
1931 355 2027 412 sed
2070 355 2193 426 quia
2223 356 2276 415 Λ
2301 353 2474 409 tendit
2515 368 2575 409 se
2618 353 2862 409 omnium
2909 353 3125 425 quidem
3172 353 3365 409 horum
3409 351 3555 426 loqui
3591 352 3765 426 linguis,
3785 371 3818 412 et

591 452 903 508 concordiae
932 467 1022 508 res
1054 459 1160 517 est,
1203 450 1288 505 his
1320 450 1600 506 nitendum
1632 459 1754 516 est;
1787 457 1846 504 ut
1881 463 1976 521 per
2002 448 2193 504 unani-

591 545 835 603 mitatem
861 546 1192 613 intellectus,
1224 546 1501 601 communi
1530 544 1714 601 lmtilia
1743 545 2063 614 glorientur.

671 639 827 712 157
855 637 1034 710 (Vers.
1082 637 1195 709 12.)
1230 637 1321 693 Sic
1360 647 1411 692 et
1449 655 1557 701 eos,
1599 639 1840 709 quoniam
1866 638 2194 693 annulatores

594 733 714 788 estis
753 733 1055 800 spirituum,
1093 740 1118 768 ιι
1151 729 1219 785 ad
1251 731 1652 798 (edi/icationem
1677 729 1929 784 Ecclesia:
1957 730 2189 801 quierite,

591 835 650 880 ut
704 823 1039 896 praphetetis.
1089 823 1227 892 Quia
1277 825 1498 896 prodest
1544 825 1860 895 Scripturas
1899 825 2194 895 explanare

593 916 743 990 (nam
785 919 1046 974 incitatur
1071 929 1124 974 et
1151 918 1352 989 gaudet
1381 920 1617 982 animus,
1647 917 1866 990 quando
1897 916 2100 989 aliquid
2127 915 2195 971 de

591 1013 888 1084 Scripturis
931 1012 1161 1084 percipit
1203 1031 1216 1066 ε
1259 1023 1315 1068 et
1355 1022 1615 1084 quantum
1658 1014 1980 1083 propensior
2007 1011 2060 1066 in
2093 1011 2194 1066 hac

595 1115 750 1180 parte
793 1109 886 1174 ﬁt,
938 1117 1144 1163 tantum
1192 1107 1400 1164 deserit
1429 1108 1616 1179 vilia),
1667 1116 1916 1178 proterea
1959 1105 2026 1162 ad
2058 1105 2196 1162 hanc

595 1215 808 1276 partem
838 1203 1078 1258 studium
1108 1211 1295 1258 monet
1327 1202 1735 1273 applicandum.

671 1301 852 1374 (Vers.
897 1300 1010 1366 15.)
1042 1299 1170 1354 Ideo
1204 1300 1291 1370 qui
1329 1299 1556 1370 loquitur
1585 1297 1786 1370 lingua,
1819 1308 1928 1351 oret
1957 1307 2010 1350 ut
2039 1297 2199 1350 inter-

601 1404 851 1466 pretetur.
903 1393 1040 1450 Eum
1089 1393 1179 1464 qui
1231 1391 1428 1462 linguis
1477 1392 1618 1462 loqui
1661 1391 1964 1456 desiderat,
2013 1400 2199 1446 monet

600 1503 760 1545 orare
798 1487 1022 1553 debere,
1065 1498 1122 1542 ιιι
1165 1486 1400 1556 accipiat
1435 1484 1638 1540 donum
1680 1483 2108 1554 interpretandi;
2143 1491 2202 1538 ut

599 1582 850 1654 proficiat
875 1582 1090 1637 czeteris
1117 1580 1354 1635 studium
1385 1579 1526 1650 ejus.

673 1677 854 1750 (Vers.
890 1674 1007 1747 M.)
1056 1675 1196 1730 Nunt
1235 1677 1281 1730 si
1316 1692 1527 1731 oravere
1558 1676 1770 1747 lingua,
1811 1675 2021 1746 spiritus
2060 1691 2202 1729 meus

2293 453 2420 522 quia
2445 465 2552 506 non
2581 450 2742 506 valde
2770 449 3008 520 prodest.

2369 543 2548 616 (Vers.
2599 543 2714 615 19.)
2745 543 2853 599 Sed
2887 544 2941 597 in
2981 541 3241 609 Ecclesia,
3282 541 3481 613 inquit,
3527 542 3634 596 solo
3666 542 3821 614 quisque

2296 641 2448 693 verba
2487 636 2511 676 ἀ
2556 639 2701 709 loqui
2745 655 2835 709 per
2875 638 3082 709 Legem,
3117 647 3171 691 ut
3202 649 3247 691 et
3279 637 3415 691 alios
3445 637 3824 706 ludiﬁcem,qu

2297 731 2469 786 decem
2507 733 2672 786 millia
2712 730 2979 786 verborum
3017 732 3069 784 in
3097 731 3296 802 lingua.
3334 728 3536 786 Utilius
3561 729 3824 800 dicitpsucis

2296 823 2477 879 verbis
2514 823 2564 877 in
2596 824 2878 891 apertione
2908 823 3179 878 sermonis
3210 822 3380 892 loqui,
3411 819 3556 891 quod
3586 836 3745 876 omnes
3767 823 3821 875 in-

2298 920 2568 990 telligant,
2614 935 2774 989 quam
2821 919 3088 988 prolixam
3131 917 3441 972 orationem
3489 916 3677 973 babete
3703 917 3745 971 in
3767 917 3824 971 ob

2295 1029 2475 1069 scuro.
2511 1012 2572 1067 lli
2603 1029 2668 1067 ex
2705 1012 2945 1068 lle-bracis
2977 1021 3154 1075 erant,
3194 1011 3286 1082 qui
3317 1010 3608 1079 aliquando
3633 1023 3736 1078 syra
3758 1010 3824 1063 lia-

2296 1127 2422 1183 gua,
2459 1112 2777 1182 plerumque
2809 1111 3022 1165 hebrma
3055 1111 3106 1164 in
3136 1109 3464 1164 tractatibus
3493 1115 3584 1162 aut
3605 1105 3826 1162 oblationi-

2301 1207 2402 1262 bus
2450 1207 2738 1260 utebantur
2787 1204 2854 1259 ad
2908 1203 3472 1258 commendationem.
3523 1200 3829 1257 Gloriabantar

2299 1300 2442 1355 enim
2487 1315 2546 1354 se
2590 1298 2695 1353 dici
2749 1297 3007 1353 llebrzeos
3056 1308 3285 1367 propter
3329 1293 3592 1349 meritum
3629 1293 3828 1358 Abrahs,

2299 1393 2442 1466 quod
2473 1393 2613 1448 idem
2647 1394 2941 1459 Apostolus
2971 1409 3067 1463 pro
3090 1391 3262 1446 nihilo
3295 1390 3489 1445 habuit
3517 1389 3689 1444 dicens
3712 1405 3725 1441 :
3747 1387 3830 1441 liii

2299 1501 2471 1544 autem
2517 1488 2647 1543 absit
2691 1488 2928 1560 gloriari,
2961 1488 3063 1541 nisi
3089 1488 3143 1541 in
3173 1503 3326 1540 cruce
3353 1484 3572 1539 Domini
3599 1483 3738 1536 nostri
3753 1477 3830 1536 lett

2301 1580 2493 1638 Christi
2511 1580 2713 1654 (Colat.
2738 1597 2809 1647 γι,
2838 1579 2948 1652 ll).
2981 1589 3004 1617 ε
3026 1580 3133 1634 Hos
3157 1579 3380 1648 quidam
3411 1579 3696 1642 imitantes,
3715 1576 3832 1646 ignoti

2303 1676 2406 1730 sibi
2437 1676 2620 1746 lingua
2665 1674 2812 1746 loqui
2847 1673 3121 1730 malebant
3159 1673 3210 1729 in
3243 1671 3498 1729 Ecclesia
3528 1669 3594 1726 ad
3625 1669 3830 1742 populum,

599 1783 738 1838 orat,
767 1788 910 1826 mens
937 1781 1108 1825 autem
1137 1788 1248 1825 mea
1273 1770 1385 1824 sine
1413 1773 1589 1841 fructu
1616 1779 1707 1824 est.
1743 1767 2086 1824 Manifesmm
2116 1778 2199 1823 est
2229 1772 2278 1832 B
2304 1786 2466 1842 quam
2495 1785 2612 1825 sua.

596 1866 853 1937 ignorare
881 1865 1122 1919 animum
1156 1873 1423 1930 nostrum,
1455 1865 1500 1918 si
1534 1863 1713 1933 lingua
1739 1862 2014 1929 loquatur,
2041 1877 2198 1932 quam

601 1961 799 2025 nescit,
847 1959 990 2015 sicut
1035 1960 1289 2015 adsolent
1332 1958 1510 2013 Latini
1556 1958 1806 2013 homines
1849 1956 2041 2012 Graece
2069 1971 2201 2012 can-

606 2062 754 2120 tare,
804 2051 1063 2107 oblectati
1111 2067 1246 2107 sono
1293 2053 1623 2115 verborum;
1673 2050 1978 2106 nescientes
2022 2059 2203 2104 tamen

605 2145 734 2216 quid
778 2144 983 2200 dicunt.
1024 2143 1261 2216 Spiritus
1298 2153 1480 2198 autem
1521 2143 1613 2213 qui
1641 2142 1799 2198 datur
1829 2141 1882 2196 in
1914 2142 2203 2213 baptismo,

605 2237 707 2293 Scit
748 2235 876 2308 quid
915 2246 1034 2292 oret
1077 2238 1323 2302 animus,
1369 2235 1495 2290 dum
1538 2235 1809 2306 loquitur,
1856 2243 1948 2288 aut
1988 2243 2208 2305 perorat

606 2331 790 2404 lingua
820 2332 922 2387 sibi
954 2333 1133 2403 ignota
1166 2349 1179 2386 :
1210 2347 1365 2387 mens
1389 2340 1571 2386 autem
1599 2331 1690 2401 qui
1715 2339 1796 2385 est
1823 2330 2058 2397 animus,
2086 2330 2207 2386 sine

604 2425 785 2481 fructu
820 2435 926 2482 est.
965 2427 1134 2493 Quem
1181 2427 1330 2482 enim
1373 2432 1554 2496 potest
1597 2423 1799 2480 habere
1826 2422 2081 2491 fructum,
2113 2424 2207 2496 qui

605 2518 825 2590 ignorat
852 2536 975 2591 qua:
1007 2519 1299 2590 loquatur?

682 2613 868 2682 (Vers.
906 2613 1020 2684 15.)
1054 2613 1196 2681 Quid
1237 2622 1311 2666 est
1339 2613 1499 2682 ergo?
1531 2610 1703 2665 Orabo
1735 2611 1943 2679 spiritu,
1977 2609 2133 2663 orabo
2162 2620 2207 2662 et

611 2717 780 2761 mente
830 2723 848 2760 :
896 2708 1153 2776 psalmum
1195 2707 1366 2760 dicam
1401 2705 1608 2775 spiritu,
1657 2706 1912 2774 psalmum
1951 2702 2120 2756 dicam
2161 2711 2212 2755 et

611 2811 796 2856 mente.
834 2800 946 2855 lloc
974 2801 1124 2868 dicit,
1157 2800 1281 2868 quia
1311 2816 1431 2854 eum
1461 2798 1581 2869 quis
1613 2799 1711 2853 hac
1740 2799 1917 2867 lingua
1951 2797 2208 2866 loquitur,

611 2909 775 2966 qnam
821 2894 1001 2958 novit;
1049 2902 1157 2948 tam
1203 2892 1416 2962 Spiritu,
1459 2908 1618 2963 quam
1665 2902 1845 2946 mente
1887 2898 2038 2956 orat;
2085 2890 2208 2959 quia

616 3005 723 3044 non
769 2987 944 3043 solum
987 2988 1216 3056 Spiritus
1257 2988 1400 3055 ejus.
1434 3003 1596 3057 quem
1629 2985 1737 3039 dixi
1768 2983 1955 3038 datum
1988 2983 2041 3038 in
2075 2983 2210 3052 hap-

615 3084 801 3149 tismo,
849 3082 950 3138 scit
993 3081 1122 3154 quid
1167 3093 1354 3137 oratur
1383 3099 1396 3135 :
1431 3081 1456 3118 ι)
1490 3081 1584 3136 sed
1615 3082 1779 3136 etiam
1811 3080 2024 3135 animus
2047 3079 2211 3134 simili

615 3174 778 3231 modo
799 3186 849 3230 et
876 3175 942 3231 de
968 3176 1174 3246 psalmo
1197 3189 1304 3230 non
1335 3175 1566 3246 ignorat.

687 3269 870 3341 (Vers.
900 3269 1292 3341 l6.)'Ca:terum
1313 3270 1357 3324 si
1382 3269 1699 3324 benedia'eris
1725 3270 1944 3338 spiritu;
1973 3268 2076 3323 hoc
2104 3278 2210 3332 ess,

613 3366 659 3422 si
705 3363 922 3420 laudem
970 3365 1063 3420 Dei
1104 3364 1284 3435 lingua
1330 3365 1570 3434 loquaris
1607 3366 1786 3434 ignota
1818 3363 2164 3420 audientibus
2198 3381 2212 3418 :

620 3459 748 3526 Quts
789 3456 993 3529 supplet
1040 3457 1211 3511 locum
1252 3457 1471 3513 idiotas?
1526 3457 1800 3523 Quomodo
1841 3457 1968 3510 dicit
2023 3473 2212 3522 amen,

616 3561 640 3590 ο
683 3566 841 3618 super
870 3561 1010 3605 tuam
1044 3549 1484 3615 benedictionem,
1525 3550 1650 3620 quia
1689 3550 1850 3604 nescit
1883 3547 2009 3617 quid
2048 3549 2211 3602 dirus.

616 3642 908 3716 lmperitns
949 3644 1095 3699 enim
1138 3643 1367 3700 audiens
1407 3643 1550 3715 quod
1584 3658 1689 3697 non
1722 3641 2009 3713 intelligit,
2044 3643 2218 3696 nescit

616 3737 780 3793 linem
820 3737 1106 3801 orationis,
1131 3747 1186 3792 et
1223 3752 1329 3790 non
1373 3735 1692 3806 respondet,
1718 3750 1904 3801 amen,
1934 3734 1983 3788 id
2015 3745 2099 3789 est
2127 3750 2218 3790 ve-

614 3848 767 3900 rum;
798 3843 855 3887 ut
881 3833 1240 3888 conﬁrmetur
1279 3829 1609 3887 benedictio.
1654 3829 1760 3885 Per
1800 3828 1901 3884 hos
1940 3830 2085 3885 enim
2119 3827 2222 3883 im-

615 3927 795 3996 pletur
819 3925 1164 3981 conﬁrmatio
1193 3925 1393 3993 precis,
1427 3924 1518 3994 qui
1551 3923 1904 3992 respondent,
1938 3937 2132 3988 amen;
2162 3933 2221 3976 ut

617 4019 802 4073 omnia
824 4018 966 4073 dicta
996 4018 1109 4074 veri
1143 4017 1457 4073 testimonio
1486 4018 1538 4071 in
1567 4014 1906 4070 audientium
1939 4014 2219 4071 mentibus

618 4112 1033 4168 conﬁrmentur.

693 4204 878 4274 (Vers.
923 4205 1037 4275 17.)
1071 4202 1211 4258 Nam
1250 4203 1459 4274 quidem
1501 4204 1626 4260 bene
1661 4204 1857 4275 gratias
1886 4203 2019 4274 agis.
2049 4203 2128 4257 De
2155 4217 2223 4258 eo

621 4295 774 4362 dicit,
816 4297 906 4366 qui
945 4295 1159 4367 cognita
1187 4295 1288 4351 sibi
1318 4296 1581 4366 loquitur,
1613 4296 1737 4366 quia
1768 4295 1872 4351 scit
1901 4295 2026 4367 quid
2055 4295 2220 4352 dicat.

625 4390 731 4447 Sed
773 4391 910 4445 alius
949 4407 1052 4444 non
1091 4391 1400 4460 wdiﬁcatur.
1445 4390 1504 4446 Si
1537 4391 1723 4452 utique
1749 4390 1816 4446 ad
1847 4391 2222 4448 tedilicandam

623 4485 923 4541 Ecclesiam
966 4485 1306 4552 convenitis,
1350 4500 1414 4540 ea
1455 4485 1658 4541 debent
1695 4485 1827 4553 dici,
1867 4468 2224 4556 qnaeintelli-

2378 1863 2560 1935 (Vers.
2603 1864 2718 1933 20.)
2751 1862 2987 1930 Fratres,
3034 1863 3200 1917 nolite
3241 1862 3395 1933 pueri
3443 1861 3589 1933 efﬁci
3627 1859 3834 1914 sensibus:

2305 1957 2397 2011 sed
2440 1958 2638 2011 malitia
2682 1957 2885 2026 parvuli
2927 1967 3123 2022 estote;
3153 1967 3207 2010 ut
3243 1956 3486 2012 sensibus
3525 1953 3718 2026 perfecti
3747 1953 3829 2003 sitis.

2306 2048 2585 2106 Portet-tos
2615 2050 2735 2104 illos
2771 2050 3048 2114 vultesse,
3081 2047 3102 2086 τ
3135 2059 3192 2103 ιιι
3219 2048 3397 2103 sciant
3426 2047 3558 2118 quid
3598 2046 3659 2100 ad
3698 2045 3831 2098 instn~

2305 2144 2542 2199 ctionem
2576 2143 2836 2199 Ecclesia:
2866 2144 2938 2197 sit
2970 2142 3386 2206 necessarium;
3427 2151 3488 2195 ut
3529 2137 3830 2195 recedentes:

2309 2237 2514 2293 malitia
2552 2245 2606 2291 et
2647 2236 2950 2298 erroribus,
2997 2236 3062 2290 iis
3089 2234 3401 2300 studerent,
3436 2250 3560 2305 quae
3589 2233 3831 2304 proﬁcerent

2310 2329 2378 2386 ad
2407 2330 2697 2386 utilitatem
2726 2330 2978 2385 fratrum.
3009 2329 3107 2384 llic
3134 2339 3218 2384 est
3247 2329 3399 2383 enim
3427 2342 3592 2384 sensu
3616 2324 3827 2397 perlectus.

2310 2425 2402 2495 qui
2432 2423 2482 2478 id
2513 2423 2644 2494 agit,
2674 2433 2736 2478 ut
2764 2426 2932 2494 prosit
2961 2423 3144 2490 alicui,
3177 2423 3422 2478 maxime
3452 2420 3625 2476 fratri.

2383 2518 2564 2590 (Vers.
2595 2518 2659 2572 2|
2675 2518 2710 2590 .)
2749 2518 2811 2572 In
2844 2517 2980 2590 Lege
3001 2518 3133 2571 enim
3155 2518 3408 2589 scriptum
3433 2527 3509 2571 est
3527 2532 3546 2570 :
3566 2515 3687 2581 Quia
3705 2513 3744 2566 in
3760 2511 3828 2564 aliis

2311 2613 2523 2684 linguis,
2555 2621 2600 2666 et
2631 2615 2683 2664 in
2713 2612 2861 2665 labiis
2889 2611 3006 2664 aliis
3033 2610 3216 2680 loquar
3243 2609 3442 2682 papula
3469 2609 3621 2674 huic,
3646 2618 3688 2661 et
3708 2604 3830 2660 nectit

2312 2722 2392 2758 me
2432 2706 2676 2770 audient,
2719 2705 2844 2758 dicit
2888 2703 3140 2758 Dominus
3178 2702 3362 2774 (Esai.
3412 2717 3602 2766 xxvm,
3642 2698 3730 2769 ll).
3763 2697 3830 2750 Hoc

2285 2798 2580 2852 -Dominus
2621 2799 2688 2853 de
2736 2798 2820 2852 bis
2851 2797 3022 2860 dixit,
3058 2812 3197 2865 quos
3241 2798 3488 2866 prmsciit
3518 2811 3615 2850 nec
3642 2789 3830 2849 Salvatori

2313 2893 2641 2946 credituros.
2676 2892 2732 2946 ln
2761 2891 2885 2946 aliis
2913 2891 3056 2945 enim
3085 2891 3281 2960 linguis
3311 2897 3367 2944 et
3397 2891 3456 2944 in
3491 2889 3611 2944 aliis
3638 2885 3762 2942 labiis
3781 2883 3826 2936 Io-

2314 2985 2428 3057 qui,
2471 3003 2669 3041 novum
2702 2985 3110 3040 Testamentum
3145 2993 3230 3039 est
3257 2982 3589 3054 praedicare,
3616 2980 3732 3034 sicut
3752 2972 3833 3029 dicit

2317 3081 2619 3136 Hieremias
2643 3081 2906 3151 propheta
2932 3097 2947 3134 :
2974 3079 3106 3132 Ecce
3125 3079 3323 3132 venient
3344 3078 3482 3140 dies,
3504 3077 3622 3130 dicit
3640 3071 3830 3128 Dominus

2239 3168 2285 3230 C
2315 3188 2363 3231 et
2392 3177 2753 3230 consummabo
2782 3175 2963 3229 domui
2992 3173 3160 3228 Israel
3185 3183 3231 3227 et
3253 3172 3434 3227 domui
3457 3171 3595 3227 Juda
3620 3170 3832 3225 Testamar

2319 3278 2422 3321 tum
2451 3284 2658 3333 novum,
2686 3284 2786 3320 non
2813 3267 3094 3322 secundum
3119 3267 3258 3337 quod
3283 3267 3529 3337 disposui
3553 3262 3749 3335 patribus
3763 3259 3833 3311 illo-

2316 3378 2432 3416 rum
2462 3358 2674 3433 (Jerem.
2717 3377 2867 3428 xm,
2911 3358 3006 3432 51)
3053 3378 3065 3414 :
3115 3359 3217 3414 hoc
3261 3368 3347 3414 est
3388 3359 3671 3414 immutata
3694 3353 3834 3408 ratione

2318 3455 2479 3510 aliter
2518 3455 2689 3523 loqui,
2733 3470 2892 3524 quam
2934 3470 2994 3509 se
3039 3454 3175 3525 legis
3217 3453 3423 3509 veteris
3456 3452 3617 3508 verba
3646 3448 3832 3504 habeant:

2321 3548 2446 3604 dum
2480 3548 2712 3602 audiunt
2750 3547 3034 3603 sabbatum
3065 3547 3240 3614 solvi,
3291 3546 3617 3602 neomenias
3643 3535 3834 3598 evacuari.

2320 3642 2794 3697 circumcisionem
2844 3657 3084 3709 cessare,
3132 3641 3398 3696 saerilicia
3442 3636 3718 3702 immutari,
3743 3642 3834 3686 esca!

2321 3735 2523 3791 dudum
2553 3737 2713 3808 158
2736 3735 3035 3806 prohibitas
3060 3736 3221 3791 licere
3243 3735 3428 3803 edere,
3457 3734 3713 3790 Christum
3732 3728 3836 3782 Deum

2323 3829 2392 3884 de
2418 3829 2527 3885 Deo
2557 3829 2840 3898 praedicari
2874 3849 2885 3883 :
2918 3830 3022 3885 hoc
3046 3837 3132 3885 est
3151 3829 3272 3885 aliis
3291 3829 3519 3900 linguis,
3549 3839 3600 3884 et
3623 3825 3725 3880 aliis
3741 3816 3837 3874 labiis

2325 3920 2504 3991 loqui;
2549 3932 2603 3976 et
2649 3937 2747 3976 nec
2778 3921 2857 3977 sic
2888 3922 3078 3992 perlldi
3111 3923 3276 3978 Deum
3307 3921 3576 3977 obaudire
3614 3917 3837 3972 voluerunt-

2326 4015 2513 4070 Pnlest
2541 4025 2596 4069 et
2633 4016 2713 4071 sic
2754 4016 3004 4087 intelligi,
3040 4029 3097 4072 nt
3128 4018 3251 4089 quia
3285 4017 3440 4072 multi
3469 4015 3839 4072 Judmoruninn-

2329 4107 2488 4163 levoli
2533 4121 2712 4175 erant,
2757 4119 2813 4164 et
2861 4120 3153 4181 promerea
3197 4110 3420 4182 dignum
3466 4126 3572 4166 non
3610 4115 3714 4162 erat
3737 4097 3839 4155 bisin

2327 4205 2658 4262 revelatioue
2697 4207 2841 4279 loqui
2873 4207 3250 4278 Evangelium,
3285 4207 3337 4260 in
3369 4203 3641 4276 parabolis
3667 4200 3839 4270 loquere

2329 4310 2418 4357 tnr
2457 4303 2524 4357 ad
2569 4318 2665 4358 eos
2707 4321 2720 4357 :
2753 4311 2807 4358 et
2839 4303 3207 4375 intelligentes
3235 4302 3357 4358 ideo
3385 4302 3492 4357 sibi
3524 4315 3627 4356 non
3654 4285 3839 4352 revelari,

2330 4397 2455 4469 quia
2487 4397 2611 4453 mali
2640 4409 2817 4463 erant,
2850 4414 2952 4455 nec
2973 4398 3052 4454 sic
3083 4413 3143 4455 se
3169 4397 3539 4469 corrigerent;
3570 4403 3625 4451 ut
3647 4394 3841 4450 merenteS

2334 4507 2392 4545 se
2447 4489 2690 4546 facerent
2735 4507 2836 4561 per
2877 4491 3322 4561 explanationem
3370 4490 3560 4545 audire
3601 4484 3739 4542 verba
3771 4473 3841 4532 θεῖν

622 4588 755 4651 gunt
778 4578 1082 4636 audientes.
1111 4577 1246 4635 Nam
1279 4579 1407 4650 quid
1440 4579 1664 4650 prodest
1686 4578 1897 4666 unquis
1929 4577 2114 4650 lingua
2146 4581 2222 4634 lo-
2252 4569 2307 4630 D
2333 4583 2486 4640 Unde
2508 4583 2696 4639 dicunt
2716 4583 2968 4655 discipuli
2992 4585 3058 4638 ad
3083 4584 3371 4639 Dominum
3398 4582 3664 4644 :Domine,
3687 4567 3841 4645 quarti“

625 4683 843 4743 quatur,
887 4687 1049 4744 quam
1094 4675 1246 4729 solus
1285 4673 1419 4739 scit;
1463 4673 1634 4743 utqui
1675 4657 1848 4737 audii,
1890 4672 2025 4726 nihil
2056 4671 2222 4743 proli-

623 4767 771 4824 ciat‘t
807 4767 930 4823 ldeo
959 4776 1142 4823 tacere
1173 4768 1336 4825 debet
1363 4770 1415 4823 in
1447 4767 1717 4836 Ecclesia,
1751 4777 1811 4823 ut
1841 4768 1876 4822 ii
1909 4767 2222 4840 loquantur,

625 4863 714 4932 qui
749 4861 957 4932 prosint
983 4859 1350 4916 audientibus.

693 4955 878 5030 (Vcrs.
910 4953 1023 5026 18.)
1052 4953 1259 5010 Gratias
1283 4971 1381 5026 ago
1422 4954 1533 5009 Deo
1561 4971 1695 5020 meo,
1721 4955 1860 5024 quod
1888 4954 2118 5008 omnium
2143 4970 2228 5008 ve-

623 5061 788 5106 strum
825 5051 1006 5120 lingua
1034 5049 1236 5119 loquor.
1272 5049 1537 5118 Quoniam
1570 5050 1820 5118 superius
1849 5048 2046 5121 linguis
2075 5049 2222 5119 loqui

621 5145 824 5202 donum
869 5159 992 5201 esse
1031 5141 1170 5198 dixit
1195 5142 1429 5212 Spiritus
1460 5145 1654 5208 sancti,
1686 5143 1812 5199 ideo
1838 5145 1904 5199 ad
1940 5145 2105 5199 Deum
2137 5160 2226 5200 re-

621 5238 748 5307 fert,
791 5238 937 5312 qnod
981 5236 1225 5292 omnium
1269 5236 1448 5306 lingua
1495 5237 1830 5307 loqueretur.
1878 5236 1948 5292 Et
1982 5252 2053 5294 ne
2082 5237 2224 5294 forte

620 5333 775 5403 quasi
797 5332 1028 5390 annulus
1057 5345 1156 5402 per
1185 5329 1442 5385 invidiam
1470 5329 1573 5386 hoc
1600 5330 1782 5387 dicere
1807 5331 2108 5391 videretur.
2134 5349 2224 5390 os-

694 5456 721 5484 “
749 5446 935 5504 Codex
984 5446 1161 5514 Vall.,
1209 5445 1593 5502 inundationem
1637 5444 1883 5501 Ecclesia:
1915 5447 2128 5517 quaerite
2167 5448 2220 5502 in

621 5518 910 5586 prophetis.

696 5590 723 5630 δ
753 5591 899 5647 ldem
921 5591 1048 5648 cod.
1070 5591 1236 5658 Vall.,
1260 5608 1403 5646 mens
1428 5601 1599 5645 autem
1620 5607 1736 5661 qua:
1757 5601 1828 5646 est
1855 5593 2079 5661 animus,
2113 5602 2218 5651 ctc.

701 5676 722 5700 τ’
755 5662 854 5717 Ms.
887 5663 1083 5725 Corb.,
1114 5680 1270 5732 super
1295 5674 1437 5718 tuan:
1464 5664 1849 5720 eucharistiam.

695 5732 723 5771 ά
750 5733 913 5811 lium.
945 5734 1107 5811 edit...
1128 5735 1395 5811 loquipcr
1420 5752 1635 5809 sensunu
1657 5753 1849 5804 meum,
1879 5746 2098 5811 lut,.etc.
2151 5781 2154 5787 ,

700 5817 722 5844 ε
746 5804 801 5859 Η
806 5822 864 5860 os
889 5803 1101 5871 quidam
1122 5803 1378 5864 imitantes
1395 5848 1410 5864 .
1435 5850 1448 5864 .
1472 5849 1484 5864 .
1504 5846 1517 5862 .
1536 5803 1691 5878 quum
1714 5803 1888 5878 sua,e
1913 5810 2038 5866 cod.
2061 5803 2229 5867 Corb.

2330 4679 2593 4748 parabolis
2611 4680 2833 4750 loqueris
2860 4680 2968 4734 illis
2995 4679 3209 4749 (Matth.
3242 4696 3357 4743 xm,
3389 4678 3516 4751 10)?
3541 4677 3609 4733 Et
3629 4669 3840 4730 Dominus:

2334 4770 2470 4836 Quia
2511 4770 2651 4825 vobis
2692 4773 2870 4825 datum
2901 4783 2995 4836 est,
3026 4772 3236 4843 inquit,
3271 4787 3423 4826 nosse
3450 4768 3727 4842 mysterium
3754 4752 3845 4827 τέρπί

2331 4863 2449 4932 Dei,
2478 4865 2586 4919 illis
2615 4875 2783 4919 autent
2802 4882 2903 4920 non
2920 4881 2938 4931 ;
2956 4865 3255 4920 utvidentes
3270 4881 3370 4919 non
3393 4865 3616 4928 videant,
3634 4869 3680 4915 et
3697 4852 3844 4910 audiar

2329 4965 2402 5012 tes
2431 4974 2536 5012 non
2555 4958 2852 5029 intelligant
2871 4956 3056 5029 (lbid.,
3079 4959 3199 5027 ll);
3230 4974 3297 5012 ne
3321 4957 3524 5028 indigni
3551 4954 3751 5011 salutem
3769 4952 3846 5012 pef'

2331 5052 2606 5122 ciperem,
2654 5051 2797 5123 quod
2853 5051 3353 5107 animadvertentes
3406 5064 3503 5120 pro
3560 5041 3744 5103 meritis
3775 5031 3846 5089 διιὶί

2327 5148 2560 5215 laetum,
2594 5163 2696 5204 nec
2726 5147 2803 5202 sic
2835 5147 3086 5202 conversi
3118 5147 3230 5202 Deo
3259 5144 3574 5200 satisfacere
3611 5137 3843 5196 voluerunt.

2399 5241 2579 5310 (vers.
2613 5243 2732 5314 22.)
2764 5242 2948 5314 Itaque
2977 5244 3172 5316 lingure
3199 5243 3252 5295 in
3281 5241 3485 5313 signum
3514 5230 3760 5303 suntnilloc
3779 5227 3843 5278 85b

2326 5336 2598 5394 velamine
2636 5339 2929 5410 incognitae
2963 5337 3160 5408 lingua:
3191 5333 3464 5391 obscurati
3493 5339 3616 5388 sunt
3638 5322 3846 5383 sermone;

2331 5454 2642 5510 restitutum
2675 5465 2780 5510 est.
3813 5501 3821 5510 .

2407 5522 2427 5561 τ
2465 5526 2564 5582 Ms.
2605 5526 2794 5591 Corb.,
2838 5536 2895 5580 ut
2937 5527 3132 5597 faciant
3173 5525 3486 5597 quod,7etc.
3535 5519 3662 5576 lnlra
3688 5514 3843 5597 νςτῇηξθ

2332 5598 2610 5670 plerisque
2635 5585 2834 5665 legitur
2861 5585 3020 5664 mss,
3051 5597 3156 5653 Hic
3180 5585 3254 5653 est
3281 5585 3415 5651 enim
3441 5606 3615 5670 sensus
3641 5585 3842 5670 pﬂlﬁ‘f";

2332 5656 2539 5811 ίδτοΐθδ
2571 5656 2719 5742 ειυοᾶ
2747 5681 2832 5728 est
2858 5672 2912 5728 in
2941 5656 3082 5739 aliis,
3116 5680 3173 5729 et
3199 5671 3411 5726 cunctis
3435 5665 3545 5724 edit
3577 5702 3592 5717 .
3705 5694 3719 5710 .
3743 5656 3846 5705 sentt

2334 5757 2427 5811 per
2455 5752 2611 5796 ectus.

2334 5752 2611 5811 perfectus.
