3978 6310
113 315 232 374 257

934 303 1428 370 COMMENTARIA
1469 307 1534 367 1N
1577 309 1794 369 EPIST.
1837 305 1932 368 AD
1971 303 2292 368 CORINTH.
2333 302 2623 368 PRIMAM.

3337 310 3447 372 258

117 431 248 497 Dei,
302 447 377 487 ne
423 430 709 487 videantur
754 444 782 483 a
825 427 1061 500 perfidis,
1097 436 1152 483 ut
1181 443 1303 484 cum
1337 426 1633 482 audiuntur
1662 427 1744 480 in-
1771 429 1820 488 Α
1851 423 2082 495 singuli,
2131 441 2234 478 non
2269 423 2426 477 simul
2457 437 2678 490 omnes;
2733 438 2803 480 ne
2833 424 3074 481 insanire
3104 425 3442 482 videremur.

116 526 377 596 cognita:
425 527 645 598 linguzc,
688 527 899 596 signum
947 523 1019 578 sit
1049 524 1171 593 quia
1203 531 1430 592 prapter
1458 521 1738 593 perfidiam

119 618 341 674 factum
385 629 491 686 est,
543 633 612 674 ne
637 617 864 672 audiens
890 617 1172 686 intelligat.
1211 615 1331 670 Non
1360 616 1534 685 utique
1563 616 1626 669 iis
1653 616 1740 686 qui

119 714 378 781 credunt,
422 714 517 769 sed
555 731 660 768 non
708 712 1031 768 credentibus
1074 729 1091 766 :
1135 712 1238 767 hoc
1283 723 1361 766 est
1403 711 1548 783 quod
1579 711 1736 777 dixit,

118 806 260 878 quia
288 807 357 863 ad
387 806 742 863 occultandas
772 821 963 862 sensus
991 805 1286 861 incredulis
1317 803 1606 876 proficiunt
1628 804 1738 860 lin-

117 916 275 973 gnte.
309 898 600 971 PrOphetia
629 910 804 954 autem
831 915 930 953 non
966 898 1267 966 incredulis,
1306 899 1397 952 sed
1421 897 1485 951 iis
1511 897 1599 966 qui
1623 912 1736 950 cre-

119 995 286 1050 dunt.
317 993 433 1049 Hoc
458 1003 563 1055 est,
589 1008 696 1048 non
724 993 982 1062 competit
1008 990 1259 1046 fidelibus
1285 989 1474 1046 audire
1503 989 1734 1060 linguas,

121 1103 273 1158 quas
316 1103 424 1142 non
469 1085 804 1156 intelligant;
854 1083 949 1140 sed
991 1083 1320 1150 infidelibus,
1351 1083 1443 1155 qui
1477 1097 1582 1138 non
1612 1091 1739 1138 sunt

125 1181 286 1253 digni
310 1180 639 1249 intelligere,
666 1177 952 1234 sieutdicit
981 1177 1168 1233 Esaias
1195 1177 1455 1246 propheta
1479 1193 1492 1231 :
1524 1175 1667 1230 Vade
1691 1184 1739 1230 et

123 1275 217 1328 dic
241 1273 440 1346 populo
469 1272 588 1326 huic
619 1287 638 1326 :
663 1274 800 1326 Aure
829 1271 1072 1335 audietis,
1105 1281 1150 1324 et
1170 1287 1271 1325 non
1291 1270 1605 1343 intelligetis,
1626 1278 1732 1325 etc.

207 1365 394 1436 (Vers.
412 1363 529 1434 25.)
557 1363 620 1419 Si
644 1364 933 1418 convenerit
955 1363 1191 1416 uniuersa
1217 1361 1446 1417 Ecclesia
1470 1363 1523 1415 in
1553 1378 1732 1425 unum,

124 1470 176 1514 et
209 1460 493 1528 loquantur
513 1473 689 1511 ontnes
720 1455 934 1529 linguis,
963 1455 1216 1509 introeant
1235 1463 1407 1509 autem
1428 1453 1664 1522 inﬁdeles
1689 1461 1736 1507 et

125 1553 310 1608 idiota:
325 1570 342 1618 ;
373 1567 541 1606 nonne
579 1550 750 1604 dicent
775 1549 896 1619 quia
946 1548 1228 1603 insanitis?
1267 1546 1606 1603 Manifestum
1649 1556 1736 1602 est

126 1647 259 1718 quia
291 1645 335 1701 si
368 1660 556 1700 omnes
579 1642 814 1699 diversis
842 1643 1038 1714 linguis
1059 1643 1364 1711 loquantur,
1393 1640 1654 1696 tumultus
1680 1639 1738 1696 lit

125 1740 353 1813 quidam
379 1749 404 1777 ⁸
423 1738 730 1795 inconditus
749 1739 955 1808 populi,
976 1752 1126 1806 quas:
1146 1736 1436 1807 phrenesin
1460 1734 1731 1804 patientis.

1845 517 1992 584 Ideo,
2027 533 2155 589 ergo
2184 527 2240 572 ut
2280 519 2515 582 multum,
2544 527 2668 582 tres,
2703 535 2770 574 ne
2801 529 3136 591 occuparent
3160 519 3304 576 diem
3335 519 3437 573 Iin-

1843 612 1962 684 guis
1985 611 2286 682 loquentes,
2329 620 2385 666 et
2408 611 2735 681 interpretes
2763 612 3008 679 illorum;
3042 623 3095 668 et
3129 630 3231 668 non
3263 612 3430 668 hahcs
3469 647 3476 653 ε

1841 715 1965 761 rent
2005 705 2285 774 pr0phette
2328 714 2542 776 tempus
2572 716 2594 742 ί·
2623 706 2930 777 Scripturas
2967 707 3296 775 disserendi,
3333 706 3428 778 qui

1840 807 1970 856 sunt
2001 799 2163 853 totius
2193 798 2452 854 Ecclesiae
2481 798 2900 856 illuminatores.

1912 891 2093 966 (Vera.
2135 889 2254 964 28.)
2289 891 2443 960 Quod
2479 893 2524 946 si
2547 910 2667 960 non
2708 895 2864 965 fuerit
2891 893 3166 966 interpres,
3197 904 3359 949 taceat
3387 895 3442 950 in

1844 985 2074 1040 Ecclesia
2110 1000 2129 1039 :
2164 985 2263 1040 sibi
2295 996 2465 1039 autem
2505 985 2748 1056 loquatur
2776 994 2825 1041 et
2850 985 2997 1052 Deo;
3031 987 3131 1043 hoc
3161 996 3266 1054 est,
3301 989 3444 1043 intra

1840 1093 1898 1134 se
1927 1078 2088 1135 tacite
2114 1090 2256 1146 oret,
2285 1088 2378 1135 aut
2407 1079 2656 1151 loquatur
2686 1080 2816 1147 Deo,
2846 1081 2935 1151 qui
2967 1083 3117 1138 audit
3143 1092 3287 1139 muta
3319 1100 3438 1138 om-

1840 1173 1957 1239 nia;
2001 1172 2054 1228 in
2096 1173 2341 1230 Ecclesia
2370 1173 2518 1230 enim
2547 1174 2640 1231 ille
2679 1174 2845 1232 debet
2872 1174 3042 1247 loqui,
3069 1177 3163 1248 qui
3189 1177 3446 1236 omnibus

1841 1269 2030 1338 prosit.
3404 1263 3433 1273 “

1916 1362 2074 1435 159
2087 1361 2244 1435 (Vers
2254 1402 2267 1416 .
2291 1362 2412 1434 29.)
2428 1361 2706 1433 Propheta!
2718 1373 2889 1418 autem
2902 1364 3005 1420 duo
3019 1365 3097 1419 uel
3108 1372 3209 1419 tres
3226 1341 3445 1437 loquar;-

1837 1463 1941 1521 tur,
1965 1467 2012 1509 et
2035 1456 2127 1510 alii
2147 1458 2460 1524 examinant,
2484 1457 2561 1511 vel
2580 1458 2912 1533 interrogent.
2928 1459 3106 1532 Ipsum
3125 1459 3344 1515 modum
3365 1470 3447 1516 ιε·

1839 1549 1957 1604 ιιιιὶι
1983 1550 2214 1606 dicendo
2246 1569 2258 1604 :
2289 1550 2406 1606 Duo
2433 1552 2516 1606 vel
2536 1561 2638 1607 tres
2662 1552 2980 1621 loquantur;
3005 1553 3207 1626 singuli
3235 1564 3442 1622 autem,

1837 1641 1978 1696 sicut
2006 1657 2190 1713 supra.
2220 1643 2463 1699 Caateros
2491 1653 2672 1700 autem
2720 1646 3055 1718 interrogare
3101 1646 3348 1718 permisit
3374 1647 3446 1706 de

1838 1732 1928 1799 iis,
1953 1749 2073 1805 qua:
2099 1733 2239 1791 forte
2268 1736 2319 1789 in
2348 1735 2657 1808 ambiguum
2687 1739 2932 1807 veniunt,
2961 1748 3056 1793 aut
3078 1755 3198 1810 qua:
3223 1739 3442 1811 assequi

204 1833 392 1903 (Vers.
431 1831 526 1899 Ἡ,
564 1829 686 1902 25.)
725 1830 784 1886 Si
816 1840 985 1885 autem
1016 1828 1547 1900 0ttttt88,pl‘0ph€leltl,
1581 1828 1736 1883 intret
1766 1823 1814 1884 B
1841 1828 2034 1899 aliquis
2066 1845 2172 1884 non
2203 1840 2412 1902 potest;
2443 1833 2535 1904 qui
2564 1832 2778 1888 diversa
2808 1843 2934 1890 sunt
2963 1834 3199 1906 ingenia,
3238 1844 3298 1891 ut
3323 1833 3440 1892 dis-

129 1935 310 1979 autem
335 1925 527 1996 aliquis
554 1923 805 1993 inﬁdelis,
833 1922 910 1976 vel
935 1922 1137 1986 idiota;
1164 1921 1462 1990 increpatur
1487 1920 1550 1974 ab
1576 1921 1742 1975 omni-

135 2018 256 2084 bus,
284 2017 616 2088 redarguitur
637 2016 700 2070 ab
724 2015 980 2082 omnibus,
1007 2015 1209 2070 occulta
1231 2016 1403 2070 cordis
1429 2018 1544 2089 ejus
1571 2015 1740 2069 mani-

133 2112 270 2180 festa
309 2111 442 2180 ﬁunt
468 2126 487 2165 :
517 2119 565 2164 et
604 2119 726 2163 tunc
752 2108 938 2163 cadens
970 2110 1022 2162 in
1051 2109 1255 2180 facient,
1283 2109 1517 2164 adorabit
1548 2096 1736 2176 Deum,

140 2203 481 2272 pronuntians
523 2202 663 2273 quod
705 2217 820 2256 vere
857 2202 912 2254 in
953 2201 1092 2256 vobis
1141 2200 1277 2255 Deus
1304 2202 1390 2256 sit.
1425 2202 1561 2256 Cum
1595 2204 1737 2256 enim

144 2294 396 2366 intelligit
439 2304 492 2350 et
534 2294 872 2366 intelligitur,
921 2294 1149 2349 audiens
1191 2294 1399 2349 laudari
1446 2295 1640 2361 Deum,
1687 2303 1740 2350 et

146 2389 368 2446 adorari
397 2388 688 2457 Christum,
719 2389 964 2460 pervidet
994 2405 1179 2444 veram
1211 2403 1333 2443 esse
1378 2399 1432 2444 et
1474 2404 1742 2444 veneran-

144 2481 273 2536 dam
317 2481 650 2551 religionem,
699 2481 753 2536 iu
795 2498 902 2552 qua
933 2481 1068 2536 nihil
1100 2481 1358 2548 fucatum,
1410 2481 1542 2537 nihil
1577 2483 1630 2538 in
1661 2493 1742 2538 te-

141 2573 331 2630 nebris
359 2574 503 2630 videt
525 2575 663 2646 geri,
689 2573 834 2630 sicut
858 2575 999 2645 apud
1035 2590 1295 2647 paganos,
1327 2577 1524 2648 quibus
1553 2577 1742 2632 velan-

140 2676 231 2722 tur
269 2667 446 2733 oculi;
475 2683 542 2722 ne
567 2683 687 2739 quae
719 2683 872 2723 sacra
902 2676 1096 2723 vocant
1127 2670 1542 2738 perspicientes,
1573 2668 1742 2724 variis

136 2779 199 2818 se
225 2761 564 2817 vanitatibus
585 2772 806 2818 cernant
838 2762 1015 2820 illudi.
1047 2761 1236 2818 Omnis
1263 2765 1408 2819 enim
1442 2765 1740 2834 impostura

139 2857 400 2910 tenebras
429 2856 578 2925 petit,
612 2864 667 2911 et
692 2855 822 2911 falsa
852 2871 951 2926 pro
978 2857 1122 2910 veris
1152 2856 1416 2922 ostendit;
1452 2857 1573 2911 ideo
1599 2857 1741 2924 apud

137 2965 243 3004 nos
271 2949 405 3004 nihil
435 2959 633 3017 astute,
665 2951 800 3006 nihil
831 2951 931 3007 Sub
960 2951 1228 3007 velamine
1258 2971 1269 3004 :
1297 2952 1390 3008 sed
1421 2953 1743 3022 simpliciter

138 3060 283 3101 unus
322 3045 574 3100 laudatur
601 3046 764 3113 Deus,
797 3062 864 3100 ea:
895 3062 998 3117 quo
1024 3056 1140 3100 sunt
1173 3047 1366 3111 omnia,
1399 3056 1444 3101 et
1472 3063 1605 3100 unus
1635 3043 1745 3100 Do-

135 3143 316 3197 minus
344 3143 517 3207 Jesus,
551 3158 640 3211 per
665 3158 814 3214 quem
841 3141 1014 3195 omnia
1041 3142 1081 3213 (l
1110 3139 1230 3197 Cor.
1267 3157 1381 3207 vtn,
1406 3141 1486 3212 6).
1517 3141 1574 3195 Si
1597 3142 1741 3196 enim

1844 1923 2125 1993 putatione
2157 1923 2404 1994 planiore
2440 1925 2826 1982 dilucidcntur.

1914 2015 2093 2089 (Vers.
2137 2017 2252 2088 50.)
2296 2017 2450 2086 Quod
2492 2020 2536 2074 si
2578 2019 2671 2074 alii
2711 2019 2987 2075 revelatum
3029 2020 3183 2091 fuerit
3222 2019 3441 2088 sedenti,

1844 2109 1988 2175 prior
2019 2118 2182 2165 taceat
2226 2126 2244 2166 :
2283 2111 2336 2166 id
2367 2121 2473 2179 est,
2503 2113 2781 2184 permittat
2809 2113 2988 2184 potior
3015 2113 3279 2178 inferiori,
3309 2121 3367 2167 ut
3397 2111 3446 2169 si

1844 2211 2024 2271 potest
2050 2201 2195 2258 dicat
2229 2221 2243 2258 :
2275 2219 2375 2259 nec
2402 2220 2545 2275 aegre
2575 2205 2745 2270 lerat;
2779 2205 2907 2277 quia
2941 2213 3120 2276 potest
3147 2215 3202 2261 et
3229 2205 3305 2260 illi
3332 2205 3451 2262 dari

1842 2294 2067 2360 donum,
2111 2305 2172 2350 ut
2202 2295 2366 2360 dicat,
2398 2312 2521 2352 cum
2553 2296 2764 2353 videtur
2793 2297 3035 2365 inferior,
3070 2297 3217 2369 quod
3246 2297 3448 2368 potiori

1843 2403 2165 2445 concessum
2209 2407 2315 2446 non
2357 2401 2461 2447 est.
2506 2392 2657 2449 Sicut
2694 2394 2838 2448 enim
2882 2401 3052 2448 totum
3085 2392 3175 2447 uni
3221 2391 3450 2452 concedi

1842 2496 1951 2538 non
1997 2491 2198 2554 potest,
2231 2482 2359 2539 licet
2405 2486 2637 2554 potiori;
2685 2485 2756 2540 ita
2805 2494 2860 2541 et
2902 2501 3007 2540 non
3052 2493 3230 2555 potest
3259 2485 3448 2556 alicui,

1844 2579 2091 2647 quamvis
2130 2577 2394 2646 inferiori,
2440 2578 2574 2634 nihil
2620 2578 2924 2652 impertiri;
2972 2590 3030 2636 ut
3057 2595 3220 2636 nemo
3247 2579 3320 2636 sit
3351 2595 3447 2637 va-

1844 2684 1976 2724 cuus
2002 2685 2032 2724 a
2059 2672 2229 2741 gratia
2259 2670 2378 2725 Dei.
3179 2734 3190 2738 -

1917 2764 2102 2836 (Vers.
2147 2765 2265 2836 3|.)
2296 2763 2518 2821 Potestis
2553 2767 2686 2821 enim
2721 2783 2812 2838 per
2835 2768 3066 2840 singulos
3097 2767 3410 2842 praphetare
3426 2783 3450 2837 ,'

1844 2870 1899 2911 ut
1942 2874 2114 2912 omnes
2144 2858 2369 2925 discant,
2397 2871 2446 2914 et
2484 2877 2658 2916 omnes
2684 2861 3043 2917 exhortentur.
3079 2863 3205 2920 l‘la-c
3233 2862 3456 2921 traditio

1844 2950 2143 3023 Synagoga:
2173 2963 2279 3018 est,
2310 2969 2470 3023 quam
2504 2970 2604 3010 nos
2632 2956 2742 3010 vult
2769 2959 3000 3025 sectari;
3028 2959 3154 3028 quia
3186 2957 3447 3014 christia-

1847 3050 1930 3102 nis
1967 3048 2184 3117 quidem
2229 3050 2441 3115 scribit,
2485 3050 2580 3106 sed
2625 3067 2690 3106 ex
2736 3053 2983 3123 gentibus
3025 3053 3206 3121 factis,
3240 3067 3347 3108 non
3379 3068 3449 3111 ex

1846 3139 2080 3207 Judaeis;
2117 3152 2173 3196 ιιι
2212 3143 2467 3200 sedentes
2495 3145 2790 3215 disputent,
2828 3148 3078 3203 seniores
3107 3148 3368 3218 dignitate
3394 3147 3449 3208 in

137 3235 166 3275 ι’
208 3237 396 3291 nullus
439 3237 528 3302 sit,
571 3236 661 3306 qui
694 3235 983 3305 intelligat,
1018 3243 1110 3289 aut
1140 3250 1170 3288 a
1201 3250 1308 3307 quo
1338 3235 1452 3306 ipse
1483 3235 1743 3290 tliscutia-
1770 3221 1816 3286 C
1847 3237 2144 3302 cathedris,
2179 3248 2472 3308 sequentes
2500 3238 2551 3293 in
2579 3238 2874 3305 subselliis,
2905 3240 3182 3296 novissimi
3212 3242 3266 3298 in
3298 3241 3453 3315 pavi;

140 3340 250 3395 tur,
278 3337 464 3402 potest
491 3329 673 3385 dicere
701 3328 1076 3384 seductionem
1105 3345 1224 3385 esse
1254 3328 1544 3400 quamdam
1572 3341 1625 3384 et
1654 3345 1746 3384 va-

139 3426 398 3489 nitatem,
419 3439 540 3496 qua:
575 3423 700 3479 ideo
729 3423 928 3495 linguis
958 3423 1198 3492 canitur,
1229 3425 1353 3495 quia
1386 3423 1608 3495 pudoris
1636 3435 1740 3492 csr,

138 3521 186 3575 si
218 3520 516 3575 reveletur.

215 3613 396 3683 (Vers.
433 3615 551 3687 26.)
575 3616 716 3683 Quid
746 3625 818 3671 est
846 3614 1004 3686 igitur
1030 3613 1258 3683 fratres?
1287 3611 1414 3666 Cum
1438 3610 1742 3677 convenitis,

1849 3338 2032 3384 mento
2053 3345 2218 3400 super
2241 3340 2459 3384 mattas.
2484 3330 2694 3399 Quibus
2720 3331 2767 3387 si
2787 3335 3088 3390 revelatum
3118 3335 3299 3399 fuerit,
3318 3334 3455 3390 dan-

1848 3423 1974 3480 dum
2004 3425 2181 3480 locum
2211 3424 2427 3481 dicendi
2460 3427 2720 3498 pra'eipit,
2753 3444 2854 3485 nec
2880 3428 3297 3502 despiciendus;
3328 3431 3456 3503 quia

1850 3519 2090 3574 membra
2124 3519 2370 3589 corporis
2399 3529 2540 3574 sunt.

1922 3612 2106 3681 (νει-ε.
2134 3614 2251 3686 '52.)
2284 3613 2352 3668 Et
2385 3615 2602 3685 spiritus
2633 3616 3000 3689 praphetarum
3032 3620 3294 3692 prophetis
3325 3619 3456 3676 sub-

137 3709 495 3779 unusquisque
519 3720 736 3763 uestrum
767 3720 789 3747 ε
819 3707 1077 3762 canticum
1106 3707 1252 3760 habet
1280 3721 1298 3759 :
1327 3704 1378 3759 id
1402 3711 1506 3767 est,
1532 3703 1746 3759 laudem
1841 3711 2011 3782 jactus
2053 3719 2146 3765 est.
2175 3711 2308 3776 Quia
2341 3711 2485 3766 enim
2533 3727 2673 3766 unus
2716 3723 2877 3782 atque
2908 3712 3051 3768 idem
3083 3714 3316 3783 Spiritus
3346 3725 3456 3785 est,

143 3799 241 3856 Dei
288 3816 386 3870 per
423 3803 688 3857 canticum
733 3804 1024 3866 eloquitur.
1075 3800 1377 3855 Doctrinam
1419 3800 1568 3854 habet
1599 3813 1618 3853 :
1646 3801 1748 3854 hoc

140 3904 250 3961 est,
283 3910 540 3949 sensuum
567 3891 593 3932 ἀ
625 3911 722 3965 per
746 3893 1046 3965 spiritalem
1080 3893 1423 3963 prudentiam
1458 3892 1620 3948 habet
1646 3907 1747 3948 ex-

140 3986 497 4061 positionem.
540 3987 925 4043 Revelationem
972 3987 1123 4042 habet
1167 4006 1186 4043 .'
1233 3988 1283 4042 id
1329 3997 1436 4055 est,
1470 3987 1658 4043 subest
1697 3987 1748 4042 ci

143 4080 434 4152 prophetia
461 4081 821 4149 occultorum,
851 4096 972 4153 qum
998 4081 1064 4136 ad
1091 4083 1330 4137 omnium
1360 4093 1598 4137 mentem
1627 4099 1752 4154 per-

145 4175 352 4237 veniat,
385 4174 595 4230 favente
620 4174 826 4245 Spiritu
855 4184 1042 4230 saneto
1074 4175 1328 4247 Linguam
1355 4176 1542 4242 habet;
1570 4187 1624 4230 ut
1652 4191 1750 4232 eos

140 4269 240 4342 qui
271 4269 452 4340 lingua
482 4269 625 4341 loqui
655 4277 923 4340 poterant,
959 4286 1066 4325 non
1097 4271 1468 4336 eontristaret,
1503 4271 1751 4341 permisit

144 4377 246 4419 eos
268 4362 415 4431 loqui
452 4363 683 4432 linguis:
711 4365 783 4417 ita
817 4372 1022 4429 tamen,
1063 4372 1124 4418 ut
1153 4363 1532 4432 interpretatio
1557 4379 1752 4434 seque-

143 4464 322 4512 retur.
364 4455 490 4512 ldeo
527 4457 600 4512 ait
629 4474 641 4509 :
675 4454 1163 4528 Interpretationem
1207 4456 1396 4524 habet;
1422 4457 1553 4512 utsi
1583 4458 1751 4514 inter-

144 4563 276 4621 pres
301 4547 537 4616 adesset,
569 4550 793 4605 daretur
819 4549 972 4606 locus
999 4550 1255 4622 loquendi
1286 4550 1506 4621 linguis.

1849 3803 1940 3873 qui
1987 3812 2096 3857 tam
2142 3803 2420 3873 prophetis
2460 3803 2638 3858 futura
2682 3803 3006 3870 dicentibus,
3049 3819 3207 3872 quam
3251 3803 3319 3859 iis
3359 3804 3454 3874 qui

1850 3883 2094 3954 revelant
2118 3897 2447 3967 Scripturas,
2479 3897 2712 3953 infundit
2741 3915 2801 3954 se
2832 3914 2929 3969 pro
2961 3896 3174 3953 ratione
3201 3906 3256 3954 et
3279 3897 3459 3968 quali-

1853 4000 1963 4048 tate
2002 4006 2317 4057 causarum;
2363 3990 2566 4046 idcirco
2594 3989 2737 4047 dixit
2769 4008 2782 4046 :
2818 3991 3094 4067 Subjectus
3125 4001 3198 4045 est
3229 3992 3460 4062 prophe~

1851 4088 1955 4152 tis;
2002 4095 2058 4142 ut
2085 4086 2297 4157 ingenia
2339 4085 2663 4143 accenderet
2705 4085 2806 4141 hac
2847 4101 2983 4156 spe,
3029 4084 3172 4155 quod
3217 4083 3457 4152 Spiritus

1851 4191 2078 4236 conatus
2123 4180 2294 4235 bonos
2339 4178 2580 4250 adjuvet.
2633 4179 2912 4235 Desiderio
2953 4179 3098 4234 enim
3142 4178 3351 4249 optimo
3389 4176 3459 4235 ad

1853 4274 1948 4331 Dei
1978 4275 1996 4313 τ
2035 4291 2121 4332 res
2150 4273 2483 4330 enarrandas
2511 4273 2795 4331 subvenit:
2827 4282 2886 4330 ut
2917 4274 3142 4342 impleat
3173 4273 3300 4328 boni
3331 4286 3460 4343 pro-

1854 4370 2017 4441 positi
2072 4369 2430 4425 voluntatem.
2476 4367 2608 4424 Nam
2649 4377 2701 4423 et
2744 4367 2811 4422 de
2850 4367 3135 4424 Salvatorc
3188 4364 3332 4422 idem
3371 4365 3461 4423 di-

1852 4473 2002 4519 ctum
2035 4472 2119 4518 cst
2158 4481 2171 4517 :
2206 4462 2454 4518 Bibebant
2481 4473 2655 4517 autent
2680 4461 2744 4516 de
2770 4461 2994 4533 spiritali
3019 4470 3260 4532 sequente
3290 4469 3459 4530 petra,

1857 4567 2000 4626 petra
2039 4567 2212 4612 autem
2251 4567 2358 4610 erat
2397 4555 2632 4611 Christus
2670 4552 2714 4628 (l
2756 4553 2876 4609 Cor.
2911 4569 2968 4620 x,
3001 4554 3061 4624 4)
3095 4571 3106 4606 :
3139 4554 3243 4609 hoc
3268 4561 3372 4622 est,
3405 4559 3464 4610 et

222 4641 415 4697 Omnia
455 4643 524 4696 ad
562 4644 958 4714 aediﬁcationem
989 4645 1137 4713 ﬁant.
1171 4644 1466 4701 Conclusio
1497 4645 1614 4702 haec
1640 4655 1746 4713 est,
1772 4616 1826 4677 D
1853 4616 2158 4721 subjectum
2189 4665 2337 4717 esse,
2365 4652 2508 4722 quod
2535 4659 2589 4705 et
2621 4616 2772 4720 sequi
2795 4666 2810 4716 ;
2837 4648 3173 4720 sequebatur
3202 4648 3371 4716 enim,
3401 4654 3463 4704 ut

145 4745 207 4792 ut
251 4736 388 4792 nihil
434 4737 705 4794 incassum
750 4738 801 4794 in
836 4739 1076 4796 Ecclesia
1124 4751 1365 4812 geratur,
1401 4742 1611 4812 hocque
1637 4741 1748 4796 ela-

143 4831 453 4889 borandum
493 4833 684 4905 magis,
727 4841 788 4890 ut
825 4843 880 4890 et
910 4835 1144 4905 imperiti
1175 4834 1492 4906 proficiant;
1524 4851 1591 4891 ne
1618 4834 1750 4906 quid

145 4926 220 4981 sit
247 4927 496 4996 corporis
522 4943 618 4998 per
645 4927 972 4998 imperitiam
1001 4929 1372 4984 tenebrosum.
1402 4928 1612 4985 Idcirco
1636 4946 1750 4984 om-

146 5035 248 5076 nes
289 5029 509 5091 paratos
548 5020 665 5075 vult
702 5022 995 5077 convenire
1035 5020 1270 5078 diversis
1308 5021 1466 5077 donis
1494 5022 1754 5092 Spiritali-

145 5117 285 5182 bus;
333 5125 391 5170 ut
436 5117 553 5184 ipsa
595 5115 855 5172 aviditate
893 5115 1056 5171 animi
1090 5116 1398 5188 vigilantes,
1431 5115 1661 5171 invicem
1691 5131 1753 5173 se

146 5207 534 5274 exhortantes,
575 5208 803 5265 meliora
834 5209 978 5266 dona
1007 5209 1418 5280 aunularentur,
1451 5211 1516 5266 ad
1550 5210 1752 5266 illumi-

145 5303 428 5360 nationem
460 5302 708 5358 fratrum.

223 5394 412 5467 (Vers.
455 5394 573 5466 9.7.)
608 5395 669 5452 Si
707 5397 884 5469 lingua
926 5399 1038 5470 quis
1077 5397 1326 5468 loquitur,
1369 5415 1458 5469 per
1485 5399 1635 5466 duos,
1667 5408 1754 5453 aut

146 5498 206 5545 ut
232 5489 479 5555 multum,
509 5499 641 5556 tres;
669 5502 715 5545 et
743 5491 1098 5560 particulatim
1125 5500 1180 5545 ut
1205 5508 1338 5545 unus
1369 5492 1752 5564 interpretetur.

147 5584 267 5643 Hoc
292 5592 412 5652 est,
439 5587 547 5639 duo
566 5593 656 5641 aut
678 5595 790 5642 tres
816 5602 924 5642 non
957 5584 1078 5658 plus
1096 5585 1601 5658 linguisloquantur
1624 5605 1637 5641 :
1659 5585 1755 5643 sed

224 5737 251 5799 ξι
278 5726 476 5799 codex
499 5724 686 5792 Corb.,
712 5733 764 5783 in
789 5738 920 5784 cmtu
944 5728 1143 5799 populi.

227 5797 256 5838 ι)
285 5798 418 5878 ιχιδξ.
455 5799 718 5878 nthnnlli,
747 5801 923 5878 nullus
946 5797 1040 5878 sit,
1065 5816 1214 5878 quem
1235 5801 1511 5878 intelligat.

228 5881 252 5910 ε
281 5870 476 5928 Codex
505 5869 682 5942 Genn,
712 5872 965 5944 psalmum
988 5869 1154 5928 habet.

1853 4745 2106 4801 humanis
2134 4743 2406 4816 sull’ragiis
2429 4742 2836 4811 deﬁcientibus,
2861 4742 3079 4801 adesset
3109 4742 3175 4799 ad
3197 4743 3461 4799 auxilium

1851 4838 2224 4898 tribuendum.
2267 4837 2341 4891 Ita
2373 4846 2428 4892 et
2457 4835 2693 4907 Spiritus
2722 4835 3001 4907 subjectus
3031 4836 3251 4904 dicitur,
3286 4843 3344 4890 ut
3368 4849 3464 4892 co-

1856 4943 2014 4989 natus
2053 4933 2228 4989 bonos
2267 4930 2510 5002 adjuvet,
2551 4945 2675 4986 eum
2707 4931 2978 5002 suggerit;
3009 4931 3288 5002 subjectus
3315 4929 3462 4989 enim

1855 5027 2089 5096 videtur,
2119 5027 2210 5098 qui
2237 5036 2412 5096 empta
2445 5026 2671 5083 alterius
2700 5025 2934 5098 perlicit.

1932 5121 2113 5193 (Vers.
2159 5119 2276 5192 53.)
2313 5118 2436 5174 Νοη
2457 5129 2533 5176 est
2568 5121 2706 5174 enim
2749 5119 3082 5175 dissensionis
3123 5127 3324 5178 auctor,
3363 5115 3459 5170 sed

1857 5215 2021 5287 pacis.
2063 5214 2198 5284 Quia
2246 5229 2376 5284 ergo
2421 5213 2574 5285 pacis
2616 5219 2806 5268 auctor
2852 5218 2968 5280 est,
3015 5211 3232 5266 dicente
3271 5205 3463 5262 Salva-

1859 5320 1974 5366 tore
2021 5326 2037 5364 :
2080 5307 2274 5364 Pacem
2314 5325 2481 5364 meam
2522 5308 2588 5362 do
2628 5307 2792 5374 vobis,
2827 5321 3006 5378 pacem
3049 5303 3283 5370 relinquo
3320 5299 3462 5358 vobis

1860 5404 2041 5477 (Joan.
2076 5419 2191 5468 xlv,
2225 5402 2346 5474 17);
2381 5418 2542 5460 nemo
2567 5401 2798 5457 alterum
2827 5413 2935 5454 non
2965 5396 3111 5452 sinat
3137 5392 3344 5460 dicere,
3375 5408 3464 5451 ne-

1856 5513 1966 5569 que
1994 5495 2214 5552 debebit
2241 5494 2465 5560 dicenti,
2497 5493 2679 5550 studio
2705 5485 3140 5552 contradicendi,
3169 5485 3462 5557 resistere;

1859 5605 1928 5647 ne
1954 5587 2225 5646 discordia
2256 5589 2347 5643 liat
2367 5588 2421 5643 in
2448 5600 2696 5656 corpore.
2725 5583 2828 5651 Qui
2854 5581 2999 5637 enim
3024 5580 3076 5636 in
3103 5594 3236 5652 pace
3261 5593 3464 5638 vocan-

1940 5726 1967 5767 ά
1999 5729 2099 5784 Ms.
2130 5727 2324 5791 Corb.,
2355 5741 2446 5793 per
2472 5718 3130 5793 naturalemprudentiam.

1940 5811 1964 5838 ε
1994 5802 2125 5855 MSS.
2153 5791 2381 5866 aliqua,
2409 5795 2710 5866 Scripturas
2735 5791 3080 5866 discernendi.

1940 5869 1959 5911 ί
1988 5871 2175 5930 Codex
2202 5862 2373 5927 Corb.
2395 5868 2464 5922 ad
2489 5863 2587 5920 Dei
2613 5877 2694 5917 res
2714 5862 2985 5936 gerendas.
