3978 6310
591 357 702 415 265

1483 341 1576 400 AD
1622 340 1858 399 OPERA
1904 336 2153 397 SANCTI
2193 333 2520 392 AMBROSII
2563 331 2929 392 APPENDIX.
3771 328 3844 386 261

590 478 668 533 sis
695 475 961 548 apostolis
997 471 1310 533 audierunt,
1343 483 1534 525 verum
1562 477 1668 532 est,
1697 466 1821 535 quia
1865 463 2060 519 mortui
2087 477 2192 516 non
2221 459 2276 520 Α
2301 459 2370 512 ita
2399 469 2445 514 et
2473 460 2524 512 in
2552 457 2760 514 Christo
2783 472 2956 512 omnes
2995 452 3409 524 uiri/icabuntur.
3445 449 3564 505 [loc
3589 446 3729 511 dicit,
3765 450 3849 516 quia

591 577 918 641 resurgent:
951 565 1095 638 quod
1125 579 1288 620 nemo
1313 561 1498 631 utique
1525 561 1594 616 de
1641 576 1700 615 se
1733 559 1932 628 patitur
1978 554 2196 618 audire;

586 673 645 719 ut
671 663 920 718 videntes
949 659 1054 716 hoc
1083 664 1276 716 contra
1301 671 1362 712 se
1388 669 1536 720 esse,
1562 658 1970 709 reverterentur
1991 647 2056 703 ad
2089 647 2199 716 pri-

586 773 730 817 tnam
762 756 945 812 ﬁdem.

657 851 838 922 (Vers.
872 847 981 920 l5.)
1009 847 1310 903 Invenimur
1329 852 1499 899 autem
1519 851 1565 896 et
1594 840 1718 912 falsi
1746 848 1894 893 testes
1916 834 2047 902 Dei;
2078 835 2199 906 quia

583 946 936 1004 testimonium
957 944 1187 1000 diximus
1216 943 1463 994 adversus
1501 936 1688 1000 Deum,
1718 932 1854 1006 quod
1877 928 2200 986 suscitaverit

586 1039 892 1106 Christum,
942 1054 1092 1108 quem
1151 1051 1255 1090 non
1301 1031 1586 1088 suscitavit.
1641 1028 1746 1096 Qui
1804 1026 2001 1081 asserit
2053 1021 2198 1093 quod

584 1137 862 1194 Christum
893 1134 1039 1189 Deus
1062 1147 1093 1188 a
1122 1130 1355 1187 mortuis
1380 1124 1680 1189 suscitavit,
1709 1122 1876 1178 falsus
1896 1130 1983 1177 est
2015 1118 2196 1186 testis,

585 1231 634 1289 si
658 1245 767 1287 non
794 1227 1136 1291 estfactum;
1161 1224 1414 1280 virtutem
1438 1228 1618 1276 tamen
1649 1217 1740 1272 Dei
1775 1215 2054 1287 prmdicat,
2088 1229 2196 1266 nun

588 1326 780 1396 utique
809 1332 867 1378 ut
915 1320 1184 1384 inimicus,
1231 1316 1326 1388 qui
1356 1325 1462 1369 tam
1501 1309 1821 1367 admirabile
1852 1308 2050 1362 factum
2090 1305 2200 1358 vir-

589 1419 692 1476 tuti
721 1417 840 1488 ejus
861 1413 1108 1470 ascribit.
1141 1409 1296 1478 Quod
1324 1409 1370 1464 si
1398 1420 1586 1462 verum
1636 1411 1742 1470 est,
1771 1401 1895 1472 quia
1942 1396 2201 1454 excitavit

587 1510 866 1568 Christum
897 1522 926 1562 a
955 1503 1219 1569 mortuis,
1245 1510 1272 1538 ⁸
1298 1499 1427 1572 quid
1468 1495 1597 1553 huic
1646 1493 1934 1550 dicendum
1967 1501 2074 1556 est,
2105 1489 2198 1558 qui

588 1617 646 1665 et
676 1605 830 1662 testis
853 1610 1042 1660 contra
1079 1601 1248 1655 Deum
1281 1595 1452 1651 falsus
1479 1600 1584 1657 est,
1613 1599 1667 1646 ct
1706 1603 1847 1658 opus
1877 1585 1996 1657 ejus
2021 1582 2200 1640 stulti-

592 1703 723 1758 tiam
753 1696 988 1754 asserit?

662 1792 845 1868 (Vers.
875 1788 966 1856 16,
996 1785 1113 1858 17.)
1148 1783 1288 1840 Nunt
1310 1782 1354 1836 si
1394 1779 1586 1834 mortui
1628 1791 1731 1830 non
1779 1782 2075 1846 resurgunt,
2110 1787 2200 1825 ne-

2301 554 2442 607 sicut
2467 551 2636 607 Adam
2669 565 2904 623 peccans
2944 559 3174 605 mortem
3203 547 3432 612 invenit,
3465 542 3492 581 ἀ
3520 553 3578 599 et
3605 557 3773 597 omnes
3808 558 3851 598 et

2301 645 2421 714 ejus
2449 643 2658 714 origine
2689 643 2887 708 tenuit,
2912 650 2973 697 ut
3017 641 3386 696 dissolvantur
3414 656 3427 692 :
3461 637 3539 692 ita
3578 648 3632 691 et
3657 633 3853 689 Christus

2301 754 2408 793 non
2443 753 2692 809 peccans,
2720 747 2774 794 et
2816 753 2912 808 per
2960 736 3064 792 hoc
3100 735 3326 791 vincens
3355 738 3596 788 mortem
3627 729 3759 801 (quia
3790 729 3853 798 qui

2301 849 2407 890 non
2453 842 2662 905 peccat,
2692 834 2856 887 vincit
2885 842 3137 896 mortem,
3172 831 3297 900 quia
3323 841 3476 884 mors
3522 841 3592 881 ex
3640 824 3854 894 peccato),

2302 927 2558 982 omnibus
2582 927 2672 995 qui
2697 931 2824 980 sunt
2867 941 2932 979 ex
2961 924 3078 993 ejus
3107 936 3365 990 corpore,
3391 917 3685 988 acquisivit
3714 915 3854 984 vitam,

2302 1021 2354 1077 id
2406 1033 2520 1086 est,
2577 1019 3054 1076 resurrectionem.
3104 1016 3367 1085 Quamvis
3421 1030 3562 1085 ergo
3604 1012 3855 1083 generalem

2304 1116 2552 1171 tribuerit
2592 1115 3078 1177 resurrectionem,
3107 1122 3166 1166 ut
3211 1110 3353 1166 sicut
3407 1110 3460 1163 in
3506 1106 3678 1162 Adam
3718 1119 3855 1159 omne;

2303 1210 2418 1264 sive
2434 1207 2567 1278 justi
2594 1208 2708 1262 sive
2729 1206 2913 1277 injusti
2935 1205 3276 1268 moriuntur;
3303 1204 3375 1258 ita
3405 1211 3464 1257 et
3483 1204 3539 1256 in
3563 1199 3766 1255 Christo
3781 1215 3858 1252 em-

2304 1317 2400 1357 nes
2435 1310 2540 1355 tam
2565 1299 2878 1364 credentes,
2909 1314 3071 1370 quam
3103 1297 3416 1353 difﬁdentes
3443 1291 3859 1361 resurgant,liect

2302 1395 2367 1450 ad
2393 1411 2610 1466 ptenam
2643 1394 2939 1459 increduli;
2976 1405 3154 1448 tamen
3185 1390 3449 1446 viviﬁcari
3481 1388 3754 1451 videntur;
3774 1388 3856 1456 quia

2301 1503 2530 1559 corpora
2562 1503 2658 1543 sua
2685 1488 2976 1558 recipient,
3001 1486 3111 1555 jam
3143 1499 3250 1540 non
3281 1481 3568 1547 morituri,
3589 1479 3681 1534 sed
3703 1479 3857 1549 passuri

2304 1598 2521 1655 ptenam
2571 1583 2624 1638 in
2669 1582 2750 1638 eis
2779 1582 2903 1637 sine
2942 1580 3087 1636 ﬁne:
3136 1580 3282 1651 quod
3329 1577 3571 1635 credere
3602 1577 3857 1631 noluerunt.

2377 1677 2558 1748 (V'ers.
2582 1677 2702 1748 25.)
2729 1676 3096 1745 Unusquisque
3122 1684 3296 1728 autent
3323 1673 3380 1726 in
3410 1687 3514 1726 suo
3536 1670 3732 1725 ordine.
3752 1667 3859 1723 Nunc

2303 1769 2555 1826 ordinem
2607 1769 3033 1824 resurrectionis
3063 1769 3178 1822 vult
3217 1779 3533 1835 exponere,
3567 1779 3635 1819 ne
3666 1763 3773 1818 ideo
3795 1777 3859 1830 pu-

586 1853 684 1960 que
720 1882 966 1942 Christus
1012 1853 1320 1934 resurrexit.
1369 1870 1520 1940 Quod
1553 1870 1598 1924 si
1627 1867 1864 1924 Christus
1895 1882 1998 1920 non
2028 1880 2200 1919 resur-
2229 1853 2280 1917 B
2307 1872 2485 1919 tarent
2505 1862 2810 1918 fabulosum
2843 1876 3001 1926 esse;
3030 1860 3152 1930 quia
3184 1860 3380 1916 factum
3406 1873 3524 1914 non
3547 1866 3630 1913 est
3662 1855 3858 1910 adhucia

588 1957 745 2044 rexit,
784 1992 918 2030 vana
960 1981 1036 2028 est
1085 1969 1214 2040 ﬁdes
1257 1976 1460 2031 uestra;
1489 1963 1663 2016 adhuc
1688 1961 1823 2015 enim
1854 1959 1977 2014 estis
2003 1957 2059 2012 in
2083 1973 2200 2026 pec-

589 2073 720 2128 catis
745 2068 948 2125 vestris.
980 2064 1124 2134 Ergo
1154 2071 1202 2116 et
1226 2060 1316 2132 qui
1342 2057 1660 2112 dormierunt
1691 2054 1745 2107 in
1771 2050 2007 2114 Christo,
2038 2049 2204 2120 perie—

595 2173 740 2222 runt.
764 2162 966 2219 Terret
995 2158 1141 2223 illos,
1172 2165 1229 2210 ut
1257 2153 1382 2224 quia
1437 2164 1596 2205 nemo
1623 2146 1728 2202 sibi
1774 2144 1916 2200 male
1943 2143 2076 2207 vult,
2106 2141 2202 2196 do-

595 2262 706 2319 leat
733 2258 843 2315 illis
872 2255 978 2310 hoc
1004 2251 1238 2322 coepisse
1266 2247 1514 2310 credere,
1535 2242 1676 2315 quod
1699 2249 1888 2296 contra
1919 2238 2066 2308 ipsos
2095 2243 2198 2291 est.

594 2353 726 2424 Quis
748 2351 897 2408 enim
925 2352 1147 2414 peccata
1179 2341 1280 2397 sibi
1315 2339 1544 2396 remissa
1577 2335 1717 2391 nolit
1745 2332 1973 2387 audire?

665 2444 849 2518 (Vers.
875 2437 994 2510 18.)
1025 2437 1165 2510 Ergo
1183 2445 1228 2490 et
1250 2434 1340 2499 qui
1364 2431 1688 2486 dormierunt
1711 2427 1765 2480 in
1786 2423 2014 2488 Christo,
2037 2422 2203 2493 perie-

587 2549 731 2595 runt.
762 2533 930 2592 Addit
954 2530 1021 2587 ad
1065 2537 1354 2590 terrorem,
1381 2523 1502 2595 quia
1533 2519 1826 2577 charorum
1855 2530 2082 2572 suorum
2109 2528 2204 2568 ex-

591 2646 809 2690 cessum
836 2627 864 2667 b
895 2625 1089 2681 nolunt
1138 2621 1413 2675 :cstitnare
1456 2614 1845 2686 perditionem.
1901 2609 2002 2679 Qui
2056 2608 2202 2662 enim

595 2727 700 2785 sub
721 2725 823 2780 hac
847 2736 944 2792 spe
971 2720 1042 2774 de
1091 2715 1296 2772 sarculo
1326 2712 1598 2774 exierunt,
1626 2709 1743 2762 sive
1769 2703 1946 2760 occidi
1997 2719 2104 2757 nun
2138 2701 2205 2757 ti-

597 2827 886 2883 muerunt;
917 2813 1044 2886 quia
1093 2823 1388 2880 resurgere
1441 2803 1692 2873 exemplo
1720 2800 1921 2856 Christi
1951 2797 2205 2854 credide-

593 2924 742 2978 runt,
762 2921 818 2968 et
841 2925 950 2965 nun
969 2915 1053 2963 est
1068 2920 1280 2968 verum,
1307 2901 1608 2972 perierunt.
1631 2897 1745 2952 lloc
1763 2895 1872 2950 illis
1887 2893 2040 2956 dicit,
2056 2890 2201 2963 quod

596 3020 786 3065 amore
826 3016 1049 3060 suorum
1095 2997 1475 3054 delunctorum
1516 2991 1710 3046 nolunt
1761 2986 1984 3050 audire;
2010 2995 2066 3039 ut
2096 2983 2202 3038 illis

595 3106 860 3172 amputet,
895 3093 1040 3166 quod
1083 3090 1236 3163 prius
1275 3102 1373 3159 per
1403 3098 1646 3140 errorem
1695 3081 1954 3137 volebant
1993 3075 2198 3132 audire.

669 3194 853 3268 (Vers.
885 3186 1004 3260 19.)
1041 3186 1101 3242 Si
1152 3185 1206 3238 in
1235 3183 1334 3237 hac
1364 3182 1470 3235 vita
1507 3187 1709 3232 tantum
1736 3178 1790 3230 in
1835 3172 2040 3228 Christo
2086 3186 2206 3238 spe-

672 3244 850 3268 .w-r
892 3244 939 3246 ρ
984 3244 998 3260 ι

595 3297 767 3345 rantes
809 3299 1008 3348 sumus,
1047 3275 1449 3333 miserabiliores
1496 3287 1670 3327 sumus
1698 3268 1937 3324 omnibus
1976 3262 2198 3318 homini-
2225 3244 2270 3306 Ο

597 3383 711 3438 bus.
741 3375 1085 3436 Manifestum
1115 3383 1198 3426 est
1223 3367 1347 3440 quia
1378 3378 1433 3422 et
1476 3365 1532 3420 in
1563 3365 1662 3419 hac
1694 3359 1952 3433 praesenti
1985 3358 2094 3413 vita
2145 3367 2199 3412 et

597 3477 652 3532 in
677 3475 854 3528 futura
903 3479 1186 3536 speramus
1231 3462 1284 3517 in
1305 3460 1559 3523 Christo;
1585 3471 1686 3512 nec
1705 3455 1850 3510 enim
1882 3452 1969 3508 hic
1996 3450 2201 3506 deserit

597 3579 788 3624 servos
813 3577 940 3619 suos
977 3558 1256 3618 Christus,
1296 3565 1317 3592 ο
1349 3552 1444 3608 sed
1476 3551 1569 3605 dat
1599 3549 1704 3604 illis
1753 3547 1982 3618 gratiam
2004 3584 2018 3608 ,
2044 3552 2099 3599 et
2145 3543 2198 3597 in

596 3660 776 3717 futuro
803 3661 962 3712 erunt
994 3652 1046 3706 in
1074 3648 1244 3721 gloria
1274 3653 1498 3700 aeterna.
1532 3641 1588 3698 Si
1621 3648 1808 3696 autem
1848 3638 2043 3692 futura:
2076 3634 2200 3690 vitm

595 3771 719 3828 spes
750 3767 858 3808 non
887 3757 1054 3812 esset,
1087 3742 1339 3801 omnibus
1371 3737 1700 3804 hominibus,
1734 3733 1878 3807 quod
1900 3733 2070 3798 dixit,
2101 3731 2201 3786 mi-

593 3825 942 3905 serabiliores
971 3852 1240 3898 essemus.
1271 3833 1340 3893 Ut
1366 3832 1493 3905 quid
1535 3830 1680 3887 enim
1706 3829 1937 3901 jejunia,
1979 3825 2198 3897 vigiliae,

595 3944 794 4007 exitus,
825 3936 1026 3995 munda
1055 3935 1186 4000 vita,
1218 3931 1449 4002 justitia,
1492 3923 1890 3989 misericordia,
1935 3935 2122 3985 mors;
2155 3920 2200 3974 si

598 4051 697 4108 pro
717 4035 803 4089 his
842 4030 987 4086 nulla
1020 4040 1233 4083 merces
1261 4023 1365 4080 erit
1399 4021 1454 4076 in
1487 4019 1701 4076 futuro?
1722 4015 1991 4074 lucreduli
2016 4024 2199 4070 autem

601 4127 687 4184 vel
725 4125 828 4180 hac
847 4123 955 4177 vita
988 4119 1260 4174 fruuntur.

629 4251 638 4260 ο
678 4217 859 4290 (Vers.
903 4213 998 4279 20,
1041 4211 1164 4280 21.)
1196 4209 1353 4263 Nunc
1381 4216 1551 4260 autem
1597 4204 1834 4260 Christus
1864 4205 2144 4259 resurrexit
2170 4222 2203 4258 a

603 4310 839 4376 mortuis,
871 4307 1078 4362 initiunt
1128 4299 1808 4370 dormientium;quoniam
1854 4297 2063 4368 quidem
2111 4315 2202 4368 per

603 4407 864 4464 hominem
911 4417 1068 4467 mors,
1100 4409 1147 4454 et
1180 4415 1272 4468 per
1317 4397 1579 4452 hominem
1609 4395 1915 4451 resurrectio
1974 4404 2202 4450 mortuo-

602 4517 737 4558 rum.
760 4498 888 4554 Hzec
912 4496 1128 4562 dicens,
1162 4491 1333 4562 tangit
1371 4488 1896 4562 pseudOprophetas,
1925 4488 2016 4557 qui
2041 4486 2201 4542 Chri-

604 4604 749 4652 stum
778 4599 962 4648 natum
1001 4586 1292 4659 negabant,
1323 4598 1388 4640 ac
1420 4598 1516 4655 per
1548 4582 1651 4638 hoc
1703 4596 1808 4636 non
1833 4581 2202 4636 resurrexisse

2303 1955 2558 2011 caeteris:
2589 1953 2810 2010 ordines
2843 1953 2951 2008 illis
2991 1954 3224 2023 exponit
3278 1963 3334 2009 et
3378 1961 3638 2021 tempora
3661 1992 3674 2012 ,
3699 1948 3859 2016 quando

2303 2047 2507 2103 factum
2551 2047 2646 2111 sit,
2679 2057 2732 2103 et
2774 2046 2996 2118 quando
3056 2045 3296 2102 futurth
3344 2054 3452 2113 est,
3508 2054 3571 2100 ut
3635 2052 3858 2112 resurgant

2303 2140 2526 2197 mortui.
2562 2137 2781 2194 Initium
2813 2138 3068 2192 Christus.
3094 2138 3248 2194 Sicut
3277 2137 3332 2191 in
3367 2134 3610 2192 Actibus
3647 2132 3858 2204 apostoli}

2304 2255 2424 2294 rum
2464 2245 2695 2293 testatur
2725 2237 2987 2306 scriptum
3019 2235 3216 2292 essein
3239 2235 3428 2306 Moyse
3460 2232 3613 2303 (Act.
3635 2229 3858 2298 urniﬁi.

2305 2333 2367 2388 Si
2391 2332 2650 2401 passibilis
2676 2330 2935 2395 Christus,
2960 2334 3003 2384 si
3027 2329 3172 2400 prior
3193 2343 3416 2398 surgens
3443 2342 3518 2381 ea:
3541 2324 3764 2387 mortuis,
3787 2334 3856 2377 etc.

2305 2425 2461 2481 Prior
2489 2440 2618 2492 ergo
2650 2423 2974 2487 resurrexit,
3020 2432 3044 2458 ο
3075 2431 3134 2474 ut
3159 2419 3334 2475 forma
3369 2419 3532 2474 ﬁeret
3576 2415 3858 2472 credentibus

2305 2517 2428 2572 sibi.
2448 2514 2652 2569 Deinde
2675 2515 2762 2584 qui
2788 2524 2907 2567 sunt
2934 2511 3152 2577 Christi,
3179 2512 3268 2583 qui
3301 2511 3354 2564 in
3377 2512 3660 2564 aduentum
3681 2510 3856 2580 ejusm-

2306 2608 2570 2663 diderunt.
2603 2606 2716 2661 Hoc
2746 2604 2948 2675 duplici
2977 2603 3138 2659 modo
3189 2603 3620 2672 intelligendum
3647 2609 3750 2663 est;
3775 2599 3855 2667 quia

2304 2713 2360 2759 et
2387 2703 2440 2758 in
2493 2701 2725 2756 adventu
2756 2699 2875 2770 ejus
2920 2697 3164 2754 secundo
3211 2698 3386 2752 sancti
3417 2702 3731 2767 resurgent,
3751 2693 3856 2763 juxta

2307 2797 2465 2852 ﬁdem
2495 2795 2852 2866 Apocalypsis
2891 2792 3120 2849 Joannis
3146 2792 3336 2862 (Apoc.
3367 2807 3474 2857 xx,
3521 2793 3636 2858 12),
3675 2791 3790 2843 sicut
3823 2795 3856 2838 et

2307 2893 2362 2947 itt
2422 2889 2576 2964 163
2607 2889 2783 2960 primo
2813 2887 3054 2942 adventu
3087 2901 3207 2939 etnn
3232 2886 3572 2949 resurrexit,
3607 2881 3756 2938 multa
3779 2894 3855 2933 cur

2309 3000 2440 3055 pora
2490 2990 2808 3038 sanctorum
2859 2990 3280 3036 resnrrexerunt
3315 2977 3544 3045 (Matth.
3597 2991 3748 3039 nrn,
3779 2971 3853 3034 ii}.

2307 3079 2374 3133 ad
2423 3076 2873 3148 protestatiouem
2929 3071 3088 3128 victa:
3141 3073 3335 3127 mortis
3373 3086 3441 3128 ac
3487 3071 3748 3140 Spoliataa.
3781 3064 3855 3121 Sub

2309 3187 2411 3226 una
2440 3185 2570 3238 ergo
2622 3166 3017 3239 signiﬁcatione
3061 3166 3338 3237 duplicem
3367 3165 3667 3221 adventum
3697 3156 3854 3217 Domini

2303 3263 2736 3334 comprehendit.

2380 3358 2560 3431 (Vers.
2617 3357 2710 3424 24,
2755 3359 2849 3424 25,
2903 3355 3021 3427 26.)
3070 3354 3272 3410 Deinde
3314 3355 3462 3425 ﬁnis,
3499 3371 3621 3409 cum
3651 3347 3855 3404 tradiderit

2305 3470 2519 3523 regnum
2549 3453 2658 3508 Deo
2688 3462 2736 3508 et
2763 3453 2932 3520 Patri,
2962 3469 3075 3507 cum
3121 3452 3407 3507 destituerit
3461 3466 3668 3505 omnem
3719 3443 3855 3519 prind-

2304 3557 2482 3616 putum
2529 3557 2577 3602 et
2623 3564 2823 3602 omnem
2867 3556 3189 3619 potestatem,
3223 3557 3270 3600 et
3317 3561 3528 3600 omnem
3571 3544 3855 3603 rirtuteut,tl

2304 3657 2502 3696 omnem
2543 3641 2964 3695 dominationem.
3017 3639 3232 3710 Oportet
3276 3641 3414 3694 enim
3471 3641 3629 3694 illum
3677 3647 3852 3709 regna",

2303 3737 2465 3791 donec
2494 3745 2649 3807 ponat
2695 3752 2870 3790 omnes
2899 3733 3131 3788 inimicos
3175 3733 3266 3787 sub
3299 3731 3524 3799 pedibus
3568 3733 3708 3796 eius;
3736 3725 3854 3781 omnia

2304 3832 2439 3886 enim
2469 3829 2680 3897 subiecit
2706 3829 2800 3882 sub
2829 3827 3044 3900 pedibus
3099 3829 3233 3899 ejus.
3265 3824 3320 3880 Ν
3325 3826 3573 3880 ovissime
3601 3834 3755 3879 autem
3787 3816 3853 3870 ini-

2304 3925 2438 3978 mica
2474 3923 2766 3978 destruetur
2795 3938 2953 3975 mors.
2994 3919 3106 3974 lloc
3131 3919 3287 3986 dicit,
3319 3919 3448 3990 quia
3497 3918 3697 3974 tradito
3736 3924 3854 3982 regno

2305 4017 2429 4072 linis
2467 4018 2570 4071 erit
2612 4011 2825 4079 mundi,
2871 4011 3089 4084 impleta
3124 4012 3558 4067 resurrectione.
3601 4006 3743 4076 Quod
3777 4003 3852 4072 qui-

2305 4110 2428 4166 dam
2461 4108 2635 4164 territi
2681 4107 2981 4178 asperitate
3007 4105 3305 4170 sermonis,
3348 4103 3480 4159 dum
3517 4101 3675 4174 quasi
3702 4099 3772 4169 pie
3791 4109 3854 4146 γο-

2306 4202 2732 4270 luntscntire,a
2771 4199 3110 4272 proprietate
3162 4213 3359 4254 sensus
3416 4197 3714 4253 declinant.
3763 4191 3854 4245 Ilur-

2306 4305 2428 4352 rent
2466 4295 2610 4352 enim
2653 4308 2846 4349 sonum
2877 4291 3028 4348 verbi
3081 4291 3370 4347 audientes
3413 4309 3426 4344 :
3467 4289 3600 4345 Cum
3646 4283 3855 4343 tradidm‘t

2305 4404 2522 4460 regnum
2548 4385 2656 4441 Deo
2699 4396 2748 4441 et
2786 4382 2974 4450 Patri;
3009 4383 3027 4422 ί
3062 4394 3316 4455 putantes
3363 4383 3660 4440 traditione
3687 4381 3769 4435 hac
3801 4390 3855 4429 tc-

2305 4483 2422 4554 gni,
2455 4482 2500 4535 si
2524 4480 2679 4551 juxta
2707 4494 2901 4535 sonum
2951 4477 3099 4533 verbi
3147 4477 3506 4549 intelligatur,
3546 4489 3761 4533 vacuum
3801 4484 3856 4523 τεο

2308 4591 2570 4641 manere;
2620 4585 2678 4629 ut
2707 4573 2757 4629 si
2795 4572 2982 4638 tradit,
3018 4572 3130 4643 jam
3185 4572 3304 4641 ipse
3336 4587 3448 4627 non
3481 4571 3682 4627 habeat
3709 4587 3720 4621 :
3747 4559 3855 4636 quasi

605 4699 856 4748 carnem;
885 4679 1013 4752 quia
1053 4678 1145 4749 qui
1195 4685 1353 4732 natus
1402 4690 1508 4732 non
1537 4683 1643 4742 est,
1670 4689 1769 4730 nec
1806 4673 2059 4729 moritur.
2112 4672 2203 4728 Sic
2228 4644 2283 4704 D
2309 4669 2470 4724 Pater
2501 4668 2720 4724 tradens
2749 4666 2931 4724 omnia
2963 4665 3118 4732 Filio,
3154 4666 3508 4722 evacuaverit
3537 4681 3619 4722 se.
3649 4675 3673 4712 ει
3696 4662 3801 4718 Nam
3820 4665 3855 4710 el

599 4788 788 4843 autem
817 4775 1012 4848 probat
1035 4771 1310 4830 Cbristttm
1343 4785 1373 4824 a
1404 4769 1636 4826 mortuis
1657 4769 2046 4832 rcsurrexisse,
2077 4768 2199 4838 quia

605 4872 773 4930 homo
794 4868 918 4936 luit,
943 4876 1004 4922 ut
1025 4863 1246 4920 dubium
1269 4878 1374 4918 non
1403 4863 1474 4917 sit
1502 4862 1776 4918 hominem
1808 4877 1838 4916 a
1868 4861 1982 4917 Deo
2002 4876 2030 4914 a
2056 4876 2202 4915 mor-

592 4968 711 5027 tuis
753 4963 1164 5025 excitatum;ut
1189 4957 1315 5030 quia
1362 4963 1587 5028 peccato
1640 4955 1875 5011 hominis
1925 4970 2070 5011 mors
2118 4956 2201 5012 in-

599 5070 762 5120 venta
810 5066 917 5124 est,
949 5051 1152 5110 Christi
1202 5049 1409 5122 justitia
1447 5049 1907 5105 resurrectionem
1938 5051 2203 5106 meruerit

600 5165 939 5218 mortuorum
948 5192 964 5208 .

671 5249 854 5325 (Vers.
885 5241 1007 5315 22.)
1040 5239 1190 5298 Sicut
1231 5237 1366 5294 enim
1389 5237 1442 5292 in
1474 5235 1641 5291 Adam
1671 5253 1845 5293 omnes
1872 5237 2198 5307 moriuntur,

672 5400 699 5470 ξ
737 5389 864 5470 MSS-
893 5383 1083 5470 C°"?~
1099 5376 1242 5470 .‘li‘f‘.’
1264 5372 1742 5470 ἠίίέῗέξῗάὲῗέἐίξ

670 5459 701 5502 ι’
738 5459 887 5515 Idem
929 5445 1290 5512 cod.'Corb.,
1326 5447 1506 5502 volunt
1547 5445 1798 5500 testimare
1872 5445 2198 5515 perditionis.

606 5530 727 5588 Mox
751 5545 876 5586 vero
893 5528 983 5584 ubi
1000 5537 1192 5582 omnes
1212 5520 1344 5577 edit.
1373 5534 1439 5574 ac
1468 5532 1598 5573 mss.
1633 5516 1792 5586 longe
1819 5517 2060 5586 plurimi,
2095 5517 2198 5584 Qui

604 5603 740 5657 enim
761 5617 861 5654 non
890 5600 1192 5662 timuerunt,
1220 5593 1310 5648 sub
1357 5593 1452 5647 hac
1499 5605 1610 5660 spe,
1641 5596 1772 5654 etc.;
1803 5602 1906 5643 ms.
1935 5588 2073 5643 Vall.
2100 5603 2197 5658 ap-

606 5673 716 5730 tius
741 5671 889 5740 legit,
909 5680 1090 5740 utnos
1117 5669 1170 5722 in
1204 5673 1376 5740 testu.

683 5755 706 5784 ο
737 5731 922 5797 codex
944 5736 1214 5802 Vall.,sed
1244 5736 1334 5790 dut
1359 5733 1466 5790 illis
1487 5731 1729 5805 gloriam.

672 5811 701 5853 (ι
739 5813 899 5869 Rom.
937 5801 1105 5878 edit.,
1125 5821 1173 5865 et
1230 5809 1409 5878 tenuit,
1440 5801 1507 5862 ut
1539 5821 1716 5862 omnes
1740 5819 1806 5860 ea:
1845 5805 1959 5876 ejus
2002 5801 2199 5875 origine

599 5886 968 5948 dissolvantur.

2308 4764 2428 4835 ipse
2452 4765 2712 4820 Dominus
2749 4762 2827 4819 ait
2858 4781 2871 4816 :
2905 4761 3093 4818 Omnia
3122 4764 3251 4816 mihi
3287 4764 3484 4818 tradita
3531 4771 3651 4818 sunt
3692 4778 3721 4814 a
3744 4757 3855 4812 Polli

2308 4875 2417 4913 meo
2447 4859 2661 4931 (Matth.
2688 4873 2766 4925 ιι,
2793 4855 2910 4929 27);
2939 4864 2994 4913 et
3042 4867 3227 4927 postea
3261 4875 3272 4910 :
3309 4855 3442 4912 Ηωο
3487 4867 3563 4912 est
3611 4867 3764 4912 autem
3787 4849 3854 4903 rita

2307 4963 2526 5022 aeterna,
2556 4963 2612 5007 ut
2636 4962 2948 5025 cognoscant
2971 4962 3020 5006 te
3058 4952 3228 5008 solum
3253 4969 3432 5008 verum
3456 4952 3646 5020 Deum,
3685 4958 3726 5005 el
3750 4959 3853 5018 quan

2307 5049 2490 5102 misisti
2537 5046 2720 5102 Iesum
2764 5047 3025 5102 Christum
3069 5047 3088 5120 (
3111 5046 3272 5102 Joan.
3317 5063 3449 5113 avtt,
3486 5047 3586 5119 5).
3629 5046 3756 5100 Ecce
3792 5053 3851 5092 r8-

2305 5150 2506 5212 gnante
2530 5139 2692 5208 Filio,
2727 5148 2918 5210 regnat
2947 5149 3002 5194 et
3029 5139 3214 5196 Pater.
3245 5140 3540 5207 Quomodo
3572 5150 3741 5196 autem
3781 5141 3856 5187 tra-

2307 5233 2443 5289 dens
2481 5247 2706 5305 regnum
2759 5231 2934 5288 Filius
2961 5247 3230 5289 evacuare
3279 5247 3340 5290 se
3390 5235 3724 5296 crederetur,
3763 5235 3850 5282 cum

2381 5367 2608 5493 ςηξὲἓῦ.
2658 5367 2807 5436 cod.,
2831 5377 2889 5423 ut
2936 5369 3087 5437 ﬁrma
3143 5369 3290 5439 ﬁeret
3329 5369 3655 5426 credentibus
3682 5366 3766 5422 sibi
3794 5375 3852 5415 τεο

2305 5456 2576 5498 surrectto.

2442 5512 2643 5597 Omnes
2672 5512 2804 5568 edit.
2833 5520 2889 5568 et
2918 5527 3057 5596 mss.
3091 5527 3201 5568 uno
3234 5523 3489 5584 excepto,
3520 5521 3739 5586 putantes
3776 5515 3852 5589 trt-

2303 5584 2553 5639 ditionem
2603 5585 2733 5638 hanc
2783 5584 3023 5655 regni....
3085 5600 3303 5640 vacuam
3356 5579 3850 5653 remanerewptime

2301 5671 2433 5713 vero
2455 5655 2622 5710 Corb.
2655 5667 2714 5709 ut
2745 5656 2796 5711 in
2827 5663 3112 5714 contextu.

2377 5738 2400 5775 ς
2426 5727 2602 5800 Rom.
2632 5727 2801 5800 edit._,_
2822 5727 2929 5782 Sed
2949 5729 3071 5799 quia
3095 5729 3208 5800 ipse
3229 5727 3488 5786 Dominus
3519 5731 3656 5785 ait...
3683 5729 3849 5797 appar“

2297 5798 2456 5872 quod,
2481 5808 2722 5869 regnante
2752 5797 2924 5866 Filio,
2953 5797 3061 5855 etc.
