3978 6310
121 317 231 376 965

922 321 1419 386 COMMENTARIA
1459 325 1526 388 IN
1567 326 1789 392 EPIST.
1832 331 1924 391 AD
1963 333 2289 399 CORINTH.
2331 342 2626 407 PRIMAM.

3331 368 3440 428 266

121 436 269 492 dicat
297 438 535 510 angelus
555 440 622 498 ad
645 441 865 502 Mariam
897 463 909 500 :
939 445 1009 502 Et
1047 447 1188 504 dabit
1213 449 1294 506 illi
1313 449 1563 508 Dominus
1588 453 1732 510 Deus
1758 470 1813 532 Α
1837 455 1947 510 vult
1969 459 2263 518 ostendere
2287 467 2744 526 resurrectionem
2775 479 3132 548 mortuorum,
3163 489 3222 537 ut
3249 497 3443 545 exem-

120 529 297 585 sedem
328 531 514 589 David
543 538 706 605 patris
726 539 829 608 sui,
857 551 902 595 et
932 542 1166 613 regnabit
1200 544 1252 599 in
1287 546 1438 601 domo
1466 545 1632 603 Iacob
1671 549 1725 603 in

117 634 395 694 a’ternum,
447 638 500 685 et
529 632 673 704 regni
697 633 806 704 ejus
834 651 936 690 non
974 637 1074 691 erit
1109 637 1230 707 ﬁnis
1257 637 1408 710 (Luc.
1438 655 1476 705 ι,
1507 640 1634 711 59.)?
1661 641 1729 697 Et

118 717 306 774 Daniel
338 720 408 777 de
437 722 635 782 eodem
660 740 827 799 regno
856 727 987 784 dicit
1017 728 1160 786 inter
1187 742 1384 788 caetera
1414 750 1426 786 :
1451 730 1592 788 Deus
1615 734 1730 790 εοειὶ

114 812 360 868 excitabit
388 815 542 871 aliud
585 835 818 892 regnum,
851 823 991 894 quod
1019 841 1302 896 numquam
1333 838 1726 899 corrumpetur;

114 912 162 957 et
193 903 292 959 hoc
319 921 541 979 regnum
569 911 670 966 erit
691 921 936 969 teternum
959 914 1126 988 (Dan.
1155 932 1214 984 tt,
1249 917 1364 992 44).
1391 919 1564 976 Nemo
1593 936 1726 992 ergo

113 995 328 1054 dubitet
355 999 556 1057 Filium
583 1019 800 1077 semper
828 1017 1182 1080 regnaturum
1205 1027 1327 1068 cum
1357 1013 1543 1071 Patre.
1583 1015 1725 1071 Tra-

111 1091 250 1148 ditio
273 1104 462 1153 autem
496 1096 615 1156 haec
640 1101 796 1174 regni
821 1113 921 1171 est,
955 1113 1016 1160 ut
1040 1121 1164 1161 cum
1193 1108 1380 1164 omnia
1427 1109 1572 1166 Filio
1607 1109 1726 1168 fue-

112 1190 220 1242 rint
266 1189 536 1262 subjecta,
587 1202 643 1248 et
697 1194 1048 1254 adoraverint
1077 1199 1230 1255 illum
1270 1211 1330 1257 nt
1379 1201 1575 1272 Deum,
1627 1202 1725 1260 de-

110 1289 317 1337 structa
351 1293 561 1353 morte;
597 1295 724 1344 tunc
741 1289 911 1346 Filius
936 1294 1190 1350 ostendet
1211 1294 1322 1350 illis
1352 1311 1457 1352 non
1491 1313 1552 1353 se
1573 1312 1720 1367 esse,

111 1387 177 1428 ex
209 1390 320 1445 quo
357 1387 487 1432 sunt
529 1381 736 1449 omnia,
768 1383 863 1438 sed
906 1399 1005 1455 per
1030 1402 1191 1457 quem
1234 1399 1361 1445 sunt
1397 1391 1580 1446 omnia
1610 1409 1623 1446 :
1665 1399 1723 1449 et

112 1465 214 1524 hoc
269 1469 378 1526 erit
431 1473 650 1532 tradere
680 1489 909 1547 regnum
959 1479 1072 1536 Deo
1109 1489 1165 1538 et
1211 1481 1392 1550 Patri,
1426 1485 1722 1545 ostendere

112 1560 288 1632 ipsum
312 1578 461 1633 esse,
487 1580 555 1622 ex
583 1582 694 1638 quo
741 1569 920 1625 omnis
959 1572 1259 1642 paternitas
1288 1577 1343 1631 in
1366 1577 1520 1633 coelis
1559 1587 1615 1634 et
1664 1580 1718 1636 in

113 1663 256 1712 terra
286 1659 604 1716 nominatur
630 1659 849 1734 (Ep/tes.
890 1680 969 1732 tu,
1005 1666 1093 1741 15)
1125 1686 1138 1724 :
1169 1680 1225 1726 et
1253 1680 1381 1729 tunc
1410 1674 1513 1728 erit
1569 1674 1716 1731 linis.

115 1750 424 1810 Destructio
471 1762 654 1813 tamen
719 1760 914 1817 mortis
957 1773 1044 1819 est
1091 1769 1422 1825 resurrectio
1473 1782 1719 1829 mortuo-

114 1858 252 1901 rum.

187 1937 364 2008 (Vers.
395 1940 491 2008 27,
527 1943 647 2018 28.)
679 1945 808 2001 Cum
836 1957 1009 2004 autem
1056 1951 1198 2007 dicat
1229 1972 1247 2009 :
1280 1953 1466 2012 Omnia
1485 1958 1720 2030 subjecta

119 2042 232 2088 sunt
280 2035 348 2103 ei,
383 2037 632 2093 nintirum
661 2052 850 2112 praeter
876 2060 1014 2113 eum,
1055 2047 1144 2120 qui
1189 2050 1408 2118 subiecit
1444 2055 1489 2107 ei
1519 2055 1714 2110 omnia.

123 2125 246 2182 Cant
283 2140 454 2186 autem
480 2134 716 2208 subjecta
753 2137 833 2192 illi
865 2140 1059 2210 fuerint
1109 2145 1321 2211 omnia;
1361 2154 1481 2200 tunc
1509 2157 1556 2202 et
1607 2149 1719 2219 ipse

129 2219 289 2278 Filius
337 2225 639 2300 subjicietur
658 2231 763 2299 illi,
798 2233 886 2302 qui
915 2234 1136 2308 subjecit
1165 2238 1369 2305 omnia;
1404 2249 1459 2294 ut
1480 2242 1546 2295 sit
1573 2240 1718 2297 Deus

133 2314 360 2372 omniain
387 2322 645 2378 omnibus.
679 2324 827 2380 Idem
858 2341 1055 2385 sensus
1076 2339 1181 2398 est,
1211 2347 1369 2402 quem
1400 2351 1544 2392 nunc
1588 2351 1717 2408 ape-

133 2405 228 2474 rit;
259 2416 314 2463 ut
339 2413 646 2470 maniiestet
691 2417 817 2487 quid
856 2419 928 2474 sit
970 2420 1168 2479 Filium
1219 2424 1438 2483 tradere
1484 2405 1713 2500 regnum

131 2499 238 2557 Deo
259 2514 309 2559 et
335 2505 481 2562 Patri
514 2527 528 2564 :
558 2509 664 2566 hoc
684 2522 864 2569 autem
893 2513 1044 2571 addit
1075 2517 1143 2572 ad
1175 2533 1420 2588 sensum,
1451 2499 1576 2593 quia
1606 2532 1717 2579 tra-

127 2592 250 2651 dens
269 2595 427 2654 Pater
446 2600 586 2658 Filio
628 2618 876 2674 regnum,
917 2622 1026 2663 non
1057 2623 1117 2666 se
1142 2611 1439 2682 subjecerit
1472 2592 1548 2684 ei,
1573 2616 1716 2673 sicut

120 2685 277 2744 Filius
327 2690 480 2748 Patri
536 2709 597 2752 se
637 2697 903 2768 subjecit;
952 2701 1309 2775 incongruum
1353 2715 1440 2763 est
1475 2709 1619 2764 enim
1652 2719 1712 2766 ut

119 2778 270 2838 Pater
300 2785 625 2857 subjiciatur
681 2791 842 2848 Filio.
876 2793 1071 2851 Omnia
1099 2812 1231 2870 ergo
1271 2799 1502 2871 subjecit
1547 2800 1712 2860 Pater

115 2873 266 2945 Filio,
298 2888 354 2934 ut
392 2881 649 2940 similiter
690 2883 1104 2956 bonorilicetur,
1129 2891 1273 2948 sicut
1319 2893 1712 2954 bonoriﬁcatnr

111 2976 161 3024 et
181 2969 353 3028 Pater.
388 2974 529 3031 Cum
558 2992 691 3050 ergo
718 2981 899 3037 omnia
928 2982 1178 3040 confessa
1198 2985 1402 3043 fuerint
1430 2988 1707 3046 Christum

111 3063 294 3134 Deum,
324 3069 609 3128 substrata
642 3074 874 3145 pedibus
898 3078 1048 3148 ejus;
1085 3088 1212 3137 tunc
1238 3091 1294 3137 et
1321 3082 1440 3153 ipse
1457 3081 1706 3141 Christus

110 3156 364 3218 Dominus
395 3164 720 3236 subjicietur
750 3168 864 3226 Deo
881 3169 1066 3228 Patri:
1099 3172 1168 3230 Ut
1199 3176 1267 3230 sit
1294 3173 1438 3232 Deus
1451 3179 1624 3234 omnia
1650 3180 1704 3235 in

108 3257 351 3312 omnibus.
383 3258 501 3317 Iloc
521 3262 674 3331 dicit,
704 3264 830 3335 quia
858 3279 983 3322 cum
1013 3270 1256 3325 omnium
1305 3271 1609 3344 principum
1648 3283 1705 3330 et
1732 3286 1778 3352 ς

105 3358 425 3418 potestatum
451 3362 507 3409 et
535 3354 974 3415 dominationum
1003 3360 1170 3418 fuerit
1193 3378 1384 3434 pressa
1419 3366 1701 3438 superbia,

104 3449 154 3498 et
176 3444 529 3512 adoraverint
552 3448 835 3508 Christum
863 3455 1017 3525 quasi
1046 3455 1215 3512 Deum
1242 3475 1254 3512 :
1283 3469 1409 3516 tunc
1433 3468 1488 3515 et
1515 3461 1701 3517 Chris-

105 3543 184 3593 tus
206 3546 231 3576 ⁸
257 3550 487 3612 propter
507 3543 722 3599 unicam
742 3549 1122 3604 auctoritatem
1151 3549 1351 3619 Patris,
1380 3552 1551 3610 Deum
1581 3555 1703 3626 qui-

101 3631 216 3688 dem
241 3648 300 3691 se
319 3637 596 3707 ostendet,
627 3639 724 3696 sed
748 3641 816 3697 de
848 3641 990 3712 Deo;
1026 3652 1084 3700 ut
1111 3647 1275 3703 unius
1315 3649 1568 3720 principii
1609 3665 1702 3706 su-

100 3723 272 3784 blimis
291 3737 346 3785 et
366 3729 666 3788 ineﬂ'abilis
694 3738 994 3793 auctoritas
1015 3750 1256 3796 maneat.
1287 3741 1401 3797 Hoc
1423 3751 1507 3799 est
1522 3743 1699 3817 subji-

99 3834 216 3878 cere
244 3837 304 3880 se
334 3824 538 3881 Filium
569 3827 744 3895 Patri,
779 3829 882 3888 hoc
929 3842 1034 3902 est,
1064 3834 1236 3892 Deum
1265 3852 1388 3894 esse
1430 3839 1613 3895 omnia
1643 3841 1697 3897 in

97 3918 358 3986 omnibus;
380 3921 508 3990 quia
535 3936 659 3979 cum
681 3923 846 3981 discit
875 3927 1055 3984 omnis
1076 3941 1328 3987 creatura
1349 3943 1511 4006 caput
1538 3949 1695 3992 suum

97 4024 211 4068 esse
233 4012 538 4083 Christum,
567 4017 773 4075 Christi
809 4029 991 4077 autem
1023 4034 1186 4095 caput
1232 4027 1402 4083 Deum
1442 4030 1693 4099 Patrem;

96 4105 266 4160 omnia
299 4107 355 4163 in
384 4108 640 4167 omnibus
675 4121 762 4168 est
809 4112 954 4170 Deus
979 4114 1143 4173 Pater
1173 4117 1420 4191 (Phil.n,
1452 4121 1541 4190 10,
1577 4123 1692 4195 Il),

99 4194 196 4252 hoc
214 4208 314 4267 est,
343 4209 406 4256 ut
432 4202 614 4259 omnis
638 4215 889 4262 creatura
912 4223 1077 4265 unum
1098 4213 1320 4282 sentiat,
1354 4222 1412 4270 ut
1436 4231 1542 4272 una
1561 4232 1695 4275 voce

91 4292 262 4347 omnis
278 4292 798 4367 linguazcmlestium
828 4310 882 4356 et
902 4305 1242 4361 terrestrium
1271 4317 1325 4362 et
1349 4308 1691 4367 infernorum

93 4385 410 4444 conﬁteatur
441 4405 606 4447 unum
637 4407 762 4449 esse
801 4393 992 4462 Deum,
1026 4412 1093 4454 ex
1113 4413 1221 4468 quo
1246 4409 1375 4457 sunt
1401 4403 1603 4460 omnia.
1637 4406 1694 4463 Si

91 4486 263 4536 autem
293 4480 567 4543 dixisset:
596 4483 667 4543 Ut
698 4488 764 4542 sit
794 4487 939 4545 Deus
962 4491 1018 4545 in
1047 4493 1285 4550 omnibus
1296 4512 1318 4562 ;
1359 4498 1694 4571 intelligere-

95 4579 174 4626 tur
200 4575 252 4630 in
282 4579 540 4635 omnibus
571 4581 791 4653 quidem
834 4599 980 4654 esse,
1011 4587 1106 4643 sed
1157 4605 1256 4660 per
1297 4591 1574 4666 affectum,
1599 4607 1694 4654 aut

1833 550 1981 622 pium
2010 552 2102 610 det
2141 570 2354 626 eorum,
2380 563 2472 630 qui
2498 571 2606 618 tam
2633 568 2809 623 securi
2861 581 3015 628 erant
3045 574 3112 631 de
3143 576 3321 636 futura
3353 598 3444 638 re-

1827 648 2203 716 surrectione;
2234 654 2484 710 utetiam
2517 671 2616 727 pro
2647 664 2877 720 mortuis
2923 666 3359 743 baptizarontur,
3393 677 3439 733 si

1827 753 1988 810 quem
2041 741 2181 800 forte
2233 760 2382 802 mors
2428 752 2787 820 praevenisset
2830 755 3189 829 :btimentes
3235 783 3304 824 ne
3349 781 3446 828 aut

1825 832 1989 902 male,
2013 846 2106 892 aut
2131 852 2238 894 non
2271 852 2606 914 resurgeret,
2633 848 2724 919 qui
2751 847 3061 921 baptizatus
3103 874 3211 915 non
3236 861 3437 934 fuerat,

1826 926 1981 984 vivus
2011 931 2232 990 nomine
2253 937 2453 992 mortui
2485 938 2817 1011 tingebatur.
2851 943 3008 1004 Unde
3053 953 3286 1024 subjecit
3313 974 3326 1011 :
3367 957 3439 1014 Ut

1824 1023 1950 1094 quid
1968 1035 2013 1080 et
2032 1025 2362 1099 baptizanlur
2390 1049 2485 1104 pro
2506 1035 2652 1092 illis?
2673 1038 2940 1113 Exemplo
2969 1044 3072 1103 hoc
3093 1023 3200 1106 non
3231 1053 3438 1114 factum

1825 1117 2046 1176 illorum
2078 1123 2295 1194 probat,
2328 1127 2424 1185 sed
2469 1130 2631 1187 lixam
2674 1132 2835 1192 iidem
2874 1137 2927 1194 in
2977 1147 3436 1205 resurrectionem

1824 1218 2088 1276 ostendit.

1901 1313 2060 1388 164
2086 1316 2269 1388 (Vers.
2302 1321 2393 1392 30,
2439 1325 2554 1398 51.)
2589 1327 2660 1384 Ut
2684 1332 2812 1400 quid
2845 1345 2892 1389 et
2936 1353 3029 1392 nos
3077 1342 3440 1410 periclitantur

1821 1410 1963 1462 omni
1989 1409 2161 1467 hora?
2183 1414 2427 1480 Quotidie
2465 1423 2662 1478 morior
2708 1443 2804 1496 pro
2833 1430 3004 1499 gloria
3048 1447 3249 1506 vestra,
3281 1457 3437 1510 quam

1822 1497 1983 1557 habeo
2012 1503 2066 1558 in
2093 1503 2338 1564 Domino.
2368 1509 2648 1570 Dicendo:
2688 1517 2755 1573 Ut
2795 1497 2923 1591 quid
2953 1534 2999 1578 et
3024 1543 3118 1583 nos
3165 1497 3436 1601 periclitao

1820 1596 2268 1658 muridiscrevit
2317 1620 2602 1675 personas,
2626 1614 2923 1674 ostendens
2968 1637 3082 1679 non
3128 1627 3437 1690 catholicos

1820 1700 1964 1754 esse,
1995 1692 2089 1762 qtti
2137 1709 2237 1764 pro
2264 1701 2497 1756 mortuis
2527 1702 2972 1774 baptizabantur.
2993 1715 3240 1790 Denique
3271 1738 3436 1795 supra

1821 1779 1960 1837 dixit
1992 1800 2006 1838 :
2033 1783 2103 1840 Ut
2144 1791 2270 1858 quid
2315 1802 2364 1846 et
2391 1795 2728 1866 baptizaretur
2755 1820 2850 1873 pro
2883 1807 2992 1864 illis
3013 1811 3039 1864 ?
3092 1779 3440 1887 Numquid

1745 1885 1793 1946 Β
1822 1874 2150 1945 baptizamur
2181 1901 2276 1954 pro
2317 1887 2464 1943 illis?
2490 1889 2625 1947 Nam
2677 1904 2733 1951 et
2767 1896 2985 1971 Iephte,
3025 1915 3047 1944 ο
3080 1874 3330 1978 quamvis
3379 1915 3437 1971 in

1821 1986 1906 2038 re,
1938 1988 2060 2044 qua:
2089 1988 2312 2050 accepta
2331 1982 2448 2039 lieri
2466 2001 2574 2041 non
2604 2001 2809 2058 posset,
2835 1994 3015 2054 ﬁdelis
3043 2001 3296 2062 inventus
3328 2017 3435 2077 est,

1821 2065 2060 2126 oli'erens
2087 2070 2258 2130 ﬁliam
2303 2091 2458 2134 suam
2503 2085 2805 2143 secundum
2836 2100 3023 2150 votum
3075 2111 3255 2165 suum,
3289 2105 3436 2173 quod

1819 2161 1983 2218 stulte
2004 2177 2228 2222 voverat
2259 2168 2465 2240 (Judic.
2511 2191 2588 2242 ιι,
2623 2178 2738 2252 59),
2773 2197 2878 2239 non
2909 2202 3041 2258 ergo
3080 2161 3278 2250 factum
3306 2161 3435 2266 pro-

1819 2252 1998 2323 batur,
2029 2258 2124 2313 sed
2180 2269 2592 2331 perseverantia
2643 2272 2767 2329 ﬁdei
2816 2275 2871 2332 in
2929 2252 3238 2354 ericmplum
3290 2252 3434 2359 pra:-

1817 2345 2008 2404 lertur.
2063 2350 2483 2414 Praedicantium
2517 2363 2756 2430 pericula
2808 2377 2864 2423 et
2903 2345 3122 2430 labores
3164 2345 3437 2439 memorat

1817 2436 2006 2498 dicens
2055 2462 2068 2498 :
2116 2446 2260 2514 Quid
2308 2461 2356 2506 et
2408 2469 2501 2509 nos
2537 2458 2937 2525 periclitamur?
2966 2475 3018 2522 et
3071 2471 3426 2544 subauditur;

1816 2533 1923 2590 nisi
1958 2538 2084 2608 quia
2139 2557 2426 2614 speramus
2471 2549 2705 2610 futuram
2758 2562 3247 2634 resurrectionem,
3286 2569 3432 2627 sicut

1813 2643 1980 2702 supra
2032 2649 2320 2697 memorat.
2373 2642 2563 2701 Securi
2597 2651 2743 2706 enim
2776 2656 2900 2724 quia
2933 2667 3057 2728 post
3086 2662 3246 2718 istaut
3276 2682 3429 2723 mor-

1813 2736 1926 2784 tem
1945 2744 2074 2786 vera
2102 2732 2213 2789 vita
2236 2747 2514 2808 sequetur,
2537 2745 2777 2813 pericula
2810 2765 2915 2806 non
2963 2754 3154 2811 timent
3187 2759 3334 2816 illata
3359 2764 3430 2819 ab

1808 2820 2144 2896 inﬁdelibus,
2180 2842 2410 2902 propter
2439 2835 2618 2892 zelum
2645 2839 2887 2911 illorum,
2919 2861 3058 2917 quos
3087 2852 3213 2920 quia
3247 2857 3432 2913 credi-

1809 2913 2008 2972 derunt
2056 2933 2118 2975 se
2173 2923 2498 2993 perdidisse,
2531 2927 2739 2987 dolent.
2798 2913 3238 3000 Sollicitudinem
3296 2963 3426 3021 ergo

1807 3023 1964 3066 suam
1994 3014 2256 3086 ostendit,
2285 3034 2446 3090 quam
2495 3021 2730 3082 habebat
2761 3043 2888 3102 erga
2912 3033 3144 3093 salutem
3176 3039 3422 3111 illorum,

1807 3112 2031 3175 propter
2087 3107 2321 3178 gloriam
2372 3115 2697 3182 promissam
2749 3135 2780 3175 a
2826 3123 3082 3197 Domino,
3109 3130 3252 3187 sicut
3281 3144 3333 3190 et
3370 3136 3422 3192 in

1806 3193 1953 3268 Lege
1996 3198 2200 3256 dictum
2241 3213 2363 3259 est:
2407 3204 2605 3264 Exalta
2649 3212 2779 3267 sicut
2810 3216 2936 3271 tuba
2975 3235 3149 3276 vocem
3176 3235 3353 3294 tuam;
3379 3233 3426 3285 si

1813 3296 1858 3343 te
1883 3290 2170 3360 audierint,
2193 3295 2478 3354 lucraberis
2495 3304 2929 3364 animasillorum
2960 3313 3190 3385 (Ezeclt.
3224 3335 3420 3387 xxxiii,

1805 3381 1886 3453 5).
1921 3383 2001 3440 Ad
2019 3385 2122 3441 hoc
2144 3386 2440 3447 festinabat
2463 3394 2766 3465 Apostolus
2801 3381 3021 3476 semper
3046 3409 3334 3480 sollicitus,
3362 3381 3423 3471 ui

1801 3474 1973 3546 gloria
2023 3479 2104 3535 illi
2138 3497 2416 3543 cresceret
2465 3491 2609 3561 apud
2666 3493 2833 3553 Deum
2887 3503 3167 3574 acquisita:
3227 3509 3419 3568 salutis

1805 3569 2128 3629 multorum.

1874 3661 2198 3741 (Vers.32.)
2233 3670 2296 3727 Si
2345 3677 2628 3733 secundum
2679 3683 2939 3742 hominem
2985 3692 3054 3744 ad
3097 3693 3283 3751 bestias
3319 3716 3416 3768 pit-

1798 3758 1955 3826 gnavi
1982 3757 2202 3831 Ephesi,
2220 3766 2353 3844 quid
2379 3770 2508 3824 mihi
2536 3775 2765 3842 prodest,
2787 3779 2834 3832 si
2876 3785 3067 3837 mortui
3092 3802 3193 3840 non
3235 3757 3409 3843 resur-

1799 3857 1930 3918 gunt
1952 3850 1978 3904 ?
2004 3851 2120 3910 Hoc
2157 3848 2333 3926 est,‘si
2362 3865 2668 3922 secundum
2721 3868 3016 3929 humanum
3048 3892 3268 3936 sensum
3297 3883 3411 3954 (qui

1799 3940 1992 4000 videns
2021 3945 2126 4003 hoc
2179 3949 2233 4006 in
2262 3968 2443 4011 rerum
2483 3969 2732 4018 naturam
2784 3980 2890 4022 non
2923 3968 3144 4041 cadere,
3176 3986 3235 4029 ut
3282 3991 3412 4034 caro

1791 4030 1907 4103 jam
1944 4037 2123 4096 soluta
2161 4043 2492 4104 reiormetur
2519 4051 2586 4108 ad
2621 4055 2810 4126 vitam,
2847 4060 3071 4119 minime
3099 4067 3276 4124 credit
3321 4070 3409 4126 l‘u-

1796 4133 1972 4183 turam
2032 4140 2492 4198 resurrectionem
2533 4154 2894 4223 mortuorum)
2924 4154 3114 4214 bestiis
3145 4156 3168 4196 ἀ
3199 4161 3406 4232 oll‘erri,

1796 4224 1937 4279 mori
1967 4240 2075 4282 non
2111 4227 2287 4301 timui,
2319 4234 2457 4291 nihil
2486 4240 2716 4308 profeci.
2743 4243 2852 4302 Sed
2885 4263 2992 4305 non
3015 4250 3118 4308 hoc
3142 4263 3248 4323 est,
3281 4258 3408 4329 quia

1795 4326 1982 4374 certus
2010 4319 2081 4376 de
2110 4326 2381 4393 promissa
2412 4331 2546 4399 vita,
2581 4350 2690 4391 non
2721 4339 2897 4396 solum
2926 4358 3033 4400 non
3067 4347 3282 4417 timuit;
3310 4354 3407 4409 sed

1794 4419 1852 4466 et
1895 4411 2132 4472 libenter
2180 4419 2372 4477 bestiis
2400 4425 2587 4483 otIerri
2633 4443 2694 4487 se
2724 4447 2916 4504 passus
2958 4448 3064 4508 est,
3095 4442 3237 4499 sicut
3265 4446 3408 4504 inter

1793 4516 1997 4566 caetera
2023 4513 2102 4568 ait
2145 4514 2199 4570 in
2243 4517 2475 4576 Actibus
2517 4528 2895 4594 apostolorum
2935 4534 3087 4609 :Ego
3128 4541 3263 4594 enim
3305 4559 3408 4599 non

1791 4601 1960 4657 solum
1987 4605 2164 4677 ligari,
2191 4611 2282 4663 sed
2311 4621 2360 4666 et
2387 4615 2520 4669 mori
2559 4631 2775 4688 paratus
2802 4641 2919 4679 sum
2949 4629 3001 4682 in
3022 4601 3403 4706 'Hierosolgmu

91 4679 429 4727 communem
480 4688 734 4742 sensum;
786 4692 896 4733 non
941 4687 1122 4736 tamen
1166 4697 1230 4738 ea
1276 4683 1394 4756 ipsa
1446 4703 1512 4743 ex
1568 4690 1687 4760 ipso
1713 4683 1890 4765 Dpro
1913 4699 2120 4756 nomine
2146 4701 2363 4759 Domini
2405 4705 2533 4762 Jesu
2562 4709 2757 4769 Christi
2785 4717 2927 4789 (Act.
2953 4738 3070 4793 XXI,
3106 4727 3218 4798 15).

92 4773 205 4798 περ
260 4764 368 4798 ειμι
411 4782 530 4798 mm.
577 4769 711 4798 ,ιι-,ει
748 4788 760 4798 .
791 4771 980 4798 n-.-.:_
1021 4776 1072 4798 ξ--
1114 4778 1336 4798 “meum
1364 4796 1371 4798 _
1399 4781 1412 4798 1
1448 4797 1491 4798 η
1532 4784 1567 4798 ν.
1649 4786 1661 4797 .
1879 4788 1921 4798 .-
2021 4791 2030 4798 .
2379 4797 2385 4798 ,

92 4773 228 4818 esse.
260 4764 370 4821 Sed
410 4782 531 4824 cum
576 4769 714 4826 dixit
747 4788 760 4826 :
790 4771 980 4828 Omnia
1018 4776 1074 4830 in
1105 4778 1374 4843 omnibus;
1398 4781 1502 4838 hoc
1521 4784 1692 4856 signi-

91 4847 284 4924 ﬁcavit,
314 4860 439 4929 quia
469 4870 525 4917 et
553 4878 623 4917 ex
652 4863 770 4935 ipso
789 4873 938 4934 sunt,
963 4877 1018 4923 et
1041 4868 1094 4924 in
1122 4871 1256 4941 ipsis
1281 4882 1405 4930 est:
1437 4891 1505 4932 ex
1535 4877 1687 4947 ipso;

89 4947 204 5014 quia
237 4951 305 5004 ab
357 4953 474 5023 ipso
503 4964 685 5012 creata
719 4968 892 5015 sunt:
930 4960 984 5015 in
1036 4961 1172 5032 ipsis
1211 4976 1428 5035 autem;
1465 4970 1593 5041 quia
1631 4972 1684 5027 in

88 5040 321 5097 omnium
351 5047 701 5106 confessione
747 5067 887 5108 unus
914 5063 998 5110 est
1021 5055 1185 5113 Deus.
1232 5059 1353 5116 Non
1380 5071 1560 5121 tamen
1605 5065 1686 5122 sic

88 5132 363 5204 subjicitur
389 5139 565 5196 Filius
590 5144 756 5212 Patri,
789 5147 930 5203 sicut
959 5148 1098 5207 Filio
1119 5163 1394 5211 creatura.

152 5229 331 5302 (γεγε.
375 5234 491 5308 29.)
514 5239 760 5310 Alioquin
806 5243 933 5313 quid
974 5248 1192 5317 facient,
1221 5251 1310 5319 qui
1353 5251 1680 5324 baptisantur

86 5339 172 5391 pro
200 5330 441 5398 mortuis,
465 5334 506 5386 si
530 5335 739 5389 omnino
763 5341 959 5394 mortui
982 5358 1086 5397 non
1111 5348 1430 5419 resurgunt?
1458 5347 1528 5403 Ut
1551 5349 1680 5420 quid

88 5423 130 5470 et
155 5417 480 5489 baptizantur
509 5443 602 5497 pro
630 5428 777 5485 illis?
803 5431 861 5487 In
884 5441 1093 5492 tantum
1123 5417 1297 5495 ratam
1343 5417 1677 5502 etstabilem

153 5542 176 5570 ει
216 5536 416 5624 Eadem
444 5541 599 5611 edit.,
631 5556 835 5624 prapter
862 5551 1130 5624 univocam
1153 5557 1530 5624 auctoritatem,
1571 5571 1678 5619 etc.

87 5601 333 5695 Secnundo
355 5623 536 5669 autem
587 5601 750 5674 versu
788 5601 1077 5692 illegitvins:
1091 5625 1282 5695 Corb.,
1313 5601 1606 5688 sublimitas
1637 5643 1685 5690 et

89 5677 383 5750 ine/j‘abilis,
412 5695 522 5741 etc.

152 5745 401 5871 :Codei
450 5757 639 5828 Corb.,
684 5765 914 5823 timentes
963 5785 1026 5825 ne
1072 5780 1162 5826 aut
1218 5773 1360 5829 mala
1417 5777 1680 5848 stt/ferret,

152 5835 196 5871 ι.
229 5833 335 5871 etc-
555 5840 592 5871 ο

93 5832 196 5887 aut,
229 5833 335 5879 etc.
555 5840 592 5874 ο

156 5901 179 5931 ε
219 5892 351 5953 Mss.
381 5897 586 5971 Laud.,
613 5909 844 5976 quamvis
885 5912 940 5967 in
984 5915 1164 5984 requie
1190 5927 1400 5994 accepto
1427 5921 1555 5992 ferri
1582 5938 1684 5978 non

650 6002 938 6071 Psrnon.
989 6009 1201 6076 XVII.

1864 4788 2264 4861 Manducemus,
2295 4806 2343 4850 et
2367 4797 2632 4870 bibamus;
2654 4823 2770 4863 cras
2808 4814 2942 4868 enim
2969 4819 3265 4876 moriemur.
3287 4822 3402 4880 Hoc

1789 4879 1859 4936 ab
1881 4881 2042 4938 Esaia
2073 4886 2339 4958 propheta
2369 4891 2576 4950 dictum
2609 4907 2693 4954 est
2720 4915 2946 4976 propter
2965 4907 3088 4978 hos,
3120 4915 3212 4983 qui
3244 4917 3400 4984 quasi

1789 4975 1926 5032 nihil
1983 4980 2222 5037 futurum
2278 4995 2426 5042 esset
2479 5000 2603 5060 post
2654 4975 2914 5067 mortem,
2953 4975 3154 5060 ventri-
3188 4975 3396 5065 tantum

1784 5069 2080 5128 studebant
2127 5079 2402 5146 quomodo
2435 5097 2633 5152 pecora
2665 5087 2837 5160 (Esai.
2865 5109 3002 5161 xxii,
3036 5097 3148 5169 15),
3178 5100 3318 5156 sicut
3343 5110 3400 5159 ct

1783 5162 1820 5218 ii
1858 5164 1949 5235 qui
1976 5165 2294 5228 Corinthios
2318 5174 2710 5248 depravabant.

1855 5257 2038 5330 (Vers.
2062 5261 2181 5335 55.)
2212 5263 2397 5324 Nolite
2421 5273 2631 5342 seduci,
2661 5293 3004 5355 corrumpunt
3034 5303 3201 5343 mores
3237 5289 3398 5349 bonos

1781 5352 2039 5426 colloquia
2088 5360 2247 5416 mala.
2295 5361 2582 5439 Significat
2625 5352 3072 5436 confabulatione
3121 5384 3392 5445 malorum

1782 5447 2063 5508 hominum
2096 5463 2118 5491 ο
2164 5461 2337 5516 everti
2384 5478 2543 5534 posse
2583 5466 2786 5526 bonum
2829 5475 3204 5545 propositum;
3249 5485 3391 5539 assi-

1789 5568 1974 5653 possit,
2000 5569 2194 5642 Corb.,
2236 5582 2470 5648 quamvis
2514 5584 2569 5638 in
2610 5587 2824 5657 reliquis
2869 5605 3083 5666 accepta
3125 5600 3242 5669 ﬁeri
3292 5622 3395 5665 non

1785 5652 1973 5709 possit.

1860 5709 1887 5748 ά
1934 5714 2213 5805 ‘Nonnulli
2245 5736 2404 5805 mss,
2435 5724 2747 5805 oﬂ'erri_n_on
2803 5732 2990 5805 timui;
3029 5749 3085 5796 at
3110 5742 3274 5801 Corb.
3310 5757 3396 5804 too

2429 5785 2728 5884 contrahit,
2755 5785 2934 5871 oﬂ'erri
2955 5785 3274 5884 non-timus;
3304 5785 3395 5877 $34

1788 5862 1838 5908 et
1867 5855 2081 5936 libenter
2105 5860 2282 5936 bestiis
2305 5879 2359 5916 se
2382 5882 2565 5932 passus
2590 5881 2688 5936 est,
2716 5855 2834 5930 ἐίὲ.

1868 5935 1891 5962 e
1933 5926 2093 5987 Rom.
2123 5932 2285 6002 edit.,
2310 5926 2470 5992 everti
2499 5953 2651 6008 posse
2675 5926 2947 6006 bonorum
2977 5957 3320 6030 propositum.
3381 5965 3396 5973 ’

2946 6052 2986 6112 9
