3978 6310
553 276 658 333 9.67

557 489 624 544 ab
666 489 749 542 his
779 484 1100 540 cavendum.
1132 485 1473 555 Quicumque
1502 481 1646 540 enim
1679 495 1960 550 acceptam
2001 482 2160 536 [idem

545 580 825 636 custodire
852 578 984 642 vult,
1018 577 1253 632 maxime
1281 579 1423 633 inter
1453 578 1569 645 ipsa
1601 577 1752 632 initia
1783 577 2162 650 obstrepentes

551 675 712 731 debet
735 675 936 738 vitare;
969 681 1025 728 ut
1053 673 1298 742 impleat,
1329 671 1476 742 quod
1504 671 1638 726 utile
1662 670 1942 742 judicavit.

623 769 804 842 (Vers.
839 767 958 838 54.)
1003 766 1252 840 Vigilate,
1280 766 1414 840 justi
1445 774 1624 830 estote,
1658 777 1705 820 et
1735 767 1896 820 nolite
1927 780 2156 836 peccare.

545 866 892 938 Vigilandum
925 873 1134 932 monet,
1173 879 1240 920 ne
1279 861 1748 918 circumventione
1787 861 1936 932 pravi
1967 874 2160 916 sensus

546 963 720 1032 capti,
751 971 805 1016 et
833 977 860 1014 a
896 959 1004 1015 lide
1031 957 1251 1014 abducti
1281 956 1670 1028 depraventur,
1701 965 2040 1014 mortuorum
2077 971 2162 1010 re-

545 1055 949 1110 surrectionem
980 1067 1090 1106 non
1115 1050 1410 1107 credendo.
1439 1049 1626 1106 Justus
1647 1065 1772 1106 esse
1798 1049 2078 1120 prmeepit,
2103 1055 2162 1103 ut

545 1161 656 1201 non
678 1147 854 1200 solum
885 1155 1155 1198 terrenam
1177 1142 1441 1213 justitiam
1467 1143 1736 1208 excolunt,
1767 1142 1860 1196 sed
1887 1153 1940 1197 et
1969 1142 2160 1196 coales-

545 1249 691 1306 tem;
738 1240 866 1310 quia
897 1248 1114 1294 terrena
1139 1238 1347 1308 justitia
1380 1239 1633 1293 meritum
1679 1254 1788 1294 non
1834 1237 1988 1304 facit,
2021 1239 2163 1292 sicut

546 1343 604 1391 et
651 1348 758 1390 non
801 1331 931 1388 facit
973 1347 1146 1388 reum.
1191 1331 1326 1400 Quid
1368 1336 1512 1386 enim
1557 1347 1810 1404 magnum
1857 1340 1944 1386 est
1983 1331 2158 1385 aliena

547 1442 660 1482 non
705 1426 920 1490 tollere,
955 1435 980 1462 η
1006 1427 1205 1496 quippe
1232 1439 1354 1478 cum
1385 1423 1489 1478 hoc
1515 1424 1726 1478 timoris
1755 1423 1864 1478 sit?
1903 1422 2158 1494 Magnum

547 1528 633 1576 est
669 1526 849 1574 autem
881 1519 950 1575 de
991 1519 1212 1588 proprio
1251 1532 1361 1572 non
1401 1517 1620 1572 habenti
1667 1515 1894 1588 largiri,
1933 1519 2047 1570 ltu‘c
2077 1527 2160 1570 est

546 1629 674 1670 vera
703 1614 935 1684 justitia.
973 1613 1037 1668 Et
1069 1623 1130 1668 ut
1161 1628 1267 1668 non
1307 1620 1568 1682 peccent,
1599 1611 1869 1682 subjecit;
1905 1609 2046 1664 unde
2081 1611 2160 1662 in-

545 1707 714 1778 telligi
741 1707 907 1761 voluit
935 1722 1040 1761 non
1065 1721 1122 1759 se
1148 1703 1419 1776 justitiam
1450 1705 1804 1774 temporalem
1832 1701 2158 1758 servandam

1519 271 1613 330 AD
1650 269 1880 328 OPERA
1920 271 2168 330 SANCTI
2211 271 2532 334 AMBROSII
2587 277 2955 336 APPENDIX.
3751 288 3830 346 268

549 395 729 450 duitas
754 389 898 446 enim
929 389 1082 458 pravi
1107 387 1364 460 colloquii
1387 387 1542 444 vitiat
1569 399 1830 455 mentem,
1853 405 1914 444 ac
1941 405 2036 460 per
2059 387 2161 446 hoc
2191 391 2240 452 Α

2338 391 2518 460 (\‘ers.
2549 393 2666 464 59.)
2701 393 2818 448 Non
2851 395 3016 452 omnis
3043 409 3186 460 caro,
3225 396 3408 452 eadem
3439 411 3564 450 caro
3587 411 3608 450 :
3657 399 3738 452 sed
3755 403 3834 456 alia

2263 485 2466 556 quidem
2491 486 2736 554 hominis,
2765 488 2871 542 alia
2894 503 3010 542 vero
3033 491 3232 558 pecoris
3258 506 3276 544 :
3299 491 3406 546 alia
3420 507 3544 546 caro
3562 495 3833 562 volatiliaui,

2265 578 2369 632 alia
2399 595 2522 632 caro
2559 581 2798 652 piscium.
2841 579 2974 636 Cum
3009 598 3074 636 ex
3101 581 3296 638 eadem
3327 598 3512 652 massa
3539 589 3710 642 omnis
3733 603 3835 644 caro

2265 672 2368 736 sit;
2405 673 2548 728 unde
2573 683 2626 728 et
2657 675 2930 744 quomodo
2964 675 3016 730 iu
3049 675 3132 730 his
3163 685 3312 738 tanta
3344 677 3640 734 diversitas
3661 689 3768 749 est,
3793 691 3836 738 t

2267 779 2372 818 una
2403 763 2650 835 impensa
2687 767 2888 822 laceret
2931 783 3134 840 genera
3173 769 3441 824 diversa?
3495 775 3686 832 Dicant
3721 791 3836 834 nunc

2264 858 2521 930 sophista
2573 861 2760 918 mundi
2792 872 2848 920 et
2873 875 3214 926 scrutatores
3239 868 3484 938 siderum
3509 912 3526 940 η
3575 871 3624 926 si
3685 871 3834 928 valeat

2265 951 2734 1022 comprehendere
2763 971 2886 1026 qua:
2912 967 3074 1012 extra
3101 974 3160 1014 se
3186 969 3320 1024 sunt,
3340 1002 3356 1026 ,
3401 977 3528 1018 cum
3557 963 3688 1034 quid
3725 969 3834 1022 intra

2265 1059 2322 1100 se
2341 1043 2432 1110 sit,
2465 1045 2734 1102 nesciant.
2764 1048 3008 1120 Denique
3036 1067 3228 1106 omnes
3255 1054 3517 1114 mundani
3539 1055 3833 1128 philosophi,

2265 1141 2354 1212 qui
2389 1151 2626 1198 mentem
2656 1157 2808 1198 suam
2845 1144 2948 1214 legi
2979 1145 3072 1200 Dei
3104 1144 3392 1204 humiliare
3419 1191 3432 1213 ,
3469 1163 3524 1204 ut
3557 1151 3712 1208 [idem
3741 1153 3832 1222 ejus

2263 1233 2646 1302 susciperent,
2679 1235 2995 1300 noluerunt,
3021 1237 3236 1294 diversa
3258 1254 3482 1310 semper
3511 1250 3566 1298 et
3593 1243 3834 1298 Contraria

2263 1337 2576 1382 asserentes
2599 1370 2613 1393 ,
2657 1329 2992 1384 inanissimis
3025 1331 3488 1402 diSputationibus
3533 1337 3754 1394 invicem
3790 1355 3836 1396 se

2264 1422 2664 1490 confuderunt;
2703 1423 2722 1461 τ
2753 1425 2877 1494 quia
2912 1427 2962 1478 in
2993 1426 3142 1482 nullo
3171 1429 3366 1484 horum
3397 1430 3696 1488 testiﬁcata:
3721 1435 3836 1489 rui~

2267 1515 2390 1570 tatis
2417 1517 2627 1586 signum
2657 1517 2901 1586 agiiitum
2927 1526 3010 1576 est
3035 1559 3050 1582 ,
3099 1520 3245 1590 quod
3283 1525 3654 1594 antepositam
3681 1528 3836 1582 verbis

2263 1609 2675 1666 commendaret
2703 1610 3010 1666 doctrinam
3033 1653 3046 1674 ,
3073 1613 3214 1668 sicut
3239 1625 3290 1670 et
3325 1615 3470 1672 Deus
3517 1617 3750 1676 decrevit
3771 1619 3836 1676 di-

2263 1703 2510 1772 sciplinze
2551 1715 2776 1772 nostra},
2811 1721 2934 1776 qua:
2969 1723 3074 1760 non
3107 1708 3288 1764 verbis
3319 1711 3604 1780 probatur,
3627 1713 3718 1770 sed
3745 1716 3834 1770 vir-

545 1799 854 1864 mandasse,
889 1800 982 1854 sed
1008 1799 1278 1862 divinam;
1305 1800 1428 1868 quia
1459 1797 1552 1869 qui
1578 1798 1858 1853 caelestem
1887 1796 2152 1866 justitiam
2185 1799 2234 1858 B
2263 1801 2374 1848 tute
2401 1837 2416 1861 ,
2449 1796 2534 1850 οιιί
2571 1811 2676 1851 non
2709 1808 2937 1866 possunt
2963 1799 3125 1854 verba
3169 1802 3452 1857 resistere.
3507 1804 3838 1872 Quemadmo-

547 1903 750 1958 servat,
778 1893 896 1947 sine
917 1893 1086 1948 dubio
1112 1891 1140 1930 ι)
1174 1893 1224 1946 iu
1252 1891 1353 1946 hac
1381 1891 1638 1961 praesenti
1668 1890 1938 1960 perlectus
1963 1898 2065 1944 est.

621 1989 988 2060 Ignorantia»:
1017 1988 1154 2042 enim
1185 1985 1282 2040 Dei
1309 1987 1523 2058 quidam
1553 1985 1740 2040 habent
1761 2030 1773 2052 ,
1808 1985 1876 2039 ad
1907 1999 2156 2040 verecun-

546 2082 688 2137 diam
737 2081 880 2138 vobis
917 2081 1122 2154 loquor.
1177 2081 1519 2150 Propositum
1570 2079 1664 2134 Dei
1717 2079 2028 2150 ignorantes
2075 2077 2152 2145 ii,

547 2189 570 2216 ε
605 2179 694 2250 qui
743 2179 884 2232 inter
925 2193 1020 2233 eos
1076 2176 1562 2242 convertebantur,
1609 2181 1855 2230 mortuos
1911 2187 2156 2227 resurre-

542 2283 731 2326 cturos
762 2270 990 2326 stultum
1014 2283 1136 2326 esse
1166 2269 1422 2324 dicebant
1451 2268 1700 2324 credere.
1740 2267 1868 2322 ldeo
1895 2265 2154 2337 pudorem

541 2363 652 2418 illis
701 2364 894 2418 incutit
940 2362 1097 2433 quasi
1149 2360 1622 2430 imprudentibus;
1666 2359 1962 2414 credebant
2007 2359 2154 2412 enim

542 2455 645 2522 eis,
681 2456 770 2526 qui
812 2453 1176 2526 ignorantiam
1224 2452 1318 2508 Dei
1357 2451 1640 2518 habentes,
1671 2461 1862 2506 contra
1907 2450 1998 2504 Dei
2045 2459 2158 2504 sta-

544 2559 658 2606 tuta
688 2551 980 2606 docebant.

617 2645 798 2714 (Vers.
831 2645 950 2714 55.)
989 2644 1096 2700 Sed
1135 2643 1272 2698 dicet
1311 2643 1546 2712 aliquis:
1583 2641 2034 2708 Quemadmodum
2077 2657 2157 2694 re-

543 2745 758 2809 surgent
801 2737 1038 2790 mortui?
1087 2735 1264 2802 Quare
1311 2749 1532 2802 corpore
1577 2731 1814 2786 renient?
1865 2731 1976 2786 Hos
2023 2731 2158 2784 dixit

543 2833 908 2902 ignorantiam
943 2829 1039 2884 Dei
1075 2827 1298 2892 habere,
1330 2841 1558 2896 quorum
1589 2825 1904 2894 depravat-.1:
1935 2833 2159 2880 senten-

545 2928 634 2982 tia:
665 2927 824 2981 verba
856 2923 1114 2996 protulit,
1145 2921 1334 2977 dicens
1365 2939 1378 2976 :
1413 2919 1864 2986 Quemadmodum
1891 2931 2158 2992 rcsurgent

545 3021 780 3075 mortui?
803 3033 966 3089 quoue
995 3031 1214 3088 corpore
1243 3015 1486 3070 venient?
1512 3013 1608 3069 Cui
1651 3028 1890 3084 congrue
1929 3029 2158 3084 l‘eSpOﬂ-

546 3115 630 3172 dit
652 3158 666 3180 ,
699 3115 889 3170 dicens
923 3131 935 3168 :

2259 1887 2388 1942 dum
2413 1905 2542 1960 ergo
2563 1905 2636 1944 ex
2667 1905 2770 1946 una
2799 1893 3046 1960 impensa
3077 1893 3298 1950 diversa
3345 1899 3698 1954 animantium
3727 1916 3834 1956 caro

2259 1991 2342 2036 est
2365 1997 2378 2046 ;
2414 1981 2484 2036 ita
2508 1993 2560 2038 et
2591 1983 2754 2038 unius
2778 1985 2964 2039 carnis
2982 1985 3256 2052 homines,
3277 1985 3482 2044 diversi
3509 1999 3664 2048 erunt
3683 1990 3834 2064 digni-

2259 2083 2370 2132 tate
2399 2077 2451 2130 in
2475 2077 2916 2145 resurrectione;
2954 2089 3008 2134 ut
3045 2081 3166 2136 talis
3187 2084 3564 2152 unusquisque
3584 2097 3832 2157 appareat,

2259 2171 2436 2242 qualis
2460 2173 2622 2228 fuerit
2643 2173 2820 2228 meriti
2851 2192 2864 2226 :
2897 2175 3098 2246 quippe
3124 2192 3250 2232 cum
3271 2178 3438 2234 etiam
3471 2179 3558 2236 hic
3584 2181 3836 2238 diversita~

2265 2273 2374 2319 tem
2404 2279 2698 2336 corporum
2729 2267 3032 2323 videamus.

2334 2356 2518 2430 (Vers.
2549 2359 2665 2430 40.)
2719 2358 2784 2414 Et
2811 2377 3030 2432 corpora
3076 2363 3300 2418 (celestia
3329 2407 3342 2431 ,
3387 2375 3436 2420 et
3469 2383 3680 2440 corpora
3699 2379 3836 2423 terre-

2259 2449 2408 2515 stria,
2435 2449 2526 2504 sed
2547 2452 2652 2506 alia
2673 2453 2877 2524 quidem
2890 2456 3166 2510 caelestium
3189 2457 3376 2529 gloria,
3399 2459 3508 2514 alia
3525 2471 3688 2520 autem
3699 2471 3832 2516 tem-

2261 2545 2468 2598 striam.
2487 2545 2742 2600 lecstia
2756 2562 2984 2618 corpora
3002 2559 3128 2603 sunt
3143 2553 3574 2622 resurgentium,
3589 2555 3831 2609 terrestria

2263 2647 2445 2696 autem
2474 2649 2764 2710 antequam
2801 2642 3126 2710 moriantur,
3173 2653 3266 2696 aut
3297 2653 3620 2715 resurgant;
3649 2655 3700 2700 ut
3727 2645 3830 2717 quia

2263 2735 2518 2790 Christus
2548 2736 2794 2792 caelestis
2820 2746 2932 2804 est,
2964 2752 3030 2792 ex
3064 2755 3129 2794 eo
3155 2753 3388 2809 corpora
3412 2741 3652 2796 cmlestia
3677 2741 3832 2795 dicaa-

2265 2835 2388 2884 tur:
2421 2845 2486 2884 ex
2512 2829 2686 2884 Adam
2720 2845 2846 2885 vero
2873 2873 2886 2890 ,
2929 2831 3056 2902 quia
3107 2834 3388 2890 terrestris
3419 2843 3506 2892 est
3537 2873 3550 2900 ,
3584 2835 3828 2890 terrestria

2265 2938 2524 2992 corpora.

2340 3016 2524 3090 (Vers.
2551 3015 2670 3087 41.)
2701 3027 2725 3063 8
2757 3017 2873 3071 Alia
2899 3017 3112 3072 claritas
3141 3019 3264 3073 solis
3291 3061 3305 3084 ,
3335 3020 3444 3074 alia
3467 3021 3668 3074 claritas
3693 3019 3826 3082 luna.

2265 3121 2312 3166 et
2344 3111 2450 3164 alia
2479 3111 2689 3164 claritas
2709 3111 2980 3166 stellarum
3003 3129 3022 3177 ;
3070 3111 3222 3166 stella
3251 3113 3392 3166 enim
3418 3113 3481 3168 ab
3519 3114 3660 3168 stella
3681 3109 3828 3178 ἀίξαι

618 3209 800 3278 (Vcrs.
830 3207 950 3277 36.)
996 3205 1199 3272 Stulte,
1242 3213 1295 3257 tu
1323 3203 1462 3276 quod
1490 3203 1748 3270 seminus,
1785 3219 1885 3257 non
1925 3203 2151 3270 viviﬁca-
2183 3199 2228 3260 C
2263 3205 2317 3258 in
2337 3205 2592 3258 claritate.
2621 3204 2789 3260 Unius
2821 3213 3032 3259 natura:
3063 3208 3476 3274 comparatione
3503 3207 3664 3261 utitur
3679 3205 3738 3258 ad
3765 3206 3830 3258 in-

547 3316 652 3370 tur,
697 3305 798 3358 nisi
846 3304 994 3375 prius
1033 3301 1322 3356 moriatur?
1355 3299 1488 3355 Cum
1530 3299 1750 3354 animali
1797 3298 2018 3353 homine
2051 3313 2156 3352 non

551 3403 736 3471 utique
767 3397 928 3468 Legis
955 3397 1281 3452 auctoritate
1313 3395 1420 3466 agit
1447 3411 1462 3461 ;
1507 3404 1562 3448 ut
1601 3393 1865 3464 exemplis
1893 3391 2118 3446 suadeat
2139 3434 2154 3458 ,

551 3509 672 3566 quae
701 3495 744 3548 si
777 3491 1064 3562 reciperet,
1097 3505 1204 3544 non
1237 3499 1448 3544 erraret
1483 3505 1494 3540 :
1534 3485 1628 3542 sed
1665 3485 1886 3556 physica
1922 3485 2154 3548 ratione,

550 3587 617 3644 de
653 3601 755 3657 qua
787 3585 888 3640 sibi
936 3582 1233 3650 blanditur,
1274 3591 1330 3636 ut
1373 3597 1478 3636 non
1521 3580 1708 3635 credat
1750 3593 2034 3648 resurgere
2071 3591 2159 3632 so-

549 3683 663 3738 luta
705 3689 760 3736 et
801 3689 1014 3734 mortua
1053 3691 1305 3748 corpora.
1334 3675 1591 3731 Ostendit
1623 3673 1766 3729 enim
1799 3681 2012 3728 mortua
2043 3687 2160 3726 rur-

549 3791 669 3834 sum
701 3775 939 3845 reparari
972 3771 1042 3827 ad
1075 3770 1272 3837 vitam,
1315 3779 1370 3824 et
1407 3767 1797 3839 multiplicata;
1831 3773 1884 3819 ut
1931 3763 2160 3820 confun-

549 3871 709 3927 datur
736 3883 895 3923 error
925 3867 1219 3922 humanus.

621 3963 802 4036 (Vers.
835 3963 927 4029 57,
956 3962 1074 4030 58.)
1095 3957 1174 4012 οΕι
1201 3957 1327 4029 quid
1355 3955 1620 4010 seminus?
1652 3953 1776 4008 Non
1805 3969 1994 4024 corpus
2021 3951 2159 4020 quod

540 4057 786 4127 futurum
819 4063 923 4117 est,
965 4053 1186 4106 seminus
1217 4065 1232 4104 :
1262 4049 1352 4103 sed
1403 4049 1601 4102 nudum
1638 4063 1882 4118 granum,
1931 4055 1986 4099 ut
2036 4053 2162 4113 puta

553 4150 743 4217 tritici,
783 4157 870 4202 aut
913 4147 1142 4218 alicujus
1193 4145 1498 4198 cieterornm
1545 4158 1562 4196 :
1605 4139 1744 4194 Deus
1789 4149 1956 4194 autem
2003 4139 2160 4212 165

555 4243 634 4297 illi
683 4242 772 4294 dat
817 4254 1042 4308 corpus,
1091 4245 1244 4306 prout
1283 4235 1388 4287 vult
1433 4250 1450 4287 :
1497 4243 1546 4287 et
1591 4233 1864 4302 unicuique
1910 4235 2162 4284 seminum

559 4339 830 4410 praprinm
866 4351 1076 4405 corpus.
1118 4331 1174 4387 Si
1213 4327 1400 4401 ergo.‘l
1443 4329 1645 4384 nudum
1673 4343 1901 4399 granum
1931 4327 2164 4380 semina-

561 4443 670 4500 tur,
727 4439 781 4486 ει
821 4429 915 4484 Dei
959 4436 1092 4482 nutu
1134 4423 1536 4496 quodammodo
1567 4423 1960 4478 elementorum
2005 4419 2164 4474 mini-

563 4525 731 4583 sterio
763 4523 1018 4579 vestitum
1049 4518 1308 4588 resurgit,
1341 4517 1509 4572 multa
1534 4531 1718 4572 secum
1753 4515 1959 4569 habens
1989 4515 2166 4569 incre-

2265 3299 2520 3354 discreta:
2544 3299 2864 3354 subsmntia:
2890 3299 3220 3354 reddendam
3253 3299 3552 3366 rationem;
3581 3301 3692 3370 quia
3712 3299 3828 3354 sicut

2267 3391 2429 3448 solet
2459 3393 2582 3448 luna
2606 3403 2659 3447 et
2689 3393 2858 3448 stella:
2885 3408 3007 3450 eum
3040 3394 3152 3448 sint
3181 3395 3342 3449 unius
3379 3395 3596 3468 quidem
3627 3404 3824 3456 natura,

2267 3487 2499 3542 diversa:
2539 3497 2718 3544 tamen
2769 3489 3038 3544 claritatis
3070 3499 3197 3544 sunt
3226 3507 3240 3543 :
3291 3489 3364 3544 ita
3390 3501 3445 3546 et
3471 3490 3702 3544 homines
3727 3503 3824 3542 cum

2267 3581 2382 3636 sint
2411 3580 2570 3638 unius
2597 3582 2836 3652 generis,
2869 3581 3061 3636 merito
3095 3591 3276 3638 tamen
3305 3582 3598 3638 dissimiles
3625 3581 3824 3638 eruntin

2267 3673 2476 3744 gloria;
2507 3683 2560 3728 ut
2583 3673 2820 3732 claritati
2859 3675 2992 3729 solis
3021 3675 3234 3730 illorum
3267 3675 3508 3750 dignitas
3533 3683 3824 3744 exaequetur.

2269 3765 2364 3837 qui
2402 3769 2760 3823 centesimum
2815 3784 3098 3824 numerurm
3145 3769 3344 3826 habent
3369 3811 3386 3836 ,
3425 3770 3518 3840 qui
3559 3779 3618 3830 ut.
3642 3765 3826 3844 perfer-ti

2269 3869 2456 3915 essent
2477 3902 2493 3928 ,
2519 3862 2681 3932 primi
2705 3861 2906 3931 gradus
2936 3863 3116 3917 aemuli
3148 3864 3363 3917 luerunt
3389 3904 3406 3930 ,
3458 3862 3526 3917 de
3555 3861 3732 3932 quibus
3757 3857 3826 3910 di-

2270 3963 2417 4009 ctum
2436 3964 2551 4010 est:
2575 3953 2721 4008 Tunc
2727 3954 2864 4028 justi
2890 3953 3162 4030 fulgebunt
3183 3955 3316 4009 sicut
3342 3955 3422 4010 sol
3441 3955 3496 4008 in
3523 3969 3664 4026 regno
3685 3949 3826 4004 Pan-is

2267 4047 2352 4102 sui
2401 4045 2639 4118 (Matth.
2665 4062 2796 4114 xm,
2839 4045 2974 4116 45).
3023 4047 3222 4102 Lunari
3273 4047 3490 4118 quidem
3541 4044 3744 4101 claritati
3785 4041 3826 4094 hi

2271 4141 2628 4214 comparandi
2653 4149 2804 4206 sunt,
2834 4143 2924 4212 qui
2947 4141 3346 4212 sexagesimum
3385 4156 3661 4196 numerum
3697 4137 3827 4190 bonis

2269 4232 2529 4302 operibus
2557 4231 2784 4286 mercati
2813 4243 2968 4297 sunt;
3007 4239 3066 4285 ut
3103 4230 3328 4286 secundi
3369 4230 3572 4302 gradus
3611 4227 3824 4283 meritum

2277 4327 2556 4382 haberent.
2608 4325 2794 4382 Stellis
2839 4335 3018 4381 autem
3051 4324 3378 4380 clarioribus
3433 4338 3618 4380 eorum
3665 4318 3828 4374 merita

2271 4420 2639 4491 comparanda
2663 4429 2809 4484 sunt,
2842 4419 2930 4490 qui
2969 4419 3307 4488 trigesimum
3353 4433 3668 4479 numerum,
3705 4410 3826 4466 tertii

2272 4514 2474 4585 gradus
2502 4512 2819 4582 dignitatem
2871 4511 3033 4577 justis
3075 4509 3354 4566 labaribus
3381 4512 3715 4582 qumsierunt.
3749 4505 3830 4559 Se-

562 4626 743 4674 meuta
773 4613 1020 4670 utilitatis
1057 4613 1336 4676 humanm;
1377 4625 1476 4665 cur
1513 4625 1620 4664 non
1658 4607 1922 4663 credibile
1960 4607 2031 4661 sit
2069 4607 2160 4662 Dei
2193 4604 2245 4664 D
2271 4607 2566 4679 quentibus
2597 4619 2732 4660 vero
2766 4603 2973 4671 stellis,
3026 4619 3149 4674 quae
3179 4604 3322 4660 inter
3365 4603 3546 4658 claras
3577 4613 3628 4659 et
3667 4600 3831 4656 obscu-

565 4713 770 4768 virtute
801 4717 1072 4762 montium
1103 4719 1264 4775 posse
1301 4718 1608 4774 resurgere,
1641 4701 1922 4756 meliorata
1955 4709 2162 4754 tantum

558 4803 880 4863 substantia,
923 4816 1028 4854 non
1076 4813 1306 4853 numero
1351 4795 1810 4866 multiplicatum?
1849 4794 1985 4863 Quid
2030 4809 2164 4865 ergo

559 4901 856 4973 requiritur
899 4897 966 4951 ab
1010 4894 1247 4960 infideli,
1279 4908 1385 4963 quo
1415 4907 1643 4962 corpore
1685 4900 1972 4960 resurgant
2013 4905 2162 4945 mor-

557 4997 634 5054 tui
657 5039 672 5064 ,
705 5006 730 5033 ο
775 5009 902 5050 cum
932 4989 1178 5058 exeu‘tpla
1216 4987 1526 5058 prtecedant
1557 4986 1622 5040 ad
1667 4986 1828 5041 [idem
1861 4986 1999 5040 hanc
2047 5001 2160 5041 tue-

554 5095 764 5150 lioratm
793 5080 1232 5146 resurrectionis,
1262 5095 1368 5134 non
1397 5081 1613 5134 amissae
1641 5079 1994 5134 substantize?
2021 5079 2158 5146 Quia

559 5184 834 5257 proprium
865 5191 1064 5246 corpus
1103 5170 1360 5242 recipiet,
1389 5171 1441 5226 in
1472 5187 1577 5242 quo
1603 5181 1822 5242 creatus
1847 5183 1926 5228 ρει
1961 5172 2158 5239 Adam,

554 5281 708 5351 juxta
725 5273 978 5346 exempla
1002 5283 1171 5340 supra
1193 5267 1358 5323 dicta.

629 5435 650 5458 u
693 5418 854 5476 θοι-ι),
889 5414 1082 5476 codex,
1117 5409 1310 5480 quippe
1340 5421 1478 5480 cum
1504 5422 1604 5459 non
1630 5415 1814 5480 temere
1834 5405 1912 5480 fit.

625 5491 654 5530 ιδ
693 5493 818 5545 Mss.
851 5485 1020 5543 Laud.
1050 5491 1105 5536 et
1130 5476 1300 5543 'Va'll.,
1333 5476 1386 5530 in
1418 5477 1514 5530 hac
1535 5477 1772 5544 prwsenti
1805 5479 1928 5531 vita.

633 5574 654 5600 ε
702 5563 856 5618 llom.
887 5559 1045 5618 edit.,
1079 5553 1166 5625 qui
1189 5552 1323 5625 inter
1347 5565 1432 5602 eos
1457 5547 1915 5625 contionabamur.

628 5631 654 5668 ἀ
693 5633 872 5687 Codex
895 5620 1376 5692 Corb.,'proprium
1404 5636 1590 5688 corpus
1621 5620 1940 5692 seminatur:
1970 5623 2164 5692 statim.

559 5720 688 5761 vero
727 5711 846 5771 post
873 5697 1070 5756 Laud..
1093 5691 1188 5771 pro
1211 5695 1572 5750 elementorum
1605 5691 1904 5756 ministerio,
1927 5691 2155 5747 exhibet

553 5768 830 5832 electorum
853 5768 1154 5824 ministerio.

627 5855 648 5886 ο
693 5845 815 5902 Vet.
843 5839 975 5900 edit.
999 5849 1056 5894 et
1082 5850 1213 5894 mss.
1236 5833 1325 5893 hie
1349 5849 1416 5894 eo
1443 5833 1732 5904 dissident,
1763 5835 1918 5907 quod
1937 5835 1989 5891 hi
2010 5851 2150 5908 prim

2275 4702 2452 4756 riores
2479 4699 2672 4756 mediae
2720 4708 2886 4766 sunt,
2933 4708 3250 4774 peccatores
3285 4698 3536 4755 homines
3581 4692 3830 4766 coaptandi

2277 4803 2423 4862 sunt,
2455 4795 2544 4865 qui
2574 4794 2643 4849 de
2667 4792 2840 4848 tribus
2883 4792 3084 4847 nullius
3113 4790 3314 4864 gradus
3348 4792 3576 4864 adipisci
3607 4793 3828 4844 honorem

2271 4888 2582 4943 voluerunt.
2607 4885 2844 4941 Ti-tricis
2865 4894 3046 4940 autem
3073 4885 3246 4940 stellis
3265 4927 3278 4948 ,
3301 4892 3358 4940 ct.
3382 4887 3618 4940 omnium
3641 4877 3832 4937 novissio

2275 4983 2400 5046 mis,
2425 4980 2754 5051 perﬁdorum
2780 4979 3110 5034 resurrectio
3136 4979 3329 5033 similis
3348 4987 3460 5045 est;
3483 4980 3603 5050 quia
3624 4986 3828 5032 errorem

2275 5076 2491 5138 secuti,
2539 5073 2714 5128 stellis
2755 5073 2808 5126 in
2847 5087 3093 5128 errorem
3143 5071 3475 5127 ducentibus
3517 5063 3830 5140 comparandi

2273 5181 2419 5236 sunt,
2452 5172 2592 5228 sicut
2613 5170 2748 5225 dicit
2772 5169 2827 5222 in
2853 5169 3094 5239 Epistula
3115 5183 3210 5223 sua
3229 5168 3395 5224 Judas
3421 5161 3828 5239 apostolusllud-

2273 5283 2292 5320 ι
2314 5309 2326 5332 ,
2361 5267 2472 5337 15).
2508 5265 2806 5320 lnl‘idelitas
2834 5266 2980 5319 enim
3013 5279 3118 5318 non
3151 5275 3328 5334 potest
3356 5263 3562 5320 claram
3591 5269 3828 5316 resurrec-

2271 5407 2490 5474 cedant,
2542 5408 2650 5462 illa:
2705 5407 2990 5475 pradicant
3019 5423 3130 5478 pra:
3159 5423 3218 5464 se
3247 5407 3460 5476 ferunt;
3507 5420 3562 5464 at
3585 5409 3727 5478 Rata.
3754 5401 3834 5478 _sic

2275 5479 2478 5552 habet,
2528 5497 2640 5552 cum
2681 5479 2915 5548 exempla
2971 5475 3362 5534 resurrectionis
3401 5475 3832 5552 prwdicaiitﬁdtm

2273 5549 2409 5604 hanc
2437 5550 2724 5605 meliorum:
2741 5593 2756 5618 ,
2789 5567 2890 5605 non
2907 5555 3112 5606 amissw
3131 5549 3452 5608 substantite.

2353 5620 2372 5658 ί
2415 5623 2545 5676 Cod.
2577 5622 2774 5688 Laud.,
2828 5625 2952 5692 quia
2993 5625 3046 5677 in
3089 5624 3234 5677 nulla
3283 5627 3468 5680 horum
3521 5618 3836 5692 testiﬁcatione

2268 5695 2500 5748 ueritatis
2527 5696 2750 5764 signum,
2785 5703 2891 5748 etc.

2345 5764 2570 5840 ECedex
2602 5767 2788 5840 liora,
2824 5766 2942 5820 Alia
2973 5767 3140 5838 gloria
3161 5768 3304 5835 solis,
3337 5769 3442 5840 alia
3470 5767 3626 5840 gloria
3650 5765 3832 5818 ιω...

2271 5831 2448 5902 differt
2477 5837 2528 5890 in
2559 5836 2748 5910 gloria.
2973 5831 2994 5838 ⁷
3291 5831 3300 5835 ⁷
3367 5831 3402 5862 ⁸
