  <div class='ocr_page' id='page_1' title='image "/cluster/home/n/w/nwhite01/storage/ocr_20150623/17/hvd.32044015471329/140.png"; bbox 0 0 3978 6310; ppageno 0'>
   <div class='ocr_carea' id='block_1_1' title="bbox 154 309 260 367">
    <p class='ocr_par' dir='ltr' id='par_1_1' title="bbox 154 309 260 367">
     <span class='ocr_line' id='line_1_1' title="bbox 154 309 260 367; baseline 0.038 -4"><span class='ocrx_word' id='word_1_1' title='bbox 154 309 260 367; x_wconf 83' lang='lat'><strong>269</strong></span> 
     </span>
    </p>
   </div>
   <div class='ocr_carea' id='block_1_2' title="bbox 951 311 2648 377">
    <p class='ocr_par' dir='ltr' id='par_1_2' title="bbox 951 311 2648 377">
     <span class='ocr_line' id='line_1_2' title="bbox 951 311 2648 377; baseline 0.002 -6"><span class='ocrx_word' id='word_1_2' title='bbox 951 311 1451 372; x_wconf 75' lang='lat' dir='ltr'><strong>COMMENTARIA</strong></span> <span class='ocrx_word' id='word_1_3' title='bbox 1485 313 1554 370; x_wconf 82' lang='lat' dir='ltr'><strong>IN</strong></span> <span class='ocrx_word' id='word_1_4' title='bbox 1592 314 1816 372; x_wconf 82' lang='lat' dir='ltr'><strong>EPIST.</strong></span> <span class='ocrx_word' id='word_1_5' title='bbox 1858 315 1950 371; x_wconf 78' lang='lat' dir='ltr'><strong>All</strong></span> <span class='ocrx_word' id='word_1_6' title='bbox 1987 315 2316 372; x_wconf 64' lang='lat' dir='ltr'><strong>CORINTH.</strong></span> <span class='ocrx_word' id='word_1_7' title='bbox 2359 318 2648 377; x_wconf 82' lang='lat' dir='ltr'><strong>PRIMAM.</strong></span> 
     </span>
    </p>
   </div>
   <div class='ocr_carea' id='block_1_3' title="bbox 3351 327 3460 386">
    <p class='ocr_par' dir='ltr' id='par_1_3' title="bbox 3351 327 3460 386">
     <span class='ocr_line' id='line_1_3' title="bbox 3351 327 3460 386; baseline 0.018 -2"><span class='ocrx_word' id='word_1_8' title='bbox 3351 327 3460 386; x_wconf 78' lang='lat'><strong>270</strong></span> 
     </span>
    </p>
   </div>
   <div class='ocr_carea' id='block_1_4' title="bbox 151 427 3458 510">
    <p class='ocr_par' dir='ltr' id='par_1_4' title="bbox 151 427 3458 510">
     <span class='ocr_line' id='line_1_4' title="bbox 151 427 3458 510; baseline 0.008 -30"><span class='ocrx_word' id='word_1_9' title='bbox 151 429 359 482; x_wconf 85' lang='lat' dir='ltr'><strong>tionem</strong></span> <span class='ocrx_word' id='word_1_10' title='bbox 391 427 595 485; x_wconf 86' lang='lat' dir='ltr'><strong>habere</strong></span> <span class='ocrx_word' id='word_1_11' title='bbox 620 444 634 493; x_wconf 93' lang='lat'><strong>;</strong></span> <span class='ocrx_word' id='word_1_12' title='bbox 669 429 790 500; x_wconf 83' lang='lat' dir='ltr'><strong>quia</strong></span> <span class='ocrx_word' id='word_1_13' title='bbox 813 429 955 484; x_wconf 92' lang='lat' dir='ltr'><strong>sicut</strong></span> <span class='ocrx_word' id='word_1_14' title='bbox 984 430 1152 484; x_wconf 98' lang='lat' dir='ltr'><strong>carbo</strong></span> <span class='ocrx_word' id='word_1_15' title='bbox 1178 430 1365 484; x_wconf 90' lang='lat' dir='ltr'><strong>cinere</strong></span> <span class='ocrx_word' id='word_1_16' title='bbox 1396 445 1494 485; x_wconf 92' lang='lat' dir='ltr'><strong>suo</strong></span> <span class='ocrx_word' id='word_1_17' title='bbox 1525 445 1755 501; x_wconf 87' lang='lat' dir='ltr'><strong>coopcr-</strong></span> <span class='ocrx_word' id='word_1_18' title='bbox 1781 437 1836 497; x_wconf 80' lang='grc' dir='ltr'><strong>Α</strong></span> <span class='ocrx_word' id='word_1_19' title='bbox 1860 433 2117 488; x_wconf 90' lang='lat' dir='ltr'><strong>mortales</strong></span> <span class='ocrx_word' id='word_1_20' title='bbox 2140 444 2264 489; x_wconf 91' lang='lat' dir='ltr'><strong>sunt</strong></span> <span class='ocrx_word' id='word_1_21' title='bbox 2292 446 2348 491; x_wconf 88' lang='lat' dir='ltr'><strong>et</strong></span> <span class='ocrx_word' id='word_1_22' title='bbox 2371 440 2569 493; x_wconf 91' lang='lat' dir='ltr'><strong>terreni</strong></span> <span class='ocrx_word' id='word_1_23' title='bbox 2599 457 2610 493; x_wconf 89' lang='lat'>:</span> <span class='ocrx_word' id='word_1_24' title='bbox 2647 453 2879 510; x_wconf 83' lang='lat' dir='ltr'><strong>peccans</strong></span> <span class='ocrx_word' id='word_1_25' title='bbox 2903 450 3085 498; x_wconf 90' lang='lat' dir='ltr'><strong>autem</strong></span> <span class='ocrx_word' id='word_1_26' title='bbox 3113 443 3284 502; x_wconf 87' lang='lat' dir='ltr'><strong>Adam</strong></span> <span class='ocrx_word' id='word_1_27' title='bbox 3314 465 3458 505; x_wconf 91' lang='lat' dir='ltr'><strong>mor-</strong></span> 
     </span>
    </p>
   </div>
   <div class='ocr_carea' id='block_1_5' title="bbox 148 521 1761 592">
    <p class='ocr_par' dir='ltr' id='par_1_5' title="bbox 148 521 1761 592">
     <span class='ocr_line' id='line_1_5' title="bbox 148 521 1761 592; baseline 0.003 -18"><span class='ocrx_word' id='word_1_28' title='bbox 148 530 237 576; x_wconf 90' lang='lat' dir='ltr'><strong>tus</strong></span> <span class='ocrx_word' id='word_1_29' title='bbox 269 521 603 589; x_wconf 73' lang='lat' dir='ltr'><strong>obczecatur,</strong></span> <span class='ocrx_word' id='word_1_30' title='bbox 649 523 719 578; x_wconf 91' lang='lat' dir='ltr'><strong>ita</strong></span> <span class='ocrx_word' id='word_1_31' title='bbox 765 532 821 578; x_wconf 91' lang='lat' dir='ltr'><strong>et</strong></span> <span class='ocrx_word' id='word_1_32' title='bbox 846 523 901 580; x_wconf 92' lang='lat' dir='ltr'><strong>hi</strong></span> <span class='ocrx_word' id='word_1_33' title='bbox 933 533 955 560; x_wconf 73' lang='grc' dir='ltr'><strong>δ</strong></span> <span class='ocrx_word' id='word_1_34' title='bbox 984 524 1210 592; x_wconf 82' lang='lat' dir='ltr'><strong>perﬁdia</strong></span> <span class='ocrx_word' id='word_1_35' title='bbox 1238 539 1333 578; x_wconf 84' lang='lat' dir='ltr'><strong>sua</strong></span> <span class='ocrx_word' id='word_1_36' title='bbox 1361 525 1569 579; x_wconf 91' lang='lat' dir='ltr'><strong>erroris</strong></span> <span class='ocrx_word' id='word_1_37' title='bbox 1613 535 1761 579; x_wconf 90' lang='lat' dir='ltr'><strong>tene-</strong></span> 
     </span>
    </p>
   </div>
   <div class='ocr_carea' id='block_1_6' title="bbox 149 617 1120 685">
    <p class='ocr_par' dir='ltr' id='par_1_6' title="bbox 149 617 1120 685">
     <span class='ocr_line' id='line_1_6' title="bbox 149 617 1120 685; baseline 0.003 -16"><span class='ocrx_word' id='word_1_38' title='bbox 149 617 266 670; x_wconf 90' lang='lat' dir='ltr'><strong>bris</strong></span> <span class='ocrx_word' id='word_1_39' title='bbox 297 617 658 685; x_wconf 89' lang='lat' dir='ltr'><strong>circumdati,</strong></span> <span class='ocrx_word' id='word_1_40' title='bbox 695 619 812 674; x_wconf 89' lang='lat' dir='ltr'><strong>luce</strong></span> <span class='ocrx_word' id='word_1_41' title='bbox 837 619 1120 674; x_wconf 90' lang='lat' dir='ltr'><strong>carebunt.</strong></span> 
     </span>
    </p>
   </div>
   <div class='ocr_carea' id='block_1_7' title="bbox 224 709 1756 782">
    <p class='ocr_par' dir='ltr' id='par_1_7' title="bbox 224 709 1756 782">
     <span class='ocr_line' id='line_1_7' title="bbox 224 709 1756 782; baseline 0.003 -18"><span class='ocrx_word' id='word_1_42' title='bbox 224 709 412 782; x_wconf 89' lang='lat' dir='ltr'><strong>(Vers.</strong></span> <span class='ocrx_word' id='word_1_43' title='bbox 467 709 616 779; x_wconf 74' lang='grc'><strong>42.)</strong></span> <span class='ocrx_word' id='word_1_44' title='bbox 684 710 771 767; x_wconf 90' lang='lat' dir='ltr'><strong>Ita</strong></span> <span class='ocrx_word' id='word_1_45' title='bbox 795 715 890 768; x_wconf 89' lang='lat' dir='ltr'><strong>erit</strong></span> <span class='ocrx_word' id='word_1_46' title='bbox 943 724 989 768; x_wconf 89' lang='lat' dir='ltr'><strong>et</strong></span> <span class='ocrx_word' id='word_1_47' title='bbox 1047 715 1354 770; x_wconf 75' lang='lat' dir='ltr'><strong>resurrectio</strong></span> <span class='ocrx_word' id='word_1_48' title='bbox 1410 726 1756 770; x_wconf 86' lang='lat' dir='ltr'><strong>mortuorum.</strong></span> 
     </span>
    </p>
   </div>
   <div class='ocr_carea' id='block_1_8' title="bbox 149 803 1758 873">
    <p class='ocr_par' dir='ltr' id='par_1_8' title="bbox 149 803 1758 873">
     <span class='ocr_line' id='line_1_8' title="bbox 149 803 1758 873; baseline 0.002 -15"><span class='ocrx_word' id='word_1_49' title='bbox 149 803 570 873; x_wconf 81' lang='lat' dir='ltr'><strong>Exempladat,</strong></span> <span class='ocrx_word' id='word_1_50' title='bbox 625 815 684 862; x_wconf 92' lang='lat' dir='ltr'><strong>ut</strong></span> <span class='ocrx_word' id='word_1_51' title='bbox 734 822 838 862; x_wconf 91' lang='lat' dir='ltr'><strong>non</strong></span> <span class='ocrx_word' id='word_1_52' title='bbox 884 807 950 862; x_wconf 92' lang='lat' dir='ltr'><strong>sit</strong></span> <span class='ocrx_word' id='word_1_53' title='bbox 1001 808 1225 864; x_wconf 90' lang='lat' dir='ltr'><strong>dubium</strong></span> <span class='ocrx_word' id='word_1_54' title='bbox 1291 810 1758 865; x_wconf 89' lang='lat' dir='ltr'><strong>resurrectionem</strong></span> 
     </span>
    </p>
   </div>
   <div class='ocr_carea' id='block_1_9' title="bbox 150 900 1759 972">
    <p class='ocr_par' dir='ltr' id='par_1_9' title="bbox 150 900 1759 972">
     <span class='ocr_line' id='line_1_9' title="bbox 150 900 1759 972; baseline 0.004 -21"><span class='ocrx_word' id='word_1_55' title='bbox 150 907 491 954; x_wconf 86' lang='lat' dir='ltr'><strong>mortuorum</strong></span> <span class='ocrx_word' id='word_1_56' title='bbox 523 900 760 956; x_wconf 87' lang='lat' dir='ltr'><strong>futuram</strong></span> <span class='ocrx_word' id='word_1_57' title='bbox 787 919 800 967; x_wconf 89' lang='lat'><strong>;</strong></span> <span class='ocrx_word' id='word_1_58' title='bbox 834 911 891 956; x_wconf 92' lang='lat' dir='ltr'><strong>ut</strong></span> <span class='ocrx_word' id='word_1_59' title='bbox 917 913 1138 972; x_wconf 85' lang='lat' dir='ltr'><strong>accepta</strong></span> <span class='ocrx_word' id='word_1_60' title='bbox 1176 904 1390 958; x_wconf 90' lang='lat' dir='ltr'><strong>ratione</strong></span> <span class='ocrx_word' id='word_1_61' title='bbox 1415 945 1427 964; x_wconf 88' lang='lat'><strong>.</strong></span> <span class='ocrx_word' id='word_1_62' title='bbox 1456 919 1620 957; x_wconf 90' lang='lat' dir='ltr'><strong>nemo</strong></span> <span class='ocrx_word' id='word_1_63' title='bbox 1645 918 1759 957; x_wconf 88' lang='lat' dir='ltr'><strong>am-</strong></span> 
     </span>
    </p>
   </div>
   <div class='ocr_carea' id='block_1_10' title="bbox 147 991 1755 1068">
    <p class='ocr_par' dir='ltr' id='par_1_10' title="bbox 147 991 1755 1068">
     <span class='ocr_line' id='line_1_10' title="bbox 147 991 1755 1068; baseline 0.002 -20"><span class='ocrx_word' id='word_1_64' title='bbox 147 991 318 1062; x_wconf 83' lang='lat' dir='ltr'><strong>bigat.</strong></span> <span class='ocrx_word' id='word_1_65' title='bbox 349 992 648 1047; x_wconf 85' lang='lat' dir='ltr'><strong>Seminatur</strong></span> <span class='ocrx_word' id='word_1_66' title='bbox 675 995 726 1048; x_wconf 89' lang='lat' dir='ltr'><strong>in</strong></span> <span class='ocrx_word' id='word_1_67' title='bbox 756 997 1077 1068; x_wconf 70' lang='lat' dir='ltr'><strong>corruptela,</strong></span> <span class='ocrx_word' id='word_1_68' title='bbox 1107 1008 1279 1068; x_wconf 89' lang='lat' dir='ltr'><strong>surget</strong></span> <span class='ocrx_word' id='word_1_69' title='bbox 1303 998 1355 1051; x_wconf 88' lang='lat' dir='ltr'><strong>in</strong></span> <span class='ocrx_word' id='word_1_70' title='bbox 1379 997 1755 1067; x_wconf 79' lang='lat' dir='ltr'><strong>incorruptela.</strong></span> 
     </span>
    </p>
   </div>
   <div class='ocr_carea' id='block_1_11' title="bbox 150 1087 1758 1164">
    <p class='ocr_par' dir='ltr' id='par_1_11' title="bbox 150 1087 1758 1164">
     <span class='ocr_line' id='line_1_11' title="bbox 150 1087 1758 1164; baseline 0.004 -23"><span class='ocrx_word' id='word_1_71' title='bbox 150 1087 436 1144; x_wconf 87' lang='lat' dir='ltr'><strong>Seminarc</strong></span> <span class='ocrx_word' id='word_1_72' title='bbox 467 1100 551 1145; x_wconf 83' lang='lat' dir='ltr'><strong>est</strong></span> <span class='ocrx_word' id='word_1_73' title='bbox 576 1092 812 1161; x_wconf 86' lang='lat' dir='ltr'><strong>sepelire</strong></span> <span class='ocrx_word' id='word_1_74' title='bbox 840 1135 852 1157; x_wconf 92' lang='lat'><strong>,</strong></span> <span class='ocrx_word' id='word_1_75' title='bbox 901 1101 959 1146; x_wconf 94' lang='lat' dir='ltr'><strong>nt</strong></span> <span class='ocrx_word' id='word_1_76' title='bbox 999 1103 1424 1161; x_wconf 87' lang='lat' dir='ltr'><strong>corrumpatur:</strong></span> <span class='ocrx_word' id='word_1_77' title='bbox 1475 1108 1758 1164; x_wconf 58' lang='lat' dir='ltr'><strong>res-urgere</strong></span> 
     </span>
    </p>
   </div>
   <div class='ocr_carea' id='block_1_12' title="bbox 146 1181 1760 1256">
    <p class='ocr_par' dir='ltr' id='par_1_12' title="bbox 146 1181 1760 1256">
     <span class='ocr_line' id='line_1_12' title="bbox 146 1181 1760 1256; baseline 0.005 -23"><span class='ocrx_word' id='word_1_78' title='bbox 146 1189 331 1236; x_wconf 90' lang='lat' dir='ltr'><strong>autem</strong></span> <span class='ocrx_word' id='word_1_79' title='bbox 364 1181 418 1235; x_wconf 92' lang='lat' dir='ltr'><strong>in</strong></span> <span class='ocrx_word' id='word_1_80' title='bbox 448 1183 847 1252; x_wconf 86' lang='lat' dir='ltr'><strong>incorruptela,</strong></span> <span class='ocrx_word' id='word_1_81' title='bbox 875 1185 985 1254; x_wconf 85' lang='lat' dir='ltr'><strong>jam</strong></span> <span class='ocrx_word' id='word_1_82' title='bbox 1017 1186 1411 1241; x_wconf 84' lang='lat' dir='ltr'><strong>exsuscitatum</strong></span> <span class='ocrx_word' id='word_1_83' title='bbox 1461 1203 1566 1238; x_wconf 86' lang='lat' dir='ltr'><strong>non</strong></span> <span class='ocrx_word' id='word_1_84' title='bbox 1600 1200 1760 1256; x_wconf 48' lang='lat' dir='ltr'><strong>posse</strong></span> 
     </span>
    </p>
   </div>
   <div class='ocr_carea' id='block_1_13' title="bbox 147 1277 1646 1346">
    <p class='ocr_par' dir='ltr' id='par_1_13' title="bbox 147 1277 1646 1346">
     <span class='ocr_line' id='line_1_13' title="bbox 147 1277 1646 1346; baseline 0.002 -16"><span class='ocrx_word' id='word_1_85' title='bbox 147 1277 428 1346; x_wconf 90' lang='lat' dir='ltr'><strong>corrumpi</strong></span> <span class='ocrx_word' id='word_1_86' title='bbox 462 1320 475 1341; x_wconf 94' lang='lat'><strong>,</strong></span> <span class='ocrx_word' id='word_1_87' title='bbox 509 1278 603 1332; x_wconf 77' lang='lat' dir='ltr'><strong>sed</strong></span> <span class='ocrx_word' id='word_1_88' title='bbox 647 1277 846 1333; x_wconf 87' lang='lat' dir='ltr'><strong>habere</strong></span> <span class='ocrx_word' id='word_1_89' title='bbox 874 1279 1177 1335; x_wconf 74' lang='lat' dir='ltr'><strong>claritatem</strong></span> <span class='ocrx_word' id='word_1_90' title='bbox 1204 1279 1646 1344; x_wconf 84' lang='lat' dir='ltr'><strong>immortalitatis.</strong></span> 
     </span>
    </p>
   </div>
   <div class='ocr_carea' id='block_1_14' title="bbox 220 1369 1752 1447">
    <p class='ocr_par' dir='ltr' id='par_1_14' title="bbox 220 1369 1752 1447">
     <span class='ocr_line' id='line_1_14' title="bbox 220 1369 1752 1447; baseline 0.002 -20"><span class='ocrx_word' id='word_1_91' title='bbox 220 1369 406 1442; x_wconf 79' lang='lat' dir='ltr'><strong>(Vers.</strong></span> <span class='ocrx_word' id='word_1_92' title='bbox 430 1370 547 1443; x_wconf 75' lang='grc'><strong>43.)</strong></span> <span class='ocrx_word' id='word_1_93' title='bbox 573 1372 940 1428; x_wconf 77' lang='lat' dir='ltr'><strong>Sentinaturin</strong></span> <span class='ocrx_word' id='word_1_94' title='bbox 969 1375 1276 1446; x_wconf 77' lang='lat' dir='ltr'><strong>ignominia,</strong></span> <span class='ocrx_word' id='word_1_95' title='bbox 1299 1386 1472 1447; x_wconf 89' lang='lat' dir='ltr'><strong>surget</strong></span> <span class='ocrx_word' id='word_1_96' title='bbox 1495 1376 1752 1447; x_wconf 84' lang='lat' dir='ltr'><strong>ingloria.</strong></span> 
     </span>
    </p>
   </div>
   <div class='ocr_carea' id='block_1_15' title="bbox 149 1461 1755 1541">
    <p class='ocr_par' dir='ltr' id='par_1_15' title="bbox 149 1461 1755 1541">
     <span class='ocr_line' id='line_1_15' title="bbox 149 1461 1755 1541; baseline 0.004 -23"><span class='ocrx_word' id='word_1_97' title='bbox 149 1461 206 1518; x_wconf 87' lang='lat' dir='ltr'><strong>lu</strong></span> <span class='ocrx_word' id='word_1_98' title='bbox 240 1465 540 1534; x_wconf 80' lang='lat' dir='ltr'><strong>ignominia</strong></span> <span class='ocrx_word' id='word_1_99' title='bbox 568 1467 896 1532; x_wconf 88' lang='lat' dir='ltr'><strong>setninatur;</strong></span> <span class='ocrx_word' id='word_1_100' title='bbox 928 1469 1050 1538; x_wconf 87' lang='lat' dir='ltr'><strong>quia</strong></span> <span class='ocrx_word' id='word_1_101' title='bbox 1079 1469 1276 1524; x_wconf 91' lang='lat' dir='ltr'><strong>dumin</strong></span> <span class='ocrx_word' id='word_1_102' title='bbox 1296 1471 1488 1525; x_wconf 91' lang='lat' dir='ltr'><strong>tetrico</strong></span> <span class='ocrx_word' id='word_1_103' title='bbox 1517 1471 1755 1541; x_wconf 80' lang='lat' dir='ltr'><strong>ponitur,</strong></span> 
     </span>
    </p>
   </div>
   <div class='ocr_carea' id='block_1_16' title="bbox 151 1559 1759 1636">
    <p class='ocr_par' dir='ltr' id='par_1_16' title="bbox 151 1559 1759 1636">
     <span class='ocr_line' id='line_1_16' title="bbox 151 1559 1759 1636; baseline 0.004 -23"><span class='ocrx_word' id='word_1_104' title='bbox 151 1559 206 1613; x_wconf 83' lang='lat' dir='ltr'><strong>lit</strong></span> <span class='ocrx_word' id='word_1_105' title='bbox 237 1559 486 1626; x_wconf 80' lang='lat' dir='ltr'><strong>fetidum,</strong></span> <span class='ocrx_word' id='word_1_106' title='bbox 517 1573 569 1616; x_wconf 89' lang='lat' dir='ltr'><strong>et</strong></span> <span class='ocrx_word' id='word_1_107' title='bbox 608 1571 779 1618; x_wconf 76' lang='lat' dir='ltr'><strong>scatet</strong></span> <span class='ocrx_word' id='word_1_108' title='bbox 809 1563 1084 1618; x_wconf 86' lang='lat' dir='ltr'><strong>vermibus</strong></span> <span class='ocrx_word' id='word_1_109' title='bbox 1109 1583 1121 1617; x_wconf 86' lang='lat'>:</span> <span class='ocrx_word' id='word_1_110' title='bbox 1144 1573 1330 1636; x_wconf 78' lang='lat' dir='ltr'><strong>surget</strong></span> <span class='ocrx_word' id='word_1_111' title='bbox 1356 1576 1536 1622; x_wconf 88' lang='lat' dir='ltr'><strong>autem</strong></span> <span class='ocrx_word' id='word_1_112' title='bbox 1565 1564 1617 1619; x_wconf 90' lang='lat' dir='ltr'><strong>in</strong></span> <span class='ocrx_word' id='word_1_113' title='bbox 1643 1565 1759 1634; x_wconf 81' lang='lat' dir='ltr'><strong>glo-</strong></span> 
     </span>
    </p>
   </div>
   <div class='ocr_carea' id='block_1_17' title="bbox 151 1651 1757 1728">
    <p class='ocr_par' dir='ltr' id='par_1_17' title="bbox 151 1651 1757 1728">
     <span class='ocr_line' id='line_1_17' title="bbox 151 1651 1757 1728; baseline 0.004 -23"><span class='ocrx_word' id='word_1_114' title='bbox 151 1651 260 1716; x_wconf 90' lang='lat' dir='ltr'><strong>ria;</strong></span> <span class='ocrx_word' id='word_1_115' title='bbox 281 1655 410 1722; x_wconf 84' lang='lat' dir='ltr'><strong>quia</strong></span> <span class='ocrx_word' id='word_1_116' title='bbox 434 1653 730 1709; x_wconf 80' lang='lat' dir='ltr'><strong>excitatum</strong></span> <span class='ocrx_word' id='word_1_117' title='bbox 750 1664 804 1710; x_wconf 91' lang='lat' dir='ltr'><strong>et</strong></span> <span class='ocrx_word' id='word_1_118' title='bbox 827 1655 1007 1711; x_wconf 90' lang='lat' dir='ltr'><strong>lumen</strong></span> <span class='ocrx_word' id='word_1_119' title='bbox 1035 1658 1163 1722; x_wconf 84' lang='lat' dir='ltr'><strong>erit,</strong></span> <span class='ocrx_word' id='word_1_120' title='bbox 1185 1667 1240 1712; x_wconf 87' lang='lat' dir='ltr'><strong>et</strong></span> <span class='ocrx_word' id='word_1_121' title='bbox 1263 1658 1463 1711; x_wconf 88' lang='lat' dir='ltr'><strong>nullam</strong></span> <span class='ocrx_word' id='word_1_122' title='bbox 1485 1657 1757 1728; x_wconf 74' lang='lat' dir='ltr'><strong>squaloris</strong></span> 
     </span>
    </p>
   </div>
   <div class='ocr_carea' id='block_1_18' title="bbox 153 1744 1756 1822">
    <p class='ocr_par' dir='ltr' id='par_1_18' title="bbox 153 1744 1756 1822">
     <span class='ocr_line' id='line_1_18' title="bbox 153 1744 1756 1822; baseline 0.003 -23"><span class='ocrx_word' id='word_1_123' title='bbox 153 1744 407 1816; x_wconf 85' lang='lat' dir='ltr'><strong>injuriam</strong></span> <span class='ocrx_word' id='word_1_124' title='bbox 436 1747 694 1816; x_wconf 89' lang='lat' dir='ltr'><strong>patietur.</strong></span> <span class='ocrx_word' id='word_1_125' title='bbox 726 1748 1026 1803; x_wconf 86' lang='lat' dir='ltr'><strong>Seminatur</strong></span> <span class='ocrx_word' id='word_1_126' title='bbox 1050 1749 1100 1801; x_wconf 89' lang='lat' dir='ltr'><strong>in</strong></span> <span class='ocrx_word' id='word_1_127' title='bbox 1135 1750 1466 1819; x_wconf 86' lang='lat' dir='ltr'><strong>inﬁrmitate,</strong></span> <span class='ocrx_word' id='word_1_128' title='bbox 1501 1760 1674 1822; x_wconf 77' lang='lat' dir='ltr'><strong>surget</strong></span> <span class='ocrx_word' id='word_1_129' title='bbox 1703 1751 1756 1804; x_wconf 88' lang='lat' dir='ltr'><strong>in</strong></span> 
     </span>
    </p>
   </div>
   <div class='ocr_carea' id='block_1_19' title="bbox 1861 525 3459 614">
    <p class='ocr_par' dir='ltr' id='par_1_19' title="bbox 1861 525 3459 614">
     <span class='ocr_line' id='line_1_19' title="bbox 1861 525 3459 614; baseline 0.011 -34"><span class='ocrx_word' id='word_1_130' title='bbox 1861 535 1969 581; x_wconf 90' lang='lat' dir='ltr'><strong>tem</strong></span> <span class='ocrx_word' id='word_1_131' title='bbox 2001 525 2204 580; x_wconf 89' lang='lat' dir='ltr'><strong>invenit</strong></span> <span class='ocrx_word' id='word_1_132' title='bbox 2231 569 2246 595; x_wconf 95' lang='lat'><strong>,</strong></span> <span class='ocrx_word' id='word_1_133' title='bbox 2282 539 2336 581; x_wconf 93' lang='lat' dir='ltr'><strong>ut</strong></span> <span class='ocrx_word' id='word_1_134' title='bbox 2370 545 2557 585; x_wconf 88' lang='lat' dir='ltr'><strong>omnes</strong></span> <span class='ocrx_word' id='word_1_135' title='bbox 2576 545 2642 585; x_wconf 82' lang='lat' dir='ltr'><strong>ex</strong></span> <span class='ocrx_word' id='word_1_136' title='bbox 2663 547 2728 585; x_wconf 91' lang='lat' dir='ltr'><strong>eo</strong></span> <span class='ocrx_word' id='word_1_137' title='bbox 2753 536 3008 591; x_wconf 82' lang='lat' dir='ltr'><strong>mortales</strong></span> <span class='ocrx_word' id='word_1_138' title='bbox 3032 537 3159 593; x_wconf 85' lang='lat' dir='ltr'><strong>sint.</strong></span> <span class='ocrx_word' id='word_1_139' title='bbox 3189 537 3257 594; x_wconf 86' lang='lat' dir='ltr'><strong>Et</strong></span> <span class='ocrx_word' id='word_1_140' title='bbox 3287 543 3459 614; x_wconf 79' lang='lat' dir='ltr'><strong>qualis</strong></span> 
     </span>
    </p>
   </div>
   <div class='ocr_carea' id='block_1_20' title="bbox 1855 618 3456 704">
    <p class='ocr_par' dir='ltr' id='par_1_20' title="bbox 1855 618 3456 704">
     <span class='ocr_line' id='line_1_20' title="bbox 1855 618 3456 704; baseline 0.012 -32"><span class='ocrx_word' id='word_1_141' title='bbox 1855 618 1949 673; x_wconf 88' lang='lat' dir='ltr'><strong>ille</strong></span> <span class='ocrx_word' id='word_1_142' title='bbox 1975 620 2193 675; x_wconf 72' lang='lat' dir='ltr'><strong>caelestis</strong></span> <span class='ocrx_word' id='word_1_143' title='bbox 2214 661 2228 683; x_wconf 92' lang='lat'><strong>,</strong></span> <span class='ocrx_word' id='word_1_144' title='bbox 2288 621 2415 676; x_wconf 88' lang='lat' dir='ltr'><strong>tales</strong></span> <span class='ocrx_word' id='word_1_145' title='bbox 2443 631 2490 676; x_wconf 80' lang='lat' dir='ltr'><strong>et</strong></span> <span class='ocrx_word' id='word_1_146' title='bbox 2521 625 2747 680; x_wconf 65' lang='lat' dir='ltr'><strong>caelestes</strong></span> <span class='ocrx_word' id='word_1_147' title='bbox 2776 628 2876 682; x_wconf 89' lang='lat' dir='ltr'><strong>sint</strong></span> <span class='ocrx_word' id='word_1_148' title='bbox 2907 645 2925 683; x_wconf 89' lang='lat'><em>:</em></span> <span class='ocrx_word' id='word_1_149' title='bbox 2960 629 3008 683; x_wconf 87' lang='lat' dir='ltr'><strong>id</strong></span> <span class='ocrx_word' id='word_1_150' title='bbox 3051 641 3132 687; x_wconf 89' lang='lat' dir='ltr'><strong>est</strong></span> <span class='ocrx_word' id='word_1_151' title='bbox 3153 633 3274 704; x_wconf 85' lang='lat' dir='ltr'><strong>quia</strong></span> <span class='ocrx_word' id='word_1_152' title='bbox 3302 634 3456 692; x_wconf 88' lang='lat' dir='ltr'><strong>Chri-</strong></span> 
     </span>
    </p>
   </div>
   <div class='ocr_carea' id='block_1_21' title="bbox 1855 715 3456 793">
    <p class='ocr_par' dir='ltr' id='par_1_21' title="bbox 1855 715 3456 793">
     <span class='ocr_line' id='line_1_21' title="bbox 1855 715 3456 793; baseline 0.011 -26"><span class='ocrx_word' id='word_1_153' title='bbox 1855 721 1975 768; x_wconf 87' lang='lat' dir='ltr'><strong>stus</strong></span> <span class='ocrx_word' id='word_1_154' title='bbox 2006 729 2110 768; x_wconf 88' lang='lat' dir='ltr'><strong>non</strong></span> <span class='ocrx_word' id='word_1_155' title='bbox 2139 715 2400 784; x_wconf 83' lang='lat' dir='ltr'><strong>peccavit,</strong></span> <span class='ocrx_word' id='word_1_156' title='bbox 2435 715 2658 772; x_wconf 84' lang='lat' dir='ltr'><strong>vincens</strong></span> <span class='ocrx_word' id='word_1_157' title='bbox 2689 732 2943 790; x_wconf 88' lang='lat' dir='ltr'><strong>mortem,</strong></span> <span class='ocrx_word' id='word_1_158' title='bbox 2968 725 3207 781; x_wconf 69' lang='lat' dir='ltr'><strong>caelestis</strong></span> <span class='ocrx_word' id='word_1_159' title='bbox 3235 736 3352 793; x_wconf 89' lang='lat' dir='ltr'><strong>est;</strong></span> <span class='ocrx_word' id='word_1_160' title='bbox 3383 729 3456 784; x_wconf 88' lang='lat' dir='ltr'><strong>ita</strong></span> 
     </span>
    </p>
   </div>
   <div class='ocr_carea' id='block_1_22' title="bbox 1859 806 3459 894">
    <p class='ocr_par' dir='ltr' id='par_1_22' title="bbox 1859 806 3459 894">
     <span class='ocr_line' id='line_1_22' title="bbox 1859 806 3459 894; baseline 0.01 -33"><span class='ocrx_word' id='word_1_161' title='bbox 1859 806 1968 861; x_wconf 89' lang='lat' dir='ltr'><strong>sint</strong></span> <span class='ocrx_word' id='word_1_162' title='bbox 1995 814 2051 862; x_wconf 92' lang='lat' dir='ltr'><strong>et</strong></span> <span class='ocrx_word' id='word_1_163' title='bbox 2076 807 2365 864; x_wconf 88' lang='lat' dir='ltr'><strong>credentes</strong></span> <span class='ocrx_word' id='word_1_164' title='bbox 2395 809 2506 864; x_wconf 87' lang='lat' dir='ltr'><strong>illi:</strong></span> <span class='ocrx_word' id='word_1_165' title='bbox 2537 814 2781 882; x_wconf 84' lang='lat' dir='ltr'><strong>quamvis</strong></span> <span class='ocrx_word' id='word_1_166' title='bbox 2811 825 2862 869; x_wconf 94' lang='lat' dir='ltr'><strong>et</strong></span> <span class='ocrx_word' id='word_1_167' title='bbox 2889 832 2993 870; x_wconf 88' lang='lat' dir='ltr'><strong>non</strong></span> <span class='ocrx_word' id='word_1_168' title='bbox 3023 818 3310 876; x_wconf 87' lang='lat' dir='ltr'><strong>credentes</strong></span> <span class='ocrx_word' id='word_1_169' title='bbox 3347 823 3459 894; x_wconf 88' lang='lat' dir='ltr'><strong>spi-</strong></span> 
     </span>
    </p>
   </div>
   <div class='ocr_carea' id='block_1_23' title="bbox 1858 900 3458 983">
    <p class='ocr_par' dir='ltr' id='par_1_23' title="bbox 1858 900 3458 983">
     <span class='ocr_line' id='line_1_23' title="bbox 1858 900 3458 983; baseline 0.009 -29"><span class='ocrx_word' id='word_1_170' title='bbox 1858 901 2047 955; x_wconf 91' lang='lat' dir='ltr'><strong>ritales</strong></span> <span class='ocrx_word' id='word_1_171' title='bbox 2065 900 2226 956; x_wconf 87' lang='lat' dir='ltr'><strong>futuri</strong></span> <span class='ocrx_word' id='word_1_172' title='bbox 2249 912 2395 966; x_wconf 89' lang='lat' dir='ltr'><strong>sunt,</strong></span> <span class='ocrx_word' id='word_1_173' title='bbox 2415 902 2509 958; x_wconf 92' lang='lat' dir='ltr'><strong>sed</strong></span> <span class='ocrx_word' id='word_1_174' title='bbox 2524 904 2663 959; x_wconf 89' lang='lat' dir='ltr'><strong>sicut</strong></span> <span class='ocrx_word' id='word_1_175' title='bbox 2685 907 2945 973; x_wconf 75' lang='lat' dir='ltr'><strong>Spirlltllla</strong></span> <span class='ocrx_word' id='word_1_176' title='bbox 2974 913 3254 983; x_wconf 70' lang='lat' dir='ltr'><strong>nequitiae,</strong></span> <span class='ocrx_word' id='word_1_177' title='bbox 3271 923 3327 968; x_wconf 91' lang='lat' dir='ltr'><strong>ut</strong></span> <span class='ocrx_word' id='word_1_178' title='bbox 3347 916 3458 969; x_wconf 89' lang='lat' dir='ltr'><strong>sint</strong></span> 
     </span>
    </p>
   </div>
   <div class='ocr_carea' id='block_1_24' title="bbox 1859 993 3457 1076">
    <p class='ocr_par' dir='ltr' id='par_1_24' title="bbox 1859 993 3457 1076">
     <span class='ocr_line' id='line_1_24' title="bbox 1859 993 3457 1076; baseline 0.009 -28"><span class='ocrx_word' id='word_1_179' title='bbox 1859 993 2155 1049; x_wconf 87' lang='lat' dir='ltr'><strong>tenebrosi.</strong></span> <span class='ocrx_word' id='word_1_180' title='bbox 2188 994 2263 1049; x_wconf 90' lang='lat' dir='ltr'><strong>De</strong></span> <span class='ocrx_word' id='word_1_181' title='bbox 2295 996 2500 1052; x_wconf 89' lang='lat' dir='ltr'><strong>sanctis</strong></span> <span class='ocrx_word' id='word_1_182' title='bbox 2524 997 2669 1052; x_wconf 90' lang='lat' dir='ltr'><strong>enim</strong></span> <span class='ocrx_word' id='word_1_183' title='bbox 2692 1014 2835 1056; x_wconf 92' lang='lat' dir='ltr'><strong>nunc</strong></span> <span class='ocrx_word' id='word_1_184' title='bbox 2863 999 3122 1070; x_wconf 86' lang='lat' dir='ltr'><strong>loquitur,</strong></span> <span class='ocrx_word' id='word_1_185' title='bbox 3151 1005 3242 1076; x_wconf 89' lang='lat' dir='ltr'><strong>qui</strong></span> <span class='ocrx_word' id='word_1_186' title='bbox 3274 1022 3457 1062; x_wconf 87' lang='lat' dir='ltr'><strong>resur-</strong></span> 
     </span>
    </p>
   </div>
   <div class='ocr_carea' id='block_1_25' title="bbox 1860 1087 3455 1171">
    <p class='ocr_par' dir='ltr' id='par_1_25' title="bbox 1860 1087 3455 1171">
     <span class='ocr_line' id='line_1_25' title="bbox 1860 1087 3455 1171; baseline 0.011 -32"><span class='ocrx_word' id='word_1_187' title='bbox 1860 1097 1982 1156; x_wconf 86' lang='lat' dir='ltr'><strong>geut</strong></span> <span class='ocrx_word' id='word_1_188' title='bbox 2005 1087 2071 1141; x_wconf 90' lang='lat' dir='ltr'><strong>ad</strong></span> <span class='ocrx_word' id='word_1_189' title='bbox 2102 1087 2360 1158; x_wconf 81' lang='lat' dir='ltr'><strong>gloriam;</strong></span> <span class='ocrx_word' id='word_1_190' title='bbox 2415 1088 2554 1144; x_wconf 91' lang='lat' dir='ltr'><strong>sicut</strong></span> <span class='ocrx_word' id='word_1_191' title='bbox 2583 1091 2730 1147; x_wconf 90' lang='lat' dir='ltr'><strong>enim</strong></span> <span class='ocrx_word' id='word_1_192' title='bbox 2772 1092 2864 1164; x_wconf 91' lang='lat' dir='ltr'><strong>qui</strong></span> <span class='ocrx_word' id='word_1_193' title='bbox 2896 1109 3002 1149; x_wconf 92' lang='lat' dir='ltr'><strong>non</strong></span> <span class='ocrx_word' id='word_1_194' title='bbox 3031 1098 3258 1153; x_wconf 89' lang='lat' dir='ltr'><strong>credunt</strong></span> <span class='ocrx_word' id='word_1_195' title='bbox 3285 1141 3302 1167; x_wconf 87' lang='lat'><strong>,</strong></span> <span class='ocrx_word' id='word_1_196' title='bbox 3345 1101 3455 1171; x_wconf 90' lang='lat' dir='ltr'><strong>jam</strong></span> 
     </span>
    </p>
   </div>
   <div class='ocr_carea' id='block_1_26' title="bbox 1854 1182 3458 1259">
    <p class='ocr_par' dir='ltr' id='par_1_26' title="bbox 1854 1182 3458 1259">
     <span class='ocr_line' id='line_1_26' title="bbox 1854 1182 3458 1259; baseline 0.009 -24"><span class='ocrx_word' id='word_1_197' title='bbox 1854 1182 2082 1251; x_wconf 86' lang='lat' dir='ltr'><strong>jndicati</strong></span> <span class='ocrx_word' id='word_1_198' title='bbox 2115 1194 2259 1244; x_wconf 86' lang='lat' dir='ltr'><strong>sunt.</strong></span> <span class='ocrx_word' id='word_1_199' title='bbox 2287 1193 2342 1241; x_wconf 93' lang='lat' dir='ltr'><strong>et</strong></span> <span class='ocrx_word' id='word_1_200' title='bbox 2370 1186 2460 1254; x_wconf 91' lang='lat' dir='ltr'><strong>qui</strong></span> <span class='ocrx_word' id='word_1_201' title='bbox 2489 1187 2748 1254; x_wconf 89' lang='lat' dir='ltr'><strong>credunt,</strong></span> <span class='ocrx_word' id='word_1_202' title='bbox 2776 1188 2887 1259; x_wconf 89' lang='lat' dir='ltr'><strong>jam</strong></span> <span class='ocrx_word' id='word_1_203' title='bbox 2919 1191 3171 1248; x_wconf 69' lang='lat' dir='ltr'><strong>cmlestes</strong></span> <span class='ocrx_word' id='word_1_204' title='bbox 3203 1192 3458 1250; x_wconf 88' lang='lat' dir='ltr'><strong>dicuntur</strong></span> 
     </span>
    </p>
   </div>
   <div class='ocr_carea' id='block_1_27' title="bbox 1859 1275 2299 1346">
    <p class='ocr_par' dir='ltr' id='par_1_27' title="bbox 1859 1275 2299 1346">
     <span class='ocr_line' id='line_1_27' title="bbox 1859 1275 2299 1346; baseline 0.014 -19"><span class='ocrx_word' id='word_1_205' title='bbox 1859 1275 2042 1342; x_wconf 85' lang='lat' dir='ltr'><strong>(Joan.</strong></span> <span class='ocrx_word' id='word_1_206' title='bbox 2061 1291 2120 1331; x_wconf 89' lang='lat' dir='ltr'><strong>Ill</strong></span> <span class='ocrx_word' id='word_1_207' title='bbox 2137 1319 2150 1341; x_wconf 92' lang='lat'><strong>,</strong></span> <span class='ocrx_word' id='word_1_208' title='bbox 2184 1276 2299 1346; x_wconf 79' lang='grc'><strong>18).</strong></span> 
     </span>
    </p>
   </div>
   <div class='ocr_carea' id='block_1_28' title="bbox 1935 1367 3463 1452">
    <p class='ocr_par' dir='ltr' id='par_1_28' title="bbox 1935 1367 3463 1452">
     <span class='ocr_line' id='line_1_28' title="bbox 1935 1367 3463 1452; baseline 0.008 -28"><span class='ocrx_word' id='word_1_209' title='bbox 1935 1367 2114 1437; x_wconf 83' lang='lat' dir='ltr'><strong>(Vers.</strong></span> <span class='ocrx_word' id='word_1_210' title='bbox 2147 1368 2264 1439; x_wconf 78' lang='grc'><strong>49.)</strong></span> <span class='ocrx_word' id='word_1_211' title='bbox 2297 1367 2472 1442; x_wconf 86' lang='lat' dir='ltr'><strong>Igitur</strong></span> <span class='ocrx_word' id='word_1_212' title='bbox 2504 1372 2636 1426; x_wconf 91' lang='lat' dir='ltr'><strong>sicut</strong></span> <span class='ocrx_word' id='word_1_213' title='bbox 2658 1375 2972 1442; x_wconf 76' lang='lat' dir='ltr'><strong>portavimus</strong></span> <span class='ocrx_word' id='word_1_214' title='bbox 3001 1377 3280 1452; x_wconf 81' lang='lat' dir='ltr'><strong>imaginem</strong></span> <span class='ocrx_word' id='word_1_215' title='bbox 3318 1382 3463 1436; x_wconf 87' lang='lat' dir='ltr'><strong>illius</strong></span> 
     </span>
    </p>
   </div>
   <div class='ocr_carea' id='block_1_29' title="bbox 1858 1464 3460 1546">
    <p class='ocr_par' dir='ltr' id='par_1_29' title="bbox 1858 1464 3460 1546">
     <span class='ocr_line' id='line_1_29' title="bbox 1858 1464 3460 1546; baseline 0.011 -31"><span class='ocrx_word' id='word_1_216' title='bbox 1858 1464 2077 1528; x_wconf 86' lang='lat' dir='ltr'><strong>terreni,</strong></span> <span class='ocrx_word' id='word_1_217' title='bbox 2101 1475 2360 1535; x_wconf 83' lang='lat' dir='ltr'><strong>portemus</strong></span> <span class='ocrx_word' id='word_1_218' title='bbox 2393 1477 2438 1521; x_wconf 89' lang='lat' dir='ltr'><strong>et</strong></span> <span class='ocrx_word' id='word_1_219' title='bbox 2467 1469 2746 1540; x_wconf 82' lang='lat' dir='ltr'><strong>imaginem</strong></span> <span class='ocrx_word' id='word_1_220' title='bbox 2765 1470 2923 1537; x_wconf 82' lang='lat' dir='ltr'><strong>huius</strong></span> <span class='ocrx_word' id='word_1_221' title='bbox 2948 1472 3164 1528; x_wconf 75' lang='lat' dir='ltr'><strong>caelestis</strong></span> <span class='ocrx_word' id='word_1_222' title='bbox 3188 1493 3206 1530; x_wconf 86' lang='lat'><em>:</em></span> <span class='ocrx_word' id='word_1_223' title='bbox 3233 1475 3335 1532; x_wconf 91' lang='lat' dir='ltr'><strong>hoc</strong></span> <span class='ocrx_word' id='word_1_224' title='bbox 3354 1489 3460 1546; x_wconf 81' lang='lat' dir='ltr'><strong>est,</strong></span> 
     </span>
    </p>
   </div>
   <div class='ocr_carea' id='block_1_30' title="bbox 1859 1556 3462 1642">
    <p class='ocr_par' dir='ltr' id='par_1_30' title="bbox 1859 1556 3462 1642">
     <span class='ocr_line' id='line_1_30' title="bbox 1859 1556 3462 1642; baseline 0.012 -31"><span class='ocrx_word' id='word_1_225' title='bbox 1859 1556 2000 1612; x_wconf 84' lang='lat' dir='ltr'><strong>sicut</strong></span> <span class='ocrx_word' id='word_1_226' title='bbox 2044 1556 2274 1614; x_wconf 88' lang='lat' dir='ltr'><strong>formam</strong></span> <span class='ocrx_word' id='word_1_227' title='bbox 2309 1561 2596 1618; x_wconf 88' lang='lat' dir='ltr'><strong>habuimus</strong></span> <span class='ocrx_word' id='word_1_228' title='bbox 2643 1567 2984 1622; x_wconf 79' lang='lat' dir='ltr'><strong>mortalitatis</strong></span> <span class='ocrx_word' id='word_1_229' title='bbox 3039 1585 3135 1640; x_wconf 89' lang='lat' dir='ltr'><strong>per</strong></span> <span class='ocrx_word' id='word_1_230' title='bbox 3182 1583 3462 1642; x_wconf 88' lang='lat' dir='ltr'><strong>peccatum</strong></span> 
     </span>
    </p>
   </div>
   <div class='ocr_carea' id='block_1_31' title="bbox 1857 1649 3463 1726">
    <p class='ocr_par' dir='ltr' id='par_1_31' title="bbox 1857 1649 3463 1726">
     <span class='ocr_line' id='line_1_31' title="bbox 1857 1649 3463 1726; baseline 0.014 -23"><span class='ocrx_word' id='word_1_231' title='bbox 1857 1649 2020 1716; x_wconf 75' lang='lat' dir='ltr'><strong>Athe,</strong></span> <span class='ocrx_word' id='word_1_232' title='bbox 2054 1653 2199 1707; x_wconf 90' lang='lat' dir='ltr'><strong>servi</strong></span> <span class='ocrx_word' id='word_1_233' title='bbox 2228 1655 2441 1725; x_wconf 85' lang='lat' dir='ltr'><strong>peccati</strong></span> <span class='ocrx_word' id='word_1_234' title='bbox 2475 1655 2600 1712; x_wconf 85' lang='lat' dir='ltr'><strong>facti</strong></span> <span class='ocrx_word' id='word_1_235' title='bbox 2633 1675 2648 1711; x_wconf 90' lang='lat'>:</span> <span class='ocrx_word' id='word_1_236' title='bbox 2678 1659 2746 1712; x_wconf 88' lang='lat' dir='ltr'><strong>ita</strong></span> <span class='ocrx_word' id='word_1_237' title='bbox 2795 1669 2848 1714; x_wconf 91' lang='lat' dir='ltr'><strong>et</strong></span> <span class='ocrx_word' id='word_1_238' title='bbox 2903 1660 3132 1718; x_wconf 88' lang='lat' dir='ltr'><strong>fortnam</strong></span> <span class='ocrx_word' id='word_1_239' title='bbox 3167 1666 3463 1726; x_wconf 83' lang='lat' dir='ltr'><strong>habeamus</strong></span> 
     </span>
    </p>
   </div>
   <div class='ocr_carea' id='block_1_32' title="bbox 1857 1743 3462 1828">
    <p class='ocr_par' dir='ltr' id='par_1_32' title="bbox 1857 1743 3462 1828">
     <span class='ocr_line' id='line_1_32' title="bbox 1857 1743 3462 1828; baseline 0.014 -32"><span class='ocrx_word' id='word_1_240' title='bbox 1857 1743 1984 1797; x_wconf 70' lang='lat' dir='ltr'><strong>vita:</strong></span> <span class='ocrx_word' id='word_1_241' title='bbox 2014 1744 2387 1816; x_wconf 86' lang='lat' dir='ltr'><strong>perjustitiam</strong></span> <span class='ocrx_word' id='word_1_242' title='bbox 2415 1749 2723 1818; x_wconf 89' lang='lat' dir='ltr'><strong>salvatoris,</strong></span> <span class='ocrx_word' id='word_1_243' title='bbox 2760 1751 2884 1808; x_wconf 90' lang='lat' dir='ltr'><strong>facti</strong></span> <span class='ocrx_word' id='word_1_244' title='bbox 2916 1756 3061 1810; x_wconf 89' lang='lat' dir='ltr'><strong>servi</strong></span> <span class='ocrx_word' id='word_1_245' title='bbox 3087 1761 3334 1828; x_wconf 49' lang='lat' dir='ltr'><strong>iustitia;</strong></span> <span class='ocrx_word' id='word_1_246' title='bbox 3353 1777 3462 1818; x_wconf 88' lang='lat' dir='ltr'><strong>non</strong></span> 
     </span>
    </p>
   </div>
   <div class='ocr_carea' id='block_1_33' title="bbox 154 1833 3465 1922">
    <p class='ocr_par' dir='ltr' id='par_1_33' title="bbox 154 1833 3465 1922">
     <span class='ocr_line' id='line_1_33' title="bbox 154 1833 3465 1922; baseline 0.005 -28"><span class='ocrx_word' id='word_1_247' title='bbox 154 1842 352 1895; x_wconf 73' lang='lat' dir='ltr'><strong>uirtute.</strong></span> <span class='ocrx_word' id='word_1_248' title='bbox 387 1840 444 1896; x_wconf 90' lang='lat' dir='ltr'><strong>lu</strong></span> <span class='ocrx_word' id='word_1_249' title='bbox 476 1842 795 1897; x_wconf 82' lang='lat' dir='ltr'><strong>inﬁrmitate</strong></span> <span class='ocrx_word' id='word_1_250' title='bbox 821 1843 1157 1909; x_wconf 86' lang='lat' dir='ltr'><strong>seminatur;</strong></span> <span class='ocrx_word' id='word_1_251' title='bbox 1184 1847 1306 1914; x_wconf 84' lang='lat' dir='ltr'><strong>quia</strong></span> <span class='ocrx_word' id='word_1_252' title='bbox 1341 1844 1619 1900; x_wconf 85' lang='lat' dir='ltr'><strong>immobile</strong></span> <span class='ocrx_word' id='word_1_253' title='bbox 1649 1852 1751 1910; x_wconf 86' lang='lat' dir='ltr'><strong>est,</strong></span> <span class='ocrx_word' id='word_1_254' title='bbox 1783 1833 1830 1893; x_wconf 89' lang='lat' dir='ltr'><strong>B</strong></span> <span class='ocrx_word' id='word_1_255' title='bbox 1861 1837 2078 1902; x_wconf 87' lang='lat' dir='ltr'><strong>mundi,</strong></span> <span class='ocrx_word' id='word_1_256' title='bbox 2112 1839 2206 1894; x_wconf 90' lang='lat' dir='ltr'><strong>sed</strong></span> <span class='ocrx_word' id='word_1_257' title='bbox 2240 1840 2365 1906; x_wconf 86' lang='lat' dir='ltr'><strong>Dei;</strong></span> <span class='ocrx_word' id='word_1_258' title='bbox 2398 1842 2526 1898; x_wconf 81' lang='lat' dir='ltr'><strong>dum</strong></span> <span class='ocrx_word' id='word_1_259' title='bbox 2559 1859 2621 1899; x_wconf 82' lang='lat' dir='ltr'><strong>ea</strong></span> <span class='ocrx_word' id='word_1_260' title='bbox 2651 1846 2885 1918; x_wconf 75' lang='lat' dir='ltr'><strong>agimUS,</strong></span> <span class='ocrx_word' id='word_1_261' title='bbox 2913 1864 3033 1922; x_wconf 70' lang='lat' dir='ltr'><strong>qua:</strong></span> <span class='ocrx_word' id='word_1_262' title='bbox 3059 1851 3465 1912; x_wconf 88' lang='lat' dir='ltr'><strong>immortalitate</strong></span> 
     </span>
    </p>
   </div>
   <div class='ocr_carea' id='block_1_34' title="bbox 156 1935 1748 2009">
    <p class='ocr_par' dir='ltr' id='par_1_34' title="bbox 156 1935 1748 2009">
     <span class='ocr_line' id='line_1_34' title="bbox 156 1935 1748 2009; baseline -0.001 -17"><span class='ocrx_word' id='word_1_263' title='bbox 156 1944 208 1992; x_wconf 89' lang='lat' dir='ltr'><strong>et</strong></span> <span class='ocrx_word' id='word_1_264' title='bbox 233 1935 508 2006; x_wconf 87' lang='lat' dir='ltr'><strong>irregibile</strong></span> <span class='ocrx_word' id='word_1_265' title='bbox 541 1955 552 1991; x_wconf 95' lang='lat'>:</span> <span class='ocrx_word' id='word_1_266' title='bbox 583 1946 764 2006; x_wconf 82' lang='lat' dir='ltr'><strong>surget</strong></span> <span class='ocrx_word' id='word_1_267' title='bbox 790 1945 968 1991; x_wconf 90' lang='lat' dir='ltr'><strong>autem</strong></span> <span class='ocrx_word' id='word_1_268' title='bbox 988 1938 1038 1990; x_wconf 91' lang='lat' dir='ltr'><strong>in</strong></span> <span class='ocrx_word' id='word_1_269' title='bbox 1069 1937 1288 2002; x_wconf 88' lang='lat' dir='ltr'><strong>virtute,</strong></span> <span class='ocrx_word' id='word_1_270' title='bbox 1321 1936 1478 2009; x_wconf 61' lang='grc' dir='ltr'><strong>ιω</strong></span> <span class='ocrx_word' id='word_1_271' title='bbox 1503 1935 1625 2006; x_wconf 90' lang='lat' dir='ltr'><strong>quia</strong></span> <span class='ocrx_word' id='word_1_272' title='bbox 1640 1935 1748 2006; x_wconf 84' lang='lat' dir='ltr'><strong>jam</strong></span> 
     </span>
    </p>
   </div>
   <div class='ocr_carea' id='block_1_35' title="bbox 159 2031 1039 2099">
    <p class='ocr_par' dir='ltr' id='par_1_35' title="bbox 159 2031 1039 2099">
     <span class='ocr_line' id='line_1_35' title="bbox 159 2031 1039 2099; baseline 0.005 -19"><span class='ocrx_word' id='word_1_273' title='bbox 159 2037 320 2082; x_wconf 92' lang='lat' dir='ltr'><strong>totum</strong></span> <span class='ocrx_word' id='word_1_274' title='bbox 347 2044 516 2082; x_wconf 92' lang='lat' dir='ltr'><strong>unum</strong></span> <span class='ocrx_word' id='word_1_275' title='bbox 545 2031 644 2082; x_wconf 90' lang='lat' dir='ltr'><strong>crit</strong></span> <span class='ocrx_word' id='word_1_276' title='bbox 675 2043 737 2082; x_wconf 92' lang='lat' dir='ltr'><strong>ac</strong></span> <span class='ocrx_word' id='word_1_277' title='bbox 771 2038 1039 2099; x_wconf 89' lang='lat' dir='ltr'><strong>vegetum.</strong></span> 
     </span>
    </p>
   </div>
   <div class='ocr_carea' id='block_1_36' title="bbox 225 2119 1750 2194">
    <p class='ocr_par' dir='ltr' id='par_1_36' title="bbox 225 2119 1750 2194">
     <span class='ocr_line' id='line_1_36' title="bbox 225 2119 1750 2194; baseline 0.001 -20"><span class='ocrx_word' id='word_1_278' title='bbox 225 2120 403 2189; x_wconf 69' lang='lat' dir='ltr'><strong>(Vers.</strong></span> <span class='ocrx_word' id='word_1_279' title='bbox 448 2119 566 2193; x_wconf 71' lang='grc' dir='ltr'><strong>Η.)</strong></span> <span class='ocrx_word' id='word_1_280' title='bbox 601 2123 897 2176; x_wconf 62' lang='lat' dir='ltr'><strong>Sentinatur</strong></span> <span class='ocrx_word' id='word_1_281' title='bbox 917 2138 1104 2190; x_wconf 87' lang='lat' dir='ltr'><strong>corpus</strong></span> <span class='ocrx_word' id='word_1_282' title='bbox 1132 2122 1359 2177; x_wconf 85' lang='lat' dir='ltr'><strong>animale</strong></span> <span class='ocrx_word' id='word_1_283' title='bbox 1383 2166 1396 2187; x_wconf 91' lang='lat'><strong>,</strong></span> <span class='ocrx_word' id='word_1_284' title='bbox 1430 2134 1602 2194; x_wconf 78' lang='lat' dir='ltr'><strong>surget</strong></span> <span class='ocrx_word' id='word_1_285' title='bbox 1635 2140 1750 2176; x_wconf 84' lang='lat' dir='ltr'><strong>cor-</strong></span> 
     </span>
    </p>
   </div>
   <div class='ocr_carea' id='block_1_37' title="bbox 163 2216 1742 2288">
    <p class='ocr_par' dir='ltr' id='par_1_37' title="bbox 163 2216 1742 2288">
     <span class='ocr_line' id='line_1_37' title="bbox 163 2216 1742 2288; baseline 0.003 -21"><span class='ocrx_word' id='word_1_286' title='bbox 163 2232 254 2284; x_wconf 89' lang='lat' dir='ltr'><strong>pus</strong></span> <span class='ocrx_word' id='word_1_287' title='bbox 278 2216 533 2284; x_wconf 83' lang='lat' dir='ltr'><strong>spiritale.</strong></span> <span class='ocrx_word' id='word_1_288' title='bbox 591 2216 651 2270; x_wconf 90' lang='lat' dir='ltr'><strong>Si</strong></span> <span class='ocrx_word' id='word_1_289' title='bbox 671 2226 744 2270; x_wconf 88' lang='lat' dir='ltr'><strong>est</strong></span> <span class='ocrx_word' id='word_1_290' title='bbox 766 2233 955 2286; x_wconf 88' lang='lat' dir='ltr'><strong>corpus</strong></span> <span class='ocrx_word' id='word_1_291' title='bbox 983 2218 1210 2272; x_wconf 88' lang='lat' dir='ltr'><strong>animale</strong></span> <span class='ocrx_word' id='word_1_292' title='bbox 1239 2259 1252 2281; x_wconf 92' lang='lat'><strong>,</strong></span> <span class='ocrx_word' id='word_1_293' title='bbox 1307 2228 1378 2272; x_wconf 85' lang='lat' dir='ltr'><strong>est</strong></span> <span class='ocrx_word' id='word_1_294' title='bbox 1406 2229 1451 2271; x_wconf 84' lang='lat' dir='ltr'><strong>et</strong></span> <span class='ocrx_word' id='word_1_295' title='bbox 1483 2219 1742 2288; x_wconf 84' lang='lat' dir='ltr'><strong>spiritale.</strong></span> 
     </span>
    </p>
   </div>
   <div class='ocr_carea' id='block_1_38' title="bbox 169 2310 1746 2379">
    <p class='ocr_par' dir='ltr' id='par_1_38' title="bbox 169 2310 1746 2379">
     <span class='ocr_line' id='line_1_38' title="bbox 169 2310 1746 2379; baseline 0.002 -15"><span class='ocrx_word' id='word_1_296' title='bbox 169 2310 401 2365; x_wconf 81' lang='lat' dir='ltr'><strong>Animale</strong></span> <span class='ocrx_word' id='word_1_297' title='bbox 429 2325 628 2378; x_wconf 87' lang='lat' dir='ltr'><strong>corpus</strong></span> <span class='ocrx_word' id='word_1_298' title='bbox 652 2321 755 2378; x_wconf 90' lang='lat' dir='ltr'><strong>est,</strong></span> <span class='ocrx_word' id='word_1_299' title='bbox 783 2311 909 2365; x_wconf 91' lang='lat' dir='ltr'><strong>dum</strong></span> <span class='ocrx_word' id='word_1_300' title='bbox 937 2312 1075 2367; x_wconf 89' lang='lat' dir='ltr'><strong>cibis</strong></span> <span class='ocrx_word' id='word_1_301' title='bbox 1101 2320 1456 2379; x_wconf 83' lang='lat' dir='ltr'><strong>sustentatur,</strong></span> <span class='ocrx_word' id='word_1_302' title='bbox 1480 2322 1537 2366; x_wconf 92' lang='lat' dir='ltr'><strong>ut</strong></span> <span class='ocrx_word' id='word_1_303' title='bbox 1559 2312 1706 2366; x_wconf 82' lang='lat' dir='ltr'><strong>vivat</strong></span> <span class='ocrx_word' id='word_1_304' title='bbox 1735 2331 1746 2366; x_wconf 90' lang='lat'>:</span> 
     </span>
    </p>
   </div>
   <div class='ocr_carea' id='block_1_39' title="bbox 173 2403 1750 2475">
    <p class='ocr_par' dir='ltr' id='par_1_39' title="bbox 173 2403 1750 2475">
     <span class='ocr_line' id='line_1_39' title="bbox 173 2403 1750 2475; baseline 0.001 -19"><span class='ocrx_word' id='word_1_305' title='bbox 173 2403 400 2472; x_wconf 74' lang='lat' dir='ltr'><strong>Spiritale</strong></span> <span class='ocrx_word' id='word_1_306' title='bbox 427 2412 626 2471; x_wconf 91' lang='lat' dir='ltr'><strong>autem,</strong></span> <span class='ocrx_word' id='word_1_307' title='bbox 659 2418 778 2458; x_wconf 90' lang='lat' dir='ltr'><strong>cum</strong></span> <span class='ocrx_word' id='word_1_308' title='bbox 804 2403 997 2458; x_wconf 91' lang='lat' dir='ltr'><strong>borum</strong></span> <span class='ocrx_word' id='word_1_309' title='bbox 1027 2403 1160 2458; x_wconf 89' lang='lat' dir='ltr'><strong>nihil</strong></span> <span class='ocrx_word' id='word_1_310' title='bbox 1189 2403 1452 2475; x_wconf 81' lang='lat' dir='ltr'><strong>indigebit</strong></span> <span class='ocrx_word' id='word_1_311' title='bbox 1483 2446 1496 2470; x_wconf 90' lang='lat'><strong>,</strong></span> <span class='ocrx_word' id='word_1_312' title='bbox 1527 2419 1750 2459; x_wconf 85' lang='lat' dir='ltr'><strong>conver-</strong></span> 
     </span>
    </p>
   </div>
   <div class='ocr_carea' id='block_1_40' title="bbox 169 2498 1754 2569">
    <p class='ocr_par' dir='ltr' id='par_1_40' title="bbox 169 2498 1754 2569">
     <span class='ocr_line' id='line_1_40' title="bbox 169 2498 1754 2569; baseline 0.001 -18"><span class='ocrx_word' id='word_1_313' title='bbox 169 2510 278 2551; x_wconf 88' lang='lat' dir='ltr'><strong>suut</strong></span> <span class='ocrx_word' id='word_1_314' title='bbox 306 2498 354 2553; x_wconf 93' lang='lat' dir='ltr'><strong>in</strong></span> <span class='ocrx_word' id='word_1_315' title='bbox 389 2500 578 2554; x_wconf 86' lang='lat' dir='ltr'><strong>vitam.</strong></span> <span class='ocrx_word' id='word_1_316' title='bbox 621 2499 811 2554; x_wconf 88' lang='lat' dir='ltr'><strong>Omnia</strong></span> <span class='ocrx_word' id='word_1_317' title='bbox 867 2499 1174 2569; x_wconf 87' lang='lat' dir='ltr'><strong>supradicta</strong></span> <span class='ocrx_word' id='word_1_318' title='bbox 1220 2501 1324 2554; x_wconf 91' lang='lat' dir='ltr'><strong>hoc</strong></span> <span class='ocrx_word' id='word_1_319' title='bbox 1367 2516 1529 2554; x_wconf 86' lang='lat' dir='ltr'><strong>sensu</strong></span> <span class='ocrx_word' id='word_1_320' title='bbox 1556 2500 1754 2555; x_wconf 80' lang='lat' dir='ltr'><strong>hclau-</strong></span> 
     </span>
    </p>
   </div>
   <div class='ocr_carea' id='block_1_41' title="bbox 166 2589 1751 2662">
    <p class='ocr_par' dir='ltr' id='par_1_41' title="bbox 166 2589 1751 2662">
     <span class='ocr_line' id='line_1_41' title="bbox 166 2589 1751 2662; baseline 0.001 -18"><span class='ocrx_word' id='word_1_321' title='bbox 166 2589 385 2656; x_wconf 90' lang='lat' dir='ltr'><strong>duntur;</strong></span> <span class='ocrx_word' id='word_1_322' title='bbox 432 2607 540 2645; x_wconf 91' lang='lat' dir='ltr'><strong>non</strong></span> <span class='ocrx_word' id='word_1_323' title='bbox 565 2591 707 2646; x_wconf 88' lang='lat' dir='ltr'><strong>enim</strong></span> <span class='ocrx_word' id='word_1_324' title='bbox 739 2591 883 2645; x_wconf 86' lang='lat' dir='ltr'><strong>aliud</strong></span> <span class='ocrx_word' id='word_1_325' title='bbox 916 2592 1226 2646; x_wconf 85' lang='lat' dir='ltr'><strong>continetur</strong></span> <span class='ocrx_word' id='word_1_326' title='bbox 1260 2594 1309 2646; x_wconf 81' lang='lat' dir='ltr'><strong>in</strong></span> <span class='ocrx_word' id='word_1_327' title='bbox 1341 2591 1751 2662; x_wconf 84' lang='lat' dir='ltr'><strong>superioribus,</strong></span> 
     </span>
    </p>
   </div>
   <div class='ocr_carea' id='block_1_42' title="bbox 163 2684 1756 2755">
    <p class='ocr_par' dir='ltr' id='par_1_42' title="bbox 163 2684 1756 2755">
     <span class='ocr_line' id='line_1_42' title="bbox 163 2684 1756 2755; baseline 0 -17"><span class='ocrx_word' id='word_1_328' title='bbox 163 2684 260 2738; x_wconf 88' lang='lat' dir='ltr'><strong>nisi</strong></span> <span class='ocrx_word' id='word_1_329' title='bbox 289 2684 431 2755; x_wconf 90' lang='lat' dir='ltr'><strong>quod</strong></span> <span class='ocrx_word' id='word_1_330' title='bbox 458 2684 691 2740; x_wconf 88' lang='lat' dir='ltr'><strong>animale</strong></span> <span class='ocrx_word' id='word_1_331' title='bbox 723 2701 922 2754; x_wconf 85' lang='lat' dir='ltr'><strong>corpus</strong></span> <span class='ocrx_word' id='word_1_332' title='bbox 954 2687 1203 2750; x_wconf 85' lang='lat' dir='ltr'><strong>moritur,</strong></span> <span class='ocrx_word' id='word_1_333' title='bbox 1239 2693 1293 2739; x_wconf 91' lang='lat' dir='ltr'><strong>ct</strong></span> <span class='ocrx_word' id='word_1_334' title='bbox 1317 2694 1566 2754; x_wconf 83' lang='lat' dir='ltr'><strong>resurget</strong></span> <span class='ocrx_word' id='word_1_335' title='bbox 1594 2684 1756 2752; x_wconf 78' lang='lat' dir='ltr'><strong>Spiri-</strong></span> 
     </span>
    </p>
   </div>
   <div class='ocr_carea' id='block_1_43' title="bbox 162 2775 1753 2846">
    <p class='ocr_par' dir='ltr' id='par_1_43' title="bbox 162 2775 1753 2846">
     <span class='ocr_line' id='line_1_43' title="bbox 162 2775 1753 2846; baseline 0.002 -18"><span class='ocrx_word' id='word_1_336' title='bbox 162 2775 289 2839; x_wconf 88' lang='lat' dir='ltr'><strong>tale,</strong></span> <span class='ocrx_word' id='word_1_337' title='bbox 315 2775 462 2846; x_wconf 91' lang='lat' dir='ltr'><strong>quod</strong></span> <span class='ocrx_word' id='word_1_338' title='bbox 488 2792 663 2845; x_wconf 90' lang='lat' dir='ltr'><strong>neque</strong></span> <span class='ocrx_word' id='word_1_339' title='bbox 688 2776 799 2846; x_wconf 86' lang='lat' dir='ltr'><strong>jam</strong></span> <span class='ocrx_word' id='word_1_340' title='bbox 834 2777 1153 2842; x_wconf 89' lang='lat' dir='ltr'><strong>manducet,</strong></span> <span class='ocrx_word' id='word_1_341' title='bbox 1199 2792 1298 2832; x_wconf 91' lang='lat' dir='ltr'><strong>nec</strong></span> <span class='ocrx_word' id='word_1_342' title='bbox 1325 2776 1506 2841; x_wconf 89' lang='lat' dir='ltr'><strong>bibat,</strong></span> <span class='ocrx_word' id='word_1_343' title='bbox 1542 2792 1643 2832; x_wconf 90' lang='lat' dir='ltr'><strong>nec</strong></span> <span class='ocrx_word' id='word_1_344' title='bbox 1671 2777 1753 2831; x_wconf 84' lang='lat' dir='ltr'><strong>in-</strong></span> 
     </span>
    </p>
   </div>
   <div class='ocr_carea' id='block_1_44' title="bbox 161 2867 1554 2934">
    <p class='ocr_par' dir='ltr' id='par_1_44' title="bbox 161 2867 1554 2934">
     <span class='ocr_line' id='line_1_44' title="bbox 161 2867 1554 2934; baseline 0.002 -13"><span class='ocrx_word' id='word_1_345' title='bbox 161 2867 428 2934; x_wconf 82' lang='lat' dir='ltr'><strong>ﬁrmetur,</strong></span> <span class='ocrx_word' id='word_1_346' title='bbox 462 2884 558 2924; x_wconf 93' lang='lat' dir='ltr'><strong>nec</strong></span> <span class='ocrx_word' id='word_1_347' title='bbox 588 2870 656 2924; x_wconf 91' lang='lat' dir='ltr'><strong>sit</strong></span> <span class='ocrx_word' id='word_1_348' title='bbox 684 2869 939 2934; x_wconf 84' lang='lat' dir='ltr'><strong>fetidum,</strong></span> <span class='ocrx_word' id='word_1_349' title='bbox 974 2886 1073 2924; x_wconf 90' lang='lat' dir='ltr'><strong>nec</strong></span> <span class='ocrx_word' id='word_1_350' title='bbox 1115 2879 1312 2925; x_wconf 89' lang='lat' dir='ltr'><strong>tetrum</strong></span> <span class='ocrx_word' id='word_1_351' title='bbox 1345 2880 1554 2924; x_wconf 90' lang='lat' dir='ltr'><strong>natura.</strong></span> 
     </span>
    </p>
   </div>
   <div class='ocr_carea' id='block_1_45' title="bbox 226 2964 1754 3036">
    <p class='ocr_par' dir='ltr' id='par_1_45' title="bbox 226 2964 1754 3036">
     <span class='ocr_line' id='line_1_45' title="bbox 226 2964 1754 3036; baseline 0 -16"><span class='ocrx_word' id='word_1_352' title='bbox 226 2964 406 3036; x_wconf 79' lang='lat' dir='ltr'><strong>(Vers.</strong></span> <span class='ocrx_word' id='word_1_353' title='bbox 437 2964 556 3033; x_wconf 72' lang='grc'><strong>45.)</strong></span> <span class='ocrx_word' id='word_1_354' title='bbox 589 2964 786 3019; x_wconf 81' lang='lat' dir='ltr'><strong>Factus</strong></span> <span class='ocrx_word' id='word_1_355' title='bbox 815 2977 887 3021; x_wconf 92' lang='lat' dir='ltr'><strong>est</strong></span> <span class='ocrx_word' id='word_1_356' title='bbox 913 2968 1111 3034; x_wconf 87' lang='lat' dir='ltr'><strong>primus</strong></span> <span class='ocrx_word' id='word_1_357' title='bbox 1139 2967 1291 3021; x_wconf 81' lang='lat' dir='ltr'><strong>homo</strong></span> <span class='ocrx_word' id='word_1_358' title='bbox 1320 2967 1485 3021; x_wconf 82' lang='lat' dir='ltr'><strong>Adam</strong></span> <span class='ocrx_word' id='word_1_359' title='bbox 1535 2968 1588 3021; x_wconf 88' lang='lat' dir='ltr'><strong>in</strong></span> <span class='ocrx_word' id='word_1_360' title='bbox 1637 2967 1754 3021; x_wconf 90' lang='lat' dir='ltr'><strong>ani-</strong></span> 
     </span>
    </p>
   </div>
   <div class='ocr_carea' id='block_1_46' title="bbox 158 3057 1748 3131">
    <p class='ocr_par' dir='ltr' id='par_1_46' title="bbox 158 3057 1748 3131">
     <span class='ocr_line' id='line_1_46' title="bbox 158 3057 1748 3131; baseline 0.006 -21"><span class='ocrx_word' id='word_1_361' title='bbox 158 3074 285 3111; x_wconf 83' lang='lat' dir='ltr'><strong>mam</strong></span> <span class='ocrx_word' id='word_1_362' title='bbox 311 3059 587 3113; x_wconf 78' lang='lat' dir='ltr'><strong>viventem.</strong></span> <span class='ocrx_word' id='word_1_363' title='bbox 618 3057 729 3113; x_wconf 87' lang='lat' dir='ltr'><strong>Hoc</strong></span> <span class='ocrx_word' id='word_1_364' title='bbox 762 3058 814 3112; x_wconf 92' lang='lat' dir='ltr'><strong>in</strong></span> <span class='ocrx_word' id='word_1_365' title='bbox 836 3057 1033 3113; x_wconf 70' lang='lat' dir='ltr'><strong>Genesi</strong></span> <span class='ocrx_word' id='word_1_366' title='bbox 1061 3059 1265 3115; x_wconf 88' lang='lat' dir='ltr'><strong>dictum</strong></span> <span class='ocrx_word' id='word_1_367' title='bbox 1299 3070 1381 3115; x_wconf 90' lang='lat' dir='ltr'><strong>est</strong></span> <span class='ocrx_word' id='word_1_368' title='bbox 1405 3059 1633 3130; x_wconf 87' lang='lat' dir='ltr'><strong>(Gen.n,</strong></span> <span class='ocrx_word' id='word_1_369' title='bbox 1671 3058 1748 3131; x_wconf 89' lang='lat'><strong>&#39;7).</strong></span> 
     </span>
    </p>
   </div>
   <div class='ocr_carea' id='block_1_47' title="bbox 157 3150 1750 3222">
    <p class='ocr_par' dir='ltr' id='par_1_47' title="bbox 157 3150 1750 3222">
     <span class='ocr_line' id='line_1_47' title="bbox 157 3150 1750 3222; baseline 0.001 -16"><span class='ocrx_word' id='word_1_370' title='bbox 157 3153 272 3222; x_wconf 87' lang='lat' dir='ltr'><strong>quia</strong></span> <span class='ocrx_word' id='word_1_371' title='bbox 313 3161 546 3220; x_wconf 88' lang='lat' dir='ltr'><strong>accepto</strong></span> <span class='ocrx_word' id='word_1_372' title='bbox 600 3153 790 3221; x_wconf 83' lang='lat' dir='ltr'><strong>Spiritu</strong></span> <span class='ocrx_word' id='word_1_373' title='bbox 825 3150 983 3207; x_wconf 87' lang='lat' dir='ltr'><strong>ﬂatus</strong></span> <span class='ocrx_word' id='word_1_374' title='bbox 1020 3153 1147 3219; x_wconf 88' lang='lat' dir='ltr'><strong>Dei,</strong></span> <span class='ocrx_word' id='word_1_375' title='bbox 1182 3153 1356 3209; x_wconf 88' lang='lat' dir='ltr'><strong>factus</strong></span> <span class='ocrx_word' id='word_1_376' title='bbox 1384 3165 1470 3210; x_wconf 91' lang='lat' dir='ltr'><strong>est</strong></span> <span class='ocrx_word' id='word_1_377' title='bbox 1501 3154 1664 3208; x_wconf 91' lang='lat' dir='ltr'><strong>homo</strong></span> <span class='ocrx_word' id='word_1_378' title='bbox 1696 3154 1750 3207; x_wconf 94' lang='lat' dir='ltr'><strong>in</strong></span> 
     </span>
    </p>
   </div>
   <div class='ocr_carea' id='block_1_48' title="bbox 157 3244 1824 3317">
    <p class='ocr_par' dir='ltr' id='par_1_48' title="bbox 157 3244 1824 3317">
     <span class='ocr_line' id='line_1_48' title="bbox 157 3244 1824 3317; baseline 0.007 -20"><span class='ocrx_word' id='word_1_379' title='bbox 157 3245 384 3300; x_wconf 88' lang='lat' dir='ltr'><strong>animam</strong></span> <span class='ocrx_word' id='word_1_380' title='bbox 424 3245 735 3311; x_wconf 88' lang='lat' dir='ltr'><strong>viventem;</strong></span> <span class='ocrx_word' id='word_1_381' title='bbox 787 3245 1022 3302; x_wconf 88' lang='lat' dir='ltr'><strong>oflicinm</strong></span> <span class='ocrx_word' id='word_1_382' title='bbox 1057 3248 1203 3303; x_wconf 92' lang='lat' dir='ltr'><strong>enim</strong></span> <span class='ocrx_word' id='word_1_383' title='bbox 1235 3249 1456 3317; x_wconf 85' lang='lat' dir='ltr'><strong>spiritus</strong></span> <span class='ocrx_word' id='word_1_384' title='bbox 1508 3248 1751 3304; x_wconf 89' lang='lat' dir='ltr'><strong>animare</strong></span> <span class='ocrx_word' id='word_1_385' title='bbox 1779 3244 1824 3308; x_wconf 87' lang='lat' dir='ltr'><strong>C</strong></span> 
     </span>
    </p>
   </div>
   <div class='ocr_carea' id='block_1_49' title="bbox 157 3339 1754 3410">
    <p class='ocr_par' dir='ltr' id='par_1_49' title="bbox 157 3339 1754 3410">
     <span class='ocr_line' id='line_1_49' title="bbox 157 3339 1754 3410; baseline 0.001 -16"><span class='ocrx_word' id='word_1_386' title='bbox 157 3349 234 3394; x_wconf 90' lang='lat' dir='ltr'><strong>est</strong></span> <span class='ocrx_word' id='word_1_387' title='bbox 257 3355 484 3410; x_wconf 85' lang='lat' dir='ltr'><strong>corpus,</strong></span> <span class='ocrx_word' id='word_1_388' title='bbox 524 3339 595 3393; x_wconf 90' lang='lat' dir='ltr'><strong>ita</strong></span> <span class='ocrx_word' id='word_1_389' title='bbox 629 3349 810 3394; x_wconf 82' lang='lat' dir='ltr'><strong>tamen</strong></span> <span class='ocrx_word' id='word_1_390' title='bbox 843 3348 903 3395; x_wconf 91' lang='lat' dir='ltr'><strong>ut</strong></span> <span class='ocrx_word' id='word_1_391' title='bbox 940 3343 1254 3396; x_wconf 89' lang='lat' dir='ltr'><strong>continuam</strong></span> <span class='ocrx_word' id='word_1_392' title='bbox 1292 3341 1458 3396; x_wconf 89' lang='lat' dir='ltr'><strong>vitam</strong></span> <span class='ocrx_word' id='word_1_393' title='bbox 1514 3358 1619 3398; x_wconf 90' lang='lat' dir='ltr'><strong>non</strong></span> <span class='ocrx_word' id='word_1_394' title='bbox 1660 3343 1754 3396; x_wconf 85' lang='lat' dir='ltr'><strong>ha-</strong></span> 
     </span>
    </p>
   </div>
   <div class='ocr_carea' id='block_1_50' title="bbox 157 3431 1754 3500">
    <p class='ocr_par' dir='ltr' id='par_1_50' title="bbox 157 3431 1754 3500">
     <span class='ocr_line' id='line_1_50' title="bbox 157 3431 1754 3500; baseline 0.004 -15"><span class='ocrx_word' id='word_1_395' title='bbox 157 3431 295 3496; x_wconf 87' lang='lat' dir='ltr'><strong>beat,</strong></span> <span class='ocrx_word' id='word_1_396' title='bbox 328 3432 431 3486; x_wconf 72' lang='lat' dir='ltr'><strong>ui~i</strong></span> <span class='ocrx_word' id='word_1_397' title='bbox 464 3432 606 3487; x_wconf 88' lang='lat' dir='ltr'><strong>cibis</strong></span> <span class='ocrx_word' id='word_1_398' title='bbox 636 3441 691 3486; x_wconf 90' lang='lat' dir='ltr'><strong>et</strong></span> <span class='ocrx_word' id='word_1_399' title='bbox 724 3441 880 3500; x_wconf 88' lang='lat' dir='ltr'><strong>potus</strong></span> <span class='ocrx_word' id='word_1_400' title='bbox 917 3433 1118 3487; x_wconf 82' lang='lat' dir='ltr'><strong>auxilio</strong></span> <span class='ocrx_word' id='word_1_401' title='bbox 1165 3441 1365 3487; x_wconf 89' lang='lat' dir='ltr'><strong>utatur.</strong></span> <span class='ocrx_word' id='word_1_402' title='bbox 1424 3433 1754 3492; x_wconf 84' lang='lat' dir='ltr'><strong>Nouissimas</strong></span> 
     </span>
    </p>
   </div>
   <div class='ocr_carea' id='block_1_51' title="bbox 157 3525 1750 3596">
    <p class='ocr_par' dir='ltr' id='par_1_51' title="bbox 157 3525 1750 3596">
     <span class='ocr_line' id='line_1_51' title="bbox 157 3525 1750 3596; baseline 0.002 -16"><span class='ocrx_word' id='word_1_403' title='bbox 157 3535 318 3580; x_wconf 85' lang='lat' dir='ltr'><strong>autem</strong></span> <span class='ocrx_word' id='word_1_404' title='bbox 351 3526 523 3580; x_wconf 79' lang='lat' dir='ltr'><strong>Adam</strong></span> <span class='ocrx_word' id='word_1_405' title='bbox 548 3525 602 3579; x_wconf 87' lang='lat' dir='ltr'><strong>in</strong></span> <span class='ocrx_word' id='word_1_406' title='bbox 629 3525 868 3594; x_wconf 87' lang='lat' dir='ltr'><strong>spiritum</strong></span> <span class='ocrx_word' id='word_1_407' title='bbox 883 3526 1266 3596; x_wconf 79' lang='lat' dir='ltr'><strong>riviﬁcantem:</strong></span> <span class='ocrx_word' id='word_1_408' title='bbox 1299 3526 1400 3582; x_wconf 89' lang='lat' dir='ltr'><strong>hoc</strong></span> <span class='ocrx_word' id='word_1_409' title='bbox 1424 3535 1526 3588; x_wconf 90' lang='lat' dir='ltr'><strong>est,</strong></span> <span class='ocrx_word' id='word_1_410' title='bbox 1563 3539 1620 3582; x_wconf 88' lang='lat' dir='ltr'><strong>ut</strong></span> <span class='ocrx_word' id='word_1_411' title='bbox 1640 3527 1750 3595; x_wconf 88' lang='lat' dir='ltr'><strong>jam</strong></span> 
     </span>
    </p>
   </div>
   <div class='ocr_carea' id='block_1_52' title="bbox 158 3618 1756 3691">
    <p class='ocr_par' dir='ltr' id='par_1_52' title="bbox 158 3618 1756 3691">
     <span class='ocr_line' id='line_1_52' title="bbox 158 3618 1756 3691; baseline -0.001 -15"><span class='ocrx_word' id='word_1_412' title='bbox 158 3621 244 3691; x_wconf 86' lang='lat' dir='ltr'><strong>qui</strong></span> <span class='ocrx_word' id='word_1_413' title='bbox 266 3632 387 3677; x_wconf 91' lang='lat' dir='ltr'><strong>ante</strong></span> <span class='ocrx_word' id='word_1_414' title='bbox 414 3621 594 3676; x_wconf 82' lang='lat' dir='ltr'><strong>fuerat</strong></span> <span class='ocrx_word' id='word_1_415' title='bbox 620 3618 795 3674; x_wconf 90' lang='lat' dir='ltr'><strong>factus</strong></span> <span class='ocrx_word' id='word_1_416' title='bbox 828 3621 880 3674; x_wconf 94' lang='lat' dir='ltr'><strong>in</strong></span> <span class='ocrx_word' id='word_1_417' title='bbox 913 3621 1169 3685; x_wconf 90' lang='lat' dir='ltr'><strong>animam,</strong></span> <span class='ocrx_word' id='word_1_418' title='bbox 1205 3618 1378 3675; x_wconf 90' lang='lat' dir='ltr'><strong>factus</strong></span> <span class='ocrx_word' id='word_1_419' title='bbox 1409 3629 1493 3674; x_wconf 89' lang='lat' dir='ltr'><strong>est</strong></span> <span class='ocrx_word' id='word_1_420' title='bbox 1520 3619 1570 3673; x_wconf 90' lang='lat' dir='ltr'><strong>in</strong></span> <span class='ocrx_word' id='word_1_421' title='bbox 1603 3621 1756 3690; x_wconf 87' lang='lat' dir='ltr'><strong>spiri-</strong></span> 
     </span>
    </p>
   </div>
   <div class='ocr_carea' id='block_1_53' title="bbox 157 3712 1753 3785">
    <p class='ocr_par' dir='ltr' id='par_1_53' title="bbox 157 3712 1753 3785">
     <span class='ocr_line' id='line_1_53' title="bbox 157 3712 1753 3785; baseline -0.001 -16"><span class='ocrx_word' id='word_1_422' title='bbox 157 3721 264 3770; x_wconf 89' lang='lat' dir='ltr'><strong>tum</strong></span> <span class='ocrx_word' id='word_1_423' title='bbox 306 3730 402 3785; x_wconf 89' lang='lat' dir='ltr'><strong>per</strong></span> <span class='ocrx_word' id='word_1_424' title='bbox 459 3715 946 3777; x_wconf 89' lang='lat' dir='ltr'><strong>resurrectionem;</strong></span> <span class='ocrx_word' id='word_1_425' title='bbox 981 3721 1039 3768; x_wconf 91' lang='lat' dir='ltr'><strong>ut</strong></span> <span class='ocrx_word' id='word_1_426' title='bbox 1069 3712 1205 3768; x_wconf 92' lang='lat' dir='ltr'><strong>mori</strong></span> <span class='ocrx_word' id='word_1_427' title='bbox 1236 3729 1343 3768; x_wconf 93' lang='lat' dir='ltr'><strong>non</strong></span> <span class='ocrx_word' id='word_1_428' title='bbox 1388 3713 1595 3784; x_wconf 88' lang='lat' dir='ltr'><strong>possit,</strong></span> <span class='ocrx_word' id='word_1_429' title='bbox 1627 3713 1753 3784; x_wconf 87' lang='lat' dir='ltr'><strong>quia</strong></span> 
     </span>
    </p>
   </div>
   <div class='ocr_carea' id='block_1_54' title="bbox 160 3809 665 3866">
    <p class='ocr_par' dir='ltr' id='par_1_54' title="bbox 160 3809 665 3866">
     <span class='ocr_line' id='line_1_54' title="bbox 160 3809 665 3866; baseline 0 -1"><span class='ocrx_word' id='word_1_430' title='bbox 160 3811 248 3865; x_wconf 87' lang='lat' dir='ltr'><strong>fiet</strong></span> <span class='ocrx_word' id='word_1_431' title='bbox 278 3820 424 3866; x_wconf 88' lang='lat' dir='ltr'><strong>totus</strong></span> <span class='ocrx_word' id='word_1_432' title='bbox 455 3809 665 3865; x_wconf 87' lang='lat' dir='ltr'><strong>vivens.</strong></span> 
     </span>
    </p>
   </div>
   <div class='ocr_carea' id='block_1_55' title="bbox 225 3902 1743 3976">
    <p class='ocr_par' dir='ltr' id='par_1_55' title="bbox 225 3902 1743 3976">
     <span class='ocr_line' id='line_1_55' title="bbox 225 3902 1743 3976; baseline -0.002 -16"><span class='ocrx_word' id='word_1_433' title='bbox 225 3904 408 3976; x_wconf 81' lang='lat' dir='ltr'><strong>(Vers.</strong></span> <span class='ocrx_word' id='word_1_434' title='bbox 441 3902 561 3973; x_wconf 75' lang='grc'><strong>46.)</strong></span> <span class='ocrx_word' id='word_1_435' title='bbox 593 3903 699 3958; x_wconf 87' lang='lat' dir='ltr'><strong>Sed</strong></span> <span class='ocrx_word' id='word_1_436' title='bbox 729 3919 830 3957; x_wconf 89' lang='lat' dir='ltr'><strong>non</strong></span> <span class='ocrx_word' id='word_1_437' title='bbox 871 3903 1016 3974; x_wconf 88' lang='lat' dir='ltr'><strong>prius</strong></span> <span class='ocrx_word' id='word_1_438' title='bbox 1066 3903 1202 3969; x_wconf 90' lang='lat' dir='ltr'><strong>quod</strong></span> <span class='ocrx_word' id='word_1_439' title='bbox 1225 3902 1458 3974; x_wconf 87' lang='lat' dir='ltr'><strong>spiritale</strong></span> <span class='ocrx_word' id='word_1_440' title='bbox 1480 3913 1588 3968; x_wconf 88' lang='lat' dir='ltr'><strong>est;</strong></span> <span class='ocrx_word' id='word_1_441' title='bbox 1617 3902 1743 3972; x_wconf 87' lang='lat' dir='ltr'><strong>quia</strong></span> 
     </span>
    </p>
   </div>
   <div class='ocr_carea' id='block_1_56' title="bbox 157 3993 1754 4064">
    <p class='ocr_par' dir='ltr' id='par_1_56' title="bbox 157 3993 1754 4064">
     <span class='ocr_line' id='line_1_56' title="bbox 157 3993 1754 4064; baseline -0.001 -14"><span class='ocrx_word' id='word_1_442' title='bbox 157 3995 386 4050; x_wconf 89' lang='lat' dir='ltr'><strong>animale</strong></span> <span class='ocrx_word' id='word_1_443' title='bbox 413 4011 479 4051; x_wconf 84' lang='lat' dir='ltr'><strong>ex</strong></span> <span class='ocrx_word' id='word_1_444' title='bbox 505 3993 698 4060; x_wconf 85' lang='lat' dir='ltr'><strong>Adam,</strong></span> <span class='ocrx_word' id='word_1_445' title='bbox 731 3994 982 4064; x_wconf 82' lang='lat' dir='ltr'><strong>spiritale</strong></span> <span class='ocrx_word' id='word_1_446' title='bbox 1011 4009 1139 4049; x_wconf 90' lang='lat' dir='ltr'><strong>vero</strong></span> <span class='ocrx_word' id='word_1_447' title='bbox 1169 4008 1264 4064; x_wconf 93' lang='lat' dir='ltr'><strong>per</strong></span> <span class='ocrx_word' id='word_1_448' title='bbox 1290 3993 1566 4050; x_wconf 82' lang='lat' dir='ltr'><strong>Christum</strong></span> <span class='ocrx_word' id='word_1_449' title='bbox 1599 4001 1754 4049; x_wconf 90' lang='lat' dir='ltr'><strong>etre-</strong></span> 
     </span>
    </p>
   </div>
   <div class='ocr_carea' id='block_1_57' title="bbox 157 4090 952 4146">
    <p class='ocr_par' dir='ltr' id='par_1_57' title="bbox 157 4090 952 4146">
     <span class='ocr_line' id='line_1_57' title="bbox 157 4090 952 4146; baseline -0.006 0"><span class='ocrx_word' id='word_1_450' title='bbox 157 4090 557 4146; x_wconf 86' lang='lat' dir='ltr'><strong>surrectionem</strong></span> <span class='ocrx_word' id='word_1_451' title='bbox 593 4099 952 4144; x_wconf 90' lang='lat' dir='ltr'><strong>mortuorum.</strong></span> 
     </span>
    </p>
   </div>
   <div class='ocr_carea' id='block_1_58' title="bbox 225 4179 1747 4254">
    <p class='ocr_par' dir='ltr' id='par_1_58' title="bbox 225 4179 1747 4254">
     <span class='ocr_line' id='line_1_58' title="bbox 225 4179 1747 4254; baseline -0.003 -14"><span class='ocrx_word' id='word_1_452' title='bbox 225 4183 407 4254; x_wconf 79' lang='lat' dir='ltr'><strong>(Vers.</strong></span> <span class='ocrx_word' id='word_1_453' title='bbox 436 4184 532 4247; x_wconf 73' lang='grc'><strong>4⁸7,</strong></span> <span class='ocrx_word' id='word_1_454' title='bbox 565 4181 682 4254; x_wconf 70' lang='grc'><strong>48.)</strong></span> <span class='ocrx_word' id='word_1_455' title='bbox 737 4179 947 4236; x_wconf 86' lang='lat' dir='ltr'><strong>Primus</strong></span> <span class='ocrx_word' id='word_1_456' title='bbox 978 4182 1131 4236; x_wconf 85' lang='lat' dir='ltr'><strong>homo</strong></span> <span class='ocrx_word' id='word_1_457' title='bbox 1179 4181 1242 4236; x_wconf 87' lang='lat' dir='ltr'><strong>de</strong></span> <span class='ocrx_word' id='word_1_458' title='bbox 1296 4194 1434 4236; x_wconf 85' lang='lat' dir='ltr'><strong>terra</strong></span> <span class='ocrx_word' id='word_1_459' title='bbox 1485 4190 1747 4245; x_wconf 86' lang='lat' dir='ltr'><strong>terrenus,</strong></span> 
     </span>
    </p>
   </div>
   <div class='ocr_carea' id='block_1_59' title="bbox 157 4279 1753 4352">
    <p class='ocr_par' dir='ltr' id='par_1_59' title="bbox 157 4279 1753 4352">
     <span class='ocr_line' id='line_1_59' title="bbox 157 4279 1753 4352; baseline -0.001 -18"><span class='ocrx_word' id='word_1_460' title='bbox 157 4283 409 4335; x_wconf 88' lang='lat' dir='ltr'><strong>secundus</strong></span> <span class='ocrx_word' id='word_1_461' title='bbox 434 4282 586 4334; x_wconf 81' lang='lat' dir='ltr'><strong>homo</strong></span> <span class='ocrx_word' id='word_1_462' title='bbox 613 4280 675 4334; x_wconf 91' lang='lat' dir='ltr'><strong>de</strong></span> <span class='ocrx_word' id='word_1_463' title='bbox 699 4279 825 4334; x_wconf 73' lang='lat' dir='ltr'><strong>coelo</strong></span> <span class='ocrx_word' id='word_1_464' title='bbox 845 4280 1059 4335; x_wconf 74' lang='lat' dir='ltr'><strong>cwlestis</strong></span> <span class='ocrx_word' id='word_1_465' title='bbox 1087 4297 1105 4333; x_wconf 89' lang='lat'><strong><em>:</em></strong></span> <span class='ocrx_word' id='word_1_466' title='bbox 1137 4280 1307 4352; x_wconf 84' lang='lat' dir='ltr'><strong>qualis</strong></span> <span class='ocrx_word' id='word_1_467' title='bbox 1353 4290 1602 4341; x_wconf 84' lang='lat' dir='ltr'><strong>terrenus,</strong></span> <span class='ocrx_word' id='word_1_468' title='bbox 1625 4279 1753 4332; x_wconf 89' lang='lat' dir='ltr'><strong>tales</strong></span> 
     </span>
    </p>
   </div>
   <div class='ocr_carea' id='block_1_60' title="bbox 159 4372 1754 4446">
    <p class='ocr_par' dir='ltr' id='par_1_60' title="bbox 159 4372 1754 4446">
     <span class='ocr_line' id='line_1_60' title="bbox 159 4372 1754 4446; baseline -0.002 -18"><span class='ocrx_word' id='word_1_469' title='bbox 159 4384 203 4428; x_wconf 89' lang='lat' dir='ltr'><strong>et</strong></span> <span class='ocrx_word' id='word_1_470' title='bbox 225 4377 446 4441; x_wconf 87' lang='lat' dir='ltr'><strong>terreni;</strong></span> <span class='ocrx_word' id='word_1_471' title='bbox 481 4386 526 4429; x_wconf 90' lang='lat' dir='ltr'><strong>et</strong></span> <span class='ocrx_word' id='word_1_472' title='bbox 555 4375 726 4446; x_wconf 85' lang='lat' dir='ltr'><strong>qualis</strong></span> <span class='ocrx_word' id='word_1_473' title='bbox 753 4376 994 4440; x_wconf 83' lang='lat' dir='ltr'><strong>caelestis,</strong></span> <span class='ocrx_word' id='word_1_474' title='bbox 1029 4375 1156 4429; x_wconf 86' lang='lat' dir='ltr'><strong>tales</strong></span> <span class='ocrx_word' id='word_1_475' title='bbox 1186 4385 1234 4428; x_wconf 87' lang='lat' dir='ltr'><strong>et</strong></span> <span class='ocrx_word' id='word_1_476' title='bbox 1271 4374 1514 4429; x_wconf 70' lang='lat' dir='ltr'><strong>calestes.</strong></span> <span class='ocrx_word' id='word_1_477' title='bbox 1543 4372 1754 4428; x_wconf 87' lang='lat' dir='ltr'><strong>Primus</strong></span> 
     </span>
    </p>
   </div>
   <div class='ocr_carea' id='block_1_61' title="bbox 159 4463 1753 4535">
    <p class='ocr_par' dir='ltr' id='par_1_61' title="bbox 159 4463 1753 4535">
     <span class='ocr_line' id='line_1_61' title="bbox 159 4463 1753 4535; baseline -0.001 -15"><span class='ocrx_word' id='word_1_478' title='bbox 159 4463 320 4521; x_wconf 86' lang='lat' dir='ltr'><strong>homo</strong></span> <span class='ocrx_word' id='word_1_479' title='bbox 351 4467 525 4524; x_wconf 80' lang='lat' dir='ltr'><strong>Adam</strong></span> <span class='ocrx_word' id='word_1_480' title='bbox 561 4466 737 4522; x_wconf 89' lang='lat' dir='ltr'><strong>estde</strong></span> <span class='ocrx_word' id='word_1_481' title='bbox 771 4476 912 4521; x_wconf 88' lang='lat' dir='ltr'><strong>terra</strong></span> <span class='ocrx_word' id='word_1_482' title='bbox 965 4467 1278 4535; x_wconf 67' lang='lat' dir='ltr'><strong>temporalis</strong></span> <span class='ocrx_word' id='word_1_483' title='bbox 1307 4509 1321 4530; x_wconf 89' lang='lat'><strong>,</strong></span> <span class='ocrx_word' id='word_1_484' title='bbox 1375 4467 1461 4520; x_wconf 89' lang='lat' dir='ltr'><strong>cui</strong></span> <span class='ocrx_word' id='word_1_485' title='bbox 1509 4465 1753 4520; x_wconf 89' lang='lat' dir='ltr'><strong>succedit</strong></span> 
     </span>
    </p>
   </div>
   <div class='ocr_carea' id='block_1_62' title="bbox 160 4557 1751 4627">
    <p class='ocr_par' dir='ltr' id='par_1_62' title="bbox 160 4557 1751 4627">
     <span class='ocr_line' id='line_1_62' title="bbox 160 4557 1751 4627; baseline -0.002 -13"><span class='ocrx_word' id='word_1_486' title='bbox 160 4574 302 4614; x_wconf 90' lang='lat' dir='ltr'><strong>mors</strong></span> <span class='ocrx_word' id='word_1_487' title='bbox 336 4582 348 4616; x_wconf 90' lang='lat'>:</span> <span class='ocrx_word' id='word_1_488' title='bbox 402 4559 680 4614; x_wconf 88' lang='lat' dir='ltr'><strong>secundus</strong></span> <span class='ocrx_word' id='word_1_489' title='bbox 709 4559 873 4614; x_wconf 93' lang='lat' dir='ltr'><strong>homo</strong></span> <span class='ocrx_word' id='word_1_490' title='bbox 912 4560 1165 4614; x_wconf 85' lang='lat' dir='ltr'><strong>Christus</strong></span> <span class='ocrx_word' id='word_1_491' title='bbox 1205 4569 1289 4614; x_wconf 83' lang='lat' dir='ltr'><strong>est</strong></span> <span class='ocrx_word' id='word_1_492' title='bbox 1320 4558 1388 4613; x_wconf 93' lang='lat' dir='ltr'><strong>de</strong></span> <span class='ocrx_word' id='word_1_493' title='bbox 1437 4557 1612 4624; x_wconf 67' lang='lat' dir='ltr'><strong>caelo,</strong></span> <span class='ocrx_word' id='word_1_494' title='bbox 1662 4557 1751 4627; x_wconf 93' lang='lat' dir='ltr'><strong>qui</strong></span> 
     </span>
    </p>
   </div>
   <div class='ocr_carea' id='block_1_63' title="bbox 1857 1931 2197 2003">
    <p class='ocr_par' dir='ltr' id='par_1_63' title="bbox 1857 1931 2197 2003">
     <span class='ocr_line' id='line_1_63' title="bbox 1857 1931 2197 2003; baseline 0.006 -16"><span class='ocrx_word' id='word_1_495' title='bbox 1857 1931 2017 2003; x_wconf 90' lang='lat' dir='ltr'><strong>digna</strong></span> <span class='ocrx_word' id='word_1_496' title='bbox 2051 1942 2197 1990; x_wconf 88' lang='lat' dir='ltr'><strong>sunt.</strong></span> 
     </span>
    </p>
   </div>
   <div class='ocr_carea' id='block_1_64' title="bbox 1928 2025 3462 2114">
    <p class='ocr_par' dir='ltr' id='par_1_64' title="bbox 1928 2025 3462 2114">
     <span class='ocr_line' id='line_1_64' title="bbox 1928 2025 3462 2114; baseline 0.014 -35"><span class='ocrx_word' id='word_1_497' title='bbox 1928 2025 2111 2099; x_wconf 88' lang='lat' dir='ltr'><strong>(Vers.</strong></span> <span class='ocrx_word' id='word_1_498' title='bbox 2138 2028 2256 2100; x_wconf 80' lang='lat'><strong>50.)</strong></span> <span class='ocrx_word' id='word_1_499' title='bbox 2295 2028 2410 2084; x_wconf 79' lang='lat' dir='ltr'><strong>Hoc</strong></span> <span class='ocrx_word' id='word_1_500' title='bbox 2453 2042 2630 2086; x_wconf 86' lang='lat' dir='ltr'><strong>autem</strong></span> <span class='ocrx_word' id='word_1_501' title='bbox 2669 2035 2788 2090; x_wconf 86' lang='lat' dir='ltr'><strong>dico</strong></span> <span class='ocrx_word' id='word_1_502' title='bbox 2813 2079 2827 2104; x_wconf 92' lang='lat'><strong>,</strong></span> <span class='ocrx_word' id='word_1_503' title='bbox 2862 2037 3051 2107; x_wconf 75' lang='lat' dir='ltr'><strong>fratres</strong></span> <span class='ocrx_word' id='word_1_504' title='bbox 3073 2083 3089 2108; x_wconf 91' lang='lat'><strong>,</strong></span> <span class='ocrx_word' id='word_1_505' title='bbox 3117 2044 3240 2114; x_wconf 89' lang='lat' dir='ltr'><strong>quia</strong></span> <span class='ocrx_word' id='word_1_506' title='bbox 3272 2060 3393 2099; x_wconf 87' lang='lat' dir='ltr'><strong>caro</strong></span> <span class='ocrx_word' id='word_1_507' title='bbox 3415 2053 3462 2100; x_wconf 88' lang='lat' dir='ltr'><strong>et</strong></span> 
     </span>
    </p>
   </div>
   <div class='ocr_carea' id='block_1_65' title="bbox 1855 2120 3459 2204">
    <p class='ocr_par' dir='ltr' id='par_1_65' title="bbox 1855 2120 3459 2204">
     <span class='ocr_line' id='line_1_65' title="bbox 1855 2120 3459 2204; baseline 0.017 -33"><span class='ocrx_word' id='word_1_508' title='bbox 1855 2120 2068 2189; x_wconf 85' lang='lat' dir='ltr'><strong>sanguis</strong></span> <span class='ocrx_word' id='word_1_509' title='bbox 2120 2138 2337 2192; x_wconf 86' lang='lat' dir='ltr'><strong>regnum</strong></span> <span class='ocrx_word' id='word_1_510' title='bbox 2370 2121 2467 2178; x_wconf 88' lang='lat' dir='ltr'><strong>Dei</strong></span> <span class='ocrx_word' id='word_1_511' title='bbox 2513 2126 2776 2194; x_wconf 87' lang='lat' dir='ltr'><strong>possidere</strong></span> <span class='ocrx_word' id='word_1_512' title='bbox 2807 2147 2908 2184; x_wconf 88' lang='lat' dir='ltr'><strong>non</strong></span> <span class='ocrx_word' id='word_1_513' title='bbox 2948 2146 3183 2204; x_wconf 87' lang='lat' dir='ltr'><strong>possunt.</strong></span> <span class='ocrx_word' id='word_1_514' title='bbox 3225 2135 3459 2198; x_wconf 88' lang='lat' dir='ltr'><strong>Carnem</strong></span> 
     </span>
    </p>
   </div>
   <div class='ocr_carea' id='block_1_66' title="bbox 1855 2211 3465 2296">
    <p class='ocr_par' dir='ltr' id='par_1_66' title="bbox 1855 2211 3465 2296">
     <span class='ocr_line' id='line_1_66' title="bbox 1855 2211 3465 2296; baseline 0.016 -33"><span class='ocrx_word' id='word_1_515' title='bbox 1855 2211 2137 2280; x_wconf 87' lang='lat' dir='ltr'><strong>perfidiam</strong></span> <span class='ocrx_word' id='word_1_516' title='bbox 2164 2213 2277 2267; x_wconf 92' lang='lat' dir='ltr'><strong>vnlt</strong></span> <span class='ocrx_word' id='word_1_517' title='bbox 2298 2214 2522 2285; x_wconf 78' lang='lat' dir='ltr'><strong>intelligi</strong></span> <span class='ocrx_word' id='word_1_518' title='bbox 2555 2258 2567 2278; x_wconf 86' lang='lat'><strong>,</strong></span> <span class='ocrx_word' id='word_1_519' title='bbox 2598 2222 2916 2290; x_wconf 83' lang='lat' dir='ltr'><strong>sanguinem</strong></span> <span class='ocrx_word' id='word_1_520' title='bbox 2970 2234 3180 2296; x_wconf 88' lang='lat' dir='ltr'><strong>turpetu</strong></span> <span class='ocrx_word' id='word_1_521' title='bbox 3222 2241 3275 2284; x_wconf 92' lang='lat' dir='ltr'><strong>et</strong></span> <span class='ocrx_word' id='word_1_522' title='bbox 3307 2230 3465 2288; x_wconf 80' lang='lat' dir='ltr'><strong>luxu-</strong></span> 
     </span>
    </p>
   </div>
   <div class='ocr_carea' id='block_1_67' title="bbox 1855 2304 3464 2393">
    <p class='ocr_par' dir='ltr' id='par_1_67' title="bbox 1855 2304 3464 2393">
     <span class='ocr_line' id='line_1_67' title="bbox 1855 2304 3464 2393; baseline 0.016 -38"><span class='ocrx_word' id='word_1_523' title='bbox 1855 2304 2054 2357; x_wconf 75' lang='lat' dir='ltr'><strong>riosmn</strong></span> <span class='ocrx_word' id='word_1_524' title='bbox 2080 2307 2266 2366; x_wconf 86' lang='lat' dir='ltr'><strong>vitam.</strong></span> <span class='ocrx_word' id='word_1_525' title='bbox 2291 2310 2412 2377; x_wconf 89' lang='lat' dir='ltr'><strong>quia</strong></span> <span class='ocrx_word' id='word_1_526' title='bbox 2438 2311 2711 2378; x_wconf 85' lang='lat' dir='ltr'><strong>cupiditas</strong></span> <span class='ocrx_word' id='word_1_527' title='bbox 2741 2313 2859 2370; x_wconf 73' lang='lat' dir='ltr'><strong>haec</strong></span> <span class='ocrx_word' id='word_1_528' title='bbox 2880 2332 2910 2371; x_wconf 91' lang='lat' dir='ltr'><strong>a</strong></span> <span class='ocrx_word' id='word_1_529' title='bbox 2937 2317 3151 2374; x_wconf 79' lang='lat' dir='ltr'><strong>fervore</strong></span> <span class='ocrx_word' id='word_1_530' title='bbox 3180 2325 3464 2393; x_wconf 81' lang='lat' dir='ltr'><strong>sanguinis</strong></span> 
     </span>
    </p>
   </div>
   <div class='ocr_carea' id='block_1_68' title="bbox 1853 2401 3462 2471">
    <p class='ocr_par' dir='ltr' id='par_1_68' title="bbox 1853 2401 3462 2471">
     <span class='ocr_line' id='line_1_68' title="bbox 1853 2401 3462 2471; baseline 0.014 -23"><span class='ocrx_word' id='word_1_531' title='bbox 1853 2407 2176 2465; x_wconf 82' lang='lat' dir='ltr'><strong>generatur;</strong></span> <span class='ocrx_word' id='word_1_532' title='bbox 2214 2408 2267 2452; x_wconf 92' lang='lat' dir='ltr'><strong>ut</strong></span> <span class='ocrx_word' id='word_1_533' title='bbox 2300 2401 2614 2456; x_wconf 83' lang='lat' dir='ltr'><strong>ostenderet</strong></span> <span class='ocrx_word' id='word_1_534' title='bbox 2640 2419 2745 2459; x_wconf 93' lang='lat' dir='ltr'><strong>non</strong></span> <span class='ocrx_word' id='word_1_535' title='bbox 2777 2407 2956 2462; x_wconf 90' lang='lat' dir='ltr'><strong>solum</strong></span> <span class='ocrx_word' id='word_1_536' title='bbox 3008 2411 3344 2469; x_wconf 80' lang='lat' dir='ltr'><strong>incredulum</strong></span> <span class='ocrx_word' id='word_1_537' title='bbox 3381 2418 3462 2471; x_wconf 89' lang='lat' dir='ltr'><strong>di-</strong></span> 
     </span>
    </p>
   </div>
   <div class='ocr_carea' id='block_1_69' title="bbox 1854 2491 3459 2566">
    <p class='ocr_par' dir='ltr' id='par_1_69' title="bbox 1854 2491 3459 2566">
     <span class='ocr_line' id='line_1_69' title="bbox 1854 2491 3459 2566; baseline 0.014 -25"><span class='ocrx_word' id='word_1_538' title='bbox 1854 2504 2013 2558; x_wconf 83' lang='lat' dir='ltr'><strong>gnam</strong></span> <span class='ocrx_word' id='word_1_539' title='bbox 2042 2491 2498 2547; x_wconf 81' lang='lat' dir='ltr'><strong>resurrectionem</strong></span> <span class='ocrx_word' id='word_1_540' title='bbox 2526 2511 2632 2550; x_wconf 92' lang='lat' dir='ltr'><strong>non</strong></span> <span class='ocrx_word' id='word_1_541' title='bbox 2662 2497 2888 2566; x_wconf 89' lang='lat' dir='ltr'><strong>habere,</strong></span> <span class='ocrx_word' id='word_1_542' title='bbox 2911 2517 3096 2556; x_wconf 78' lang='lat' dir='ltr'><strong>verum</strong></span> <span class='ocrx_word' id='word_1_543' title='bbox 3125 2505 3459 2564; x_wconf 88' lang='lat' dir='ltr'><strong>etiatnillum</strong></span> 
     </span>
    </p>
   </div>
   <div class='ocr_carea' id='block_1_70' title="bbox 1856 2582 3460 2665">
    <p class='ocr_par' dir='ltr' id='par_1_70' title="bbox 1856 2582 3460 2665">
     <span class='ocr_line' id='line_1_70' title="bbox 1856 2582 3460 2665; baseline 0.014 -31"><span class='ocrx_word' id='word_1_544' title='bbox 1856 2583 1946 2650; x_wconf 87' lang='lat' dir='ltr'><strong>qui</strong></span> <span class='ocrx_word' id='word_1_545' title='bbox 1980 2582 2270 2640; x_wconf 87' lang='lat' dir='ltr'><strong>desideriis</strong></span> <span class='ocrx_word' id='word_1_546' title='bbox 2298 2597 2353 2640; x_wconf 89' lang='lat' dir='ltr'><strong>et</strong></span> <span class='ocrx_word' id='word_1_547' title='bbox 2383 2586 2532 2644; x_wconf 91' lang='lat' dir='ltr'><strong>vitiis</strong></span> <span class='ocrx_word' id='word_1_548' title='bbox 2551 2589 2733 2644; x_wconf 87' lang='lat' dir='ltr'><strong>carnis</strong></span> <span class='ocrx_word' id='word_1_549' title='bbox 2791 2592 3160 2665; x_wconf 85' lang='lat' dir='ltr'><strong>obtemperat.</strong></span> <span class='ocrx_word' id='word_1_550' title='bbox 3203 2599 3460 2655; x_wconf 85' lang='lat' dir='ltr'><strong>Commo-</strong></span> 
     </span>
    </p>
   </div>
   <div class='ocr_carea' id='block_1_71' title="bbox 1857 2681 3457 2762">
    <p class='ocr_par' dir='ltr' id='par_1_71' title="bbox 1857 2681 3457 2762">
     <span class='ocr_line' id='line_1_71' title="bbox 1857 2681 3457 2762; baseline 0.013 -31"><span class='ocrx_word' id='word_1_551' title='bbox 1857 2686 1951 2732; x_wconf 90' lang='lat' dir='ltr'><strong>net</strong></span> <span class='ocrx_word' id='word_1_552' title='bbox 1973 2694 2104 2749; x_wconf 84' lang='lat' dir='ltr'><strong>ergo</strong></span> <span class='ocrx_word' id='word_1_553' title='bbox 2135 2688 2191 2734; x_wconf 93' lang='lat' dir='ltr'><strong>et</strong></span> <span class='ocrx_word' id='word_1_554' title='bbox 2235 2681 2484 2750; x_wconf 90' lang='lat' dir='ltr'><strong>instruit,</strong></span> <span class='ocrx_word' id='word_1_555' title='bbox 2535 2699 2640 2754; x_wconf 87' lang='lat' dir='ltr'><strong>qua</strong></span> <span class='ocrx_word' id='word_1_556' title='bbox 2688 2687 2898 2744; x_wconf 88' lang='lat' dir='ltr'><strong>ratione</strong></span> <span class='ocrx_word' id='word_1_557' title='bbox 2932 2706 3158 2762; x_wconf 79' lang='lat' dir='ltr'><strong>regnum</strong></span> <span class='ocrx_word' id='word_1_558' title='bbox 3189 2696 3457 2752; x_wconf 58' lang='lat' dir='ltr'><strong>caelorum</strong></span> 
     </span>
    </p>
   </div>
   <div class='ocr_carea' id='block_1_72' title="bbox 1855 2772 2466 2842">
    <p class='ocr_par' dir='ltr' id='par_1_72' title="bbox 1855 2772 2466 2842">
     <span class='ocr_line' id='line_1_72' title="bbox 1855 2772 2466 2842; baseline 0.008 -17"><span class='ocrx_word' id='word_1_559' title='bbox 1855 2772 2111 2842; x_wconf 89' lang='lat' dir='ltr'><strong>consequi</strong></span> <span class='ocrx_word' id='word_1_560' title='bbox 2139 2788 2466 2830; x_wconf 83' lang='lat' dir='ltr'><strong>mereamur.</strong></span> 
     </span>
    </p>
   </div>
   <div class='ocr_carea' id='block_1_73' title="bbox 1932 2863 3456 2953">
    <p class='ocr_par' dir='ltr' id='par_1_73' title="bbox 1932 2863 3456 2953">
     <span class='ocr_line' id='line_1_73' title="bbox 1932 2863 3456 2953; baseline 0.015 -36"><span class='ocrx_word' id='word_1_561' title='bbox 1932 2863 2110 2936; x_wconf 84' lang='lat' dir='ltr'><strong>Neque</strong></span> <span class='ocrx_word' id='word_1_562' title='bbox 2131 2869 2391 2938; x_wconf 88' lang='lat' dir='ltr'><strong>corruptio</strong></span> <span class='ocrx_word' id='word_1_563' title='bbox 2412 2870 2821 2942; x_wconf 89' lang='lat' dir='ltr'><strong>incorruptelam</strong></span> <span class='ocrx_word' id='word_1_564' title='bbox 2855 2876 3153 2946; x_wconf 70' lang='lat' dir='ltr'><strong>possidebit.</strong></span> <span class='ocrx_word' id='word_1_565' title='bbox 3173 2880 3284 2938; x_wconf 87' lang='lat' dir='ltr'><strong>Hoc</strong></span> <span class='ocrx_word' id='word_1_566' title='bbox 3306 2884 3456 2953; x_wconf 87' lang='lat' dir='ltr'><strong>dicit,</strong></span> 
     </span>
    </p>
   </div>
   <div class='ocr_carea' id='block_1_74' title="bbox 1857 2961 3462 3039">
    <p class='ocr_par' dir='ltr' id='par_1_74' title="bbox 1857 2961 3462 3039">
     <span class='ocr_line' id='line_1_74' title="bbox 1857 2961 3462 3039; baseline 0.014 -28"><span class='ocrx_word' id='word_1_567' title='bbox 1857 2961 1980 3030; x_wconf 91' lang='lat' dir='ltr'><strong>quia</strong></span> <span class='ocrx_word' id='word_1_568' title='bbox 2005 2962 2312 3031; x_wconf 86' lang='lat' dir='ltr'><strong>corruptela</strong></span> <span class='ocrx_word' id='word_1_569' title='bbox 2339 2973 2392 3018; x_wconf 90' lang='lat' dir='ltr'><strong>et</strong></span> <span class='ocrx_word' id='word_1_570' title='bbox 2434 2963 2656 3020; x_wconf 88' lang='lat' dir='ltr'><strong>lascivia</strong></span> <span class='ocrx_word' id='word_1_571' title='bbox 2689 2967 2814 3023; x_wconf 69' lang='lat' dir='ltr'><strong>vita:</strong></span> <span class='ocrx_word' id='word_1_572' title='bbox 2863 2985 3075 3039; x_wconf 77' lang='lat' dir='ltr'><strong>poenam</strong></span> <span class='ocrx_word' id='word_1_573' title='bbox 3111 2989 3336 3032; x_wconf 85' lang='lat' dir='ltr'><strong>necesse</strong></span> <span class='ocrx_word' id='word_1_574' title='bbox 3376 2989 3462 3034; x_wconf 76' lang='lat' dir='ltr'><strong>est</strong></span> 
     </span>
    </p>
   </div>
   <div class='ocr_carea' id='block_1_75' title="bbox 1857 3055 3455 3136">
    <p class='ocr_par' dir='ltr' id='par_1_75' title="bbox 1857 3055 3455 3136">
     <span class='ocr_line' id='line_1_75' title="bbox 1857 3055 3455 3136; baseline 0.011 -28"><span class='ocrx_word' id='word_1_575' title='bbox 1857 3055 2112 3126; x_wconf 88' lang='lat' dir='ltr'><strong>patiatur.</strong></span> <span class='ocrx_word' id='word_1_576' title='bbox 2148 3057 2460 3113; x_wconf 90' lang='lat' dir='ltr'><strong>Passionem</strong></span> <span class='ocrx_word' id='word_1_577' title='bbox 2491 3060 2635 3114; x_wconf 88' lang='lat' dir='ltr'><strong>enim</strong></span> <span class='ocrx_word' id='word_1_578' title='bbox 2667 3065 3072 3133; x_wconf 90' lang='lat' dir='ltr'><strong>corruptionem</strong></span> <span class='ocrx_word' id='word_1_579' title='bbox 3089 3069 3306 3136; x_wconf 87' lang='lat' dir='ltr'><strong>posuit;</strong></span> <span class='ocrx_word' id='word_1_580' title='bbox 3334 3086 3455 3125; x_wconf 91' lang='lat' dir='ltr'><strong>nam</strong></span> 
     </span>
    </p>
   </div>
   <div class='ocr_carea' id='block_1_76' title="bbox 1856 3150 3454 3233">
    <p class='ocr_par' dir='ltr' id='par_1_76' title="bbox 1856 3150 3454 3233">
     <span class='ocr_line' id='line_1_76' title="bbox 1856 3150 3454 3233; baseline 0.008 -29"><span class='ocrx_word' id='word_1_581' title='bbox 1856 3158 2071 3204; x_wconf 86' lang='lat' dir='ltr'><strong>constat</strong></span> <span class='ocrx_word' id='word_1_582' title='bbox 2092 3150 2273 3221; x_wconf 86' lang='lat' dir='ltr'><strong>utique</strong></span> <span class='ocrx_word' id='word_1_583' title='bbox 2296 3166 2484 3206; x_wconf 84' lang='lat' dir='ltr'><strong>Omnes</strong></span> <span class='ocrx_word' id='word_1_584' title='bbox 2512 3153 2759 3208; x_wconf 85' lang='lat' dir='ltr'><strong>homines</strong></span> <span class='ocrx_word' id='word_1_585' title='bbox 2781 3153 3115 3214; x_wconf 89' lang='lat' dir='ltr'><strong>immortales</strong></span> <span class='ocrx_word' id='word_1_586' title='bbox 3143 3176 3454 3233; x_wconf 74' lang='lat' dir='ltr'><strong>resurgere.</strong></span> 
     </span>
    </p>
   </div>
   <div class='ocr_carea' id='block_1_77' title="bbox 1929 3240 3462 3328">
    <p class='ocr_par' dir='ltr' id='par_1_77' title="bbox 1929 3240 3462 3328">
     <span class='ocr_line' id='line_1_77' title="bbox 1929 3240 3462 3328; baseline 0.011 -34"><span class='ocrx_word' id='word_1_587' title='bbox 1929 3240 2112 3314; x_wconf 86' lang='lat' dir='ltr'><strong>(Vers.</strong></span> <span class='ocrx_word' id='word_1_588' title='bbox 2147 3243 2268 3310; x_wconf 76' lang='lat' dir='ltr'><strong>5L)</strong></span> <span class='ocrx_word' id='word_1_589' title='bbox 2301 3241 2434 3299; x_wconf 84' lang='lat' dir='ltr'><strong>Ecce</strong></span> <span class='ocrx_word' id='word_1_590' title='bbox 2467 3247 2770 3317; x_wconf 82' lang='lat' dir='ltr'><strong>mysterium</strong></span> <span class='ocrx_word' id='word_1_591' title='bbox 2799 3251 2941 3304; x_wconf 78' lang='lat' dir='ltr'><strong>vobis</strong></span> <span class='ocrx_word' id='word_1_592' title='bbox 2968 3251 3119 3319; x_wconf 85' lang='lat' dir='ltr'><strong>diro,</strong></span> <span class='ocrx_word' id='word_1_593' title='bbox 3152 3271 3326 3310; x_wconf 85' lang='lat' dir='ltr'><strong>omnes</strong></span> <span class='ocrx_word' id='word_1_594' title='bbox 3345 3260 3462 3328; x_wconf 88' lang='lat' dir='ltr'><strong>qui-</strong></span> 
     </span>
    </p>
   </div>
   <div class='ocr_carea' id='block_1_78' title="bbox 1853 3336 3452 3419">
    <p class='ocr_par' dir='ltr' id='par_1_78' title="bbox 1853 3336 3452 3419">
     <span class='ocr_line' id='line_1_78' title="bbox 1853 3336 3452 3419; baseline 0.012 -31"><span class='ocrx_word' id='word_1_595' title='bbox 1853 3336 1968 3388; x_wconf 88' lang='lat' dir='ltr'><strong>dem</strong></span> <span class='ocrx_word' id='word_1_596' title='bbox 1998 3353 2361 3407; x_wconf 85' lang='lat' dir='ltr'><strong>resurgemus;</strong></span> <span class='ocrx_word' id='word_1_597' title='bbox 2421 3339 2471 3391; x_wconf 84' lang='lat' dir='ltr'><strong>itl</strong></span> <span class='ocrx_word' id='word_1_598' title='bbox 2518 3347 2602 3393; x_wconf 91' lang='lat' dir='ltr'><strong>est</strong></span> <span class='ocrx_word' id='word_1_599' title='bbox 2631 3383 2646 3402; x_wconf 83' lang='lat'><strong>,</strong></span> <span class='ocrx_word' id='word_1_600' title='bbox 2683 3350 2789 3394; x_wconf 91' lang='lat' dir='ltr'><strong>tam</strong></span> <span class='ocrx_word' id='word_1_601' title='bbox 2831 3344 3118 3400; x_wconf 90' lang='lat' dir='ltr'><strong>credentes</strong></span> <span class='ocrx_word' id='word_1_602' title='bbox 3149 3364 3308 3419; x_wconf 87' lang='lat' dir='ltr'><strong>quam</strong></span> <span class='ocrx_word' id='word_1_603' title='bbox 3346 3369 3452 3406; x_wconf 85' lang='lat' dir='ltr'><strong>non</strong></span> 
     </span>
    </p>
   </div>
   <div class='ocr_carea' id='block_1_79' title="bbox 1851 3429 3455 3498">
    <p class='ocr_par' dir='ltr' id='par_1_79' title="bbox 1851 3429 3455 3498">
     <span class='ocr_line' id='line_1_79' title="bbox 1851 3429 3455 3498; baseline 0.009 -15"><span class='ocrx_word' id='word_1_604' title='bbox 1851 3429 2156 3484; x_wconf 71' lang='lat' dir='ltr'><strong>credentes.</strong></span> <span class='ocrx_word' id='word_1_605' title='bbox 2196 3430 2301 3486; x_wconf 87' lang='lat' dir='ltr'><strong>Sed</strong></span> <span class='ocrx_word' id='word_1_606' title='bbox 2329 3447 2429 3484; x_wconf 88' lang='lat' dir='ltr'><strong>non</strong></span> <span class='ocrx_word' id='word_1_607' title='bbox 2459 3447 2633 3486; x_wconf 88' lang='lat' dir='ltr'><strong>omnes</strong></span> <span class='ocrx_word' id='word_1_608' title='bbox 2655 3433 3233 3496; x_wconf 84' lang='lat' dir='ltr'><strong>immutabintur.Nunc</strong></span> <span class='ocrx_word' id='word_1_609' title='bbox 3266 3445 3455 3498; x_wconf 84' lang='lat' dir='ltr'><strong>unius-</strong></span> 
     </span>
    </p>
   </div>
   <div class='ocr_carea' id='block_1_80' title="bbox 1850 3525 3460 3611">
    <p class='ocr_par' dir='ltr' id='par_1_80' title="bbox 1850 3525 3460 3611">
     <span class='ocr_line' id='line_1_80' title="bbox 1850 3525 3460 3611; baseline 0.011 -31"><span class='ocrx_word' id='word_1_610' title='bbox 1850 3525 2114 3595; x_wconf 86' lang='lat' dir='ltr'><strong>cujusque</strong></span> <span class='ocrx_word' id='word_1_611' title='bbox 2146 3525 2396 3580; x_wconf 91' lang='lat' dir='ltr'><strong>meritum</strong></span> <span class='ocrx_word' id='word_1_612' title='bbox 2427 3525 2480 3580; x_wconf 95' lang='lat' dir='ltr'><strong>in</strong></span> <span class='ocrx_word' id='word_1_613' title='bbox 2514 3531 2915 3588; x_wconf 83' lang='lat' dir='ltr'><strong>resurrectione</strong></span> <span class='ocrx_word' id='word_1_614' title='bbox 2938 3534 3211 3605; x_wconf 86' lang='lat' dir='ltr'><strong>significat</strong></span> <span class='ocrx_word' id='word_1_615' title='bbox 3237 3580 3251 3604; x_wconf 90' lang='lat'><strong>,</strong></span> <span class='ocrx_word' id='word_1_616' title='bbox 3284 3542 3460 3611; x_wconf 88' lang='lat' dir='ltr'><strong>qualis</strong></span> 
     </span>
    </p>
   </div>
   <div class='ocr_carea' id='block_1_81' title="bbox 1854 3616 2484 3684">
    <p class='ocr_par' dir='ltr' id='par_1_81' title="bbox 1854 3616 2484 3684">
     <span class='ocr_line' id='line_1_81' title="bbox 1854 3616 2484 3684; baseline 0 -13"><span class='ocrx_word' id='word_1_617' title='bbox 1854 3617 1908 3671; x_wconf 93' lang='lat' dir='ltr'><strong>in</strong></span> <span class='ocrx_word' id='word_1_618' title='bbox 1931 3616 2156 3684; x_wconf 84' lang='lat' dir='ltr'><strong>singulis</strong></span> <span class='ocrx_word' id='word_1_619' title='bbox 2187 3616 2360 3671; x_wconf 87' lang='lat' dir='ltr'><strong>futura</strong></span> <span class='ocrx_word' id='word_1_620' title='bbox 2393 3619 2484 3674; x_wconf 88' lang='lat' dir='ltr'><strong>sit.</strong></span> 
     </span>
    </p>
   </div>
   <div class='ocr_carea' id='block_1_82' title="bbox 1927 3709 3455 3794">
    <p class='ocr_par' dir='ltr' id='par_1_82' title="bbox 1927 3709 3455 3794">
     <span class='ocr_line' id='line_1_82' title="bbox 1927 3709 3455 3794; baseline 0.013 -31"><span class='ocrx_word' id='word_1_621' title='bbox 1927 3710 2242 3783; x_wconf 67' lang='lat' dir='ltr'><strong>(Ven-.52.)</strong></span> <span class='ocrx_word' id='word_1_622' title='bbox 2275 3709 2341 3765; x_wconf 87' lang='lat' dir='ltr'><strong>In</strong></span> <span class='ocrx_word' id='word_1_623' title='bbox 2372 3725 2653 3781; x_wconf 87' lang='lat' dir='ltr'><strong>momento,</strong></span> <span class='ocrx_word' id='word_1_624' title='bbox 2677 3714 2733 3768; x_wconf 87' lang='lat' dir='ltr'><strong>in</strong></span> <span class='ocrx_word' id='word_1_625' title='bbox 2758 3715 2861 3770; x_wconf 88' lang='lat' dir='ltr'><strong>ictu</strong></span> <span class='ocrx_word' id='word_1_626' title='bbox 2891 3720 3062 3784; x_wconf 83' lang='lat' dir='ltr'><strong>oeuli,</strong></span> <span class='ocrx_word' id='word_1_627' title='bbox 3099 3722 3148 3775; x_wconf 92' lang='lat' dir='ltr'><strong>id</strong></span> <span class='ocrx_word' id='word_1_628' title='bbox 3180 3734 3258 3777; x_wconf 89' lang='lat' dir='ltr'><strong>est</strong></span> <span class='ocrx_word' id='word_1_629' title='bbox 3279 3765 3294 3790; x_wconf 93' lang='lat'><strong>,</strong></span> <span class='ocrx_word' id='word_1_630' title='bbox 3325 3727 3455 3794; x_wconf 90' lang='lat' dir='ltr'><strong>cito,</strong></span> 
     </span>
    </p>
   </div>
   <div class='ocr_carea' id='block_1_83' title="bbox 1853 3803 3454 3885">
    <p class='ocr_par' dir='ltr' id='par_1_83' title="bbox 1853 3803 3454 3885">
     <span class='ocr_line' id='line_1_83' title="bbox 1853 3803 3454 3885; baseline 0.009 -28"><span class='ocrx_word' id='word_1_631' title='bbox 1853 3803 1973 3858; x_wconf 89' lang='lat' dir='ltr'><strong>sine</strong></span> <span class='ocrx_word' id='word_1_632' title='bbox 2004 3803 2180 3873; x_wconf 88' lang='lat' dir='ltr'><strong>aliqua</strong></span> <span class='ocrx_word' id='word_1_633' title='bbox 2211 3817 2386 3858; x_wconf 87' lang='lat' dir='ltr'><strong>mora.</strong></span> <span class='ocrx_word' id='word_1_634' title='bbox 2422 3804 2484 3857; x_wconf 87' lang='lat' dir='ltr'><strong>In</strong></span> <span class='ocrx_word' id='word_1_635' title='bbox 2518 3806 2794 3861; x_wconf 86' lang='lat' dir='ltr'><strong>novissima</strong></span> <span class='ocrx_word' id='word_1_636' title='bbox 2818 3809 2970 3872; x_wconf 88' lang='lat' dir='ltr'><strong>tuba;</strong></span> <span class='ocrx_word' id='word_1_637' title='bbox 2994 3811 3116 3866; x_wconf 89' lang='lat' dir='ltr'><strong>ideo</strong></span> <span class='ocrx_word' id='word_1_638' title='bbox 3137 3815 3416 3871; x_wconf 73' lang='lat' dir='ltr'><strong>nouissima</strong></span> <span class='ocrx_word' id='word_1_639' title='bbox 3439 3859 3454 3885; x_wconf 96' lang='lat'><strong>,</strong></span> 
     </span>
    </p>
   </div>
   <div class='ocr_carea' id='block_1_84' title="bbox 1853 3895 3452 3977">
    <p class='ocr_par' dir='ltr' id='par_1_84' title="bbox 1853 3895 3452 3977">
     <span class='ocr_line' id='line_1_84' title="bbox 1853 3895 3452 3977; baseline 0.011 -29"><span class='ocrx_word' id='word_1_640' title='bbox 1853 3895 1979 3965; x_wconf 89' lang='lat' dir='ltr'><strong>quia</strong></span> <span class='ocrx_word' id='word_1_641' title='bbox 2007 3903 2341 3963; x_wconf 77' lang='lat' dir='ltr'><strong>postremum</strong></span> <span class='ocrx_word' id='word_1_642' title='bbox 2370 3896 2572 3951; x_wconf 90' lang='lat' dir='ltr'><strong>bellum</strong></span> <span class='ocrx_word' id='word_1_643' title='bbox 2606 3903 2812 3968; x_wconf 86' lang='lat' dir='ltr'><strong>geritur</strong></span> <span class='ocrx_word' id='word_1_644' title='bbox 2839 3900 3127 3958; x_wconf 90' lang='lat' dir='ltr'><strong>adversum</strong></span> <span class='ocrx_word' id='word_1_645' title='bbox 3152 3905 3452 3977; x_wconf 65' lang='lat' dir='ltr'><strong>dii-mones,</strong></span> 
     </span>
    </p>
   </div>
   <div class='ocr_carea' id='block_1_85' title="bbox 1854 3985 3455 4060">
    <p class='ocr_par' dir='ltr' id='par_1_85' title="bbox 1854 3985 3455 4060">
     <span class='ocr_line' id='line_1_85' title="bbox 1854 3985 3455 4060; baseline 0.009 -18"><span class='ocrx_word' id='word_1_646' title='bbox 1854 4003 1918 4044; x_wconf 91' lang='lat' dir='ltr'><strong>ac</strong></span> <span class='ocrx_word' id='word_1_647' title='bbox 1943 3985 2214 4057; x_wconf 82' lang='lat' dir='ltr'><strong>principes</strong></span> <span class='ocrx_word' id='word_1_648' title='bbox 2238 4030 2250 4052; x_wconf 89' lang='lat'><strong>,</strong></span> <span class='ocrx_word' id='word_1_649' title='bbox 2279 3997 2333 4042; x_wconf 90' lang='lat' dir='ltr'><strong>et</strong></span> <span class='ocrx_word' id='word_1_650' title='bbox 2358 3996 2656 4058; x_wconf 86' lang='lat' dir='ltr'><strong>potestates</strong></span> <span class='ocrx_word' id='word_1_651' title='bbox 2682 4031 2695 4050; x_wconf 85' lang='lat'><strong>,</strong></span> <span class='ocrx_word' id='word_1_652' title='bbox 2722 4000 2776 4043; x_wconf 85' lang='lat' dir='ltr'><strong>cl</strong></span> <span class='ocrx_word' id='word_1_653' title='bbox 2803 3991 2978 4060; x_wconf 90' lang='lat' dir='ltr'><strong>ipsum</strong></span> <span class='ocrx_word' id='word_1_654' title='bbox 3007 3994 3307 4052; x_wconf 89' lang='lat' dir='ltr'><strong>diabolum.</strong></span> <span class='ocrx_word' id='word_1_655' title='bbox 3341 3999 3455 4057; x_wconf 92' lang='lat' dir='ltr'><strong>lloc</strong></span> 
     </span>
    </p>
   </div>
   <div class='ocr_carea' id='block_1_86' title="bbox 1855 4081 3457 4162">
    <p class='ocr_par' dir='ltr' id='par_1_86' title="bbox 1855 4081 3457 4162">
     <span class='ocr_line' id='line_1_86' title="bbox 1855 4081 3457 4162; baseline 0.009 -26"><span class='ocrx_word' id='word_1_656' title='bbox 1855 4081 2001 4136; x_wconf 90' lang='lat' dir='ltr'><strong>enim</strong></span> <span class='ocrx_word' id='word_1_657' title='bbox 2033 4081 2124 4136; x_wconf 84' lang='lat' dir='ltr'><strong>fiet</strong></span> <span class='ocrx_word' id='word_1_658' title='bbox 2152 4090 2276 4152; x_wconf 91' lang='lat' dir='ltr'><strong>post</strong></span> <span class='ocrx_word' id='word_1_659' title='bbox 2305 4097 2477 4137; x_wconf 88' lang='lat' dir='ltr'><strong>annos</strong></span> <span class='ocrx_word' id='word_1_660' title='bbox 2507 4083 2654 4138; x_wconf 89' lang='lat' dir='ltr'><strong>mille</strong></span> <span class='ocrx_word' id='word_1_661' title='bbox 2675 4125 2689 4148; x_wconf 91' lang='lat'><strong>,</strong></span> <span class='ocrx_word' id='word_1_662' title='bbox 2724 4085 2922 4156; x_wconf 89' lang='lat' dir='ltr'><strong>quibus</strong></span> <span class='ocrx_word' id='word_1_663' title='bbox 2961 4088 3046 4144; x_wconf 91' lang='lat' dir='ltr'><strong>bie</strong></span> <span class='ocrx_word' id='word_1_664' title='bbox 3071 4094 3320 4162; x_wconf 88' lang='lat' dir='ltr'><strong>regnabit</strong></span> <span class='ocrx_word' id='word_1_665' title='bbox 3349 4096 3457 4150; x_wconf 88' lang='lat' dir='ltr'><strong>sal-</strong></span> 
     </span>
    </p>
   </div>
   <div class='ocr_carea' id='block_1_87' title="bbox 1855 4177 3463 4247">
    <p class='ocr_par' dir='ltr' id='par_1_87' title="bbox 1855 4177 3463 4247">
     <span class='ocr_line' id='line_1_87' title="bbox 1855 4177 3463 4247; baseline 0.009 -15"><span class='ocrx_word' id='word_1_666' title='bbox 1855 4188 2033 4243; x_wconf 88' lang='lat' dir='ltr'><strong>vator,</strong></span> <span class='ocrx_word' id='word_1_667' title='bbox 2063 4178 2332 4232; x_wconf 79' lang='lat' dir='ltr'><strong>exstincto</strong></span> <span class='ocrx_word' id='word_1_668' title='bbox 2352 4177 2688 4232; x_wconf 77' lang='lat' dir='ltr'><strong>Anticliristo</strong></span> <span class='ocrx_word' id='word_1_669' title='bbox 2707 4220 2723 4246; x_wconf 87' lang='lat'><strong>,</strong></span> <span class='ocrx_word' id='word_1_670' title='bbox 2753 4195 2875 4236; x_wconf 91' lang='lat' dir='ltr'><strong>cum</strong></span> <span class='ocrx_word' id='word_1_671' title='bbox 2903 4181 3133 4240; x_wconf 87' lang='lat' dir='ltr'><strong>Satanas</strong></span> <span class='ocrx_word' id='word_1_672' title='bbox 3156 4187 3463 4247; x_wconf 87' lang='lat' dir='ltr'><strong>dimittetur</strong></span> 
     </span>
    </p>
   </div>
   <div class='ocr_carea' id='block_1_88' title="bbox 1855 4272 3456 4358">
    <p class='ocr_par' dir='ltr' id='par_1_88' title="bbox 1855 4272 3456 4358">
     <span class='ocr_line' id='line_1_88' title="bbox 1855 4272 3456 4358; baseline 0.004 -31"><span class='ocrx_word' id='word_1_673' title='bbox 1855 4273 1923 4327; x_wconf 92' lang='lat' dir='ltr'><strong>de</strong></span> <span class='ocrx_word' id='word_1_674' title='bbox 1962 4288 2184 4327; x_wconf 90' lang='lat' dir='ltr'><strong>carcere</strong></span> <span class='ocrx_word' id='word_1_675' title='bbox 2212 4288 2310 4328; x_wconf 92' lang='lat' dir='ltr'><strong>suo</strong></span> <span class='ocrx_word' id='word_1_676' title='bbox 2340 4272 2405 4327; x_wconf 92' lang='lat' dir='ltr'><strong>ad</strong></span> <span class='ocrx_word' id='word_1_677' title='bbox 2437 4273 2776 4329; x_wconf 87' lang='lat' dir='ltr'><strong>seducendas</strong></span> <span class='ocrx_word' id='word_1_678' title='bbox 2802 4287 2990 4346; x_wconf 88' lang='lat' dir='ltr'><strong>gentes</strong></span> <span class='ocrx_word' id='word_1_679' title='bbox 3019 4278 3134 4350; x_wconf 87' lang='lat' dir='ltr'><strong>Gog</strong></span> <span class='ocrx_word' id='word_1_680' title='bbox 3164 4293 3215 4335; x_wconf 89' lang='lat' dir='ltr'><strong>et</strong></span> <span class='ocrx_word' id='word_1_681' title='bbox 3248 4282 3456 4358; x_wconf 77' lang='lat' dir='ltr'><strong>Magog,</strong></span> 
     </span>
    </p>
   </div>
   <div class='ocr_carea' id='block_1_89' title="bbox 1855 4365 3460 4437">
    <p class='ocr_par' dir='ltr' id='par_1_89' title="bbox 1855 4365 3460 4437">
     <span class='ocr_line' id='line_1_89' title="bbox 1855 4365 3460 4437; baseline 0.008 -18"><span class='ocrx_word' id='word_1_682' title='bbox 1855 4366 1949 4436; x_wconf 92' lang='lat' dir='ltr'><strong>qui</strong></span> <span class='ocrx_word' id='word_1_683' title='bbox 1979 4375 2105 4420; x_wconf 91' lang='lat' dir='ltr'><strong>sunt</strong></span> <span class='ocrx_word' id='word_1_684' title='bbox 2128 4365 2432 4431; x_wconf 74' lang='lat' dir='ltr'><strong>dtetuones,</strong></span> <span class='ocrx_word' id='word_1_685' title='bbox 2468 4375 2524 4420; x_wconf 92' lang='lat' dir='ltr'><strong>nt</strong></span> <span class='ocrx_word' id='word_1_686' title='bbox 2551 4379 2787 4437; x_wconf 86' lang='lat' dir='ltr'><strong>pugnent</strong></span> <span class='ocrx_word' id='word_1_687' title='bbox 2821 4369 3080 4426; x_wconf 71' lang='lat' dir='ltr'><strong>adversus</strong></span> <span class='ocrx_word' id='word_1_688' title='bbox 3109 4387 3289 4429; x_wconf 89' lang='lat' dir='ltr'><strong>castra</strong></span> <span class='ocrx_word' id='word_1_689' title='bbox 3331 4392 3460 4434; x_wconf 91' lang='lat' dir='ltr'><strong>san-</strong></span> 
     </span>
    </p>
   </div>
   <div class='ocr_carea' id='block_1_90' title="bbox 1857 4460 3460 4536">
    <p class='ocr_par' dir='ltr' id='par_1_90' title="bbox 1857 4460 3460 4536">
     <span class='ocr_line' id='line_1_90' title="bbox 1857 4460 3460 4536; baseline 0.007 -20"><span class='ocrx_word' id='word_1_690' title='bbox 1857 4469 2066 4516; x_wconf 90' lang='lat' dir='ltr'><strong>ctornm</strong></span> <span class='ocrx_word' id='word_1_691' title='bbox 2095 4476 2110 4525; x_wconf 89' lang='lat'><strong>;</strong></span> <span class='ocrx_word' id='word_1_692' title='bbox 2145 4476 2244 4515; x_wconf 90' lang='lat' dir='ltr'><strong>nec</strong></span> <span class='ocrx_word' id='word_1_693' title='bbox 2270 4460 2414 4514; x_wconf 92' lang='lat' dir='ltr'><strong>enim</strong></span> <span class='ocrx_word' id='word_1_694' title='bbox 2447 4461 2774 4531; x_wconf 89' lang='lat' dir='ltr'><strong>temporales</strong></span> <span class='ocrx_word' id='word_1_695' title='bbox 2806 4462 3056 4521; x_wconf 89' lang='lat' dir='ltr'><strong>homines</strong></span> <span class='ocrx_word' id='word_1_696' title='bbox 3086 4480 3340 4536; x_wconf 86' lang='lat' dir='ltr'><strong>poterunt</strong></span> <span class='ocrx_word' id='word_1_697' title='bbox 3365 4473 3460 4527; x_wconf 90' lang='lat' dir='ltr'><strong>ad-</strong></span> 
     </span>
    </p>
   </div>
   <div class='ocr_carea' id='block_1_91' title="bbox 1859 4552 3458 4633">
    <p class='ocr_par' dir='ltr' id='par_1_91' title="bbox 1859 4552 3458 4633">
     <span class='ocr_line' id='line_1_91' title="bbox 1859 4552 3458 4633; baseline 0.009 -27"><span class='ocrx_word' id='word_1_698' title='bbox 1859 4569 2075 4609; x_wconf 86' lang='lat' dir='ltr'><strong>versum</strong></span> <span class='ocrx_word' id='word_1_699' title='bbox 2108 4561 2342 4607; x_wconf 77' lang='lat' dir='ltr'><strong>:eternos</strong></span> <span class='ocrx_word' id='word_1_700' title='bbox 2374 4552 2656 4610; x_wconf 90' lang='lat' dir='ltr'><strong>dimicare.</strong></span> <span class='ocrx_word' id='word_1_701' title='bbox 2692 4554 2822 4608; x_wconf 87' lang='lat' dir='ltr'><strong>Nam</strong></span> <span class='ocrx_word' id='word_1_702' title='bbox 2846 4556 3155 4616; x_wconf 78' lang='lat' dir='ltr'><strong>etJoaunes</strong></span> <span class='ocrx_word' id='word_1_703' title='bbox 3178 4566 3458 4633; x_wconf 89' lang='lat' dir='ltr'><strong>apostolus</strong></span> 
     </span>
    </p>
   </div>
   <div class='ocr_carea' id='block_1_92' title="bbox 159 4635 3462 4728">
    <p class='ocr_par' dir='ltr' id='par_1_92' title="bbox 159 4635 3462 4728">
     <span class='ocr_line' id='line_1_92' title="bbox 159 4635 3462 4728; baseline 0.002 -21"><span class='ocrx_word' id='word_1_704' title='bbox 159 4666 450 4724; x_wconf 88' lang='lat' dir='ltr'><strong>resurgens</strong></span> <span class='ocrx_word' id='word_1_705' title='bbox 484 4652 622 4708; x_wconf 92' lang='lat' dir='ltr'><strong>mori</strong></span> <span class='ocrx_word' id='word_1_706' title='bbox 649 4653 824 4709; x_wconf 83' lang='lat' dir='ltr'><strong>nescit</strong></span> <span class='ocrx_word' id='word_1_707' title='bbox 854 4670 866 4707; x_wconf 89' lang='lat'>:</span> <span class='ocrx_word' id='word_1_708' title='bbox 901 4652 1084 4721; x_wconf 85' lang='lat' dir='ltr'><strong>Qualis</strong></span> <span class='ocrx_word' id='word_1_709' title='bbox 1106 4662 1176 4708; x_wconf 89' lang='lat' dir='ltr'><strong>est</strong></span> <span class='ocrx_word' id='word_1_710' title='bbox 1203 4652 1290 4706; x_wconf 90' lang='lat' dir='ltr'><strong>ille</strong></span> <span class='ocrx_word' id='word_1_711' title='bbox 1320 4653 1595 4717; x_wconf 87' lang='lat' dir='ltr'><strong>terrestris,</strong></span> <span class='ocrx_word' id='word_1_712' title='bbox 1629 4652 1758 4706; x_wconf 88' lang='lat' dir='ltr'><strong>tales</strong></span> <span class='ocrx_word' id='word_1_713' title='bbox 1785 4635 1840 4696; x_wconf 83' lang='lat' dir='ltr'><strong>D</strong></span> <span class='ocrx_word' id='word_1_714' title='bbox 1863 4647 1976 4701; x_wconf 86' lang='lat' dir='ltr'><strong>ait:</strong></span> <span class='ocrx_word' id='word_1_715' title='bbox 2017 4643 2140 4698; x_wconf 82' lang='lat' dir='ltr'><strong>Vidi</strong></span> <span class='ocrx_word' id='word_1_716' title='bbox 2173 4643 2401 4698; x_wconf 82' lang='lat' dir='ltr'><strong>Michael</strong></span> <span class='ocrx_word' id='word_1_717' title='bbox 2430 4653 2476 4699; x_wconf 89' lang='lat' dir='ltr'><strong>et</strong></span> <span class='ocrx_word' id='word_1_718' title='bbox 2499 4651 2710 4718; x_wconf 88' lang='lat' dir='ltr'><strong>angelos</strong></span> <span class='ocrx_word' id='word_1_719' title='bbox 2765 4647 2876 4718; x_wconf 85' lang='lat' dir='ltr'><strong>ejus</strong></span> <span class='ocrx_word' id='word_1_720' title='bbox 2924 4649 2976 4702; x_wconf 87' lang='lat' dir='ltr'><strong>in</strong></span> <span class='ocrx_word' id='word_1_721' title='bbox 3008 4652 3135 4705; x_wconf 75' lang='lat' dir='ltr'><strong>coelo</strong></span> <span class='ocrx_word' id='word_1_722' title='bbox 3174 4668 3462 4728; x_wconf 88' lang='lat' dir='ltr'><strong>pugnantes</strong></span> 
     </span>
    </p>
   </div>
   <div class='ocr_carea' id='block_1_93' title="bbox 160 4745 1751 4819">
    <p class='ocr_par' dir='ltr' id='par_1_93' title="bbox 160 4745 1751 4819">
     <span class='ocr_line' id='line_1_93' title="bbox 160 4745 1751 4819; baseline -0.001 -19"><span class='ocrx_word' id='word_1_723' title='bbox 160 4756 205 4800; x_wconf 88' lang='lat' dir='ltr'><strong>et</strong></span> <span class='ocrx_word' id='word_1_724' title='bbox 231 4755 546 4801; x_wconf 87' lang='lat' dir='ltr'><strong>terrestres:</strong></span> <span class='ocrx_word' id='word_1_725' title='bbox 587 4745 690 4801; x_wconf 90' lang='lat' dir='ltr'><strong>hoc</strong></span> <span class='ocrx_word' id='word_1_726' title='bbox 715 4755 820 4812; x_wconf 87' lang='lat' dir='ltr'><strong>est,</strong></span> <span class='ocrx_word' id='word_1_727' title='bbox 869 4748 993 4819; x_wconf 89' lang='lat' dir='ltr'><strong>quia</strong></span> <span class='ocrx_word' id='word_1_728' title='bbox 1041 4756 1288 4802; x_wconf 88' lang='lat' dir='ltr'><strong>terrenus</strong></span> <span class='ocrx_word' id='word_1_729' title='bbox 1335 4746 1579 4801; x_wconf 87' lang='lat' dir='ltr'><strong>mortalis</strong></span> <span class='ocrx_word' id='word_1_730' title='bbox 1628 4754 1751 4811; x_wconf 90' lang='lat' dir='ltr'><strong>est,</strong></span> 
     </span>
    </p>
   </div>
   <div class='ocr_carea' id='block_1_94' title="bbox 231 4881 1754 4956">
    <p class='ocr_par' dir='ltr' id='par_1_94' title="bbox 231 4881 1754 4956">
     <span class='ocr_line' id='line_1_94' title="bbox 231 4881 1754 4956; baseline -0.001 -19"><span class='ocrx_word' id='word_1_731' title='bbox 231 4894 254 4921; x_wconf 74' lang='grc' dir='ltr'>ι</span> <span class='ocrx_word' id='word_1_732' title='bbox 296 4884 397 4939; x_wconf 79' lang='lat' dir='ltr'><strong>Ms.</strong></span> <span class='ocrx_word' id='word_1_733' title='bbox 431 4882 622 4946; x_wconf 85' lang='lat' dir='ltr'><strong>Corb.,</strong></span> <span class='ocrx_word' id='word_1_734' title='bbox 650 4884 886 4956; x_wconf 74' lang='lat' dir='ltr'><strong>perﬁdia:</strong></span> <span class='ocrx_word' id='word_1_735' title='bbox 912 4901 1020 4940; x_wconf 70' lang='lat' dir='ltr'><strong>suc</strong></span> <span class='ocrx_word' id='word_1_736' title='bbox 1046 4901 1238 4940; x_wconf 82' lang='lat' dir='ltr'><strong>errore.</strong></span> <span class='ocrx_word' id='word_1_737' title='bbox 1274 4883 1334 4937; x_wconf 86' lang='lat' dir='ltr'><strong>Et</strong></span> <span class='ocrx_word' id='word_1_738' title='bbox 1367 4882 1528 4944; x_wconf 89' lang='lat' dir='ltr'><strong>infra,</strong></span> <span class='ocrx_word' id='word_1_739' title='bbox 1564 4881 1754 4936; x_wconf 71' lang='lat' dir='ltr'><strong>Exem-</strong></span> 
     </span>
    </p>
   </div>
   <div class='ocr_carea' id='block_1_95' title="bbox 163 4956 1756 5027">
    <p class='ocr_par' dir='ltr' id='par_1_95' title="bbox 163 4956 1756 5027">
     <span class='ocr_line' id='line_1_95' title="bbox 163 4956 1756 5027; baseline -0.001 -17"><span class='ocrx_word' id='word_1_740' title='bbox 163 4957 246 5027; x_wconf 81' lang='lat' dir='ltr'><strong>pla</strong></span> <span class='ocrx_word' id='word_1_741' title='bbox 273 4959 487 5023; x_wconf 87' lang='lat' dir='ltr'><strong>dantur,</strong></span> <span class='ocrx_word' id='word_1_742' title='bbox 534 4967 590 5010; x_wconf 86' lang='lat' dir='ltr'><strong>ut</strong></span> <span class='ocrx_word' id='word_1_743' title='bbox 639 4975 740 5011; x_wconf 86' lang='lat' dir='ltr'><strong>non</strong></span> <span class='ocrx_word' id='word_1_744' title='bbox 797 4956 1005 5011; x_wconf 87' lang='lat' dir='ltr'><strong>dubiam</strong></span> <span class='ocrx_word' id='word_1_745' title='bbox 1054 4965 1480 5010; x_wconf 76' lang='lat' dir='ltr'><strong>resurrectionem</strong></span> <span class='ocrx_word' id='word_1_746' title='bbox 1525 4958 1756 5024; x_wconf 79' lang='lat' dir='ltr'><strong>futuram</strong></span> 
     </span>
    </p>
   </div>
   <div class='ocr_carea' id='block_1_96' title="bbox 163 5028 890 5099">
    <p class='ocr_par' dir='ltr' id='par_1_96' title="bbox 163 5028 890 5099">
     <span class='ocr_line' id='line_1_96' title="bbox 163 5028 890 5099; baseline 0.006 -21"><span class='ocrx_word' id='word_1_747' title='bbox 163 5038 479 5082; x_wconf 81' lang='lat' dir='ltr'><strong>mortuorum</strong></span> <span class='ocrx_word' id='word_1_748' title='bbox 506 5030 618 5099; x_wconf 83' lang='lat' dir='ltr'><strong>quis</strong></span> <span class='ocrx_word' id='word_1_749' title='bbox 646 5028 890 5098; x_wconf 86' lang='lat' dir='ltr'><strong>ambigat.</strong></span> 
     </span>
    </p>
   </div>
   <div class='ocr_carea' id='block_1_97' title="bbox 229 5096 1760 5170">
    <p class='ocr_par' dir='ltr' id='par_1_97' title="bbox 229 5096 1760 5170">
     <span class='ocr_line' id='line_1_97' title="bbox 229 5096 1760 5170; baseline -0.002 -16"><span class='ocrx_word' id='word_1_750' title='bbox 229 5099 256 5136; x_wconf 70' lang='grc' dir='ltr'>δ</span> <span class='ocrx_word' id='word_1_751' title='bbox 291 5100 408 5154; x_wconf 79' lang='lat' dir='ltr'><strong>Vel.</strong></span> <span class='ocrx_word' id='word_1_752' title='bbox 431 5096 560 5155; x_wconf 81' lang='lat' dir='ltr'><strong>edit.</strong></span> <span class='ocrx_word' id='word_1_753' title='bbox 582 5109 656 5156; x_wconf 83' lang='lat' dir='ltr'><strong>&#39;ac</strong></span> <span class='ocrx_word' id='word_1_754' title='bbox 677 5096 1028 5168; x_wconf 74' lang='lat' dir='ltr'><strong>pluresmss.,</strong></span> <span class='ocrx_word' id='word_1_755' title='bbox 1059 5118 1156 5151; x_wconf 89' lang='lat' dir='ltr'><strong>non</strong></span> <span class='ocrx_word' id='word_1_756' title='bbox 1176 5100 1308 5152; x_wconf 76' lang='lat' dir='ltr'><strong>enim</strong></span> <span class='ocrx_word' id='word_1_757' title='bbox 1331 5114 1517 5170; x_wconf 85' lang='lat' dir='ltr'><strong>corpus</strong></span> <span class='ocrx_word' id='word_1_758' title='bbox 1537 5096 1760 5151; x_wconf 84' lang='lat' dir='ltr'><strong>animale</strong></span> 
     </span>
    </p>
   </div>
   <div class='ocr_carea' id='block_1_98' title="bbox 163 5171 1761 5240">
    <p class='ocr_par' dir='ltr' id='par_1_98' title="bbox 163 5171 1761 5240">
     <span class='ocr_line' id='line_1_98' title="bbox 163 5171 1761 5240; baseline -0.002 -18"><span class='ocrx_word' id='word_1_759' title='bbox 163 5186 358 5232; x_wconf 64' lang='grc' dir='ltr'><strong>δειπνεῖ</strong></span> <span class='ocrx_word' id='word_1_760' title='bbox 377 5171 465 5228; x_wconf 80' lang='lat' dir='ltr'><strong>hic</strong></span> <span class='ocrx_word' id='word_1_761' title='bbox 489 5173 674 5228; x_wconf 82' lang='lat' dir='ltr'><strong>habere</strong></span> <span class='ocrx_word' id='word_1_762' title='bbox 701 5183 866 5240; x_wconf 83' lang='lat' dir='ltr'><strong>potest</strong></span> <span class='ocrx_word' id='word_1_763' title='bbox 889 5173 1141 5240; x_wconf 78' lang='lat' dir='ltr'><strong>Spiritum</strong></span> <span class='ocrx_word' id='word_1_764' title='bbox 1163 5181 1395 5224; x_wconf 84' lang='lat' dir='ltr'><strong>sanctum</strong></span> <span class='ocrx_word' id='word_1_765' title='bbox 1423 5187 1441 5222; x_wconf 89' lang='lat'><em>:</em></span> <span class='ocrx_word' id='word_1_766' title='bbox 1473 5180 1591 5222; x_wconf 85' lang='lat' dir='ltr'><strong>tunc</strong></span> <span class='ocrx_word' id='word_1_767' title='bbox 1620 5184 1761 5231; x_wconf 82' lang='lat' dir='ltr'><strong>vero,</strong></span> 
     </span>
    </p>
   </div>
   <div class='ocr_carea' id='block_1_99' title="bbox 165 5241 1759 5310">
    <p class='ocr_par' dir='ltr' id='par_1_99' title="bbox 165 5241 1759 5310">
     <span class='ocr_line' id='line_1_99' title="bbox 165 5241 1759 5310; baseline -0.002 -16"><span class='ocrx_word' id='word_1_768' title='bbox 165 5241 217 5294; x_wconf 88' lang='lat' dir='ltr'><strong>id</strong></span> <span class='ocrx_word' id='word_1_769' title='bbox 245 5254 358 5308; x_wconf 88' lang='lat' dir='ltr'><strong>est,</strong></span> <span class='ocrx_word' id='word_1_770' title='bbox 411 5245 466 5297; x_wconf 88' lang='lat' dir='ltr'><strong>in</strong></span> <span class='ocrx_word' id='word_1_771' title='bbox 497 5245 893 5305; x_wconf 79' lang='lat' dir='ltr'><strong>resurrectione,</strong></span> <span class='ocrx_word' id='word_1_772' title='bbox 928 5260 1125 5310; x_wconf 77' lang='lat' dir='ltr'><strong>seraper</strong></span> <span class='ocrx_word' id='word_1_773' title='bbox 1178 5244 1397 5294; x_wconf 76' lang='lat' dir='ltr'><strong>manebit</strong></span> <span class='ocrx_word' id='word_1_774' title='bbox 1447 5241 1498 5294; x_wconf 88' lang='lat' dir='ltr'><strong>in</strong></span> <span class='ocrx_word' id='word_1_775' title='bbox 1551 5241 1759 5294; x_wconf 84' lang='lat' dir='ltr'><strong>sanctis.</strong></span> 
     </span>
    </p>
   </div>
   <div class='ocr_carea' id='block_1_100' title="bbox 168 5313 1760 5387">
    <p class='ocr_par' dir='ltr' id='par_1_100' title="bbox 168 5313 1760 5387">
     <span class='ocr_line' id='line_1_100' title="bbox 168 5313 1760 5387; baseline -0.001 -22"><span class='ocrx_word' id='word_1_776' title='bbox 168 5314 350 5387; x_wconf 66' lang='lat' dir='ltr'><strong>§urget</strong></span> <span class='ocrx_word' id='word_1_777' title='bbox 373 5333 557 5387; x_wconf 88' lang='lat' dir='ltr'><strong>corpus</strong></span> <span class='ocrx_word' id='word_1_778' title='bbox 579 5316 810 5387; x_wconf 85' lang='lat' dir='ltr'><strong>spiritale</strong></span> <span class='ocrx_word' id='word_1_779' title='bbox 831 5357 844 5378; x_wconf 88' lang='lat'><strong>,</strong></span> <span class='ocrx_word' id='word_1_780' title='bbox 867 5315 1000 5384; x_wconf 87' lang='lat' dir='ltr'><strong>quod</strong></span> <span class='ocrx_word' id='word_1_781' title='bbox 1030 5315 1186 5381; x_wconf 87' lang='lat' dir='ltr'><strong>possit</strong></span> <span class='ocrx_word' id='word_1_782' title='bbox 1215 5315 1289 5387; x_wconf 81' lang='lat' dir='ltr'><strong>ire</strong></span> <span class='ocrx_word' id='word_1_783' title='bbox 1310 5314 1508 5367; x_wconf 86' lang='lat' dir='ltr'><strong>obviam</strong></span> <span class='ocrx_word' id='word_1_784' title='bbox 1537 5313 1760 5387; x_wconf 78' lang='lat' dir='ltr'><strong>Christo.</strong></span> 
     </span>
    </p>
   </div>
   <div class='ocr_carea' id='block_1_101' title="bbox 165 5382 1767 5454">
    <p class='ocr_par' dir='ltr' id='par_1_101' title="bbox 165 5382 1767 5454">
     <span class='ocr_line' id='line_1_101' title="bbox 165 5382 1767 5454; baseline 0 -18"><span class='ocrx_word' id='word_1_785' title='bbox 165 5382 291 5452; x_wconf 80' lang='lat' dir='ltr'><strong>Qute</strong></span> <span class='ocrx_word' id='word_1_786' title='bbox 313 5382 531 5454; x_wconf 82' lang='lat' dir='ltr'><strong>quidem</strong></span> <span class='ocrx_word' id='word_1_787' title='bbox 558 5382 721 5441; x_wconf 71' lang='lat' dir='ltr'><strong>verba</strong></span> <span class='ocrx_word' id='word_1_788' title='bbox 756 5382 886 5439; x_wconf 76' lang='lat' dir='ltr'><strong>non</strong></span> <span class='ocrx_word' id='word_1_789' title='bbox 908 5402 1049 5454; x_wconf 73' lang='lat' dir='ltr'><strong>trgre</strong></span> <span class='ocrx_word' id='word_1_790' title='bbox 1088 5386 1466 5454; x_wconf 69' lang='lat' dir='ltr'><strong>deprehendas</strong></span> <span class='ocrx_word' id='word_1_791' title='bbox 1492 5382 1767 5438; x_wconf 80' lang='lat' dir='ltr'><strong>conSarci-</strong></span> 
     </span>
    </p>
   </div>
   <div class='ocr_carea' id='block_1_102' title="bbox 167 5454 1767 5529">
    <p class='ocr_par' dir='ltr' id='par_1_102' title="bbox 167 5454 1767 5529">
     <span class='ocr_line' id='line_1_102' title="bbox 167 5454 1767 5529; baseline 0 -22"><span class='ocrx_word' id='word_1_792' title='bbox 167 5466 292 5529; x_wconf 76' lang='lat' dir='ltr'><strong>nata</strong></span> <span class='ocrx_word' id='word_1_793' title='bbox 317 5468 442 5513; x_wconf 77' lang='lat' dir='ltr'><strong>esSe</strong></span> <span class='ocrx_word' id='word_1_794' title='bbox 469 5476 531 5513; x_wconf 78' lang='lat' dir='ltr'><strong>ex</strong></span> <span class='ocrx_word' id='word_1_795' title='bbox 556 5457 961 5514; x_wconf 85' lang='lat' dir='ltr'><strong>Commentario</strong></span> <span class='ocrx_word' id='word_1_796' title='bbox 987 5457 1507 5529; x_wconf 61' lang='lat' dir='ltr'><strong>PrCUIIOhiCTOIIYInl</strong></span> <span class='ocrx_word' id='word_1_797' title='bbox 1540 5456 1604 5529; x_wconf 12' lang='lat' dir='ltr'><strong>in,</strong></span> <span class='ocrx_word' id='word_1_798' title='bbox 1625 5454 1767 5508; x_wconf 90' lang='lat' dir='ltr'><strong>hunc</strong></span> 
     </span>
    </p>
   </div>
   <div class='ocr_carea' id='block_1_103' title="bbox 167 5525 1768 5600">
    <p class='ocr_par' dir='ltr' id='par_1_103' title="bbox 167 5525 1768 5600">
     <span class='ocr_line' id='line_1_103' title="bbox 167 5525 1768 5600; baseline -0.001 -21"><span class='ocrx_word' id='word_1_799' title='bbox 167 5525 364 5600; x_wconf 81' lang='lat' dir='ltr'><strong>locum.</strong></span> <span class='ocrx_word' id='word_1_800' title='bbox 397 5531 504 5584; x_wconf 88' lang='lat' dir='ltr'><strong>Sed</strong></span> <span class='ocrx_word' id='word_1_801' title='bbox 530 5547 648 5600; x_wconf 79' lang='lat' dir='ltr'><strong>qua:</strong></span> <span class='ocrx_word' id='word_1_802' title='bbox 681 5531 747 5583; x_wconf 87' lang='lat' dir='ltr'><strong>ab</strong></span> <span class='ocrx_word' id='word_1_803' title='bbox 778 5530 860 5582; x_wconf 90' lang='lat' dir='ltr'><strong>his</strong></span> <span class='ocrx_word' id='word_1_804' title='bbox 888 5531 1018 5600; x_wconf 85' lang='lat' dir='ltr'><strong>ipsis</strong></span> <span class='ocrx_word' id='word_1_805' title='bbox 1046 5530 1226 5584; x_wconf 84' lang='lat' dir='ltr'><strong>verbis</strong></span> <span class='ocrx_word' id='word_1_806' title='bbox 1252 5525 1420 5597; x_wconf 69' lang='lat' dir='ltr'><strong>usque</strong></span> <span class='ocrx_word' id='word_1_807' title='bbox 1445 5528 1512 5581; x_wconf 89' lang='lat' dir='ltr'><strong>ad</strong></span> <span class='ocrx_word' id='word_1_808' title='bbox 1555 5528 1648 5600; x_wconf 72' lang='lat' dir='ltr'><strong>ill_:t_</strong></span> <span class='ocrx_word' id='word_1_809' title='bbox 1673 5541 1768 5600; x_wconf 79' lang='lat' dir='ltr'><strong>ca-</strong></span> 
     </span>
    </p>
   </div>
   <div class='ocr_carea' id='block_1_104' title="bbox 169 5597 1771 5670">
    <p class='ocr_par' dir='ltr' id='par_1_104' title="bbox 169 5597 1771 5670">
     <span class='ocr_line' id='line_1_104' title="bbox 169 5597 1771 5670; baseline -0.001 -19"><span class='ocrx_word' id='word_1_810' title='bbox 169 5597 288 5670; x_wconf 85' lang='lat' dir='ltr'><strong>pitis</strong></span> <span class='ocrx_word' id='word_1_811' title='bbox 315 5601 339 5654; x_wconf 81' lang='grc'><strong>1</strong></span> <span class='ocrx_word' id='word_1_812' title='bbox 374 5597 762 5657; x_wconf 83' lang='lat' dir='ltr'><strong>Commentarii</strong></span> <span class='ocrx_word' id='word_1_813' title='bbox 809 5603 860 5656; x_wconf 92' lang='lat' dir='ltr'><strong>in</strong></span> <span class='ocrx_word' id='word_1_814' title='bbox 887 5597 1201 5669; x_wconf 75' lang='lat' dir='ltr'><strong>sequentem</strong></span> <span class='ocrx_word' id='word_1_815' title='bbox 1233 5604 1518 5670; x_wconf 59' lang='lat' dir='ltr'><strong>epistolam</strong></span> <span class='ocrx_word' id='word_1_816' title='bbox 1547 5617 1557 5649; x_wconf 90' lang='lat'><strong>:</strong></span> <span class='ocrx_word' id='word_1_817' title='bbox 1598 5597 1771 5652; x_wconf 84' lang='lat' dir='ltr'><strong>Mani—</strong></span> 
     </span>
    </p>
   </div>
   <div class='ocr_carea' id='block_1_105' title="bbox 172 5667 1770 5743">
    <p class='ocr_par' dir='ltr' id='par_1_105' title="bbox 172 5667 1770 5743">
     <span class='ocr_line' id='line_1_105' title="bbox 172 5667 1770 5743; baseline 0.001 -23"><span class='ocrx_word' id='word_1_818' title='bbox 172 5667 354 5743; x_wconf 73' lang='lat' dir='ltr'><strong>festum</strong></span> <span class='ocrx_word' id='word_1_819' title='bbox 399 5675 520 5742; x_wconf 86' lang='lat' dir='ltr'><strong>quia</strong></span> <span class='ocrx_word' id='word_1_820' title='bbox 573 5691 662 5742; x_wconf 86' lang='lat' dir='ltr'><strong>pro</strong></span> <span class='ocrx_word' id='word_1_821' title='bbox 692 5691 793 5741; x_wconf 90' lang='lat' dir='ltr'><strong>quo</strong></span> <span class='ocrx_word' id='word_1_822' title='bbox 824 5667 1066 5743; x_wconf 73' lang='lat' dir='ltr'><strong>patimur.</strong></span> <span class='ocrx_word' id='word_1_823' title='bbox 1124 5675 1173 5725; x_wconf 89' lang='lat' dir='ltr'><strong>itt</strong></span> <span class='ocrx_word' id='word_1_824' title='bbox 1229 5667 1504 5740; x_wconf 79' lang='lat' dir='ltr'><strong>plerisque</strong></span> <span class='ocrx_word' id='word_1_825' title='bbox 1537 5684 1665 5724; x_wconf 81' lang='lat' dir='ltr'><strong>mss.</strong></span> <span class='ocrx_word' id='word_1_826' title='bbox 1715 5677 1770 5722; x_wconf 88' lang='lat' dir='ltr'><strong>et</strong></span> 
     </span>
    </p>
   </div>
   <div class='ocr_carea' id='block_1_106' title="bbox 172 5741 1770 5814">
    <p class='ocr_par' dir='ltr' id='par_1_106' title="bbox 172 5741 1770 5814">
     <span class='ocr_line' id='line_1_106' title="bbox 172 5741 1770 5814; baseline 0 -22"><span class='ocrx_word' id='word_1_827' title='bbox 172 5741 425 5814; x_wconf 68' lang='lat' dir='ltr'><strong>omnibus</strong></span> <span class='ocrx_word' id='word_1_828' title='bbox 454 5741 582 5798; x_wconf 89' lang='lat' dir='ltr'><strong>edit.</strong></span> <span class='ocrx_word' id='word_1_829' title='bbox 640 5741 910 5799; x_wconf 68' lang='lat' dir='ltr'><strong>Ambrosii</strong></span> <span class='ocrx_word' id='word_1_830' title='bbox 943 5746 1213 5814; x_wconf 84' lang='lat' dir='ltr'><strong>leguntur.</strong></span> <span class='ocrx_word' id='word_1_831' title='bbox 1250 5744 1393 5797; x_wconf 88' lang='lat' dir='ltr'><strong>unde</strong></span> <span class='ocrx_word' id='word_1_832' title='bbox 1422 5747 1582 5798; x_wconf 88' lang='lat' dir='ltr'><strong>etiam</strong></span> <span class='ocrx_word' id='word_1_833' title='bbox 1635 5756 1770 5794; x_wconf 88' lang='lat' dir='ltr'><strong>non-</strong></span> 
     </span>
    </p>
   </div>
   <div class='ocr_carea' id='block_1_107' title="bbox 177 5807 1766 5884">
    <p class='ocr_par' dir='ltr' id='par_1_107' title="bbox 177 5807 1766 5884">
     <span class='ocr_line' id='line_1_107' title="bbox 177 5807 1766 5884; baseline 0 -21"><span class='ocrx_word' id='word_1_834' title='bbox 177 5807 302 5884; x_wconf 60' lang='lat' dir='ltr'><strong>gibil</strong></span> <span class='ocrx_word' id='word_1_835' title='bbox 330 5830 380 5867; x_wconf 79' lang='lat' dir='ltr'><strong>in</strong></span> <span class='ocrx_word' id='word_1_836' title='bbox 411 5831 560 5870; x_wconf 77' lang='lat' dir='ltr'><strong>suam</strong></span> <span class='ocrx_word' id='word_1_837' title='bbox 595 5815 942 5870; x_wconf 75' lang='lat' dir='ltr'><strong>Paulinorum</strong></span> <span class='ocrx_word' id='word_1_838' title='bbox 969 5807 1325 5884; x_wconf 67' lang='lat' dir='ltr'><strong>epistularum</strong></span> <span class='ocrx_word' id='word_1_839' title='bbox 1355 5814 1766 5884; x_wconf 75' lang='lat' dir='ltr'><strong>Expositionetn</strong></span> 
     </span>
    </p>
   </div>
   <div class='ocr_carea' id='block_1_108' title="bbox 177 5878 1767 5945">
    <p class='ocr_par' dir='ltr' id='par_1_108' title="bbox 177 5878 1767 5945">
     <span class='ocr_line' id='line_1_108' title="bbox 177 5878 1767 5945; baseline 0 -9"><span class='ocrx_word' id='word_1_840' title='bbox 177 5878 422 5942; x_wconf 86' lang='lat' dir='ltr'><strong>Doctoris</strong></span> <span class='ocrx_word' id='word_1_841' title='bbox 453 5887 618 5944; x_wconf 85' lang='lat' dir='ltr'><strong>nostri</strong></span> <span class='ocrx_word' id='word_1_842' title='bbox 651 5886 871 5945; x_wconf 85' lang='lat' dir='ltr'><strong>nomine</strong></span> <span class='ocrx_word' id='word_1_843' title='bbox 899 5878 1173 5944; x_wconf 72' lang='lat' dir='ltr'><strong>transtulit</strong></span> <span class='ocrx_word' id='word_1_844' title='bbox 1196 5878 1492 5943; x_wconf 72' lang='lat' dir='ltr'><strong>Rhabanus</strong></span> <span class='ocrx_word' id='word_1_845' title='bbox 1518 5883 1767 5940; x_wconf 83' lang='lat' dir='ltr'><strong>Maurus:</strong></span> 
     </span>
    </p>
   </div>
   <div class='ocr_carea' id='block_1_109' title="bbox 1859 4739 3465 4813">
    <p class='ocr_par' dir='ltr' id='par_1_109' title="bbox 1859 4739 3465 4813">
     <span class='ocr_line' id='line_1_109' title="bbox 1859 4739 3465 4813; baseline 0.008 -17"><span class='ocrx_word' id='word_1_846' title='bbox 1859 4741 2106 4796; x_wconf 85' lang='lat' dir='ltr'><strong>adversus</strong></span> <span class='ocrx_word' id='word_1_847' title='bbox 2137 4739 2415 4794; x_wconf 86' lang='lat' dir='ltr'><strong>draconem</strong></span> <span class='ocrx_word' id='word_1_848' title='bbox 2442 4749 2489 4794; x_wconf 90' lang='lat' dir='ltr'><strong>et</strong></span> <span class='ocrx_word' id='word_1_849' title='bbox 2517 4740 2731 4813; x_wconf 85' lang='lat' dir='ltr'><strong>angelos</strong></span> <span class='ocrx_word' id='word_1_850' title='bbox 2761 4742 2896 4810; x_wconf 84' lang='lat' dir='ltr'><strong>ejus,</strong></span> <span class='ocrx_word' id='word_1_851' title='bbox 2929 4744 3015 4812; x_wconf 87' lang='lat' dir='ltr'><strong>qui</strong></span> <span class='ocrx_word' id='word_1_852' title='bbox 3047 4754 3122 4800; x_wconf 84' lang='lat' dir='ltr'><strong>est</strong></span> <span class='ocrx_word' id='word_1_853' title='bbox 3147 4748 3389 4808; x_wconf 87' lang='lat' dir='ltr'><strong>diabolus</strong></span> <span class='ocrx_word' id='word_1_854' title='bbox 3415 4763 3465 4808; x_wconf 84' lang='lat' dir='ltr'><strong>et</strong></span> 
     </span>
    </p>
   </div>
   <div class='ocr_carea' id='block_1_110' title="bbox 1856 4875 3467 4950">
    <p class='ocr_par' dir='ltr' id='par_1_110' title="bbox 1856 4875 3467 4950">
     <span class='ocr_line' id='line_1_110' title="bbox 1856 4875 3467 4950; baseline 0.011 -19"><span class='ocrx_word' id='word_1_855' title='bbox 1856 4876 2045 4950; x_wconf 75' lang='lat' dir='ltr'><strong>eadem</strong></span> <span class='ocrx_word' id='word_1_856' title='bbox 2078 4917 2094 4935; x_wconf 93' lang='lat'><strong>.</strong></span> <span class='ocrx_word' id='word_1_857' title='bbox 2147 4875 2266 4950; x_wconf 84' lang='lat' dir='ltr'><strong>solo</strong></span> <span class='ocrx_word' id='word_1_858' title='bbox 2316 4876 2543 4947; x_wconf 80' lang='lat' dir='ltr'><strong>prologo</strong></span> <span class='ocrx_word' id='word_1_859' title='bbox 2573 4889 2830 4948; x_wconf 82' lang='lat' dir='ltr'><strong>excepto,</strong></span> <span class='ocrx_word' id='word_1_860' title='bbox 2881 4880 2932 4935; x_wconf 93' lang='lat' dir='ltr'><strong>in</strong></span> <span class='ocrx_word' id='word_1_861' title='bbox 2983 4882 3308 4943; x_wconf 83' lang='lat' dir='ltr'><strong>adulterinis</strong></span> <span class='ocrx_word' id='word_1_862' title='bbox 3359 4893 3467 4950; x_wconf 87' lang='lat' dir='ltr'><strong>illis</strong></span> 
     </span>
    </p>
   </div>
   <div class='ocr_carea' id='block_1_111' title="bbox 1859 4948 3464 5023">
    <p class='ocr_par' dir='ltr' id='par_1_111' title="bbox 1859 4948 3464 5023">
     <span class='ocr_line' id='line_1_111' title="bbox 1859 4948 3464 5023; baseline 0.011 -21"><span class='ocrx_word' id='word_1_863' title='bbox 1859 4948 2175 5023; x_wconf 76' lang='lat' dir='ltr'><strong>Hieronymi</strong></span> <span class='ocrx_word' id='word_1_864' title='bbox 2200 4948 2619 5023; x_wconf 60' lang='lat' dir='ltr'><strong>liuititneutariis</strong></span> <span class='ocrx_word' id='word_1_865' title='bbox 2645 4951 2910 5023; x_wconf 77' lang='lat' dir='ltr'><strong>adapit-es</strong></span> <span class='ocrx_word' id='word_1_866' title='bbox 2929 4956 3291 5023; x_wconf 80' lang='lat' dir='ltr'><strong>reperiuntur.</strong></span> <span class='ocrx_word' id='word_1_867' title='bbox 3328 4948 3464 5020; x_wconf 79' lang='lat' dir='ltr'><strong>Hinc</strong></span> 
     </span>
    </p>
   </div>
   <div class='ocr_carea' id='block_1_112' title="bbox 1861 5019 3469 5090">
    <p class='ocr_par' dir='ltr' id='par_1_112' title="bbox 1861 5019 3469 5090">
     <span class='ocr_line' id='line_1_112' title="bbox 1861 5019 3469 5090; baseline 0.009 -16"><span class='ocrx_word' id='word_1_868' title='bbox 1861 5021 1913 5075; x_wconf 91' lang='lat' dir='ltr'><strong>in</strong></span> <span class='ocrx_word' id='word_1_869' title='bbox 1931 5032 2180 5090; x_wconf 81' lang='lat' dir='ltr'><strong>promptu</strong></span> <span class='ocrx_word' id='word_1_870' title='bbox 2196 5019 2359 5074; x_wconf 87' lang='lat' dir='ltr'><strong>fuerit</strong></span> <span class='ocrx_word' id='word_1_871' title='bbox 2373 5021 2631 5090; x_wconf 80' lang='lat' dir='ltr'><strong>colligere</strong></span> <span class='ocrx_word' id='word_1_872' title='bbox 2645 5021 2758 5076; x_wconf 90' lang='lat' dir='ltr'><strong>folii</strong></span> <span class='ocrx_word' id='word_1_873' title='bbox 2773 5019 3005 5090; x_wconf 67' lang='lat' dir='ltr'><strong>alicujus</strong></span> <span class='ocrx_word' id='word_1_874' title='bbox 3019 5033 3149 5081; x_wconf 66' lang='lat' dir='ltr'><strong>lat-tt</strong></span> <span class='ocrx_word' id='word_1_875' title='bbox 3163 5047 3210 5081; x_wconf 86' lang='lat' dir='ltr'><strong>nt</strong></span> <span class='ocrx_word' id='word_1_876' title='bbox 3228 5031 3276 5083; x_wconf 91' lang='lat' dir='ltr'><strong>in</strong></span> <span class='ocrx_word' id='word_1_877' title='bbox 3296 5019 3469 5090; x_wconf 81' lang='lat' dir='ltr'><strong>veteri</strong></span> 
     </span>
    </p>
   </div>
   <div class='ocr_carea' id='block_1_113' title="bbox 1861 5093 3462 5167">
    <p class='ocr_par' dir='ltr' id='par_1_113' title="bbox 1861 5093 3462 5167">
     <span class='ocr_line' id='line_1_113' title="bbox 1861 5093 3462 5167; baseline 0.006 -21"><span class='ocrx_word' id='word_1_878' title='bbox 1861 5093 2114 5167; x_wconf 82' lang='lat' dir='ltr'><strong>quopiam</strong></span> <span class='ocrx_word' id='word_1_879' title='bbox 2149 5093 2315 5167; x_wconf 65' lang='lat' dir='ltr'><strong>huius</strong></span> <span class='ocrx_word' id='word_1_880' title='bbox 2354 5093 2522 5146; x_wconf 81' lang='lat' dir='ltr'><strong>nostri</strong></span> <span class='ocrx_word' id='word_1_881' title='bbox 2545 5095 2958 5167; x_wconf 59' lang='lat' dir='ltr'><strong>llotun‘ientarti</strong></span> <span class='ocrx_word' id='word_1_882' title='bbox 2987 5101 3174 5153; x_wconf 82' lang='lat' dir='ltr'><strong>codice</strong></span> <span class='ocrx_word' id='word_1_883' title='bbox 3195 5101 3462 5167; x_wconf 72' lang='lat' dir='ltr'><strong>iacturam</strong></span> 
     </span>
    </p>
   </div>
   <div class='ocr_carea' id='block_1_114' title="bbox 1865 5163 3467 5247">
    <p class='ocr_par' dir='ltr' id='par_1_114' title="bbox 1865 5163 3467 5247">
     <span class='ocr_line' id='line_1_114' title="bbox 1865 5163 3467 5247; baseline 0.006 -32"><span class='ocrx_word' id='word_1_884' title='bbox 1865 5166 1948 5220; x_wconf 82' lang='lat' dir='ltr'><strong>vel</strong></span> <span class='ocrx_word' id='word_1_885' title='bbox 1995 5163 2482 5247; x_wconf 53' lang='lat' dir='ltr'><strong>transposition-eiu</strong></span> <span class='ocrx_word' id='word_1_886' title='bbox 2544 5165 2792 5247; x_wconf 44' lang='lat' dir='ltr'><strong>librariAOs</strong></span> <span class='ocrx_word' id='word_1_887' title='bbox 2840 5182 2870 5220; x_wconf 86' lang='lat' dir='ltr'><strong>e</strong></span> <span class='ocrx_word' id='word_1_888' title='bbox 2925 5163 3467 5247; x_wconf 55' lang='lat' dir='ltr'><strong>l’settdtiltiifrottyiiio</strong></span> 
     </span>
    </p>
   </div>
   <div class='ocr_carea' id='block_1_115' title="bbox 1869 5235 3467 5304">
    <p class='ocr_par' dir='ltr' id='par_1_115' title="bbox 1869 5235 3467 5304">
     <span class='ocr_line' id='line_1_115' title="bbox 1869 5235 3467 5304; baseline 0.006 -17"><span class='ocrx_word' id='word_1_889' title='bbox 1869 5235 2072 5291; x_wconf 81' lang='lat' dir='ltr'><strong>sarcire</strong></span> <span class='ocrx_word' id='word_1_890' title='bbox 2101 5235 2356 5289; x_wconf 83' lang='lat' dir='ltr'><strong>voluisse.</strong></span> <span class='ocrx_word' id='word_1_891' title='bbox 2382 5235 2433 5288; x_wconf 89' lang='lat' dir='ltr'><strong>Itl</strong></span> <span class='ocrx_word' id='word_1_892' title='bbox 2467 5236 2590 5290; x_wconf 84' lang='lat' dir='ltr'><strong>inde</strong></span> <span class='ocrx_word' id='word_1_893' title='bbox 2609 5235 2983 5302; x_wconf 80' lang='lat' dir='ltr'><strong>ctmﬁrtuatur,</strong></span> <span class='ocrx_word' id='word_1_894' title='bbox 3001 5243 3142 5304; x_wconf 86' lang='lat' dir='ltr'><strong>quod</strong></span> <span class='ocrx_word' id='word_1_895' title='bbox 3161 5241 3262 5296; x_wconf 88' lang='lat' dir='ltr'><strong>alia</strong></span> <span class='ocrx_word' id='word_1_896' title='bbox 3284 5235 3467 5302; x_wconf 66' lang='lat' dir='ltr'><strong>omnia</strong></span> 
     </span>
    </p>
   </div>
   <div class='ocr_carea' id='block_1_116' title="bbox 1871 5307 3465 5376">
    <p class='ocr_par' dir='ltr' id='par_1_116' title="bbox 1871 5307 3465 5376">
     <span class='ocr_line' id='line_1_116' title="bbox 1871 5307 3465 5376; baseline -0.004 -14"><span class='ocrx_word' id='word_1_897' title='bbox 1871 5307 2126 5362; x_wconf 81' lang='lat' dir='ltr'><strong>exhibeat</strong></span> <span class='ocrx_word' id='word_1_898' title='bbox 2150 5310 2427 5376; x_wconf 79' lang='lat' dir='ltr'><strong>exemplar</strong></span> <span class='ocrx_word' id='word_1_899' title='bbox 2453 5307 2807 5369; x_wconf 55' lang='lat' dir='ltr'><strong>Corhoiensc,</strong></span> <span class='ocrx_word' id='word_1_900' title='bbox 2841 5311 2932 5361; x_wconf 85' lang='lat' dir='ltr'><strong>sed</strong></span> <span class='ocrx_word' id='word_1_901' title='bbox 2966 5325 3081 5371; x_wconf 67' lang='lat' dir='ltr'><strong>quw</strong></span> <span class='ocrx_word' id='word_1_902' title='bbox 3133 5316 3304 5369; x_wconf 66' lang='lat' dir='ltr'><strong>mutu.</strong></span> <span class='ocrx_word' id='word_1_903' title='bbox 3334 5335 3465 5375; x_wconf 69' lang='grc' dir='ltr'><strong>οηη,</strong></span> 
     </span>
    </p>
   </div>
   <div class='ocr_carea' id='block_1_117' title="bbox 1872 5378 3468 5463">
    <p class='ocr_par' dir='ltr' id='par_1_117' title="bbox 1872 5378 3468 5463">
     <span class='ocr_line' id='line_1_117' title="bbox 1872 5378 3468 5463; baseline 0.006 -31"><span class='ocrx_word' id='word_1_904' title='bbox 1872 5378 2300 5463; x_wconf 43' lang='lat' dir='ltr'><strong>leniant-aptius</strong></span> <span class='ocrx_word' id='word_1_905' title='bbox 2325 5394 2449 5463; x_wconf 59' lang='lat' dir='ltr'><strong>curn</strong></span> <span class='ocrx_word' id='word_1_906' title='bbox 2472 5378 2865 5463; x_wconf 65' lang='lat' dir='ltr'><strong>Att_tbrtisiastr-i</strong></span> <span class='ocrx_word' id='word_1_907' title='bbox 2891 5419 2899 5432; x_wconf 93' lang='lat'><strong>.</strong></span> <span class='ocrx_word' id='word_1_908' title='bbox 2953 5386 3010 5430; x_wconf 89' lang='lat' dir='ltr'><strong>nt</strong></span> <span class='ocrx_word' id='word_1_909' title='bbox 3033 5397 3235 5463; x_wconf 44' lang='lat' dir='ltr'><strong>.voraut</strong></span> <span class='ocrx_word' id='word_1_910' title='bbox 3262 5431 3273 5446; x_wconf 83' lang='lat'><strong>,</strong></span> <span class='ocrx_word' id='word_1_911' title='bbox 3302 5393 3468 5463; x_wconf 66' lang='lat' dir='ltr'><strong>styli).</strong></span> 
     </span>
    </p>
   </div>
   <div class='ocr_carea' id='block_1_118' title="bbox 1874 5450 3470 5520">
    <p class='ocr_par' dir='ltr' id='par_1_118' title="bbox 1874 5450 3470 5520">
     <span class='ocr_line' id='line_1_118' title="bbox 1874 5450 3470 5520; baseline 0.002 -15"><span class='ocrx_word' id='word_1_912' title='bbox 1874 5451 1988 5506; x_wconf 84' lang='lat' dir='ltr'><strong>llnc</strong></span> <span class='ocrx_word' id='word_1_913' title='bbox 2015 5451 2153 5503; x_wconf 87' lang='lat' dir='ltr'><strong>adde</strong></span> <span class='ocrx_word' id='word_1_914' title='bbox 2195 5450 2340 5520; x_wconf 86' lang='lat' dir='ltr'><strong>quod</strong></span> <span class='ocrx_word' id='word_1_915' title='bbox 2397 5452 2448 5502; x_wconf 90' lang='lat' dir='ltr'><strong>in</strong></span> <span class='ocrx_word' id='word_1_916' title='bbox 2478 5450 2648 5503; x_wconf 86' lang='lat' dir='ltr'><strong>tribus</strong></span> <span class='ocrx_word' id='word_1_917' title='bbox 2676 5451 2797 5501; x_wconf 82' lang='lat' dir='ltr'><strong>aliis</strong></span> <span class='ocrx_word' id='word_1_918' title='bbox 2827 5465 2952 5500; x_wconf 83' lang='lat' dir='ltr'><strong>mss.</strong></span> <span class='ocrx_word' id='word_1_919' title='bbox 2978 5451 3044 5502; x_wconf 87' lang='lat' dir='ltr'><strong>ad</strong></span> <span class='ocrx_word' id='word_1_920' title='bbox 3075 5457 3279 5512; x_wconf 77' lang='lat' dir='ltr'><strong>calcem</strong></span> <span class='ocrx_word' id='word_1_921' title='bbox 3311 5450 3470 5519; x_wconf 70' lang='lat' dir='ltr'><strong>tibi&quot;-</strong></span> 
     </span>
    </p>
   </div>
   <div class='ocr_carea' id='block_1_119' title="bbox 1870 5520 3473 5601">
    <p class='ocr_par' dir='ltr' id='par_1_119' title="bbox 1870 5520 3473 5601">
     <span class='ocr_line' id='line_1_119' title="bbox 1870 5520 3473 5601; baseline 0.008 -26"><span class='ocrx_word' id='word_1_922' title='bbox 1870 5522 2122 5601; x_wconf 78' lang='lat' dir='ltr'><strong>mentarii</strong></span> <span class='ocrx_word' id='word_1_923' title='bbox 2147 5525 2208 5601; x_wconf 73' lang='lat' dir='ltr'><strong>in</strong></span> <span class='ocrx_word' id='word_1_924' title='bbox 2238 5523 2397 5587; x_wconf 85' lang='lat' dir='ltr'><strong>epist.</strong></span> <span class='ocrx_word' id='word_1_925' title='bbox 2422 5522 2509 5601; x_wconf 63' lang='lat' dir='ltr'><strong>ad</strong></span> <span class='ocrx_word' id='word_1_926' title='bbox 2533 5521 2819 5601; x_wconf 68' lang='lat' dir='ltr'><strong>Romanos</strong></span> <span class='ocrx_word' id='word_1_927' title='bbox 2842 5520 3198 5587; x_wconf 83' lang='lat' dir='ltr'><strong>fragmentum</strong></span> <span class='ocrx_word' id='word_1_928' title='bbox 3245 5532 3473 5601; x_wconf 74' lang='lat' dir='ltr'><strong>Exposi-</strong></span> 
     </span>
    </p>
   </div>
   <div class='ocr_carea' id='block_1_120' title="bbox 1872 5589 3473 5664">
    <p class='ocr_par' dir='ltr' id='par_1_120' title="bbox 1872 5589 3473 5664">
     <span class='ocr_line' id='line_1_120' title="bbox 1872 5589 3473 5664; baseline 0.01 -16"><span class='ocrx_word' id='word_1_929' title='bbox 1872 5596 2034 5648; x_wconf 83' lang='lat' dir='ltr'><strong>liouis</strong></span> <span class='ocrx_word' id='word_1_930' title='bbox 2067 5593 2375 5646; x_wconf 82' lang='lat' dir='ltr'><strong>ultimorum</strong></span> <span class='ocrx_word' id='word_1_931' title='bbox 2421 5593 2581 5658; x_wconf 78' lang='lat' dir='ltr'><strong>hujus</strong></span> <span class='ocrx_word' id='word_1_932' title='bbox 2628 5589 2869 5664; x_wconf 56' lang='lat' dir='ltr'><strong>t‘plb‘lttlilﬁ</strong></span> <span class='ocrx_word' id='word_1_933' title='bbox 2902 5606 3154 5652; x_wconf 70' lang='lat' dir='ltr'><strong>VCI‘SIIIIIII</strong></span> <span class='ocrx_word' id='word_1_934' title='bbox 3185 5589 3473 5664; x_wconf 70' lang='lat' dir='ltr'><strong>Attilii‘cisio</strong></span> 
     </span>
    </p>
   </div>
   <div class='ocr_carea' id='block_1_121' title="bbox 1872 5659 3473 5745">
    <p class='ocr_par' dir='ltr' id='par_1_121' title="bbox 1872 5659 3473 5745">
     <span class='ocr_line' id='line_1_121' title="bbox 1872 5659 3473 5745; baseline 0.001 -25"><span class='ocrx_word' id='word_1_935' title='bbox 1872 5667 2191 5745; x_wconf 38' lang='lat' dir='ltr'><strong>illll‘llit‘tlulll</strong></span> <span class='ocrx_word' id='word_1_936' title='bbox 2222 5664 2643 5745; x_wconf 57' lang='lat' dir='ltr'><strong>exstattisdenr</strong></span> <span class='ocrx_word' id='word_1_937' title='bbox 2665 5659 2864 5740; x_wconf 79' lang='lat' dir='ltr'><strong>verbis,</strong></span> <span class='ocrx_word' id='word_1_938' title='bbox 2916 5665 3114 5745; x_wconf 72' lang='lat' dir='ltr'><strong>quibus</strong></span> <span class='ocrx_word' id='word_1_939' title='bbox 3168 5659 3364 5745; x_wconf 58' lang='lat' dir='ltr'><strong>legitur</strong></span> <span class='ocrx_word' id='word_1_940' title='bbox 3391 5659 3473 5735; x_wconf 50' lang='lat' dir='ltr'><strong>1f,</strong></span> 
     </span>
    </p>
   </div>
   <div class='ocr_carea' id='block_1_122' title="bbox 1873 5732 3474 5804">
    <p class='ocr_par' dir='ltr' id='par_1_122' title="bbox 1873 5732 3474 5804">
     <span class='ocr_line' id='line_1_122' title="bbox 1873 5732 3474 5804; baseline 0.009 -14"><span class='ocrx_word' id='word_1_941' title='bbox 1873 5739 1996 5790; x_wconf 81' lang='lat' dir='ltr'><strong>cod.</strong></span> <span class='ocrx_word' id='word_1_942' title='bbox 2027 5737 2185 5788; x_wconf 73' lang='lat' dir='ltr'><strong>(Inrb.</strong></span> <span class='ocrx_word' id='word_1_943' title='bbox 2222 5737 2389 5803; x_wconf 75' lang='lat' dir='ltr'><strong>Hujus</strong></span> <span class='ocrx_word' id='word_1_944' title='bbox 2421 5736 2600 5802; x_wconf 87' lang='lat' dir='ltr'><strong>itaque</strong></span> <span class='ocrx_word' id='word_1_945' title='bbox 2633 5732 2916 5785; x_wconf 67' lang='lat' dir='ltr'><strong>lectionem</strong></span> <span class='ocrx_word' id='word_1_946' title='bbox 2948 5732 3474 5804; x_wconf 52' lang='lat' dir='ltr'><strong>adtnitteuilatnexi:</strong></span> 
     </span>
    </p>
   </div>
   <div class='ocr_carea' id='block_1_123' title="bbox 1874 5809 2233 5864">
    <p class='ocr_par' dir='ltr' id='par_1_123' title="bbox 1874 5809 2233 5864">
     <span class='ocr_line' id='line_1_123' title="bbox 1874 5809 2233 5864; baseline -0.017 0"><span class='ocrx_word' id='word_1_947' title='bbox 1874 5809 2233 5864; x_wconf 85' lang='lat' dir='ltr'><strong>stimavituus.</strong></span> 
     </span>
    </p>
   </div>
  </div>
