3978 6310
542 267 650 322 271

1493 258 1584 314 AD
1623 255 1850 315 ΟΡΕΒᾹ
1898 255 2144 314 SANCTI

2261 255 2508 316 lBROSll
2554 257 2922 316 APPENDIX.
3729 260 3809 316 ετξ

545 386 786 443 Satanas
818 383 838 453 (
862 382 1021 450 Apoc.
1051 395 1117 435 xx
1145 420 1160 445 ,
1193 377 1284 450 7).
1328 377 1566 450 Ideoque
1610 379 1700 435 hic
1729 379 2004 433 nouissima
2030 377 2149 432 tuba
2179 379 2231 440 Α
2257 386 2472 433 tuorum
2503 388 2586 434 est
2613 397 2625 432 :
2659 395 2811 436 mors
2839 388 3020 434 autem
3044 375 3294 433 diabolus
3318 385 3432 445 est,
3491 374 3578 434 eui
3621 376 3810 433 insulta-

550 480 652 540 ait,
679 475 804 543 quia
832 488 937 527 non
970 472 1136 526 semel
1166 486 1287 526 cum
1313 471 1408 526 illo
1429 481 1727 544 pugnatum
1746 471 1997 540 est;quia
2024 471 2158 526 etin

549 568 895 626 Antichristo
945 567 1474 638 pseudoprophette,
1527 569 1615 638 qui
1678 566 1946 622 faciebant
1971 581 2156 622 coram

550 661 651 720 illo
682 665 834 732 signa
859 670 912 716 et
946 661 1188 730 prodigia
1208 702 1223 727 ,
1256 669 1310 715 et
1334 661 1450 730 ipse
1480 660 1674 727 victor,
1708 671 1761 716 et
1789 659 1890 714 hoc
1918 659 2040 714 loco
2063 675 2160 714 no-

549 755 776 810 vissime
801 753 1062 808 adversus
1084 753 1234 807 illum
1264 755 1622 822 pugnabitur;
1676 761 1735 808 ut
1761 757 1873 822 jam
1913 751 2159 808 mittatur

557 847 713 920 167
761 851 814 901 in
858 846 1184 917 gehennam.
1244 845 1312 901 Et
1369 847 1620 902 Salvator
1643 846 1784 900 inter
1811 854 2008 901 caetera
2034 846 2154 900 ait:

549 940 708 997 Nunc
722 942 962 1013 princeps
978 942 1139 1013 hujus
1154 940 1333 994 mundi
1353 941 1584 994 mittetur
1602 940 1841 994 deorsum
1856 937 2036 1010 (Joan.
2058 955 2132 994 XII
2144 981 2156 1003 ,

547 1033 688 1103 51).
742 1033 809 1088 Ει
863 1043 994 1088 tunc
1025 1048 1154 1104 ergo
1183 1040 1239 1086 et
1269 1031 1585 1102 frequenter
1621 1033 1799 1087 victus
1845 1039 1972 1097 est,
2018 1029 2162 1086 sicut

543 1125 740 1182 Esaias
780 1127 1043 1198 prepheta
1072 1127 1241 1182 dicit:
1272 1126 1540 1193 Quomodo
1565 1127 1748 1180 cecidit
1787 1125 1851 1179 de
1887 1125 2011 1179 caelo
2051 1122 2160 1178 Lu-

544 1223 701 1293 cifer,
727 1225 816 1295 qni
845 1239 997 1277 mane
1014 1223 1280 1277 oriebatur
1311 1221 1483 1295 (Esai.
1511 1239 1620 1288 xlv,
1650 1220 1762 1294 1'2).

622 1314 785 1370 Canet
809 1317 947 1369 enim
977 1315 1132 1382 tuba,
1163 1326 1210 1369 et
1232 1317 1422 1370 mortui
1449 1326 1718 1388 resurgent
1748 1315 2036 1385 incorrupti
2066 1356 2080 1382 ,
2113 1324 2160 1370 et

548 1427 644 1465 nos
665 1410 1079 1464 immutabimur.
1109 1409 1467 1480 Surgentibus
1514 1409 1662 1463 enim
1694 1408 2076 1478 peccatoribus
2105 1417 2159 1463 et

549 1504 767 1574 impiis,
813 1505 986 1559 sancti
1040 1502 1554 1558 immutabunturin
1585 1501 1873 1567 claritate;
1921 1510 1978 1556 ut
2029 1514 2159 1556 caro

547 1596 644 1653 ﬁat
668 1596 933 1668 spiritalis
961 1611 1084 1650 cum
1115 1596 1309 1667 gloria,
1340 1597 1496 1667 quasi
1525 1596 1800 1666 plumbum
1828 1637 1842 1663 ,
1873 1598 1916 1651 si
1948 1597 2040 1651 liat
2063 1611 2160 1650 au-

543 1704 688 1746 rum.
711 1690 895 1744 Sancti
922 1689 1067 1744 enim
1089 1689 1140 1742 in
1163 1687 1399 1743 adventu
1423 1688 1634 1744 Domini
1657 1698 1881 1758 surgent
1903 1688 2042 1743 sicut
2062 1701 2156 1742 su-

2263 479 2385 535 tur;
2435 485 2491 526 et
2526 474 2901 528 contentiosos
2944 471 3164 533 dicitur,
3216 469 3341 540 quia
3375 485 3470 540 per
3501 471 3811 539 superbiam,

2260 577 2382 616 cum
2413 563 2588 633 impar
2617 565 2824 620 viribus
2846 572 3014 629 esset,
3045 563 3355 619 resistebat.
3387 562 3523 617 Cum
3552 577 3678 634 ergo
3697 578 3814 634 sepe.

2261 665 2408 710 ratus
2429 657 2714 727 perimitur
2761 667 2815 713 et
2848 657 3021 728 spolia
3068 656 3148 711 illi
3196 655 3594 724 detrahuntur;
3632 670 3814 712 succen-

2260 760 2413 807 setur
2441 751 2551 816 illi,
2583 754 2670 823 qui
2701 761 2890 808 contra
2918 768 2976 809 se
3005 753 3280 824 pugnavit.

2334 844 2515 918 (Vers.
2543 842 2661 916 56.)
2684 846 2906 901 Aculeus
2923 856 3092 902 autem
3106 847 3284 900 mortis
3305 855 3570 918 peccatum
3595 855 3686 901 est.
3706 845 3813 901 Acu-

2262 938 2406 994 leum
2434 940 2815 994 auctoritatem
2842 941 3129 1010 signiﬁcat,
3162 940 3284 1010 quia
3302 955 3448 996 mors
3469 948 3818 1011 perpeccatutn

2259 1034 2645 1087 auctoritatem
2678 1033 2928 1104 accepit,
2986 1033 3141 1105 quasi
3195 1045 3473 1104 peccatum
3505 1049 3618 1089 non
3665 1043 3816 1100 esset,

2260 1125 2508 1183 diabolus
2535 1129 2926 1199 obtorpuisset,
2953 1137 3009 1184 ct
3038 1144 3186 1184 mors
3218 1145 3322 1184 non
3352 1137 3524 1185 esset.
3565 1127 3731 1182 Virtus
3751 1145 3820 1182 tnt-

2261 1227 2360 1273 tem
2390 1222 2588 1292 peccati
2602 1223 2707 1276 lex.
2734 1221 2858 1277 Ideo
2882 1221 3052 1277 virtus
3084 1223 3288 1292 peccati
3319 1223 3402 1278 lex
3435 1231 3523 1277 est
3547 1264 3563 1290 ,
3591 1221 3706 1292 quia
3729 1237 3822 1292 pec-

2262 1324 2441 1370 catum
2469 1330 2574 1370 non
2609 1315 2995 1385 imputaretur,
3027 1316 3071 1370 si
3107 1315 3194 1370 lex
3220 1330 3328 1371 non
3359 1323 3534 1372 esset.

2335 1406 2514 1481 (Vers.
2546 1405 2665 1477 57.)
2699 1406 2808 1461 Deo
2847 1418 3018 1462 autem
3049 1408 3246 1478 gratias
3269 1449 3283 1474 ,
3313 1408 3402 1474 qui
3429 1407 3575 1463 dedit
3622 1406 3751 1461 nobis
3772 1406 3826 1459 ri-

2263 1501 2474 1554 ctoriam
2492 1517 2580 1570 per
2598 1498 2880 1554 Dominum
2902 1510 3132 1556 nostrum
3152 1499 3188 1554 Ι
3190 1516 3336 1554 esum
3349 1497 3636 1554 Christum.
3650 1497 3824 1554 Trium-

2264 1594 2430 1662 phum
2463 1593 2764 1648 Salvateris
2796 1594 2849 1648 in
2874 1593 3034 1649 nobis
3055 1593 3190 1649 dicit
3221 1592 3532 1663 profuisse;
3575 1607 3690 1663 qua:
3714 1592 3824 1647 enim

2262 1688 2431 1756 gessit
2475 1686 2752 1754 Salvator,
2807 1702 2917 1742 non
2947 1687 3050 1741 sibi
3083 1687 3268 1757 utique
3292 1686 3468 1757 gessit
3491 1727 3506 1751 ,
3541 1684 3637 1740 sed
3688 1683 3824 1739 nobis.

545 1782 730 1856 perius
755 1781 936 1855 (Vers.
967 1781 1060 1853 23)
1079 1782 1155 1836 ait
1185 1798 1198 1834 :
1228 1779 1446 1835 Initium
1469 1781 1746 1836 Christus:
1777 1782 1962 1835 deinde
1989 1780 2044 1834 hi
2072 1781 2159 1850 qui
2190 1783 2238 1844 B
2264 1779 2627 1848 Quamobrem
2677 1789 2863 1836 nostra
2895 1779 3120 1837 victoria
3167 1789 3281 1845 est;
3339 1779 3466 1834 ideo
3511 1778 3657 1834 enim
3701 1776 3826 1831 homo

545 1888 669 1933 sunt
692 1877 889 1933 Christi
912 1877 967 1931 in
991 1879 1211 1931 adventu
1231 1879 1344 1949 ejus
1365 1917 1380 1942 ,
1433 1875 1578 1931 sicut
1599 1875 1652 1930 in
1685 1874 2013 1946 Apocalypsi
2031 1889 2161 1929 con—

546 1972 787 2037 tinetur;
816 1980 1130 2042 peccatores
1161 1972 1310 2027 enim
1354 1986 1459 2026 non
1503 1981 1630 2026 sunt
1673 1968 1906 2033 Christi,
1938 1969 2030 2039 qui
2061 1985 2158 2023 au-

549 2064 709 2121 diunt
731 2080 760 2118 a
797 2065 1030 2120 Domino
1065 2082 1078 2118 :
1126 2063 1246 2120 Non
1275 2066 1392 2119 novi
1420 2081 1506 2119 vos
1538 2062 1710 2135 (Psal.
1739 2079 1790 2129 ι,
1822 2063 1912 2134 5).
1939 2063 2075 2130 Quia
2107 2069 2163 2117 et

549 2155 608 2212 in
640 2158 850 2226 psalmo
881 2156 1054 2226 primo
1097 2157 1358 2227 scriptum
1388 2166 1509 2212 est:
1571 2154 1700 2210 Ideo
1741 2171 1843 2208 non
1895 2161 2162 2224 resurgent

551 2247 706 2318 impii
735 2250 788 2303 in
800 2249 1009 2321 judicio
1035 2292 1050 2317 ,
1082 2265 1243 2320 neque
1269 2260 1562 2321 peccatores
1591 2251 1644 2302 in
1671 2249 2162 2321 conciliojustorum

546 2338 764 2415 (Matth.
793 2357 888 2407 vn,
918 2341 1033 2413 25).
1067 2343 1150 2398 Ab
1178 2342 1359 2412 impiis
1385 2343 1530 2397 enim
1556 2357 1663 2395 non
1692 2350 1774 2396 est
1803 2339 1944 2411 quod
1977 2341 2160 2411 requi-

547 2443 736 2492 ratur:
768 2433 863 2489 sed
889 2434 955 2488 ad
987 2433 1091 2489 hoc
1120 2442 1374 2506 surgent,
1407 2442 1466 2488 ut
1493 2442 1753 2501 pereant,
1786 2433 2034 2487 videntes
2058 2446 2157 2487 ve-

543 2542 664 2584 rum
691 2543 811 2583 esse
834 2570 849 2597 ,
874 2527 1017 2598 quod
1046 2528 1276 2584 credere
1305 2529 1599 2583 noluerunt
1627 2545 1640 2580 :
1670 2526 1850 2598 perire
1879 2536 2060 2580 autem
2074 2534 2160 2580 est

544 2637 576 2677 a
611 2625 722 2679 Deo
748 2638 869 2678 esse
897 2623 1155 2688 alienum,
1188 2621 1332 2676 sicut
1357 2623 1427 2675 ait
1453 2620 1517 2676 ad
1539 2621 1815 2676 Romanos
1849 2637 1862 2673 :
1917 2618 2160 2684 Quicum-

545 2734 646 2789 que
673 2718 808 2771 enim
837 2726 983 2771 extra
1009 2716 1170 2788 legem
1194 2725 1531 2787 peccaverunt
1552 2756 1567 2780 ,
1599 2714 1709 2770 sine
1736 2714 1846 2784 lege
1874 2711 2112 2782 peribunt
2138 2727 2158 2776 ;

545 2820 596 2866 et
619 2811 706 2881 qui
735 2811 788 2864 in
839 2811 949 2881 lege
1001 2818 1377 2881 peccaverunt,
1432 2825 1521 2878 per
1570 2807 1732 2879 legem
1777 2805 2158 2880 judicabantur

548 2905 732 2977 (Rom.
767 2921 830 2970 ll,
862 2903 965 2976 12)
1021 2921 1034 2958 :
1066 2918 1130 2958 ac
1171 2919 1266 2974 per
1319 2903 1421 2957 hoc
1451 2911 1768 2974 peccatores
1800 2899 2154 2970 judicabunt;

546 2996 757 3070 indigni
783 2997 983 3054 etenim
1017 3007 1144 3052 sum
1167 3011 1452 3068 resurgere
1483 3012 1605 3053 cum
1633 2993 2012 3062 sanctis,sicut
2039 2992 2114 3047 ait
2140 3009 2153 3046 :

546 3091 732 3162 Neque
754 3101 1048 3162 peccatores
1076 3091 1130 3145 in
1159 3091 1676 3164 conciliojustorum.

2265 1874 2440 1929 laetus
2467 1883 2570 1940 est,
2598 1889 2824 1930 manens
2858 1875 3032 1940 Deus;
3066 1881 3124 1928 ut
3153 1873 3379 1929 vincens
3407 1872 3706 1936 diabolum,
3731 1870 3824 1924 dum

2265 1975 2541 2036 peccatum
2567 1983 2672 2020 non
2712 1966 2838 2022 fecit
2862 2008 2877 2032 ,
2906 1964 3062 2020 nobis
3089 1964 3372 2020 victoriam
3401 1964 3736 2035 acquireret,
3760 1960 3823 2029 qui

2264 2061 2472 2127 peccati
2504 2075 2667 2114 causa
2691 2058 3072 2114 detinebamur
3107 2058 3156 2113 in
3186 2066 3393 2122 morte;
3446 2067 3513 2111 ut
3562 2057 3722 2111 victus
3743 2053 3826 2108 dia-

2263 2151 2423 2206 bolus
2453 2194 2466 2218 ,
2496 2153 2681 2208 occiso
2711 2150 2934 2206 Christo
2960 2193 2975 2218 ,
3025 2152 3116 2221 qui
3145 2162 3425 2220 peccatum
3458 2165 3574 2206 non
3632 2149 3822 2211 fecerat,

2263 2261 2455 2301 omnes
2485 2261 2624 2317 quos
2654 2247 2860 2318 peccati
2881 2261 3044 2302 causa
3067 2245 3378 2310 detinebat,
3412 2243 3709 2299 amitteret.
3726 2242 3822 2296 Dum

2262 2349 2442 2394 autem
2479 2341 2703 2395 insultat
2737 2339 2972 2406 homini,
3002 2354 3128 2396 reus
3155 2339 3330 2394 lactus
3361 2346 3481 2404 est,
3540 2346 3595 2392 et
3619 2337 3690 2392 sic
3713 2333 3823 2389 dele

2264 2441 2377 2487 tum
2399 2432 2848 2503 chiragraphum,
2882 2433 2934 2488 id
2965 2441 3068 2497 est,
3093 2432 3271 2488 deleta
3303 2431 3608 2496 sententia,
3651 2443 3739 2501 qua
3764 2436 3822 2481 te-

2263 2525 2497 2582 nebatur
2520 2543 2694 2597 genus
2723 2527 3016 2581 humanum
3046 2527 3098 2580 in
3133 2535 3386 2593 mortem,
3423 2526 3587 2581 ﬁeret
3613 2532 3820 2593 ereptus,

2262 2630 2312 2676 et
2366 2621 2654 2676 animabus
2701 2621 2752 2676 in
2801 2621 2997 2677 cmlum
3032 2620 3298 2686 inductis;
3328 2630 3388 2675 ut
3417 2635 3532 2675 non
3562 2634 3655 2688 per
3679 2628 3823 2688 poten-

2263 2712 2390 2766 tiam
2425 2713 2498 2766 illi
2536 2713 2876 2780 tollerentur,
2903 2713 2998 2770 sed
3031 2729 3125 2784 per
3147 2713 3418 2783 jusﬁtiam
3447 2728 3476 2768 a
3502 2712 3620 2769 Deo
3647 2726 3731 2782 per
3749 2709 3822 2764 Do-

2261 2807 2468 2861 minum
2502 2816 2748 2862 nostrum
2770 2806 2956 2862 Jesum
2981 2804 3286 2862 Christum.

2335 2899 2514 2969 (Vers.
2542 2899 2660 2971 58.)
2687 2897 2891 2969 Itaque,
2913 2904 3100 2970 fratres
3126 2900 3228 2954 mei
3243 2899 3439 2965 dilecti,
3465 2898 3677 2954 stabiles
3698 2902 3820 2951 estote

2259 3001 2309 3046 et
2339 2992 2628 3048 immobiles
2655 3034 2669 3057 ,
2721 2993 3041 3047 abundantes
3081 2993 3135 3046 in
3180 3009 3335 3063 opere
3375 3009 3604 3062 seraper,
3651 2991 3820 3046 scientes

2260 3089 2398 3157 quod
2424 3087 2571 3142 labor
2601 3097 2764 3142 vester
2792 3104 2893 3142 non
2913 3098 2986 3142 est
3011 3087 3182 3142 inanis
3228 3088 3279 3141 in
3308 3084 3562 3141 Domino.
3605 3082 3820 3140 Omnibus

617 3185 796 3257 (Vers.
823 3184 941 3259 55.)
992 3185 1206 3256 Oportet
1235 3185 1373 3241 enim
1423 3183 1762 3254 corruptibile
1814 3183 1912 3236 hoc
1939 3181 2156 3236 induere
2183 3181 2229 3244 C
2261 3195 2380 3249 qua:
2402 3179 2468 3233 ad
2490 3179 2794 3235 doctrinam
2820 3179 3261 3236 Ecclesiasticam
3289 3179 3653 3236 ordinandam
3675 3189 3822 3233 neces-

545 3281 1011 3351 i.~tcorruptionem,
1034 3291 1079 3334 et
1095 3280 1312 3334 mortale
1334 3277 1429 3334 hoc
1453 3279 1670 3332 induere
1687 3276 2148 3331 immortalitatem.

545 3378 722 3447 Supra
751 3376 910 3441 dixit,
934 3386 980 3431 et
1005 3377 1194 3431 mortui
1219 3375 1814 3448 resurgentincorrupti,
1836 3373 1888 3428 id
1919 3383 2024 3438 est,
2055 3374 2156 3427 int-

545 3471 809 3527 mortales
821 3480 1002 3538 eruut,
1024 3485 1128 3526 non
1145 3478 1321 3526 tamen
1340 3469 1731 3542 irupassibiles;
1758 3467 1810 3520 hi
1832 3467 2000 3527 enim.
2016 3479 2156 3535 quos

552 3566 725 3634 dicit,
775 3580 969 3637 pmnas
1017 3565 1289 3636 patientur
1319 3579 1420 3634 pro
1445 3561 1802 3634 qualitatibus
1831 3557 2155 3614 delictorum

545 3675 796 3724 suorum,
832 3660 904 3714 ita
947 3666 1006 3713 ut
1046 3666 1245 3713 exeant
1285 3655 1412 3712 inde
1466 3656 1650 3710 soluto
1703 3653 1890 3708 debito
1935 3669 1948 3704 :
2004 3650 2155 3720 impii

543 3762 726 3810 autem
767 3762 969 3808 aeterna
995 3766 1153 3822 paena
1195 3756 1557 3821 torquentur;
1601 3747 1677 3800 ait
1698 3744 1842 3800 enim
1875 3761 1888 3798 :
1925 3742 2027 3810 Qui
2055 3759 2155 3796 non

532 3847 737 3913 credit,
777 3845 1192 3920 jamjudicatus
1221 3852 1297 3898 est
1331 3841 1511 3914 (Joan.
1563 3856 1661 3907 ιιι,
1715 3836 1844 3910 18).
1897 3835 2053 3892 Unde
2099 3842 2156 3890 et

538 3937 736 3994 Esaias
768 3937 1034 4008 prOpheta
1058 3937 1166 3992 ait:
1201 3935 1350 4007 Ignis
1379 3951 1556 3989 eorum
1579 3949 1681 3988 non
1701 3931 2075 4003 exstinguetur,
2104 3937 2155 3982 et

541 4033 726 4086 vermis
738 4047 918 4086 eorum
940 4047 1042 4085 non
1069 4030 1319 4084 morietur
1344 4027 1516 4098 (Esai.
1534 4043 1659 4090 va,
1682 4026 1754 4080 Ἡ
1774 4023 1818 4096 ).
1843 4024 1898 4078 lu
1917 4022 2155 4078 adventu

550 4137 733 4180 tamen
781 4123 998 4177 Domini
1053 4131 1108 4178 et
1154 4121 1328 4176 sancti
1360 4127 1669 4190 resurgent,
1699 4126 1751 4171 et
1780 4116 1870 4187 qui
1898 4115 2006 4171 vivi
2037 4113 2156 4170 fue-

549 4220 661 4274 rint
685 4215 925 4282 inventi,
959 4214 1176 4269 obviam
1205 4213 1488 4284 rapientur
1519 4210 1750 4266 Domino
1776 4209 1828 4264 in
1852 4224 2156 4276 aera,mor-

547 4320 660 4366 tem
691 4309 847 4380 quasi
897 4321 1152 4377 soporem
1190 4305 1442 4376 passuri;
1485 4304 1539 4359 in
1572 4305 1688 4374 ipso
1715 4303 1859 4359 enim
1912 4313 2070 4373 raptu
2100 4309 2157 4357 et

545 4409 782 4459 mortem
801 4410 853 4458 et
867 4399 1323 4456 resurrectionem
1339 4397 1779 4460 habebunt,sicut
1791 4396 1856 4452 ad
1871 4396 2155 4452 TheSSalo-

545 4498 802 4552 nicenses
821 4493 1270 4564 idemApostolus
1297 4491 1485 4548 scribit
1512 4490 1579 4564 (ll
1598 4489 1777 4546 Thess.
1802 4491 1924 4556 1v,6
1951 4500 2000 4544 et
2019 4491 2153 4562 seq.)

2258 3274 2398 3328 saria
2431 3282 2556 3328 sunt
2584 3275 2878 3344 expositis,
2923 3282 2980 3329 et
3005 3285 3094 3329 aut
3122 3273 3252 3345 quid
3281 3273 3569 3330 vitandqu
3598 3315 3612 3340 ,
3653 3271 3816 3343 quidve

2260 3366 2599 3438 sequendum
2650 3367 2722 3422 sit
2772 3367 3198 3434 demonstratis,
3252 3367 3388 3423 lixos
3443 3367 3564 3438 jam
3596 3367 3706 3422 illos
3731 3376 3821 3420 esse

2259 3463 2512 3517 hortatur
2545 3463 2594 3516 in
2625 3461 2791 3528 bono,
2822 3470 2877 3517 et
2908 3463 2958 3517 in
2988 3463 3248 3534 operibus
3267 3477 3388 3534 quae
3409 3461 3647 3518 fructum
3665 3459 3822 3516 faciunt

2258 3556 2400 3626 apud
2434 3555 2721 3610 Dominum
2740 3598 2756 3623 ,
2781 3571 3000 3628 semper
3030 3568 3310 3629 promptos
3334 3569 3391 3614 et
3427 3558 3706 3630 copiosos;
3730 3554 3819 3624 quia

2259 3665 2358 3721 per
2386 3650 2502 3705 haec
2529 3667 2647 3722 quae
2676 3651 2918 3720 exposita
2943 3661 3103 3717 sunt,
3134 3651 3205 3707 de
3234 3663 3434 3708 extero
3461 3657 3820 3722 accepturosse

2259 3743 2386 3799 boni
2411 3744 2594 3814 operis
2622 3745 2931 3801 mercedem
2957 3759 2985 3800 a
3002 3744 3257 3813 Domino,
3275 3761 3341 3802 ne
3366 3745 3554 3817 pravis
3581 3739 3820 3812 colloquiis

2262 3845 2488 3904 possent
2515 3837 2710 3893 everti.

2768 3929 2927 4002 163
2953 3929 3184 3987 CAPUT
3222 3930 3342 3987 xv.

2330 4019 2512 4094 (Vers.
2549 4022 2600 4089 1,
2623 4022 2706 4094 2.)
2721 4021 2801 4078 De
2820 4024 3045 4078 collectis
3067 4035 3256 4091 autem,
3281 4040 3398 4095 qua:
3413 4026 3547 4096 fiunt
3564 4027 3616 4080 in
3635 4032 3816 4084 sanctos.

2259 4111 2390 4168 sicut
2414 4114 2651 4169 ordinari
2683 4115 2928 4172 Ecclesiae
2955 4115 3206 4185 Galatiae,
3239 4121 3312 4172 ita
3340 4129 3390 4173 et
3416 4134 3506 4174 vos
3538 4122 3707 4192 facile.
3741 4115 3818 4172 Pet

2259 4227 2416 4265 unam
2447 4212 2648 4267 sabbati
2671 4214 3022 4285 unusquisque
3047 4223 3272 4269 vestrum
3295 4216 3438 4287 apud
3465 4232 3519 4271 se
3541 4225 3721 4287 ponat,
3739 4209 3820 4264 tlte-

2257 4306 2528 4360 saurizans
2549 4305 2904 4378 quodcumque
2931 4306 3188 4374 voluerit;
3240 4319 3295 4362 ut
3346 4325 3450 4363 non
3498 4318 3815 4365 cumuenera.

2261 4408 2383 4452 tunc
2406 4398 2640 4454 collecta:
2664 4399 2816 4470 ﬁant.
2851 4400 3135 4454 Dominico
3155 4398 3245 4454 die
3271 4399 3686 4455 cellectamlieri
3714 4407 3819 4468 prte-

2260 4491 2427 4563 cipit,
2461 4493 2602 4547 sicut
2631 4502 2686 4549 et
2711 4493 2928 4548 caeteris
2957 4493 3222 4548 Ecclesiis
3273 4491 3644 4564 diSposuerat;
3699 4498 3750 4544 ut
3769 4499 3818 4541 eo

547 4589 823 4658 Tempore
851 4588 994 4642 enim
1030 4585 1352 4642 Antichristi
1389 4593 1484 4640 aut
1523 4595 1784 4654 apostatae
1829 4592 1991 4639 erunt
2013 4624 2029 4651 ,
2063 4593 2155 4640 aut
2181 4587 2235 4648 D
2259 4585 2348 4641 die
2375 4627 2390 4652 ,
2438 4601 2546 4657 quo
2571 4586 2869 4642 resurrexit
2899 4585 3196 4652 Dominus,
3247 4585 3401 4657 plebs
3431 4585 3552 4658 ejus
3574 4585 3818 4654 colligatur

547 4683 655 4751 rei,
669 4689 762 4736 aut
780 4681 831 4734 in
857 4679 1121 4743 latibulis,
1144 4687 1241 4735 aut
1267 4680 1318 4734 in
1334 4693 1494 4750 pteua
1513 4677 1670 4749 positi
1694 4679 1878 4734 eceteri
1900 4677 2153 4747 gentiles,

552 4791 692 4847 quos
722 4775 987 4830 Dominus
1016 4772 1176 4829 Iesus
1205 4789 1326 4828 cum
1377 4773 1517 4828 duce
1547 4773 1789 4844 ipsorum
1820 4771 2157 4828 Antichristo

548 4870 605 4925 in
637 4869 876 4926 adventu
899 4883 998 4924 suo
1020 4868 1308 4924 interliciet
1328 4869 1513 4939 spiritu
1542 4869 1648 4922 oris
1675 4868 1758 4922 sui
1787 4867 1854 4940 (ll
1880 4867 2059 4927 Thess.
2093 4885 2150 4936 ll,

549 4961 655 5032 8),
704 4961 756 5017 id
811 4969 930 5027 est,
982 4960 1137 5030 jussu
1164 4959 1283 5032 ejus
1321 4959 1429 5031 igni
1459 4971 1762 5016 exurentur
1790 4976 1890 5032 per
1931 4961 2155 5032 angelos

550 5059 774 5113 virtutis
798 5055 938 5128 ejus.

621 5151 805 5221 (Vers.
849 5151 949 5218 5;,
981 5148 1101 5219 55.)
1151 5147 1281 5203 Cum
1304 5158 1476 5205 autem
1505 5152 1723 5206 mortale
1766 5153 1864 5207 hoc
1921 5152 2151 5206 induerit

543 5245 1007 5311 immortalitatem,
1039 5253 1156 5296 tunc
1183 5243 1269 5313 ﬁet
1298 5259 1464 5298 sermo
1484 5285 1498 5311 ,
1524 5245 1611 5315 qui
1639 5235 1970 5317 scriptusfest
1994 5260 2013 5299 :
2043 5243 2147 5297 Ab-

541 5347 718 5410 sorpta
741 5346 817 5392 est
843 5352 979 5391 mors
1005 5336 1058 5389 in
1081 5335 1312 5389 victoria.
1338 5333 1437 5390 Ubi
1462 5345 1534 5390 est
1550 5379 1564 5403 ,
1588 5353 1747 5403 mors,
1767 5336 1981 5390 victoria
2009 5345 2100 5391 tua
2125 5336 2152 5387 ἴ)

540 5429 758 5495 abiest,
790 5445 966 5495 mors,
1010 5427 1254 5482 stimulus
1307 5429 1472 5482 tuus?
1515 5428 1643 5484 Post
1682 5430 2138 5485 resurrectionem

541 5521 686 5577 enim
715 5522 1004 5591 impiorum
1035 5532 1089 5578 et
1123 5530 1468 5592 peccatorum
1512 5524 1894 5579 absorbebitur
1922 5541 2071 5590 mors
2089 5526 2143 5578 in

539 5616 770 5669 rictoria.
806 5616 1124 5671 lnsultantis
1177 5615 1378 5672 etenim
1429 5617 1595 5671 verba
1660 5624 1820 5680 sunt,
1868 5615 2139 5671 dicentis:

544 5705 642 5762 l-'bi
665 5719 773 5773 est,
822 5725 959 5762 mors
991 5751 1004 5774 ,
1057 5710 1270 5764 uictoria
1297 5719 1384 5763 tua
1408 5711 1434 5764 ἴ)
1480 5710 1566 5764 ubi
1591 5721 1709 5775 est,
1739 5725 1899 5768 mors.
1931 5710 2143 5764 aculeus

537 5807 654 5855 tuus
677 5801 701 5854 ξ)
735 5798 974 5856 Victoria
999 5801 1144 5856 enim
1165 5799 1400 5857 devictae
1427 5802 1622 5856 mortis
1645 5801 1975 5856 resurrectio
1998 5816 2142 5857 mor-

2262 4679 2329 4734 ad
2375 4679 2592 4736 laudem
2648 4687 2704 4734 et
2751 4679 2982 4750 gloriam
3036 4679 3164 4746 Dei,
3220 4680 3434 4736 devicta
3463 4689 3676 4737 morte:
3719 4685 3816 4731 tunc

2259 4785 2508 4844 sumptus
2559 4774 2969 4845 congregandos
2999 4773 3067 4828 ad
3096 4774 3458 4831 ministerium
3499 4783 3813 4831 sanctorum.

2258 4868 2346 4938 qui
2378 4879 2599 4940 propter
2650 4883 2848 4924 nomen
2890 4867 3100 4923 Domini
3155 4882 3468 4939 pressuram
3512 4867 3814 4941 patiebantur

2257 4961 2376 5017 zelo
2399 4962 2680 5031 gentilium
2711 4962 2826 5018 sive
2856 4960 3168 5018 Iudaeorum
3187 5005 3202 5031 ,
3229 4963 3319 5033 qui
3351 4977 3463 5018 non
3489 4963 3814 5018 sinebantew

2255 5057 2557 5128 praedicare
2580 5059 2808 5131 gratiam
2844 5058 2936 5114 liei
2962 5058 3064 5114 sub
3085 5059 3305 5116 nomine
3333 5058 3570 5125 Christi;
3601 5069 3656 5114 ut
3683 5055 3814 5112 habe-

2252 5162 2377 5208 rent
2404 5153 2748 5223 refrigerium
2792 5153 2862 5209 ab
2911 5154 3006 5220 iis,
3065 5162 3290 5224 propter
3313 5158 3470 5226 quos
3502 5153 3809 5210 tribulantur.

2247 5246 2409 5304 Omni
2431 5263 2560 5317 ergo
2586 5247 2675 5303 die
2697 5247 2972 5302 dominico
2995 5246 3151 5318 jubet
3171 5247 3352 5317 colligi
3378 5248 3611 5318 plebem,
3633 5254 3682 5302 et
3707 5255 3810 5299 con-

2249 5341 2460 5411 gregari
2493 5340 2650 5406 illos,
2699 5348 2862 5411 prout
2885 5340 3160 5396 voluerint
3183 5383 3196 5405 ,
3236 5341 3289 5396 in
3318 5341 3458 5396 dona
3505 5342 3627 5406 Dei,
3657 5346 3707 5395 et
3731 5334 3809 5390 hoc

2251 5433 2392 5504 apud
2432 5447 2490 5489 se
2519 5449 2958 5504 unumquemque
2988 5449 3255 5503 reponere
3280 5435 3435 5505 quasi
3468 5435 3522 5489 in
3553 5434 3804 5489 thesauro;

2250 5535 2308 5580 ut
2330 5527 2582 5582 veniente
2608 5525 2895 5596 Apostolo,
2927 5527 3235 5583 inveniatur
3256 5527 3322 5582 ad
3347 5542 3478 5584 usus
3509 5521 3806 5583 necessarios

2252 5629 2652 5690 prmparatum;
2693 5621 2816 5690 quia
2877 5620 3018 5692 quod
3083 5621 3339 5688 paulatim
3391 5621 3676 5693 colligitur,
3726 5624 3805 5671 nec

2249 5727 2411 5782 grave
2433 5724 2540 5777 est,
2571 5723 2625 5770 et
2651 5713 2927 5769 invenitur
2956 5714 3206 5770 multum.

2323 5803 2508 5873 (Vers.
2538 5804 2620 5877 '5.)
2647 5804 2776 5860 Cum
2804 5815 2974 5861 autem
3003 5823 3209 5870 venero,
3239 5823 3367 5880 quos
3394 5805 3712 5881 probaueritis
3735 5813 3803 5874 per
