3978 6310
537 427 592 478 in
623 431 869 486 sanctos,
895 418 1104 475 etaliud
1125 417 1391 474 ministris
1417 413 1703 488 Evangelii
1727 417 1958 472 reddere
1987 417 2148 488 17o
2173 425 2228 484 Α

541 517 743 580 vicem,
777 515 914 570 sicut
933 513 1066 569 dicit
1087 513 1350 567 Dominus
1383 529 1397 566 :
1427 509 1632 582 Dignus
1655 511 1794 566 enim
1837 521 1910 564 est
1965 525 2150 580 apera-

544 611 654 665 rius
683 609 913 664 iuercede
935 625 1030 662 sua
1051 606 1205 680 (Luc.
1231 623 1288 674 ι,
1314 605 1394 678 7).
1427 605 1662 660 Domum
1687 607 1835 660 enim
1855 603 2150 675 Stephaute

545 704 600 759 in
633 713 866 774 utroque
893 701 1450 773 signiticatdevotam,
1482 711 1534 754 et
1567 699 1618 752 in
1667 697 1974 753 ministerio
2029 713 2150 752 san-

548 809 786 865 ctorum,
817 799 946 852 etin
977 797 1063 852 his
1093 797 1188 868 qui
1221 795 1604 852 deserviebant
1655 794 1950 860 Ecclesiis;
1985 793 2054 848 ita
2089 801 2148 850 ut

543 893 806 962 Aposmlo
835 891 1172 963 proﬁcerent
1197 905 1320 946 cum
1353 891 1651 944 Fortunato
1673 897 1728 942 et
1751 887 1992 942 Achaico
2041 889 2148 942 fra~

543 989 755 1052 tribus;
790 993 848 1040 ut
875 995 932 1042 et
969 985 1022 1040 hi
1055 985 1400 1056 proficerent,
1447 983 1540 1053 qui
1569 993 1820 1040 erantex
1851 981 1954 1038 his.
1989 982 2146 1038 Unde

539 1083 674 1140 dicit
703 1103 714 1136 :
749 1082 1064 1152 Refecerunt
1093 1082 1228 1136 enim
1247 1089 1300 1136 et
1325 1097 1492 1134 meum
1539 1079 1780 1150 spiritum
1821 1089 1868 1134 et
1899 1089 2138 1133 uestrum.

541 1179 760 1234 Etcum
793 1175 1092 1246 Apostolus
1123 1183 1286 1246 negot
1311 1189 1370 1230 se
1397 1174 1466 1228 ab
1499 1173 1582 1228 his
1605 1183 1980 1240 accepturum,
2013 1173 2150 1228 dicit

540 1274 686 1328 enim
721 1287 733 1325 :
764 1269 884 1324 Non
905 1270 1225 1340 infringatur
1245 1267 1296 1322 in
1317 1282 1399 1322 me
1421 1265 1666 1336 gloriatio
1689 1265 1802 1318 haec
1829 1267 1882 1320 in
1915 1265 2144 1336 regioni-

545 1366 638 1418 bus
679 1362 932 1428 Achaiae;
961 1361 1236 1432 quomodo
1269 1364 1560 1432 refecerunt
1581 1369 1630 1414 et
1651 1375 1822 1412 meum
1845 1360 2086 1428 spiritum
2099 1367 2146 1413 et

544 1467 767 1511 uestrum
793 1455 818 1510 .9
845 1453 952 1511 Sed
975 1454 1164 1520 credo,
1196 1451 1437 1508 refectus
1459 1462 1542 1508 est
1571 1453 1796 1521 spiritus
1809 1452 1926 1522 ejus
1949 1452 2002 1508 in
2035 1453 2140 1518 his,

547 1549 748 1618 quibus
798 1546 1176 1618 profecerant;
1219 1546 1321 1600 sibi
1353 1546 1496 1600 enim
1543 1544 1674 1600 dicit
1715 1545 1948 1612 datum,
1999 1545 2144 1616 quod

545 1643 766 1712 proficit
797 1643 903 1712 his,
956 1641 1152 1714 quibus
1183 1641 1372 1696 voluit.
1407 1639 1712 1714 Cognoscite
1739 1659 1858 1714 ergo
1887 1658 1972 1696 eos
1993 1683 2006 1708 ,
2057 1641 2147 1704 qui

545 1737 847 1809 hujusmodi
875 1747 994 1791 sunt
1019 1753 1034 1802 ;
1067 1735 1171 1792 hoc
1197 1745 1302 1806 est,
1334 1737 1642 1792 imitamini.

613 1831 799 1902 (Vers.
833 1831 948 1900 l9.)
969 1831 1224 1888 Salutant
1253 1849 1344 1886 vos
1375 1830 1625 1886 Ecclesia:
1645 1833 1803 1888 Asia.
1833 1831 2036 1888 [lorum
2059 1849 2148 1890 sa-
2177 1832 2224 1891 Β

544 1925 810 1980 iulatione
839 1937 1154 1980 ermtmouet
1181 1927 1325 1990 illos,
1361 1934 1419 1978 ut
1445 1923 1756 1980 efficiantur
1781 1925 1992 1981 similes
2025 1927 2146 1982 illo-

547 2031 690 2084 rum,
719 2020 810 2088 qui
841 2021 1004 2074 unius
1031 2029 1159 2074 sunt
1183 2019 1495 2084 provinciae.
1541 2018 1790 2074 Salutant
1834 2036 1924 2074 vos
1953 2021 2004 2074 in
2037 2020 2148 2075 Do-

546 2117 688 2170 mino
713 2117 902 2186 Aquila
931 2125 980 2170 et
1009 2115 1258 2170 Priscilla
1286 2132 1400 2170 cum
1445 2115 1734 2169 domestica
1763 2131 1858 2170 sua
1891 2114 2148 2170 Ecclesia.

551 2209 696 2264 Duas
743 2209 1018 2264 Ecclesias
1045 2219 1338 2274 memorat,
1369 2207 1636 2279 publicam
1679 2217 1734 2264 et
1757 2207 2150 2262 domesticam:

549 2300 821 2370 publicam
847 2301 1000 2366 dicit,
1031 2317 1137 2372 quo
1167 2317 1360 2358 onuies
1387 2301 1720 2358 conveniunt
1753 2319 1766 2358 :
1793 2301 2154 2358 domesticam

544 2395 599 2450 in
629 2409 730 2464 qua
759 2410 854 2463 per
875 2396 1170 2450 amicitiam
1195 2395 1491 2464 colligitur.
1527 2393 1869 2466 Ubicumque
1919 2396 2148 2469 presby-

547 2489 647 2542 teri
677 2489 942 2544 solemnia
973 2490 1282 2556 celebrant,
1311 2489 1560 2545 Ecclesia
1605 2490 1824 2546 dicitur.
2029 2499 2032 2502 ’

621 2579 806 2652 (Vers.
837 2581 956 2653 20.)
999 2581 1248 2638 Salutant
1277 2597 1367 2638 vos
1421 2587 1612 2655 fratres
1659 2599 1856 2639 omnes.
1915 2584 2154 2640 Relevat

549 2673 764 2726 animos
799 2673 1043 2740 illorum,
1069 2675 1287 2744 quando
1317 2691 1508 2731 onirtes
1535 2675 1636 2730 hos
1665 2691 1938 2732 mt-morcs
1967 2677 2158 2733 horum

550 2767 794 2837 ipsorum
841 2767 1099 2822 ostendit.
1133 2767 1375 2824 Salutate
1401 2770 1619 2823 inuicem
1645 2771 1698 2824 in
1729 2772 1906 2826 osculo
1955 2783 2156 2828 sancto.

1485 298 1582 358 AD
1611 295 1852 356 OPERA
1889 295 2139 356 SANCTI
2175 295 2502 356 AMBROSII
2543 295 2912 356 APPENDIX.

3721 313 3800 370 276

2249 416 2509 472 Osculum
2559 425 2806 470 sanctum
2861 416 3072 486 signum
3125 416 3276 486 pacis
3307 426 3408 482 est,
3447 420 3500 474 in
3529 437 3652 492 quo,
3681 431 3798 482 υιςιι]

2251 509 2482 564 invicem
2517 509 2620 562 sibi
2651 511 2968 564 adhaereant
2989 509 3204 565 sublata
3229 512 3530 578 discordia,
3559 518 3718 573 docet.

2321 601 2501 674 (Vers.
2531 601 2648 672 21.)
2691 601 2952 658 Salutatio
2979 620 3091 657 mea
3121 621 3278 658 manu
3307 603 3486 660 Pauli.
3547 609 3616 666 Se
3641 613 3686 667 iu
3713 617 3802 684 api.

2250 697 2388 751 stola
2423 697 2522 752 ista
2557 696 2946 769 subscripsisse
2987 697 3248 768 ostendit,
3305 710 3360 754 et
3387 717 3512 770 qum
3543 705 3698 760 verba
3721 709 3804 766 sint

2249 791 2692 862 subscriptionis,
2719 791 2952 862 subjecit
2979 791 3168 848 dicens
3193 809 3208 847 :

2319 905 2341 978 (
2353 906 2503 961 Vers.
2533 905 2652 978 ‘22.)
2673 905 2734 961 Si
2759 907 2873 978 quis
2895 923 3000 960 non
3019 916 3161 962 autat
3185 906 3470 963 Dominum
3492 909 3666 966 Iesum
3687 913 3806 970 Chri-

2249 1008 2405 1066 stum,
2433 999 2498 1052 sit
2525 999 2806 1054 anathema
2829 1002 3156 1064 maronatha,
3179 1001 3325 1070 quod
3347 1003 3727 1074 interpretatur
3743 1009 3807 1066 :Si

2247 1095 2372 1164 quis
2399 1094 2686 1148 Dominum
2717 1094 2930 1162 Iesum,
2961 1096 3054 1166 qui
3085 1097 3254 1162 venit,
3311 1111 3418 1152 non
3447 1109 3620 1164 amat,
3665 1103 3808 1158 absci-

2247 1189 2426 1242 datur.
2483 1187 2798 1244 Maranatha
2847 1193 2992 1244 enim
3021 1189 3280 1245 Dominus
3333 1193 3512 1259 venit,
3561 1194 3806 1265 signiﬁcat.

2251 1280 2366 1336 Hoc
2389 1291 2612 1352 propter
2637 1281 2860 1338 Iudaeos
2877 1285 2966 1350 qui
2997 1282 3186 1338 Iesum
3210 1299 3318 1339 non
3337 1287 3806 1356 venissedicebsnt,

2249 1373 2306 1429 bi
2333 1391 2466 1442 ergo
2493 1375 2783 1430 anathema
2815 1385 2946 1430 sunt
2979 1392 3006 1430 a
3037 1377 3294 1444 Domino,
3327 1381 3419 1450 qui
3451 1381 3622 1436 venit.

2323 1468 2508 1539 (Vers.
2543 1469 2635 1534 9'5,
2663 1467 2780 1539 24.)
2821 1467 3004 1524 Gratia
3037 1467 3253 1524 Domini
3298 1473 3464 1526 nostri
3493 1471 3624 1527 Iesu
3663 1471 3812 1528 Christi

2249 1565 2534 1618 uobiscum.
2565 1563 2810 1618 Charitas
2841 1581 2952 1617 mea
2984 1581 3099 1618 cum
3123 1565 3362 1620 omnibus
3383 1565 3550 1632 vobis,
3579 1569 3630 1622 in
3649 1567 3812 1625 Christo

2247 1653 2395 1712 Iesu.
2455 1655 2579 1712 Ideo
2607 1657 2770 1712 talem
2793 1657 3253 1726 subscriptionem
3285 1660 3472 1730 posuit
3499 1663 3810 1732 propterhos,

2249 1749 2342 1820 qui
2395 1747 2522 1804 dum
2565 1749 2896 1806 dissentienti
2943 1751 3269 1814 studebant,
3323 1753 3614 1808 Dominum
3665 1755 3808 1812 Iesum

2254 1857 2361 1897 non
2415 1841 2755 1912 diligebant;
2807 1844 3015 1913 quippe
3067 1858 3190 1900 cum
3245 1844 3506 1900 dicerent
3539 1863 3554 1897 :
3587 1846 3691 1918 Ego
3729 1865 3811 1902 sua

2255 1935 2438 2000 Pauli,
2461 1952 2554 2006 ego
2583 1935 2794 2008 Apollo,
2825 1953 2918 2007 ego
2943 1952 3062 1991 vero
3089 1937 3280 2006 Cepheo
3307 1938 3350 2008 (l
3382 1937 3510 1992 Cor.
3541 1955 3580 2006 ι,
3609 1939 3710 2012 12).
3733 1941 3812 2009 Qui

2254 2031 2400 2086 enim
2431 2029 2707 2084 Christum
2753 2029 2952 2101 diligit,
2989 2046 3094 2084 non
3127 2030 3220 2086 dat
3249 2030 3570 2086 hominibus
3597 2033 3810 2104 gloriam,

2253 2121 2380 2192 quia
2439 2121 2588 2176 nulla
2644 2129 2732 2177 est
2779 2137 2903 2192 spes
2933 2124 2986 2178 in
3041 2123 3372 2180 hominibus.
3415 2124 3606 2180 Gratia
3645 2125 3813 2181 Denisi

2255 2215 2416 2268 nostri
2439 2212 2568 2268 Iesu
2595 2211 2790 2268 Christi
2813 2215 3113 2282 uobiscum;
3145 2229 3200 2270 et
3225 2217 3580 2284 subauditur,
3618 2220 3698 2286 qui
3721 2219 3811 2274 dili-

2257 2305 2386 2375 gitis
2419 2306 2702 2362 Dominum
2733 2306 2941 2362 Iesum.
3005 2307 3072 2361 Et
3117 2309 3372 2376 qtioniam
3405 2325 3517 2366 non
3550 2326 3606 2366 se
3629 2311 3812 2368 invicem

2255 2399 2578 2470 diligebant,
2629 2399 2752 2454 ideo
2781 2400 2890 2455 hoc
2915 2399 3052 2456 dicit
3077 2419 3092 2454 :
3129 2399 3374 2457 Charitas
3403 2419 3526 2458 mea
3555 2420 3666 2458 cum
3692 2407 3815 2458 eruni-

2257 2493 2352 2548 bus
2391 2493 2534 2548 vobis
2566 2495 2620 2548 in
2661 2492 2868 2550 Christo
2909 2493 3068 2562 Iesu;
3097 2506 3156 2550 ut
3187 2511 3372 2552 amare
3399 2512 3460 2554 se
3493 2500 3744 2556 discerent
3769 2516 3812 2556 es

2257 2591 2456 2662 gratia,
2487 2606 2590 2660 qua
2619 2590 2996 2661 diligebantur
3025 2592 3094 2646 ab
3119 2591 3408 2662 Apostolo,
3445 2612 3560 2650 non
3589 2593 3816 2650 rat-nisai-

2259 2683 2427 2748 fectu,
2453 2683 2552 2738 sed
2577 2683 2630 2738 in
2659 2680 2882 2738 Christo
2911 2681 3065 2739 Iesu.
3599 2687 3606 2696 ‘

577 2991 702 3076 IN
773 2990 1423 3078 EPISTOLAM
1499 2995 1595 3077 B.
1677 2997 2030 3082 PAULI
2103 3003 2264 3086 AD
2342 3001 3070 3088 CORINTHIOS
3145 3005 3791 3090 SECUNDAM.

1003 3253 1190 3334 .169
1229 3263 1254 3292 ἰ
1303 3253 1687 3313 PROLOGUS.

487 3391 496 3400 .
569 3357 592 3384 -‘
625 3346 934 3403 Secundam
964 3349 1251 3417 cpismlam
1287 3347 1580 3420 Apostolus
1608 3351 1798 3405 scribit
1827 3349 2152 3419 Corinthiis,

554 3443 711 3511 cujus
737 3441 854 3495 haec
899 3443 1220 3511 principalis
1247 3453 1544 3498 estcausa.
1575 3445 1842 3513 QttOnium
1895 3445 1948 3499 in
1983 3448 2154 3516 prima

559 3553 658 3601 pro
695 3536 1052 3602 quorumdzuu
1105 3537 1344 3608 peccatis
1377 3537 1631 3593 doctores
1658 3555 1847 3594 eorum
1883 3541 2158 3610 praecipue

552 3629 917 3699 corripuerat,
947 3638 1002 3684 et
1031 3631 1255 3684 multum
1277 3631 1492 3686 fut-rant
1521 3631 1867 3699 contristati;
1897 3649 2040 3690 nunc
2059 3649 2158 3690 eos

554 3725 889 3790 corisolotor,
924 3739 1082 3780 suum
1117 3725 1198 3781 eis
1229 3741 1543 3797 proponens
1597 3729 1936 3799 exemplum,
1971 3738 2027 3784 et
2055 3730 2156 3784 do-

554 3825 683 3877 cens
711 3837 817 3876 non
849 3821 1050 3876 debere
1079 3835 1226 3892 aegre
1249 3824 1416 3888 ferre,
1439 3823 1580 3892 quod
1623 3837 1720 3894 pro
1757 3823 1992 3880 aliorum
2031 3835 2160 3880 sunt

555 3915 732 3970 salute
755 3915 991 3984 correpti
1019 3933 1032 3980 ;
1067 3929 1191 3970 cum
1225 3919 1344 3985 ipse
1369 3931 1468 3987 pro
1493 3917 1671 3972 aliena
1699 3917 1878 3973 salute
1899 3918 2160 3989 periculis

554 4007 802 4077 quotidie
825 4019 880 4063 et
909 4009 1072 4063 morti
1105 4009 1406 4080 suhjaceat.

1095 4099 1325 4158 CAPUT
1359 4101 1650 4160 PRIMUM.

630 4195 814 4265 (Vers.
845 4197 924 4265 l.)
967 4193 1170 4250 Paulus
1199 4197 1462 4268 apostolus
1488 4197 1618 4253 Iesu
1647 4197 1861 4254 Christi.
1909 4199 2027 4256 Iam
2073 4215 2159 4256 se-

560 4307 722 4346 curus
751 4290 820 4346 de
849 4289 936 4345 his
969 4289 1315 4346 confidenter
1345 4307 1404 4348 se
1431 4291 1738 4361 apostolum
1783 4293 1994 4349 Domini
2029 4307 2162 4365 pra:-

559 4383 724 4440 dicat.
759 4383 817 4440 In
875 4385 1048 4454 prima
1075 4383 1224 4440 enim
1253 4385 1486 4455 epistola
1521 4395 1772 4442 vocatum
1827 4401 1888 4442 se
1940 4396 2158 4458 aposto-

557 4479 693 4546 lum,
715 4479 868 4548 dir-it,
903 4479 984 4535 eis
1013 4489 1196 4534 tamen
1225 4495 1334 4536 non
1365 4481 1678 4552 probatum,
1697 4483 1788 4552 qui
1811 4495 1839 4536 a
1869 4482 2160 4537 traditione

561 4573 682 4643 ejus
735 4571 954 4628 abducti
997 4581 1174 4630 erant.
1235 4572 1338 4630 Per
1389 4575 1698 4629 voluntatem
1729 4573 1846 4630 Dei.
1881 4573 1950 4632 Ut
1981 4583 2158 4630 ratum

561 4665 759 4734 probet
787 4666 1149 4735 apostol'atum
1181 4683 1362 4734 suum,
1394 4667 1610 4723 Domini
1648 4668 1930 4724 voluntate
1957 4669 2156 4724 Christi
2185 4649 2236 4709 Ῑ)

563 4759 764 4814 factum
795 4773 856 4814 se
901 4760 1226 4829 apostolum
1264 4760 1437 4816 dicit:
1465 4761 1535 4815 ita
1567 4761 1712 4816 enim
1775 4761 2036 4816 Dominus
2090 4763 2165 4816 ait

562 4851 790 4920 'Judrris,
817 4839 1072 4924 quoniam
1097 4867 1214 4924 qua:
1237 4853 1428 4920 placita
1453 4863 1574 4908 sunt
1612 4857 1678 4920 ei,
1703 4855 1755 4909 id
1791 4863 1895 4920 est,
1920 4855 2033 4911 Deo
2063 4855 2166 4910 Pa-

563 4945 655 5012 tri,
688 4945 824 5016 [acio
855 4961 1054 5018 semper
1082 4945 1263 5018 (Joan.
1283 4961 1398 5013 vnt,
1424 4945 1540 5018 9.9).
1572 4947 1634 5002 Et
1656 4947 1954 5002 Timotheus
1978 4953 2161 5021 frater.

563 5040 696 5097 Cum
716 5039 819 5094 hoc
833 5039 1044 5102 scribit,
1067 5053 1163 5109 per
1185 5053 1344 5109 quem
1371 5041 1658 5111 epistolam
1687 5041 1832 5098 misit
1853 5041 2080 5111 primam
2098 5043 2166 5098 ad

563 5147 682 5199 eos,
713 5132 764 5188 id
795 5139 902 5197 est,
937 5145 1058 5188 cum
1111 5131 1398 5188 Timotheo
1425 5151 1440 5202 ;
1470 5141 1531 5190 ut
1570 5135 1822 5192 ostendat
1855 5137 1936 5192 eis
1965 5137 2032 5192 ah
2063 5136 2164 5193 hoc

564 5243 624 5282 se
649 5225 866 5283 audisse
894 5225 960 5282 de
987 5225 1128 5282 bona
1161 5227 1441 5286 voluntate
1471 5245 1687 5300 eorum,
1720 5245 1822 5306 qua
1864 5233 2167 5305 corripien-

566 5319 664 5374 dos
693 5335 752 5374 sc
774 5319 1163 5376 subdiderunt.
1203 5317 1452 5379 Ecclesia:
1477 5341 1591 5396 quae
1638 5337 1712 5381 est
1758 5325 1997 5383 Corinthi
2049 5343 2168 5383 cum

567 5413 800 5467 omnibus
827 5415 1043 5480 sanctis,
1073 5415 1161 5485 qui
1189 5425 1310 5470 sunt
1331 5417 1384 5471 in
1415 5417 1632 5472 Achaia.
1659 5419 1812 5476 Nuoc
1836 5423 2009 5476 sociat
2035 5423 2170 5477 istos

2187 3269 2232 3329 C

569 5503 773 5556 sanctis
821 5511 1139 5561 czeterarum
1197 5507 1586 5578 Eccleslarum,
1618 5519 1678 5566 ut
1705 5511 1877 5566 sciant
1903 5527 1960 5568 se
1989 5513 2172 5583 profe-

569 5609 710 5650 οιςεςε
723 5637 731 5651 ι

573 5785 580 5796 ,
640 5745 664 5772 ι
697 5735 1076 5816 _N_ou_babetnr
1105 5743 1194 5799 ille
1220 5745 1474 5816 prologus
1506 5748 1556 5801 in
1590 5746 1752 5800 Cnrh.
1786 5746 1909 5802 cod.
1943 5749 2148 5816 utijam

562 5824 592 5864 a
623 5805 1135 5888 nobisobscryatum
1160 5805 1244 5888 es't
1268 5834 1279 5869 :
1307 5805 1489 5870 veFum
1514 5833 1633 5871 cum
1661 5821 1712 5872 in
1737 5817 1862 5873 aliis
1886 5805 2157 5888 omnibus,

565 5893 620 5940 et
649 5881 861 5938 cunctis
879 5879 1010 5936 edit.
1033 5885 1357 5956 reperiatur,
1380 5901 1479 5942 nec
1503 5897 1678 5950 exstet
1701 5889 1752 5945 in
1777 5879 2153 5950 Pseudo—lliei

2339 3261 2500 3334 17o
2523 3260 2702 3334 (Vers.
2733 3260 2818 3332 2.)
2857 3259 3043 3320 Gratia
3071 3261 3214 3317 vobis
3264 3273 3316 3317 es
3359 3278 3466 3332 pax
3493 3280 3530 3316 α
3557 3261 3662 3318 Deo
3705 3261 3819 3315 Patre

2265 3365 2513 3420 nostro,et
2542 3353 2768 3410 Domino
2795 3353 2924 3410 Iesu
2949 3353 3176 3410 Christo.
3197 3355 3464 3424 Quoniam
3487 3355 3816 3412 unumdonnm

2261 3458 2342 3503 eet
2377 3449 2470 3504 Dei
2497 3455 2554 3502 et
2571 3447 2794 3514 Christi,
2829 3447 3035 3504 idcirco
3057 3449 3356 3519 participes
3393 3448 3529 3504 illos
3567 3457 3704 3519 aptat
3731 3459 3818 3499 esse

2261 3541 2454 3612 gratia:
2475 3541 2572 3598 Dei
2601 3557 2724 3612 quae
2745 3551 2832 3597 est
2855 3552 2914 3599 et
2941 3541 3166 3598 Christi.

2335 3633 2522 3704 (Vers.
2549 3634 2628 3703 5.)
2669 3633 2980 3688 Benedictus
3009 3631 3154 3690 Deus
3183 3643 3230 3688 et
3279 3633 3439 3689 Pater
3465 3633 3678 3691 Domini
3701 3631 3818 3687 nostri

2261 3724 2390 3780 Iesu
2411 3726 2624 3780 Christi.
2658 3725 2892 3797 Semper
2919 3728 2970 3781 in
2997 3728 3143 3781 (ιηιηί
3191 3727 3417 3796 epistola
3447 3728 3688 3800 mysterii
3711 3723 3820 3780 ordi-

2263 3835 2390 3877 nem
2419 3821 2586 3878 tradit
2605 3820 2675 3876 de
2697 3821 2814 3877 Deo
2841 3821 3004 3876 Patre
3041 3821 3346 3888 locuturus,
3373 3831 3430 3876 et
3458 3822 3533 3878 de
3559 3821 3696 3876 dono
3717 3817 3817 3888 ejus.

2267 3911 2428 3968 Pater
2453 3912 2929 3967 misericordiarum
2949 3923 2996 3968 et
3023 3911 3163 3966 Dens
3185 3913 3346 3966 totius
3367 3911 3746 3968 consolationis.
3761 3905 3820 3961 Ab

2263 4007 2382 4077 ipsa
2413 4006 2578 4076 erepit
2611 4005 2846 4074 ratione,
2879 4006 3112 4062 multum
3143 4007 3288 4061 enim
3343 4007 3613 4076 refrigerii
3641 4002 3726 4059 dat
3745 4001 3820 4066 eis,

2261 4099 2354 4169 qui
2383 4097 2752 4168 correptionis
2781 4112 2942 4152 causa
2969 4097 3182 4152 fuerant
3203 4097 3522 4152 contristati
3547 4115 3562 4164 ;
3591 4097 3820 4151 audientes

2263 4191 2410 4246 enim
2459 4191 2750 4246 Dominum
2807 4205 2914 4246 non
2949 4193 3124 4246 solum
3155 4193 3324 4246 totius
3351 4192 3584 4263 originis
3631 4201 3817 4262 patrem,

2263 4287 2361 4342 sed
2385 4295 2440 4342 et
2469 4284 2994 4350 misericordiarum,
3027 4285 3256 4342 relevati
3285 4295 3414 4341 sunt
3451 4302 3576 4356 spe,
3627 4301 3683 4340 ac
3719 4281 3818 4338 certi

2265 4383 2388 4436 tacti
2423 4379 2492 4436 ad
2516 4380 2620 4435 hoc
2639 4395 2702 4435 se
2727 4387 3031 4450 correptos,
3067 4389 3126 4436 ut
3155 4381 3407 4436 conversi
3427 4381 3522 4436 Dei
3555 4377 3819 4436 misericor-

2263 4475 2408 4532 diam
2459 4474 2788 4530 invenirent.
2823 4475 3002 4542 Quare
3031 4485 3212 4530 autem
3245 4476 3728 4531 misericordiarunt
3753 4485 3818 4542 pa-

2267 4581 2402 4626 trem
2455 4569 2612 4634 dixit,
2647 4569 2751 4624 nisi
2797 4576 2854 4623 ut
2883 4579 3278 4640 agnosceretur
3311 4585 3404 4639 per
3431 4567 3816 4626 misericordiam

2263 4677 2480 4718 rursum
2513 4675 2836 4732 regenerare
2865 4671 2918 4716 et
2944 4663 3246 4716 reformare
3276 4663 3626 4732 pmuitentes,
3673 4667 3722 4716 ut
3739 4671 3817 4713 non

2263 4756 2378 4811 sola
2399 4755 2472 4810 sit
2499 4756 2676 4822 venia,
2707 4753 2804 4810 sed
2835 4763 3010 4808 status
3035 4755 3252 4825 pristini
3275 4757 3641 4812 restauratio?
3661 4752 3817 4810 Etitleo

2265 4851 2765 4908 misericordiarum
2795 4853 2870 4908 ait
2891 4853 3352 4924 propterdiversa
3371 4865 3624 4924 peccata;
3655 4863 3818 4908 utcon-

2264 4947 2533 5003 solaretur
2588 4947 2944 5003 contristatos
2996 4963 3160 5004 causa
3199 4949 3528 5006 delictorum
3559 4969 3570 5004 :
3604 4951 3698 5005 hoc
3739 4950 3818 5006 est.

2267 5055 2419 5110 spem
2449 5057 2556 5094 non
2591 5055 2790 5110 negare
2812 5041 3118 5096 conversis.

2345 5134 2528 5205 (Vers.
2557 5134 2640 5205 4.)
2685 5135 2788 5202 Qui
2829 5137 3134 5191 consolatur
3189 5153 3282 5193 nos
3321 5139 3377 5192 in
3431 5140 3571 5192 omni
3619 5145 3820 5208 pressura

2269 5239 2463 5284 nostra.
2501 5231 2612 5285 Hoc
2641 5241 2748 5296 est,
2780 5230 2926 5300 quod
2949 5229 3124 5286 dixit:
3153 5231 3296 5286 Deus
3333 5233 3496 5286 ournis
3549 5227 3816 5286 consolatio-

2265 5325 2368 5388 nis,
2420 5325 2509 5395 (ιοεί
2565 5326 2711 5379 adest
2739 5326 2792 5379 in
2815 5327 2954 5380 omni
3001 5341 3281 5396 pressura;
3325 5336 3382 5380 ut
3409 5328 3661 5398 possimus
3681 5331 3724 5378 et
3749 5335 3816 5374 nos

2266 5420 2526 5474 consolari
2556 5435 2663 5484 eos,
2707 5421 2798 5492 qui
2843 5431 2964 5475 sunt
2983 5422 3040 5475 in
3069 5401 3209 5474 enini
3237 5437 3478 5490 pressura
3511 5437 3598 5490 per
3625 5417 3819 5474 exhorta-

2270 5513 2480 5580 tionem,
2511 5523 2612 5583 qua
2637 5513 2973 5568 exhortamur
3003 5533 3034 5568 a
3061 5512 3188 5568 Deo.
3219 5513 3334 5569 Duo
3363 5527 3563 5585 genera
3613 5507 3818 5568 consola-

2271 5606 2478 5660 tionurn
2505 5605 2754 5673 induxit;
2789 5621 2954 5662 unum
2981 5622 3088 5677 quo
3139 5606 3510 5672 consolantur,
3537 5609 3624 5677 qui
3653 5601 3814 5672 injuste

2261 5749 2473 5874 rpnymi
2525 5747 2950 5816 Commentario,
2999 5765 3123 5806 eum
3178 5749 3432 5806 duximus
3467 5765 3586 5806 esse
3616 5745 3810 5804 retinen-

2275 5837 2424 5874 (lilii.

2275 5837 2424 5876 unm.
