3978 6310
156 292 257 348 2ῒῖ

906 276 1406 348 conuertunt».
1445 291 1511 349 IN
1553 281 1772 351 erisr.
1817 293 1909 352 an
1947 291 2274 353 conh’rn.
2319 287 2713 358 slscunnsu.

3353 306 3459 359 278

155 423 470 481 presserant
496 411 776 481 patiuntur
794 419 1011 480 propter
1042 425 1239 464 nomen
1269 409 1499 476 Christi,
1523 422 1576 465 nt
1609 403 1745 468 libe-
1778 409 1826 472 Α
1857 414 2065 484 positis,
2100 417 2337 472 maxime
2369 420 2501 484 suis,
2529 422 2730 490 eripuit
2753 421 2872 475 illos
2900 422 3257 490 deSpcrantes
3280 416 3349 478 de
3377 439 3464 479 sc-

154 504 628 558 renturmlt'erum
647 517 832 559 eorum
854 503 939 572 qui
971 512 1318 572 peccatorum
1343 511 1504 558 causa
1546 505 1755 560 contri-

150 600 273 652 stati
313 596 750 652 consolationem
784 597 933 668 171
967 596 1262 664 accipiunt,
1293 597 1419 650 dum
1469 598 1575 652 illis
1624 613 1750 668 pro-

153 690 385 745 mittitur
423 706 551 760 spes
607 691 1020 745 emcndantibus
1065 689 1132 746 ab
1161 689 1266 758 liis,
1298 693 1386 761 qui
1417 691 1685 748 consolati
1723 708 1753 748 a

151 785 403 852 Domino,
435 785 612 853 erepti
636 794 764 840 sunt
792 785 858 840 de
889 799 1165 855 pres-sura.

215 876 396 948 (Vers.
425 875 511 948 5.)
536 877 791 943 Quoniam
821 879 954 932 sicut
980 879 1530 952 abundantpassiones
1558 881 1752 936 Christi

147 972 198 1025 in
240 971 425 1037 nobis,
481 972 553 1025 sic
606 989 698 1044 per
725 971 986 1026 Christum
1024 973 1254 1028 abundat
1277 975 1432 1029 etiam
1463 977 1751 1031 consolatio

147 1074 344 1120 nostra.
401 1061 748 1120 Manifestum
797 1067 1029 1136 estquia
1077 1083 1174 1136 pro
1225 1084 1332 1138 quo
1351 1069 1604 1139 patimur,
1637 1069 1754 1137 ipse

146 1157 306 1212 nobis
335 1157 515 1220 mlest,
543 1167 565 1195 η
598 1160 889 1215 consolans
924 1175 1043 1226 nos,
1076 1175 1173 1231 per
1205 1159 1616 1231 liberationem,
1646 1165 1752 1219 eri-

144 1251 300 1320 piens
323 1265 428 1305 nos
449 1251 519 1306 de
547 1265 802 1320 pressura
847 1253 1151 1309 interventu
1180 1256 1482 1326 majestatis
1509 1273 1642 1312 sum.

211 1345 394 1415 (Vcrs.
425 1346 482 1412 6,
511 1345 590 1419 7.)
635 1347 756 1403 Sive
807 1360 981 1403 autem
1027 1367 1322 1421 pressuram
1353 1353 1576 1418 patimur
1597 1351 1625 1391 ι)
1658 1371 1750 1423 pro

148 1446 312 1490 vestra
345 1439 707 1494 exhortatione
745 1451 791 1493 et
819 1441 986 1494 salute
1015 1459 1032 1496 :
1065 1443 1167 1496 sive
1194 1442 1599 1498 exhortatione»:
1631 1462 1753 1500 con-

152 1530 410 1601 sequimur
433 1548 532 1602 pro
558 1542 725 1586 vestra
754 1533 1127 1600 exhortatione,
1147 1551 1259 1605 qua:
1275 1548 1516 1608 operatur
1545 1555 1632 1607 per
1659 1554 1753 1608 pa-

151 1625 379 1677 tientiam
407 1625 705 1679 earumdem
729 1630 1048 1696 passionum,
1078 1644 1205 1697 quas
1233 1639 1279 1681 et
1309 1645 1402 1684 nos
1451 1631 1557 1698 ipsi
1611 1631 1749 1699 pati-

141 1733 288 1781 mur;
315 1728 371 1771 ut
393 1733 514 1789 spes
541 1729 714 1772 nostra
753 1730 892 1773 certa
923 1721 989 1775 sit
1015 1731 1034 1759 ε
1062 1737 1155 1791 pro
1181 1721 1356 1785 vobis;
1386 1723 1505 1793 quia
1551 1723 1748 1778 scimus

1860 517 1970 562 met
1998 508 2149 578 ipsis,
2179 510 2411 566 lidentcs
2435 521 2613 568 autem
2647 513 2714 568 de
2742 507 2868 569 Deo.
2905 515 3079 570 Nimia
3127 518 3272 570 enim
3313 533 3464 587 prcs-

1857 615 1979 654 snra
2001 599 2235 656 delic‘ere
2259 617 2318 658 se
2344 604 2762 672 profitebantur,
2793 609 2894 662 nisi
2919 608 3136 663 adesset
3165 607 3327 664 Deus.

1931 693 2112 764 (Vers.
2145 695 2234 759 10,
2303 696 2414 767 Η.)
2460 697 2560 762 Qui
2608 699 2672 751 de
2718 701 2875 753 tantis
2925 701 3176 755 mortibus
3231 701 3465 758 liberavit

1859 801 1971 850 nos,
1999 797 2047 842 et
2081 787 2303 844 liberat:
2338 791 2387 842 in
2420 807 2566 857 quem
2594 793 2931 863 speravimus,
2966 796 3084 860 quia
3127 806 3174 848 et
3207 794 3461 862 liberabit,

1857 881 2130 936 accedente
2161 899 2255 953 pro
2281 883 2424 937 nobis
2440 887 2594 938 etiam
2617 897 2782 939 vestra
2814 887 3152 954 oratione;ut
3173 889 3312 958 quod
3338 890 3466 943 mul-

1864 984 2034 1028 torum
2062 977 2295 1046 [aciebus
2329 977 2521 1031 donum
2548 978 2600 1031 in
2624 994 2716 1032 nos
2748 981 2990 1034 collatum
3021 992 3118 1047 est,
3161 1000 3251 1053 per
3277 985 3467 1037 multos

1854 1067 1908 1120 in
1932 1069 2218 1138 gratiarum
2270 1073 2471 1124 actione
2515 1072 2796 1127 celebretur
2826 1091 2919 1142 pro
2969 1075 3134 1128 nobis.
3168 1071 3279 1131 Hoc
3306 1077 3462 1138 dicit.

1853 1163 1979 1230 quia
2026 1164 2194 1231 gratia
2221 1163 2315 1220 Dei
2347 1165 2638 1220 multorum
2671 1182 2831 1221 causa
2861 1165 2879 1204 τ
2907 1168 3186 1224 consolata
3217 1181 3298 1224 est
3329 1186 3460 1240 apu-

1854 1254 2048 1321 stolos,
2075 1255 2126 1309 id
2151 1267 2254 1323 est,
2280 1258 2523 1312 omnium
2556 1259 2917 1325 credentium,
2963 1276 3191 1332 quorum
3221 1276 3382 1316 causa
3409 1274 3464 1318 ct

1852 1361 2124 1416 preSsnra‘:
2147 1349 2224 1403 eis
2259 1349 2642 1418 ingerebantur
2669 1371 2680 1405 :
2703 1367 2766 1406 ac
2797 1367 2892 1422 per
2919 1351 3040 1418 hoc,
3070 1353 3193 1423 quia
3217 1355 3463 1410 omnium

1854 1455 2014 1494 eausa
2056 1451 2160 1506 est,
2222 1443 2405 1498 cuncti
2449 1445 2560 1500 Deo
2589 1444 2793 1515 gratias
2838 1445 3102 1511 referant,
3136 1461 3256 1500 cum
3292 1457 3471 1502 cessat

1857 1532 2082 1587 tentatio
2115 1551 2127 1586 :
2157 1543 2251 1588 aut
2282 1551 2403 1590 cum
2433 1539 2629 1604 oritUr,
2673 1539 2832 1592 simul
2862 1537 3239 1594 obsecrenlur.

1924 1627 2106 1700 (Vers.
2146 1627 2260 1703 12.)
2305 1630 2486 1686 Gloria
2513 1633 2648 1686 enim
2677 1643 2852 1687 nostra
2877 1634 2987 1688 lucc
3009 1644 3084 1688 est
3109 1635 3460 1688 testimonium

1852 1725 2177 1779 conscientia:
2196 1735 2404 1780 nostrw.
2440 1725 2552 1780 lloc
2577 1727 2734 1792 dicit,
2759 1729 2881 1796 quia
2907 1729 2974 1783 de
3005 1730 3335 1784 conscientia
3367 1743 3463 1784 sua

139 1810 271 1881 quod
310 1815 448 1865 sicut
501 1815 626 1866 socii
674 1815 794 1867 estis
831 1816 1155 1884 passionum,
1209 1816 1283 1869 sic
1310 1827 1354 1871 et
1378 1817 1737 1873 consolationi:

1859 1816 2281 1882 praesumebant,
2313 1832 2434 1886 quite
2465 1833 2594 1885 pura
2623 1829 2742 1873 erat
2769 1817 2837 1872 ab
2864 1819 3011 1874 omni
3036 1819 3425 1875 ssimulatione
3454 1839 3467 1885 ;

140 1903 292 1956 eritis.
322 1902 951 1976 Generaliterloquitur;
980 1918 1034 1961 ut
1061 1908 1184 1979 quia
1218 1923 1380 1964 causa
1401 1909 1744 1966 credentium

139 1999 549 2068 persecutiones
579 2000 928 2070 patiebantur
947 2017 975 2056 a
997 2002 1238 2072 perﬁdis,
1273 2003 1509 2074 subjecti
1535 2004 1745 2076 injuriis

141 2108 191 2151 et
231 2097 468 2152 czcdibus
499 2114 513 2162 ;
545 2099 626 2154 sic
649 2100 846 2153 itermn
887 2099 1092 2154 auxilio
1127 2101 1218 2154 Dei
1262 2101 1626 2156 liberarentur
1675 2102 1740 2156 ad

141 2190 567 2246 consolationem
593 2193 956 2254 credentium,
991 2208 1056 2247 ne
1079 2193 1395 2248 scandalum
1413 2195 1556 2264 passi
1586 2210 1612 2246 a
1640 2194 1744 2250 lide

147 2282 650 2355 exciderent;quia
705 2285 921 2354 injuriae
978 2286 1351 2356 apostolorum
1411 2287 1742 2342 tentationes

149 2385 296 2430 erant
337 2378 701 2445 credentium,
754 2378 898 2434 sicut
941 2380 1201 2450 scriptum
1232 2387 1316 2434 est
1366 2379 1418 2433 in
1474 2379 1739 2450 propheta

153 2466 403 2523 Zacharia
434 2486 447 2522 :
487 2469 785 2525 Percutiam
828 2483 1108 2544 pastorem,
1137 2482 1185 2528 et
1213 2472 1572 2542 dispergentur
1625 2487 1740 2525 ores

141 2561 302 2633 gregis
332 2559 584 2625 (Zachar.
613 2563 816 2634 xm,7).
851 2565 1109 2633 Quamvis
1133 2565 1306 2618 futura
1339 2562 1566 2618 credant
1607 2563 1738 2619 lide-

149 2652 245 2720 les,
273 2661 448 2709 tamen
484 2656 625 2710 inter
658 2657 768 2726 ipsa
793 2655 1088 2726 primordia
1115 2671 1379 2726 preSs-ura:
1401 2656 1627 2712 novellis
1654 2655 1738 2710 fa-

142 2743 282 2798 ciunt
314 2746 670 2802 scandalum:
702 2757 891 2818 putant
937 2749 1081 2804 enim
1110 2750 1324 2804 inanem
1355 2764 1478 2804 esse
1508 2750 1738 2818 promis-

143 2838 363 2904 sionem,
387 2841 432 2894 si
466 2840 524 2895 vi
547 2855 865 2912 oppressmn
900 2841 1135 2896 viderint
1166 2841 1569 2912 praedicantem.
1627 2840 1736 2896 Sed

142 2930 181 2984 si
199 2929 304 3000 jam
338 2933 537 2987 llrmns
567 2945 650 2989 εει
693 2934 952 3000 credens,
985 2935 1312 3002 compatitur
1345 2949 1467 2987 cum
1498 2948 1597 2987 suo
1625 2948 1740 2988 ma-

141 3024 321 3094 gistro,
351 3025 534 3082 ﬁdens
553 3027 620 3082 de
641 3042 737 3097 spe
758 3028 932 3083 futura
955 3045 968 3094 ;
995 3039 1051 3083 ut
1078 3029 1235 3083 simul
1254 3030 1587 3097 consoletur,
1613 3044 1733 3084 cum

142 3133 240 3186 quo
265 3116 288 3154 ἀ
329 3132 380 3175 et
411 3123 768 3192 compatitur.

206 3212 383 3282 (Vers.
418 3215 509 3284 8.)
551 3215 672 3271 Non
701 3219 834 3272 enim
867 3220 1099 3273 volumus
1125 3235 1211 3275 vos
1235 3221 1496 3290 ignorare,
1529 3225 1736 3291 fratres,

143 3302 200 3354 tle
227 3319 496 3375 pressura,
554 3323 670 3378 qua:
721 3311 865 3364 nobis
894 3311 1032 3380 facta
1055 3321 1128 3364 est
1160 3313 1210 3364 in
1236 3312 1357 3366 Asia
1381 3329 1398 3376 ;
1428 3313 1550 3383 quia
1578 3329 1735 3383 supra

142 3400 338 3453 modum
359 3404 569 3473 gravati
603 3404 794 3473 {nimus
822 3421 982 3473 supra
1006 3406 1159 3471 vires,
1175 3406 1248 3458 ita
1274 3417 1327 3459 ut
1350 3407 1736 3477 rlesperaremus

141 3506 224 3545 nos
250 3494 403 3547 etiam
433 3496 622 3549 vivere.
656 3497 778 3551 ldeo
803 3499 1082 3566 passiOnes
1125 3513 1499 3567 pressurarnm
1534 3499 1738 3554 indicat

141 3599 298 3655 prope
348 3603 526 3659 usque
556 3591 619 3644 ad
654 3602 884 3646 mortem
935 3593 1145 3657 illatas,
1180 3605 1236 3646 ut
1269 3593 1527 3648 ostendat
1560 3603 1582 3629 ε
1614 3609 1734 3664 qua:

142 3682 269 3733 mala
297 3681 494 3736 salutis
519 3683 729 3737 illorum
779 3699 936 3738 causa
972 3685 1311 3755 patiebantur
1334 3727 1348 3751 ,
1381 3694 1441 3739 ut
1470 3699 1574 3738 non
1610 3701 1731 3755 gra-

141 3776 248 3827 vius
278 3776 511 3844 ferrent,
539 3779 581 3831 si
611 3780 1019 3848 corripercutur
1045 3795 1264 3834 errores
1305 3779 1519 3833 illorum
1553 3781 1619 3832 ab
1647 3780 1732 3844 iis,

139 3871 352 3940 quibam
376 3882 491 3927 tam
515 3886 706 3943 aspera
735 3874 1290 3944 tolerabantproillis.
1312 3873 1444 3942 Quis
1461 3875 1602 3927 enim
1621 3887 1735 3927 me-

139 3965 373 4020 dicorum
405 3981 516 4020 non
549 3977 1068 4038 argnatsusceptnm
1098 3983 1251 4022 suum
1277 3966 1645 4036 negligentius
1673 3981 1734 4020 se

141 4065 456 4114 tractantem
485 4076 500 4125 ;
544 4075 611 4114 ne
638 4076 767 4114 cura
798 4059 1082 4114 medicina:
1113 4061 1229 4129 ejus
1256 4059 1372 4114 sine
1401 4057 1598 4113 ell‘cctu
1648 4072 1734 4113 re-

140 4154 395 4207 maneat?

205 4243 385 4313 (Vers.
414 4243 499 4318 9.)
539 4245 677 4310 Quin
707 4255 752 4300 et
804 4245 906 4314 ipsi
930 4245 984 4298 in
1012 4245 1155 4298 nobis
1201 4259 1501 4317 responsum
1552 4247 1732 4299 mortis

139 4341 461 4408 accepimus;
507 4348 564 4392 ut
609 4355 709 4391 non
738 4355 963 4392 essemus
1013 4338 1228 4405 fit/entes
1271 4338 1323 4391 in
1370 4338 1539 4403 nobis,
1565 4338 1654 4390 sed
1678 4338 1730 4391 in

139 4431 266 4497 Deo,
317 4435 408 4501 qui
447 4434 658 4487 suscitat
711 4443 961 4486 mortuos.
996 4432 1223 4486 Tantam
1261 4432 1601 4486 insolentiam
1632 4434 1730 4486 itii-

139 4527 358 4595 quitatis
386 4527 658 4597 signiliCat
679 4526 1041 4581 iusurrexisse
1070 4535 1259 4580 contra
1296 4527 1416 4580 lidci
1460 4525 1725 4594 praedica-

1852 1907 2205 1976 qnamobrem
2257 1909 2325 1962 de
2377 1908 2473 1964 Dei
2523 1908 2741 1965 auxiliis
2797 1925 2905 1965 non
2947 1909 3285 1966 difﬁdebant.
3329 1911 3464 1978 Quia

1849 1996 1901 2048 in
1932 1997 2260 2069 simplicitate
2297 2011 2347 2054 et
2375 2003 2687 2069 sinceritate,
2739 2005 2918 2058 nonin
2947 2005 3201 2075 sapientia
3232 2007 3455 2070 carnali,

1847 2092 1938 2144 sed
1965 2093 2017 2145 in
2064 2095 2234 2163 gratia
2277 2095 2374 2150 Dei
2412 2099 2705 2151 conrersati
2749 2114 2925 2152 sumus
2971 2099 3027 2151 in
3081 2099 3175 2152 hoc
3220 2099 3414 2152 mundo
3441 2116 3459 2153 :

1845 2184 2192 2242 abundantius
2213 2198 2382 2243 autem
2413 2191 2554 2260 apart
2585 2207 2691 2245 vos.
2721 2189 2849 2246 Παῖς
2873 2203 2953 2245 (εει
2979 2192 3149 2261 gloria
3170 2193 3457 2247 conscien-

1849 2275 1958 2341 tias,
1987 2293 2149 2346 quam
2175 2279 2330 2342 dixit,
2386 2283 2710 2351 simplicitas
2765 2291 2821 2338 et
2860 2284 3168 2340 sinceritas.
3225 2285 3291 2339 Et
3333 2286 3457 2354 quia

1851 2369 1966 2424 lucc
1989 2371 2058 2426 de
2087 2373 2180 2427 Dei
2214 2373 2464 2428 doctrina
2515 2385 2661 2437 sunt,
2697 2376 2893 2445 adjecit
2924 2391 2936 2428 :
2972 2375 3097 2431 Non
3125 2377 3179 2430 in
3206 2379 3462 2449 sapientia

1841 2466 2062 2528 carnali,
2097 2468 2185 2520 sed
2215 2469 2268 2521 in
2295 2470 2461 2540 gratia
2485 2469 2614 2535 Dei;
2643 2478 2699 2525 ut
2728 2471 3045 2527 oStenderet
3074 2485 3180 2526 non
3205 2472 3454 2526 hmnunm

1841 2557 2146 2627 sapientiae,
2200 2560 2294 2614 sed
2353 2563 2679 2632 evangelica:
2712 2563 3084 2633 praidicationi
3134 2565 3360 2619 liberam
3395 2579 3454 2617 sc.

1842 2651 2238 2706 conscientiam
2288 2652 2622 2708 exhibuisse.
2651 2652 2676 2690 ¹ι
2710 2654 2992 2709 Prmterita
3049 2653 3296 2719 refricat;
3351 2658 3453 2710 lioc

1841 2741 1984 2796 enim
2015 2743 2312 2813 signiﬁcat,
2345 2745 2488 2816 quod
2518 2746 2569 2800 in
2604 2747 2778 2816 prima
2827 2746 3061 2816 epistola
3101 2749 3275 2818 arguit
3305 2747 3453 2802 luca-

1843 2845 1950 2890 tam
1987 2839 2428 2907 praedicationem
2451 2843 2604 2910 juxta
2636 2841 2936 2897 humanum
2962 2853 3182 2899 sensum
3206 2850 3445 2913 aptatam

1841 2929 1884 3001 (Ι
1904 2930 2023 2985 Cor.
2056 2946 2115 2997 ιι,
2140 2931 2220 3003 4),
2244 2934 2399 3001 cujus
2421 2935 2810 3004 praedicatores
2833 2935 3031 3006 duplici
3055 2949 3255 3007 genere
3286 2938 3337 2991 in
3364 2949 3450 2991 sa-

1841 3023 2040 3094 pientia
2067 3028 2271 3081 carnali
2299 3038 2557 3094 accusat;
2589 3031 2712 3100 quia
2740 3040 2795 3086 et
2816 3030 2970 3101 juxta
3003 3031 3186 3086 mundi
3219 3045 3442 3087 sensum

1839 3120 2228 3188 praedicabant,
2256 3137 2324 3178 ne
2355 3123 2513 3180 facile
2541 3124 2884 3181 otl‘endercnt
2909 3126 3194 3182 homines:
3222 3135 3278 3181 et
3299 3133 3444 3196 quai-

1770 3217 1814 3280 C
1847 3223 1962 3268 stus
1999 3228 2165 3268 causa
2191 3214 2292 3271 boc
2320 3217 2590 3287 agebant,
2651 3219 2889 3288 propriis
2918 3218 3082 3273 lucris
3131 3218 3446 3273 carnalibus

1837 3309 2138 3364 studentes.
2198 3309 2353 3366 Unde
2398 3313 2696 3384 Apostolus
2752 3327 3043 3383 numquam
3071 3328 3100 3366 a
3146 3311 3446 3367 Corinthiis

1837 3412 2084 3472 sumptus
2126 3403 2302 3456 voluit
2353 3405 2724 3474 accipere;ne
2753 3406 2836 3461 liis
2867 3406 3212 3461 occasionem
3265 3405 3441 3468 daret,

1837 3508 1904 3548 eo
1925 3493 2069 3563 quod
2097 3495 2290 3549 similis
2316 3496 2395 3550 eis
2441 3509 2589 3552 esset
2620 3499 2671 3552 in
2697 3497 2798 3552 hac
2826 3514 2904 3552 re.
2930 3498 3064 3552 llinc
3085 3507 3169 3552 est
3195 3496 3337 3567 quod
3361 3496 3445 3551 di-

1838 3589 1908 3642 cit
1936 3606 1948 3642 :
1973 3588 2334 3643 Abundantius
2362 3591 2500 3662 apud
2524 3606 2612 3644 vos
2638 3592 2938 3663 simpliciter
2955 3591 3444 3662 conuersati;l12

1837 3684 1958 3753 quia
1988 3699 2109 3738 cum
2143 3683 2212 3737 ab
2239 3683 2358 3737 aliis
2409 3687 2705 3754 acceperit,
2738 3685 2807 3740 ab
2839 3686 2922 3741 bis
2953 3686 3148 3750 noluit,
3190 3684 3204 3722 ί
3236 3699 3306 3739 ne
3358 3699 3446 3737 ar-

1836 3777 2032 3846 guendi
2075 3791 2167 3830 eos
2199 3778 2580 3831 auctoritatem
2614 3779 2908 3832 amitteret.

1907 3869 2087 3941 (Vers.
2123 3869 2235 3938 l5.)
2279 3869 2400 3923 Non
2440 3871 2575 3925 enim
2605 3870 2711 3923 alia
2763 3871 3034 3924 scribimus
3074 3868 3236 3933 vobis,
3286 3883 3440 3936 quam

1835 3978 1948 4032 qua:
1978 3962 2171 4033 legistis
2191 3971 2241 4017 et
2263 3963 2588 4033 cognoscitis.
2623 3962 2698 4016 Ea
2729 3977 2787 4017 se
2813 3962 2945 4018 dicit
2992 3961 3259 4027 scribere,
3314 3975 3438 4030 quae

1836 4071 1942 4110 non
1995 4055 2169 4110 solum
2217 4055 2414 4110 litteris
2463 4065 2772 4122 cernerent,
2807 4056 2902 4110 sed
2930 4065 2985 4109 et
3013 4055 3279 4125 operibus
3321 4056 3439 4124 eius

1835 4147 2122 4204 manifesta
2182 4149 2476 4214 baberent;
2508 4158 2564 4204 ut
2615 4152 2867 4219 probaret
2914 4167 3000 4216 ea,
3031 4149 3436 4220 quasloquitur,

1833 4243 2005 4314 gestis
2045 4258 2103 4298 se
2153 4243 2416 4311 implere,
2471 4243 2671 4313 quibus
2722 4243 3146 4314 uniuscujusque
3192 4257 3348 4298 mens
3388 4252 3443 4298 et

1838 4335 2174 4407 propositum
2205 4336 2452 4390 discitur.

1905 4428 2086 4499 (Vers.
2124 4427 2235 4499 M.)
2277 4427 2443 4500 Spero
2468 4425 2638 4484 autem
2667 4428 2806 4500 quod
2836 4444 2994 4500 usque
3036 4429 3106 4483 ad
3151 4430 3304 4498 ﬁnem
3354 4445 3442 4484 co-

1833 4521 2108 4589 gnoscetis,
2136 4522 2268 4575 sicut
2297 4532 2344 4574 et
2377 4524 2686 4592 cognovistis
2709 4539 2813 4576 non
2841 4539 2904 4576 ea:
2925 4533 3090 4591 parte,
3122 4524 3246 4593 quia
3270 4523 3438 4593 gloria

140 4627 279 4674 tores
304 4637 319 4685 ;
345 4629 405 4674 ut
432 4629 662 4675 mortem
712 4629 839 4673 ante
893 4619 1082 4672 oculos
1138 4617 1403 4672 baberent
1427 4634 1441 4682 ;
1493 4619 1729 4686 denique
1755 4605 1808 4664 Ι)
1835 4625 2002 4667 vestra
2022 4631 2221 4680 sumus,
2247 4615 2380 4668 sicut
2417 4625 2462 4668 et
2494 4631 2583 4669 vos
2611 4627 2807 4678 nostra.
2834 4617 2890 4669 in
2918 4617 3000 4669 die
3030 4613 3248 4670 Domini
3281 4619 3444 4670 nostri

139 4712 302 4779 erepti
329 4714 398 4766 de
431 4714 541 4781 ipsa
574 4725 847 4782 pressura,
878 4711 1227 4766 resuscitatos
1279 4726 1339 4766 se
1378 4710 1585 4766 dicunt.
1642 4709 1732 4766 Sic

138 4805 277 4860 enim
299 4805 485 4861 amicti
514 4805 746 4865 fuerant,
774 4819 828 4857 nt
851 4804 1203 4874 desperarent
1231 4803 1296 4859 de
1322 4805 1574 4874 pra-senti
1601 4805 1729 4859 vita.

141 4887 241 4952 Sed
272 4899 399 4970 quia
432 4898 574 4954 Deus
606 4896 857 4968 praesidia
889 4911 986 4952 sua
1018 4912 1122 4952 non
1147 4906 1305 4967 negat
1331 4896 1384 4950 in
1407 4896 1734 4951 necessitate

209 5072 234 5134 ξι
273 5063 406 5134 Mss.
437 5062 663 5134 aliquot,
687 5062 956 5116 consulens
988 5061 1130 5134 nobis
1156 5077 1245 5128 per
1290 5059 1657 5134 liberationem.

206 5131 233 5172 δ
271 5133 330 5190 In
365 5131 690 5189 bisce'Pauli
749 5133 1028 5188 versiculis
1072 5135 1284 5201 quoties
1316 5133 1365 5184 in
1401 5145 1532 5184 mss.
1565 5143 1617 5183 et
1649 5147 1736 5184 an-

142 5207 236 5274 tiq.
265 5207 398 5262 edit.
437 5207 634 5276 legitur
679 5205 1065 5270 exhortatione,
1119 5212 1164 5256 et
1195 5203 1625 5276 exhortationem,
1657 5212 1736 5276 t0-

144 5281 238 5333 ties
272 5279 430 5333 Rern.
460 5275 594 5334 edit.
621 5279 890 5347 reposuit,
939 5277 1288 5330 consolatione
1330 5285 1377 5328 et
1425 5275 1738 5328 consolatio-

145 5367 275 5402 nem.

214 5433 236 5459 ο
280 5420 391 5476 Pro
413 5423 569 5488 vobis,
599 5421 878 5491 subjungit
909 5419 1065 5472 Horn.
1095 5417 1256 5491 edit._,
1280 5417 1384 5491 sive
1428 5416 1739 5491 consolatio-

144 5509 254 5546 nem
310 5497 667 5566 consequimur
703 5488 824 5564 Vpro'
857 5494 1010 5546 vestri
1058 5488 1408 5543 consolatione
1457 5499 1505 5544 et
1547 5490 1736 5553 salute,

181 5583 283 5620 uta.
316 5578 423 5620 c-tc.

147 5582 442 5692 ηυξιαόᾉζ-εὶί.
463 5638 658 5703 codex,
683 5647 727 5690 et
758 5636 1086 5703 compatitur.
1118 5630 1286 5687 Causa
1315 5632 1438 5701 ﬁdei
1467 5631 1735 5702 patieban-

151 5720 252 5782 tur,
282 5720 337 5762 ut
363 5726 460 5782 non
487 5711 691 5782 grauius
716 5713 930 5778 ferrent,
961 5707 1003 5760 si
1033 5705 1415 5773 corriperentur
1437 5719 1632 5756 errores
1672 5703 1738 5757 il-

156 5780 340 5834 lorum.
375 5779 644 5836 Non'enim
675 5782 931 5846 uolumus,
961 5788 1069 5832 etc.

227 5861 248 5888 θ
292 5853 434 5909 Idem
465 5854 611 5922 cod.,
644 5852 889 5925 quoniam
913 5849 1052 5904 mala
1077 5847 1259 5902 salutis
1280 5845 1653 5899 illorumcausa
1675 5847 1736 5901 ab

1841 4705 1968 4762 Jesu
2010 4706 2220 4762 Christi.
2264 4707 2535 4763 Proticere
2569 4709 2690 4764 illos
2717 4718 2919 4778 sperat,
2962 4719 3027 4764 ex
3060 4721 3127 4764 eo
3157 4708 3298 4780 quod
3328 4709 3438 4778 jam

1843 4810 2124 4869 carperant
2173 4799 2428 4855 meliores
2471 4799 2639 4866 eftici,
2687 4801 2904 4872 cognito
2954 4800 3151 4856 all‘ectu
3205 4802 3351 4857 circa
3382 4815 3442 4856 se

1845 4892 2118 4964 Apostuli,
2174 4905 2227 4947 et
2270 4891 2648 4962 gloriabantur
2675 4895 2817 4949 ineo
2859 4893 3006 4948 velut
3033 4893 3126 4947 lilii
3159 4895 3172 4943 ι
3206 4894 3259 4948 in
3292 4900 3444 4962 patre

1841 5059 1942 5124 his,
1992 5059 2080 5128 qui
2128 5059 2236 5112 lucc
2281 5069 2384 5112 tant
2440 5074 2624 5128 aspera
2672 5055 2986 5127 ingerebant,
3037 5052 3321 5107 tolerabant
3346 5069 3439 5122 pro

1837 5129 1966 5185 illis.

1919 5203 1933 5240 π
1979 5201 2158 5255 Codex
2183 5201 2374 5264 Corb.,
2407 5202 2600 5257 collata
2627 5207 2702 5254 est
2729 5198 3018 5269 apostolis;
3056 5191 3219 5257 Vall.,
3261 5209 3443 5250 conso-

1840 5273 1977 5326 latus
2016 5283 2089 5326 est
2120 5274 2416 5338 Apostolus.

1916 5356 1938 5390 8
1983 5346 2084 5399 Ms.
2110 5346 2301 5408 Cori»,
2332 5346 2678 5409 simulatione,
2712 5344 2866 5413 ﬁdem
2914 5339 3440 5413 integratnea'liibcns

1842 5413 1953 5488 Deo
1981 5420 2030 5469 in
2051 5419 2460 5488 prazdicatione;
2488 5410 2818 5488 quamobrem
2850 5415 2911 5467 de
2945 5411 3036 5463 Dei
3059 5410 3290 5476 auxiliis,
3331 5421 3437 5467 ctc.

1919 5485 1942 5524 ¹¹
1985 5485 2111 5543 Gill.
2145 5491 2195 5543 in
2220 5504 2388 5558 marg.
2416 5501 2471 5543 et
2499 5488 2656 5541 Rom.
2691 5486 2820 5539 edit.
2875 5488 2926 5536 in
2955 5494 3106 5551 corp.
3140 5495 3263 5536 cum
3309 5499 3440 5536 mss.

1844 5561 2195 5634 quibusdam_.
2243 5561 2503 5628 prwterita
2556 5559 2788 5634 replicat.
3040 5623 3050 5634 ν

1925 5631 1936 5668 ί
1984 5633 2116 5687 Cod.
2149 5632 2338 5695 Cori»,
2363 5648 2424 5686 ne
2453 5629 2718 5698 arguentis
2740 5642 2824 5679 eos
2851 5629 3211 5678 auctoritatem
3239 5629 3440 5682 omitte-

1842 5715 2102 5830 renibllno
2133 5789 2288 5838 mss.,
2324 5773 2376 5826 in
2397 5779 2540 5839 patre
2559 5766 2874 5825 clarissimo.
2922 5764 3140 5822 Minime
3172 5769 3331 5822 male.
