3978 6310
495 206 607 262 279

1461 206 1555 265 AD
1589 204 1826 264 orsus
1863 205 2118 266 SANCTI
2154 194 2483 268 Ansnosu
2519 209 2890 269 APPENDIX.

3707 221 3799 281 280

493 320 847 378 charissimo.
904 321 1059 380 Unde
1083 331 1141 379 et
1162 321 1461 393 Apostolus
1483 323 1718 393 gloriam
1748 338 1902 379 suam
1932 322 2104 381 videri
2135 338 2188 400 Α
2214 333 2297 382 tas
2325 325 2509 383 vincat
2537 327 2849 398 utilitatem,
2901 328 3024 387 ideo
3074 332 3374 404 Apostolus
3402 334 3670 393 voluntati
3694 350 3794 393 suae

495 423 735 472 testatur
761 415 816 471 in
847 413 988 472 ﬁlios
1009 414 1366 472 obaudientes
1391 431 1405 481 ;
1439 423 1496 470 et
1521 423 1652 470 tunc
1672 414 1876 472 debere
1901 415 2098 484 videri,

493 508 721 580 quando
747 508 988 580 prodest,
1009 508 1060 563 id
1083 517 1192 578 est,
1220 509 1275 565 in
1292 507 1380 565 die
1399 507 1594 580 judicii
1619 507 1738 566 Dei.
1756 509 1868 564 Hoc
1886 508 2098 577 dicens,

495 601 962 675 perseverandum
993 611 1202 658 monet.

570 695 753 767 (Vers.
786 695 878 762 15,
904 694 1018 765 16.)
1045 694 1222 750 Ethac
1248 695 1446 764 ﬁducia
1468 697 1731 752 volueram
1759 697 1904 769 prius
1931 698 2102 753 venire

496 790 566 846 ad
603 805 713 855 vos,
750 797 776 826 ⁸
808 799 864 844 ιιι
887 791 1170 844 secundam
1198 791 1425 862 gratiam
1465 791 1720 846 haberetis
1750 808 1769 846 :
1789 803 1839 847 et
1885 809 1978 864 per
2013 808 2102 848 vos

496 884 770 938 transirem
809 883 864 936 in
895 881 1285 952 Macedoniam,
1318 895 1365 939 et
1396 883 1586 938 iterum
1613 901 1644 936 a
1674 882 1983 940 Macedonia
2014 901 2100 940 ve-

491 979 660 1031 nirem
687 977 757 1031 ad
776 992 894 1045 vos,
927 987 974 1032 et
997 995 1029 1033 a
1053 977 1195 1033 vobis
1225 978 1413 1032 deduci
1437 979 1492 1032 in
1513 976 1778 1034 Judceam.
1805 976 1834 1017 ι)
1860 978 1991 1036 [hec
2033 978 2100 1034 ﬁ-

494 1071 655 1128 ducia
683 1088 750 1128 ex
778 1072 1067 1128 emendata
1100 1073 1308 1130 estvita
1342 1073 1598 1140 illorum;
1625 1072 1737 1144 jam
1766 1073 1910 1129 enim
1932 1083 1986 1129 et
2007 1073 2104 1130 de-

494 1166 745 1223 siderare
773 1166 898 1222 illos
928 1181 988 1223 se
1010 1167 1302 1239 signiﬁcat,
1335 1181 1475 1239 quos
1522 1177 1649 1223 ante
1679 1167 1959 1240 indignant
1987 1178 2106 1244 erat

493 1263 706 1321 videre.
732 1263 960 1321 Plenam
992 1279 1120 1336 ergo
1149 1265 1381 1336 gratiam
1413 1262 1736 1320 habuissent
1769 1263 1838 1322 de
1867 1264 2104 1322 adventu

491 1361 612 1432 ejus
637 1377 652 1426 ;
681 1361 807 1431 quia
836 1360 1011 1431 imago
1039 1367 1124 1416 est
1145 1358 1398 1431 epistola,
1433 1357 1722 1430 praesentia
1747 1367 1928 1416 autem
1960 1360 2105 1416 veri-

495 1463 600 1510 tas.
627 1454 746 1511 Non
773 1466 858 1511 est
885 1455 1069 1526 itaque
1089 1455 1325 1511 otiosqu
1355 1454 1480 1525 quia
1503 1454 1753 1510 voluerat
1781 1455 1884 1522 ire,
1914 1464 1970 1512 et
1994 1470 2102 1510 non

493 1547 595 1615 iit;
630 1547 859 1620 intelligi
910 1550 1056 1605 enim
1085 1548 1202 1604 vult
1243 1562 1366 1606 esse
1411 1548 1624 1620 aliquos
1653 1546 1798 1603 inter
1821 1562 1938 1617 eos,
1969 1563 2105 1620 quo-

497 1659 621 1699 rum
646 1657 810 1701 causa
842 1643 1182 1701 voluntatem
1209 1659 1363 1700 suam
1387 1658 1496 1700 non
1522 1642 1793 1716 implevit,
1821 1643 2105 1702 utadhibi-

497 1748 552 1795 ta
575 1755 740 1810 opera
765 1739 1204 1811 puriﬁcarentur.

567 1831 753 1904 (Vers.
773 1832 890 1905 17.)
910 1831 1027 1888 Hoc
1049 1850 1170 1906 ergo
1194 1833 1451 1903 cogitans,
1472 1832 1726 1906 numquid
1746 1832 1952 1888 leuitate
1970 1849 2096 1890 usus

495 1932 641 1990 sum?
657 1941 750 1986 aut
779 1929 1156 1999 numquidqute
1179 1929 1348 2001 cogito
1360 1929 1642 1984 secundum
1667 1945 1873 1985 carnem
1903 1931 2098 2001 cogito;

493 2037 554 2084 ut
582 2027 648 2082 sit
687 2023 832 2099 apud
858 2041 958 2090 me,
992 2021 1110 2092 Est,
1149 2032 1245 2091 est,
1270 2039 1394 2088 non,
1423 2039 1524 2078 non
1547 2024 1574 2078 ?
1600 2023 1871 2092 Quoniam
1926 2023 2100 2080 dixit?

501 2119 780 2175 Voluerunt
806 2117 977 2174 venire
1004 2116 1073 2171 ad
1101 2132 1214 2186 vos,
1238 2127 1261 2155 ο
1281 2126 1336 2172 ει
1365 2131 1474 2173 non
1491 2117 1586 2184 iit;
1612 2117 1819 2173 idcirco
1847 2119 2100 2188 numquid

495 2213 704 2269 levitate
715 2228 839 2267 usus
857 2227 991 2278 sum,
1009 2211 1203 2283 inquit,
1219 2212 1346 2283 quia
1357 2211 1590 2280 videtur,
1608 2213 1699 2284 qui
1717 2212 1854 2268 dicit
1873 2213 2098 2285 aliquid,

494 2313 552 2364 et
576 2320 687 2363 non
708 2306 858 2376 facit,
883 2306 1106 2363 levitate
1133 2308 1246 2362 uti?
1277 2305 1404 2363 Ideo
1431 2322 1499 2363 ne
1527 2307 1670 2364 forte
1701 2308 1845 2364 istud
1870 2308 1938 2366 de
1955 2311 2101 2381 Apo-

493 2400 636 2457 stolo
654 2400 1076 2467 arbitrarentur,
1100 2399 1204 2456 hoc
1221 2409 1437 2472 purgat;
1452 2401 1577 2472 quia
1592 2415 1709 2457 non
1724 2401 1867 2458 istud
1885 2401 2098 2471 leviter,

491 2496 589 2553 sed
614 2511 737 2553 cum
769 2497 1000 2553 consilio
1029 2497 1177 2563 fecit,
1204 2506 1266 2552 ut
1290 2511 1400 2552 non
1431 2496 1708 2568 impleret,
1736 2497 1882 2569 quod
1919 2497 2105 2569 dispo-

495 2599 703 2648 suerat.
746 2591 854 2646 Aut
906 2591 1163 2662 numquid
1208 2607 1324 2662 qua:
1371 2591 1557 2663 cogito,
1592 2589 1789 2663 inquit,
1818 2593 2105 2648 secundum

492 2702 704 2743 carnem
729 2689 946 2759 cogito?
981 2687 1082 2755 Qui
1109 2685 1256 2742 enim
1280 2686 1580 2742 secundum
1610 2701 1830 2743 carnem
1859 2687 2104 2759 cogitat,

495 2789 630 2838 tunc
672 2795 783 2837 non
815 2781 1003 2852 implet
1029 2796 1151 2852 qua:
1178 2780 1440 2853 disponit,
1496 2781 1714 2853 quando
1736 2792 1829 2838 aut
1857 2782 2108 2854 personis

494 2875 861 2949 amplioribus
906 2875 1126 2943 defert;
1153 2884 1247 2932 aut
1275 2885 1424 2932 certe
1449 2875 1616 2932 lucris
1638 2884 1732 2934 aut
1755 2877 2107 2949 apparatibus

499 2971 760 3040 vincitur,
791 2971 938 3042 quod
964 2971 1261 3042 Apostolus
1303 2987 1522 3044 semper
1558 2974 1785 3045 sprevit.
1838 2972 2110 3046 Spiritalis

493 3074 681 3122 autem
706 3073 836 3122 tunc
864 3064 1190 3136 dispositum
1215 3080 1321 3121 non
1343 3063 1554 3136 implet,
1576 3065 1793 3137 quando
1821 3065 2109 3136 providen-

2208 421 2496 478 utilitatem
2525 426 2843 495 praeposuit,
2877 438 2946 481 ne
2975 425 3080 482 iret
3104 426 3172 482 ad
3193 427 3338 485 illos.
3356 425 3426 484 In
3447 427 3654 486 Christo
3671 432 3794 488 enim

2206 511 2336 569 Jesu
2383 532 2486 571 non
2526 517 2648 588 fuit,
2675 515 2774 572 Est
2800 527 2851 574 et
2891 516 3038 587 Non,
3061 521 3150 575 sed
3181 517 3277 576 Est
3304 522 3360 577 in
3381 522 3476 578 illo
3503 524 3642 595 fuit;
3677 526 3789 596 quia

2207 623 2498 680 numquam
2524 609 2672 666 aliud
2699 611 2892 679 voluit,
2927 627 3088 683 quam
3112 623 3196 670 est
3221 615 3376 672 utile.
3407 615 3636 689 Semper
3656 620 3788 676 enim

2205 704 2458 757 voluntas
2486 701 2605 773 ejus
2631 719 2754 759 cum
2785 704 3019 762 utilitate
3042 717 3126 762 est
3151 725 3162 760 :
3187 723 3288 763 nec
3331 709 3650 766 immutatus
3693 723 3788 781 est,

2206 801 2266 848 ut
2291 793 2497 851 faceret
2525 795 2748 866 invitus,
2783 798 2928 854 sicut
2953 800 3140 868 homo,
3166 801 3308 871 quod
3335 811 3421 858 est
3449 803 3615 870 utile;
3644 815 3792 861 autut

2206 888 2507 960 ambigeret
2529 889 2598 946 de
2624 891 2896 963 aliquibus
2917 935 2930 958 ,
2961 904 3015 949 et
3038 903 3270 950 mutaret
3299 896 3663 953 voluntatem.

2279 982 2463 1057 (Vers.
2493 984 2613 1056 20.)
2656 983 2914 1056 Quotquot
2958 988 3094 1043 enim
3134 990 3500 1061 promissiones
3525 989 3625 1046 Dei
3660 1005 3788 1061 sunt,

2206 1087 2326 1132 sunt
2345 1077 2398 1133 in
2423 1079 2516 1134 illo
2537 1095 2558 1134 :
2585 1089 2631 1134 et
2653 1095 2746 1151 per
2765 1080 2937 1151 ipsum
2957 1099 3106 1138 amen
3130 1081 3241 1139 Deo
3262 1085 3331 1138 ad
3354 1085 3672 1159 gloriamper
3690 1105 3788 1144 nos.

2205 1169 2552 1228 Manifestum
2579 1183 2662 1229 est
2691 1175 2816 1244 quia
2838 1190 3058 1248 semper
3085 1177 3136 1232 in
3168 1176 3285 1234 Deo
3314 1179 3519 1234 veritas
3546 1189 3627 1235 est
3649 1224 3665 1249 ,
3699 1181 3789 1237 hoc

2207 1270 2312 1329 est,
2358 1277 2537 1330 amen,
2570 1264 2916 1321 manifestata
2944 1283 3044 1338 per
3069 1267 3368 1336 Christum,
3397 1278 3520 1340 post
3544 1285 3638 1341 per
3674 1286 3790 1343 apo-

2207 1355 2378 1410 stolos
2394 1356 2684 1426 prmdicata
2705 1358 2771 1414 ad
2799 1359 3027 1431 gloriam
3053 1360 3172 1426 Dei,
3211 1361 3367 1434 173
3393 1363 3664 1433 signorum
3692 1365 3790 1421 vir-

2209 1451 2415 1506 tutibus
2457 1451 2831 1509 testimonium
2890 1455 3300 1525 perhibentibus
3350 1472 3483 1513 vera
3513 1473 3652 1527 esse,
3683 1475 3790 1531 qua:

2207 1547 2459 1617 promisit
2501 1546 2646 1604 Deus
2697 1563 2794 1620 per
2850 1546 3129 1606 Christum
3189 1550 3478 1607 Dominum
3533 1561 3784 1608 nostrum.

2207 1641 2395 1698 Gloria
2425 1643 2569 1699 enim
2601 1644 2694 1700 Dei
2722 1654 2830 1711 est,
2857 1660 2982 1702 cum
3013 1646 3199 1704 abillo
3225 1647 3432 1718 omnia,
3460 1657 3515 1706 et
3542 1664 3639 1719 per
3653 1650 3788 1707 illum

2129 1751 2179 1814 Β
2212 1731 2232 1771 τ
2261 1743 2316 1790 ει
2338 1735 2394 1790 in
2421 1735 2516 1791 illo
2534 1751 2658 1792 esse
2673 1735 2947 1794 dicuntur.

2239 1829 2423 1902 (Vers.
2435 1829 2497 1885 2|
2513 1872 2528 1896 ,
2541 1829 2660 1902 22.)
2681 1831 2784 1898 Qui
2797 1842 2964 1888 autem
2979 1833 3251 1904 conﬁrmat
3264 1850 3357 1890 nos
3370 1835 3790 1904 robiscum,Chri-

2198 1932 2309 1977 stus
2331 1922 2586 1978 Dominus
2605 1933 2702 1991 est;
2722 1937 2771 1980 et
2784 1925 2870 1994 qui
2893 1925 3041 1980 unxit
3069 1943 3185 1991 nos,
3210 1925 3352 1982 Deus
3371 1943 3392 1982 :
3415 1928 3503 1997 qui
3527 1936 3574 1982 et
3592 1929 3791 1999 signat-it

2199 2033 2316 2083 nos,
2341 2026 2388 2072 et
2411 2017 2551 2074 dedit
2575 2018 2764 2092 pignus
2793 2018 3051 2092 Spiritum
3087 2021 3141 2075 in
3161 2021 3401 2078 cordibus
3419 2022 3626 2077 nostris.
3648 2019 3790 2076 Chri-

2200 2121 2344 2168 stum
2367 2112 2501 2168 dicit
2529 2112 2856 2170 conﬁrmare
2879 2123 3073 2185 gentes
3091 2115 3146 2171 in
3172 2115 3336 2172 ﬁdem
3361 2119 3682 2188 promissam
3710 2114 3789 2172 Ju-

2201 2205 2373 2270 dtcis;
2407 2207 2534 2278 quia
2562 2207 2684 2278 ipse
2711 2217 2818 2273 est,
2850 2208 2942 2279 qui
2971 2207 3104 2265 fecit
3133 2219 3362 2282 utraque
3393 2226 3558 2266 unum
3589 2209 3786 2282 (Ephes.

2202 2314 2264 2369 ιι,
2310 2297 2435 2371 id),
2484 2299 2537 2355 id
2584 2309 2700 2366 est,
2743 2301 3220 2359 circumcisionem
3260 2314 3316 2360 et
3349 2305 3704 2376 praeputium,
3745 2305 3790 2359 in

2203 2409 2315 2450 uno
2337 2409 2479 2450 novo
2509 2393 2730 2452 homine
2761 2394 2968 2452 faciens
2992 2411 3201 2468 pacem.
3231 2396 3500 2454 Dominus
3521 2411 3646 2468 ergo
3673 2411 3787 2451 con-

2204 2487 2406 2553 ﬁrmat,
2430 2496 2487 2543 et
2507 2487 2648 2544 Deus
2669 2489 2761 2561 qui
2785 2492 2941 2545 unxit
2962 2505 3083 2558 nos,
3117 2490 3172 2546 id
3193 2501 3298 2558 est,
3323 2492 3416 2563 qui
3441 2491 3592 2547 dedit
3611 2491 3791 2563 regiam

2206 2580 2682 2638 honoriﬁcentiam
2705 2623 2721 2650 ,
2759 2584 2902 2640 sicut
2937 2583 3072 2640 dicit
3103 2584 3296 2640 Petrus
3335 2585 3649 2655 apostolus:
3674 2583 3791 2650 Quia

2207 2691 2418 2748 sumus,
2449 2678 2624 2750 inquit
2647 2678 2693 2750 (ι
2725 2677 2841 2737 Pet.
2865 2695 2928 2746 ιι,
2951 2677 3030 2751 9),
3060 2693 3236 2750 genus
3265 2679 3454 2749 regale
3480 2693 3582 2750 per
3607 2677 3793 2733 unctio-

2208 2787 2335 2828 nem
2371 2771 2701 2843 spiritalem,
2735 2774 2890 2840 cujus
2921 2782 3081 2844 typus
3119 2771 3224 2827 t‘uit
3260 2772 3312 2828 in
3351 2771 3574 2844 regibus
3605 2769 3795 2827 Judaeu-

2209 2881 2352 2923 rum.
2389 2864 2493 2933 Qui
2534 2874 2581 2920 et
2605 2865 2826 2938 signavit
2851 2882 2966 2932 nos,
2996 2865 3173 2920 dando
3205 2865 3469 2938 Spiritum
3495 2881 3644 2920 suum
3668 2863 3792 2918 nobis

2210 2961 2432 3032 pignus;
2463 2969 2519 3014 ut
2551 2976 2653 3015 non
2674 2961 2994 3034 ambigantus
3023 2963 3088 3016 de
3109 2962 3382 3033 promissis
3404 2965 3541 3036 ejus.
3573 2961 3628 3018 Si
3649 2961 3784 3026 enim

2210 3053 2393 3110 adhuc
2432 3054 2759 3110 mortalibus
2788 3055 3055 3126 Spiritum
3101 3069 3262 3110 suum
3298 3054 3552 3122 credidit,
3594 3054 3791 3110 dubium

498 3158 608 3214 tius
659 3156 864 3228 aliquid
911 3172 1012 3229 pro
1061 3158 1239 3214 salute
1287 3159 1486 3214 animus
1535 3158 2029 3226 meditatur;sicut
2054 3169 2104 3217 et

2212 3163 2321 3204 non
2356 3157 2442 3205 est
2476 3148 2611 3220 quin
2650 3149 2762 3220 jam
2805 3147 3210 3204 immortalibus
3249 3148 3415 3204 addat
3457 3149 3526 3205 ad
3566 3148 3789 3220 gloriam.

497 3250 800 3323 Apostolus
829 3251 954 3309 ideo
1004 3267 1112 3308 non
1151 3251 1397 3323 implevit
1445 3254 1590 3324 quod
1622 3252 1892 3321 voluerat,
1923 3261 1984 3310 ut
2007 3269 2107 3326 per

503 3345 611 3403 hoc
633 3346 811 3417 ipsum
842 3345 1100 3402 meliores
1127 3344 1497 3413 efﬁcerentur,
1529 3345 1765 3402 scientes
1787 3347 1910 3402 ideo
1931 3346 2106 3403 distu-

495 3440 630 3497 lisse
657 3453 806 3508 eum,
835 3439 959 3512 quia
987 3440 1207 3510 quidam
1238 3440 1417 3498 adhuc
1447 3440 1592 3496 inter
1611 3455 1708 3496 eos
1744 3455 1851 3496 non
1876 3456 1938 3498 se
1959 3441 2110 3512 puri-

491 3532 793 3590 ﬁcavcrant
810 3549 839 3588 a
862 3534 1121 3604 peccatis.
1155 3533 1224 3591 Ut
1247 3537 1333 3602 sit,
1356 3533 1552 3605 inquit,
1579 3533 1721 3605 apud
1739 3550 1838 3602 me,
1861 3533 1976 3600 Est,
2000 3544 2107 3601 est;

498 3647 627 3698 non,
654 3647 780 3686 non.
813 3629 928 3686 Hoc
954 3629 1242 3702 significat,
1274 3628 1401 3701 quia
1443 3643 1550 3684 non
1583 3627 1727 3682 aliud
1755 3628 1887 3699 egit,
1944 3644 2105 3700 quam

463 3773 468 3776 .
497 3727 660 3785 scivit
688 3727 959 3800 agendum
983 3742 999 3794 ;
1028 3728 1152 3798 quia
1175 3726 1380 3782 utilitas
1401 3722 1785 3795 anteponenda
1811 3732 1896 3780 est
1914 3724 2107 3780 volun.

496 3823 618 3879 tati.
649 3821 750 3879 llic
777 3837 974 3880 sensus
1005 3822 1269 3893 spiritalis
1290 3829 1376 3878 est
1403 3837 1417 3876 :
1440 3819 1677 3877 carnalis
1697 3829 1880 3876 autem
1909 3834 2106 3878 sensus

493 3916 576 3974 sic
601 3923 862 3985 mutatur,
895 3915 923 3954 (ί
955 3924 1015 3971 ιιι
1040 3925 1338 3987 anteponat
1364 3916 1703 3976 voluntatem
1733 3917 1971 3974 utilitati.

568 4008 752 4080 (νει-ε.
786 4008 907 4081 18.)
945 4006 1150 4063 Fidelis
1176 4017 1348 4064 autem
1390 4007 1554 4080 Deus,
1585 4011 1712 4082 quia
1737 4027 1904 4066 sermo
1933 4019 2106 4066 uoster

498 4103 646 4176 apud
673 4119 763 4160 vos
792 4119 896 4159 non
921 4111 1020 4158 est.
1043 4103 1142 4159 Est
1165 4114 1215 4158 et
1246 4120 1372 4158 non.
1427 4104 1542 4160 Hoc
1591 4114 1676 4161 est
1717 4105 1863 4176 quod
1892 4105 2025 4161 dicit
2051 4113 2108 4160 et

495 4196 567 4252 ad
597 4194 819 4252 Galatas
840 4213 854 4252 :
876 4195 939 4251 Si
967 4211 1084 4268 qua:
1101 4195 1357 4265 destruxi,
1381 4197 1491 4251 haec
1519 4197 1698 4253 eadem
1717 4199 1944 4269 atdiﬁco,
1974 4214 2107 4270 prte-

498 4288 842 4343 uaricatorem
892 4304 974 4342 me
1015 4288 1272 4343 constituo
1301 4286 1500 4360 (Gaiat.
1545 4304 1606 4358 ιι,
1659 4289 1770 4361 18).
1801 4289 1930 4347 Ideo
1976 4305 2108 4362 ergo

499 4377 722 4436 ﬁdelem
748 4379 803 4435 in
827 4394 888 4435 se
900 4378 1036 4434 dicit
1053 4379 1150 4436 Dei
1178 4362 1661 4452 praedicatibnem:
1690 4391 1714 4419 θ
1733 4397 1857 4438 nam
1877 4382 2012 4439 illud
2028 4383 2108 4440 fa-

501 4475 661 4534 ciunt
691 4473 1026 4532 adulatores.
1054 4474 1398 4547 Frequenter
1426 4475 1596 4543 enim,
1628 4491 1697 4533 ne
1746 4475 1995 4535 homines
2023 4478 2106 4536 of-

502 4568 755 4638 fendant,
783 4583 907 4640 quae
931 4583 1060 4625 vera
1083 4577 1232 4636 sunt,
1266 4569 1708 4639 praetermittunt.

579 4660 763 4734 (νει-ε.
799 4660 913 4734 i9.)
954 4661 1053 4717 Dei
1078 4663 1215 4717 enim
1236 4660 1411 4719 Filius
1438 4663 1592 4720 Iesus
1629 4664 1886 4736 Christus,
1918 4667 2006 4738 qui
2051 4667 2106 4722 in

508 4757 654 4813 vobis
671 4765 768 4824 est,
799 4757 888 4828 qui
910 4774 1004 4829 per
1031 4774 1126 4812 nos
1153 4758 1464 4829 praedicatus
1484 4769 1580 4828 est,
1609 4777 1700 4833 per
1729 4777 1809 4815 me
1848 4771 1895 4816 et
1934 4761 2110 4818 Silva-

504 4868 626 4908 num
647 4861 696 4907 et
729 4849 1072 4920 Timotheum,
1115 4868 1218 4906 non
1269 4852 1390 4922 fuit,
1441 4852 1538 4908 Est
1577 4862 1623 4908 et
1649 4870 1752 4909 non
1776 4855 1902 4909 :sed
1931 4853 2027 4908 Est
2055 4856 2108 4910 in

503 4947 599 5003 illo
629 4945 751 5018 fuit.
785 4943 1063 5012 Quantum
1089 4943 1158 5000 ad
1181 4944 1408 5001 idoneos
1438 4945 1826 5017 praedicatores
1845 4948 2106 5018 pertinet,

502 5039 608 5097 hoc
630 5039 798 5097 debet
827 5053 974 5106 esse,
999 5049 1061 5094 ut
1083 5039 1154 5094 sit
1177 5038 1318 5109 apud
1347 5039 1496 5107 illos,
1549 5041 1660 5109 Est,
1687 5050 1781 5109 est,
1809 5059 1934 5110 non,
1965 5058 2106 5110 non;

504 5141 564 5188 ut
589 5147 702 5190 non
725 5130 873 5188 aliud
903 5131 1128 5197 faciant,
1160 5145 1322 5201 quam
1343 5133 1522 5188 sciunt
1563 5133 1719 5189 utile.
1769 5133 1902 5203 Quia
1961 5134 2106 5190 enim

505 5224 820 5300 frequenter
841 5224 989 5283 aliud
1007 5224 1281 5295 volumus,
1308 5241 1471 5298 quam
1495 5235 1581 5283 est
1607 5227 1768 5297 utile;
1799 5243 1870 5284 ne
1913 5227 2107 5285 volun-

578 5371 605 5400 ει
643 5363 806 5420 Rom.
838 5362 1057 5433 edit.,ut
1078 5361 1287 5434 plenam
1314 5361 1537 5435 gratiam
1559 5362 1809 5420 haberetis
1834 5371 1881 5419 et
1902 5379 1996 5435 per
2018 5379 2108 5421 vos

503 5437 747 5503 transire,
776 5443 883 5492 etc.

580 5504 608 5544 δ
647 5506 900 5562 Nonnulli
929 5521 1061 5564 mss.
1093 5505 1224 5563 Haec
1246 5505 1440 5577 ﬁducia
1461 5507 1734 5564 emendata
1760 5515 1858 5575 est,
1891 5515 1999 5564 etc.

577 5588 600 5616 ο
644 5578 803 5660 Rom.
835 5579 995 5660 edin,
1026 5589 1074 5635 et
1103 5580 1368 5647 nouuem';
1391 5589 1500 5660 vet.
1533 5595 1658 5636 cum
1688 5595 1826 5636 mss.
1871 5580 2105 5652 aliquot,

502 5661 549 5705 et
579 5666 679 5704 non
711 5651 790 5714 ii;
812 5651 996 5706 caeteri
1025 5666 1184 5717 mss.,
1217 5661 1265 5706 et
1304 5668 1405 5706 non
1438 5654 1516 5708 iit.

579 5717 605 5758 ι¹
645 5722 764 5794 Duo
792 5735 960 5794 mss.,.
978 5731 1034 5776 ut
1060 5732 1342 5794 anteponat
1380 5721 1956 5794 voluptatemutilitttti.

495 5802 504 5862 ξ
572 5804 596 5831 ⁸
634 5789 1034 5864 Codex.Vall.,
1065 5811 1126 5851 ne
1152 5789 1249 5851 hoc
1274 5795 1468 5865 faciant
1495 5789 1812 5853 adulatores.

2216 3243 2391 3300 Unum
2427 3254 2608 3298 tamen
2646 3257 2785 3314 opus
2815 3241 2948 3298 dicit
2969 3241 3146 3298 Patris
3169 3255 3225 3299 et.
3251 3241 3411 3309 Filii;
3437 3243 3564 3313 quia
3585 3252 3638 3298 et
3659 3241 3793 3298 Chri-

2212 3346 2354 3392 stum
2376 3336 2510 3393 dicit
2530 3336 2880 3401 conﬁrmare,
2900 3336 3157 3392 etDeum.
3181 3335 3354 3405 Quem
3368 3336 3515 3390 enim
3535 3335 3791 3392 conﬁrmat

2210 3429 2403 3498 Filius,
2434 3432 2724 3487 continuat
2763 3439 2820 3486 et
2848 3430 3042 3486 Pater:
3072 3438 3127 3486 et
3152 3445 3276 3486 cum
3303 3429 3397 3485 dat
3423 3428 3683 3500 Spiritum
3707 3425 3790 3482 Pa-

2211 3535 2318 3592 ter,
2351 3525 2444 3580 dat
2487 3532 2544 3581 et
2572 3523 2775 3592 Filius;
2815 3525 2942 3596 quia
2971 3524 3258 3597 utriusque
3288 3534 3372 3580 est
3404 3522 3641 3597 Spiritus
3679 3521 3790 3578 San-

2209 3628 2353 3688 ctus,
2377 3620 2522 3677 sicut
2543 3620 2679 3676 dicit
2699 3619 2769 3676 ad
2793 3619 3076 3677 Romanos
3103 3638 3116 3675 :
3143 3620 3206 3677 Si
3231 3620 3349 3691 quis
3370 3628 3542 3675 autent
3559 3619 3791 3692 Spiritum

2211 3716 2405 3772 Christi
2424 3733 2530 3771 non
2556 3717 2727 3785 habet,
2753 3715 2839 3772 hic
2861 3734 2964 3773 non
2985 3727 3058 3774 est
3079 3718 3190 3790 ejus
3209 3715 3392 3790 (Rom.
3421 3733 3540 3784 vni,
3562 3717 3642 3784 9).
3672 3715 3790 3785 Quo-

2211 3810 2360 3865 niam
2397 3824 2532 3882 ergo
2572 3809 2642 3866 de
2672 3809 3012 3882 porreetione
3054 3809 3294 3866 hominis
3322 3810 3542 3867 locutus
3568 3816 3669 3879 est,
3696 3807 3790 3864 Trio

2211 3903 2397 3960 uitatis
2463 3904 2568 3960 hoc
2622 3904 2744 3960 loco
2815 3904 2947 3961 fecit
3000 3905 3379 3972 mentionem;
3433 3903 3612 3960 omnis
3665 3899 3784 3960 enim

2209 4012 2424 4054 summa
2456 3996 2810 4068 perfectionis
2839 3998 2895 4054 in
2918 3997 3186 4054 Trinitate
3216 3997 3492 4055 consistit.

2285 4089 2400 4162 Ego
2445 4105 2564 4146 vero
2610 4100 2788 4146 testem
2832 4090 2999 4146 Deum
3048 4092 3228 4147 invoco
3271 4093 3326 4147 in
3367 4093 3594 4147 animam
3630 4106 3783 4156 nteant,

2209 4184 2350 4256 quod
2396 4201 2616 4258 parcens
2655 4185 2828 4255 vobis,
2876 4185 3110 4242 nondum
3149 4185 3265 4240 veni
3299 4184 3622 4242 Corinthum.
3663 4185 3786 4242 Nunc

2210 4278 2525 4336 manifestat
2563 4294 2668 4351 qua
2707 4294 2908 4348 causa,
2953 4294 3077 4336 cum
3125 4280 3391 4336 voluisset
3438 4281 3521 4338 ire
3562 4280 3630 4338 ad
3662 4278 3783 4342 illos,

2211 4375 2473 4443 distulit;
2532 4387 2592 4432 ut
2637 4384 2766 4432 tunc
2815 4375 2940 4444 iret,
2991 4375 3211 4448 quando
3250 4374 3364 4448 jam
3416 4391 3587 4449 prope
3629 4385 3787 4434 omnes

2211 4471 2532 4528 emendatos
2578 4471 2872 4528 inveniret.
2928 4470 3027 4528 llis
3065 4470 3210 4527 enim
3254 4485 3406 4526 nunc
3434 4471 3684 4544 loquitur,
3714 4465 3783 4539 qui

2131 4560 2186 4622 D
2213 4564 2538 4621 videbantur
2557 4579 2619 4621 se
2639 4565 2781 4621 velle
2803 4563 3103 4636 corrigere,
3126 4563 3221 4621 sed
3238 4579 3462 4636 operam
3481 4581 3589 4621 non
3601 4563 3783 4627 dabant,

2207 4671 2268 4717 ut
2301 4660 2408 4717 hoc
2440 4662 2766 4731 implerent.
2791 4661 2930 4729 Quia
2959 4675 3092 4732 ergo
3129 4659 3412 4731 corripere
3444 4661 3569 4718 illos
3597 4671 3784 4718 necesse

2209 4764 2349 4822 erat,
2379 4765 2404 4804 ες
2447 4757 2552 4813 iter
2579 4771 2737 4812 suum
2770 4756 2824 4811 in
2855 4755 2994 4811 alios
3023 4756 3334 4821 convertit;
3377 4771 3449 4812 ne
3477 4755 3781 4813 contristaret

2209 4850 2437 4918 multos,
2477 4857 2533 4907 et
2558 4849 2662 4906 hoc
2699 4849 2801 4906 fuit
2828 4849 2937 4905 illis
2979 4865 3227 4921 parcere.
3266 4850 3426 4918 Quod
3459 4861 3517 4907 ut
3547 4848 3777 4908 ruentibus

2210 4961 2399 5001 eorum
2444 4944 2817 5013 commendet,
2855 4945 3022 5000 Deum
3065 4952 3263 5017 testem
3299 4945 3425 5012 dat;
3460 4961 3527 5002 ne
3571 4947 3778 5017 putarent

2213 5054 2276 5096 se
2299 5038 2553 5110 indignos
2580 5054 2727 5105 esse,
2750 5047 2804 5095 et
2835 5037 3114 5095 contemni
3135 5038 3204 5095 ab
3225 5037 3354 5094 illo:
3385 5053 3493 5110 quo
3517 5043 3772 5109 comperto,

2215 5145 2274 5190 ut
2298 5139 2643 5205 praesentiam
2668 5133 2788 5204 ejus
2817 5145 3184 5201 mererentur,
3208 5134 3566 5192 emendarent
3591 5148 3662 5190 se.

2289 5227 2413 5284 Non
2455 5227 2595 5301 quod
2633 5227 2958 5283 dominemur
3001 5228 3129 5298 ﬁdei
3172 5237 3375 5296 vestrm,
3435 5227 3525 5284 sed
3551 5227 3772 5297 adiutores

2290 5362 2311 5404 τ
2352 5363 2609 5420 Nonnulli
2633 5379 2767 5421 mss.
2800 5373 2966 5435 atque
2995 5362 3222 5420 Amerb.
3252 5361 3310 5420 in
3340 5377 3496 5435 corp.
3523 5371 3576 5419 et
3601 5357 3710 5418 ειη.
3729 5355 3769 5411 in

2214 5451 2414 5513 marg.,
2444 5453 2551 5492 esse
2562 5437 2874 5513 discuntur.
3034 5506 3068 5513 __
3336 5507 3348 5513 _
3378 5508 3390 5513 _
3403 5509 3434 5513 __
3701 5502 3724 5513 ν,

2289 5506 2479 5564 ε’νει.
2511 5508 2644 5564 edit.
2693 5524 2758 5564 ac
2810 5523 2942 5563 mss.
3002 5506 3231 5577 aliquot,
3279 5507 3348 5562 ad
3373 5508 3492 5563 illos
3529 5506 3769 5577 convertit;

2215 5582 2351 5638 Rom
2380 5581 2537 5647 edit.,
2577 5581 2640 5635 ab
2683 5581 2789 5636 illis
2827 5571 3237 5651 divertitfmss.
3298 5594 3433 5636 vero
3478 5576 3691 5651 plurimi,
3713 5571 3767 5627 ad

2213 5655 2348 5708 alios
2370 5654 2635 5707 convertit.
2667 5655 2738 5708 At
2761 5653 2924 5712 infra,
2958 5649 3049 5706 ubi
3075 5666 3266 5707 omnes
3289 5651 3422 5708 edit.
3452 5649 3514 5718 ac
3541 5665 3658 5705 mss.
3681 5657 3769 5718 ma;

2212 5704 2341 5852 5.3;
2368 5704 2634 5794 satias;
2651 5704 2708 5783 ἑὲ
2722 5704 3131 5796 natamus,
3171 5704 3356 5782 eoae;
3364 5704 3554 5782 eos;
3559 5704 3699 5792 legit,
3726 5704 3770 5769 si

2253 5813 2305 5852 ια
2310 5811 2400 5852 nos
2431 5811 2558 5852 εηεε

2253 5811 2400 5866 tgnos
2431 5811 2558 5854 esse.
