3978 6310
122 306 221 363 231

881 302 1376 362 COMMENTARIA
1418 303 1484 362 IN
1524 303 1746 364 EPIST.
1787 307 1880 364 AD
1918 305 2244 364 CORINTII.
2285 306 2684 366 SECUNDAM.

3321 310 3428 368 289

121 439 298 480 sumus
322 426 508 496 gaudii
531 427 681 482 uestri
700 442 720 491 ;
749 432 775 462 ⁸
803 423 906 494 ﬁde
925 423 1060 478 enim
1085 422 1252 480 statis.
1284 422 1553 492 Quoniam
1586 424 1722 482 ﬁdes
1749 431 1803 496 Α
1825 424 1946 479 tiori
1971 423 2185 479 tristitia
2221 424 2578 493 absorbeatur,
2611 427 2701 499 qui
2731 428 2987 500 ejusmodi
3026 438 3118 484 est.
3159 437 3181 467 ο
3213 427 3433 484 Afflicto

123 534 231 574 non
262 520 636 584 necessitatis,
666 518 761 575 sed
791 517 1082 575 voluntatis
1110 532 1199 574 res
1228 527 1311 574 est
1336 558 1351 582 ,
1385 516 1508 574 ideo
1541 516 1674 574 dicit
1702 536 1716 574 :

124 611 247 668 Non
291 614 435 683 quod
461 614 789 668 dominemur
821 612 943 684 fidei
979 621 1195 679 vestrm;
1228 611 1538 668 dominatus
1571 612 1716 668 enim

117 705 470 762 necessitatis
505 721 668 762 causa
709 715 810 762 est.
844 706 951 763 Sed
991 707 1255 780 adjutores
1280 722 1482 774 sumus,
1515 706 1713 778 inquit,

116 797 302 870 gaudii
315 798 468 853 vestri
482 814 502 858 ς
517 797 620 854 hoc
641 809 744 866 est,
768 798 890 872 quia
914 800 1056 856 sicut
1075 800 1126 854 in
1147 801 1290 855 malo
1312 815 1478 871 opere
1502 801 1716 856 tristitia

115 899 221 957 est,
271 891 346 945 ita
377 901 434 946 et
484 891 540 947 in
579 892 963 950 emendatione
991 891 1270 964 gaudium.
1314 893 1484 962 llujus
1531 893 1716 964 gaudii

111 985 396 1057 adjutores
423 1002 638 1056 sumus,
678 990 882 1060 inquit;
913 989 1039 1060 quia
1081 987 1392 1044 volentibus
1421 988 1504 1044 eis
1529 1003 1718 1044 emen-

110 1079 244 1136 dare
271 1095 358 1148 se,
391 1081 632 1138 otl'erunt
656 1083 1145 1150 commonitiones;
1185 1092 1242 1140 ut
1267 1081 1414 1155 quod
1438 1083 1582 1140 velle
1603 1098 1715 1141 εαξη

111 1184 331 1245 perant,
365 1174 581 1246 possint
610 1177 862 1248 implere.

737 1270 966 1330 CAPUT
1015 1272 1080 1330 II.

176 1363 361 1436 (Vers.
405 1364 483 1436 1.)
509 1363 724 1422 Decrevi
747 1377 918 1422 autem
941 1367 1037 1422 hoc
1057 1368 1203 1438 apud
1233 1383 1334 1434 me,
1357 1384 1420 1424 ne
1445 1367 1635 1423 iterum
1658 1369 1712 1423 in

106 1458 323 1512 tristitia
346 1459 569 1514 venirem
596 1461 665 1514 ad
687 1476 794 1518 ros.
831 1460 1098 1532 Apertum
1121 1471 1204 1516 est
1232 1461 1357 1532 quia
1385 1461 1510 1518 ideo
1537 1461 1714 1518 noluit

106 1550 207 1620 ire,
236 1567 306 1608 ne
335 1552 478 1609 forte
519 1554 823 1626 corripiens
851 1571 1076 1627 paucos,
1109 1556 1310 1612 multos
1336 1557 1709 1624 contristaret,

106 1645 219 1714 ipse
250 1647 420 1701 etiam
461 1648 856 1714 contristatus;
899 1650 1309 1722 compatiuntur
1344 1651 1489 1707 enim
1528 1652 1708 1708 omnia

103 1739 352 1796 membra
373 1741 536 1796 unius
560 1743 806 1799 mmrori.

1821 517 2032 573 homini
2074 517 2282 588 peccati
2332 519 2541 589 proprii
2583 519 2751 575 causa
2796 520 3097 577 subvenire
3151 521 3428 593 praecipit;

1816 611 1944 683 quia
1984 611 2304 682 poenitentia
2330 654 2347 681 ,
2375 613 2421 668 si
2471 612 2539 669 de
2583 628 2714 669 vero
2757 613 2941 670 animo
2971 624 3092 681 est,
3121 612 3226 673 hoc
3251 622 3355 681 est,
3387 612 3434 669 si

1817 715 2106 773 correptus
2146 705 2333 760 statim
2366 705 2422 760 in
2463 705 2648 760 animo
2687 706 2893 774 doleat,
2943 707 3220 778 protinus,
3267 707 3435 762 habet

1816 796 2074 856 fructum.
2109 798 2355 870 Denique
2388 798 2439 854 in
2489 799 2802 872 Regnorum
2837 800 2978 856 libro
3011 801 3264 869 habetur,
3304 798 3432 870 quia

1815 891 2024 959 Achab,
2049 908 2174 948 cum
2193 893 2456 964 arguisset
2476 908 2597 948 eum
2621 891 2910 965 propheta,
2932 904 3236 950 commotus
3250 893 3432 949 animo

1813 988 2000 1043 statim
2037 987 2237 1044 meruit
2277 989 2493 1044 veniam
2541 987 2633 1060 (Ill
2661 988 2790 1058 Reg.
2823 1003 2882 1054 ιι,
2918 987 3038 1058 20).
3069 987 3137 1042 Et
3169 986 3340 1042 David
3374 987 3426 1041 in

1815 1095 1975 1138 causa
2011 1082 2157 1140 Uria:
2189 1083 2401 1140 llethazi
2431 1092 2726 1156 correptus
2755 1084 2880 1155 quia
2926 1085 3185 1155 cognovit
3213 1099 3273 1140 se
3303 1098 3430 1154 pec-

1814 1191 1993 1242 casse,
2041 1177 2301 1234 delictum
2348 1181 2469 1250 ejus
2513 1179 2758 1236 deletum
2789 1191 2874 1234 est
2921 1178 3427 1251 (llReg.xn,15).

1812 1270 1891 1327 lta
1939 1281 1997 1328 et
2041 1270 2339 1342 Apostolus
2367 1272 2561 1342 illum,
2613 1273 2706 1344 qui
2737 1273 3006 1329 incestum
3057 1272 3439 1340 commiserat,

1813 1367 2020 1426 habens
2049 1385 2277 1426 uxorem
2310 1371 2504 1442 patris,
2533 1370 2881 1441 obiurgatum
2909 1378 2964 1424 et
2991 1368 3291 1439 abjectum,
3323 1368 3428 1422 do-

1812 1463 2012 1521 lentem
2043 1464 2493 1536 revocarijubet;
2527 1480 2595 1521 ne
2624 1464 2715 1520 diu
2747 1463 2938 1520 videns
2963 1478 3023 1518 se
3044 1462 3427 1518 contristatum

1811 1558 2020 1629 sperni,
2063 1558 2361 1630 desperans
2385 1559 2454 1616 de
2500 1574 2580 1625 se,
2613 1559 2767 1614 daret
2794 1558 3036 1613 animum
3063 1555 3131 1611 ad
3161 1557 3427 1611 mundum

1809 1653 2126 1721 fruendum,
2169 1655 2326 1726 quasi
2375 1655 2468 1726 qui
2517 1654 2695 1711 locum
2743 1645 2889 1726 apud
2939 1654 3108 1710 Deum
3154 1652 3265 1722 jam
3317 1669 3424 1708 non

1809 1747 2058 1804 haberet.
2104 1749 2217 1804 lloc
2259 1761 2344 1805 est
2407 1752 2552 1805 enim
2616 1749 2809 1820 majori
2855 1749 3078 1804 tristitia
3116 1747 3424 1815 absorberi,

171 1832 353 1906 (Vers.
391 1833 474 1906 ἓ.)
507 1835 567 1891 Si
597 1837 735 1891 enim
758 1853 856 1909 ego
882 1840 1130 1895 contristo
1155 1857 1263 1906 ros,
1292 1850 1339 1894 et
1377 1843 1492 1912 quis
1522 1851 1595 1897 est
1619 1843 1706 1912 qui
1736 1852 1784 1913 Β
1810 1841 2196 1913 desperantem
2227 1842 2296 1897 de
2322 1857 2384 1899 se
2426 1842 2672 1897 converti
2709 1839 2777 1896 ad
2807 1838 3144 1895 admittenda
3172 1847 3421 1909 peccata,

103 1944 178 1984 me
206 1928 458 1999 laetiﬁcet,
477 1931 578 1986 nisi
595 1933 686 2002 qui
707 1933 1042 1989 contristatur
1063 1952 1125 1990 ea:
1141 1936 1256 1990 me?
1274 1935 1383 1992 Hoc
1398 1936 1556 2003 dicit,
1577 1939 1702 2006 quia

101 2033 205 2074 non
225 2019 339 2075 vult
361 2035 458 2076 eos
471 2023 819 2080 contristare:
838 2025 934 2081 sed
952 2028 1076 2095 quia
1097 2029 1338 2098 peccatis
1360 2029 1700 2096 studuerant,

101 2127 322 2169 necesse
335 2125 452 2170 erat
471 2115 594 2171 illos
606 2119 934 2179 contristari.
952 2119 1118 2177 invito
1135 2121 1417 2192 Apostolo;
1436 2123 1505 2178 ita
1521 2133 1700 2180 tamen

101 2216 156 2260 ut
191 2207 261 2263 de
280 2217 481 2265 eastern
510 2209 864 2269 obaudientes
905 2212 1053 2279 facti,
1087 2214 1426 2271 lzetilicarent
1448 2232 1562 2284 eos,
1609 2217 1702 2288 qui

98 2302 695 2360 contristabanturcum
718 2309 824 2374 eis;
844 2317 899 2363 ut
921 2309 1012 2378 qui
1034 2311 1378 2380 corripiendo
1413 2313 1701 2368 contriSta-

97 2410 243 2455 veral
269 2416 386 2468 eos,
409 2401 773 2461 lsetilicaretur
795 2421 862 2461 ex
895 2405 1002 2474 his,
1029 2407 1154 2462 dum
1181 2408 1546 2478 corriguntur.

165 2493 348 2566 (Vers.
381 2495 462 2566 5.)
488 2494 618 2553 Ideo
640 2508 689 2553 et
709 2499 894 2570 scripsi
921 2500 1020 2554 hoc
1049 2503 1219 2572 ipsum
1239 2543 1252 2566 ,
1297 2519 1359 2556 ne
1389 2519 1504 2557 cum
1535 2503 1700 2558 renis-

90 2601 215 2655 sem,
237 2589 521 2657 .tristitiam
550 2592 787 2647 haberent
812 2635 826 2659 ,
859 2611 889 2647 a
917 2594 1102 2665 quibus
1130 2607 1430 2667 oportuerat
1459 2614 1542 2652 me
1569 2615 1700 2671 gau-

90 2678 205 2734 dere
222 2693 458 2737 :certum
486 2683 696 2752 habens,
722 2686 845 2755 quia
869 2701 1035 2740 meum
1057 2688 1308 2757 gaudium
1329 2691 1555 2744 omnium
1588 2706 1699 2744 ces-

89 2782 217 2827 trum
265 2784 362 2830 est.
405 2776 613 2833 Idcirco
655 2777 790 2834 dicit
820 2779 936 2835 hac
965 2796 1025 2836 se
1052 2781 1359 2851 scripsisse,
1407 2793 1463 2838 ut
1506 2791 1694 2854 postea

87 2867 304 2926 veniens
325 2913 342 2936 ,
379 2886 488 2927 non
513 2882 660 2928 esset
689 2873 831 2928 unde
860 2875 1278 2931 contristaretur
1296 2918 1312 2942 ,
1359 2877 1586 2933 sublatis
1618 2881 1696 2936 vi-

89 2965 197 3020 tiis:
222 2966 317 3023 sed
335 2967 603 3038 gauderet
618 2983 741 3023 cum
761 2969 862 3034 eis,
879 2971 1030 3040 quasi
1053 2985 1175 3026 cum
1191 2971 1524 3027 charissimis
1539 2973 1690 3040 filiis;

87 3060 268 3128 utquia
284 3061 353 3116 ab
372 3060 683 3120 infidelibus
699 3063 1140 3121 tribulationibus
1153 3064 1510 3133 afficiebatur,
1527 3068 1594 3122 ab
1608 3067 1694 3123 his

86 3150 260 3221 utique
272 3153 561 3222 gauderet,
586 3156 1057 3226 quicrediderant.
1084 3158 1348 3214 Gaudium
1374 3160 1518 3214 enim
1549 3161 1694 3230 Apo-

1802 1935 1999 2008 quibus
2045 1946 2302 2007 gravatus
2329 1936 2684 1993 absorbeatur
2718 1951 2749 1992 a
2774 1935 3012 1992 secunda
3057 1943 3258 1990 morte.
3296 1932 3424 1989 lla-c

1803 2029 1947 2084 enim
1979 2045 2108 2084 vera
2141 2029 2462 2100 poenitentia
2491 2038 2578 2084 est
2601 2029 2712 2100 jam
2746 2043 2965 2084 cessare
2987 2040 3019 2081 a
3050 2035 3309 2095 peccato;
3340 2024 3422 2081 sic

1801 2122 1947 2178 enim
1977 2123 2169 2192 probat
2191 2122 2378 2178 dolere
2404 2138 2465 2178 se
2490 2122 2618 2190 sibi,
2643 2123 2687 2178 si
2716 2122 2784 2176 de
2809 2132 3008 2176 cmtero
3035 2119 3272 2175 desinat.

1873 2217 2058 2286 (Vers.
2088 2218 2142 2280 8,
2167 2217 2248 2289 9.)
2279 2217 2502 2288 PrOpter
2530 2217 2670 2288 quod
2693 2216 2903 2271 obsecro
2929 2232 3039 2282 vos,
3066 2226 3123 2270 ut
3144 2215 3422 2284 conﬁrme-

1802 2309 1866 2363 tis
1880 2309 1932 2362 in
1956 2307 2106 2362 illum
2131 2307 2436 2362 charitatent
2457 2324 2476 2362 :
2495 2324 2614 2362 nam
2627 2308 2696 2360 ad
2718 2307 2817 2360 hoc
2840 2307 3047 2376 scripsi,
3070 2316 3126 2359 ut
3145 2304 3419 2376 probarent

1799 2419 1867 2456 an
1896 2405 1949 2457 in
1973 2402 2216 2477 omnibus
2247 2401 2535 2456 obedientes
2559 2402 2691 2455 sitis.
2727 2403 2999 2466 Quantum
3026 2399 3184 2453 datur
3214 2397 3420 2453 intelli-

1797 2496 1874 2566 gi;
1902 2495 2223 2551 obedientes
2255 2496 2353 2550 hos
2381 2493 2554 2550 factos
2583 2495 2636 2548 in
2658 2493 2872 2548 caneris
2901 2491 3126 2562 prohat;
3158 2492 3420 2547 emenda-

1799 2598 1992 2646 verant
2021 2588 2164 2645 enim
2197 2605 2317 2658 qua:
2366 2587 2433 2642 ad
2482 2587 2728 2642 ordinem
2771 2584 3204 2642 ecclesiasticum
3249 2585 3419 2654 perti-

1798 2696 1950 2742 nent.
2000 2685 2154 2742 Unde
2181 2685 2345 2741 etiam
2383 2683 2436 2738 in
2471 2682 2573 2737 hoc
2602 2681 2718 2737 vult
2764 2681 2890 2737 illos
2919 2695 3042 2736 esse
3069 2679 3412 2748 obedientes,

1798 2788 1857 2834 ut
1887 2779 2214 2834 confirment
2243 2777 2467 2832 fratrem
2500 2776 2552 2830 in
2575 2774 2862 2841 charitate,
2897 2773 3257 2845 suscipientes
3285 2788 3410 2829 eum

1796 2871 1850 2927 in
1881 2871 2350 2928 communionem.

1869 2969 2058 3039 (Vers.
2103 2965 2223 3040 10.)
2278 2965 2341 3022 Si
2393 2965 2478 3020 cui
2515 2976 2690 3020 autem
2730 2964 2856 3036 quid
2898 2963 3153 3026 donastis,
3198 2971 3246 3016 et
3289 2979 3405 3033 ego.

1795 3061 2137 3118 Manifestum
2170 3069 2254 3116 est
2282 3061 2408 3132 quia
2429 3059 2747 3132 quodjubet
2776 3057 2913 3123 fieri,
2948 3056 3065 3127 ipse
3089 3057 3250 3112 facit:
3303 3073 3407 3114 nec

1798 3166 1978 3228 potest
2005 3156 2110 3212 hoc
2155 3156 2421 3222 abnuere,
2463 3153 2608 3226 quod
2652 3155 2814 3210 etiam
2844 3152 3142 3209 obsecrans
3172 3161 3230 3207 ut
3267 3153 3360 3208 fiat
3389 3196 3405 3219 ,

85 3246 202 3300 stoli
226 3249 536 3317 purificatio
550 3259 635 3306 est
659 3252 874 3322 populi;
900 3253 1024 3308 ideo
1045 3255 1188 3308 enim
1208 3254 1428 3324 gaudet,
1453 3256 1575 3324 quia
1605 3255 1687 3310 vi-
1715 3257 1760 3320 C
1793 3251 2018 3317 scribit;
2051 3266 2178 3307 cum
2205 3250 2432 3306 haberet
2456 3257 2780 3320 potestatem
2805 3247 3053 3316 jubendi.
3080 3247 3188 3304 Sed
3217 3248 3270 3303 in
3300 3247 3411 3318 pri-

85 3347 346 3414 tuperatio
371 3361 481 3401 non
521 3348 679 3402 estin
704 3351 806 3412 eis,
834 3364 972 3420 quos
997 3349 1159 3404 simul
1183 3359 1399 3421 oportet
1427 3351 1684 3422 gaudere.

146 3440 326 3512 (ἵει-ε.
355 3441 441 3513 4.)
468 3441 607 3498 Nam
627 3460 688 3498 ex
716 3446 874 3499 ntulta
898 3462 1141 3515 pressura
1169 3457 1217 3501 et
1247 3448 1489 3518 angustia
1515 3448 1687 3501 cordis

77 3536 257 3606 scripsi
276 3537 423 3592 vobis
453 3554 544 3607 per
569 3539 756 3593 multas
778 3540 1055 3612 lacrgmas,
1089 3558 1188 3594 non
1200 3551 1255 3596 ut
1284 3543 1680 3609 contristentini,

77 3628 162 3682 sed
181 3640 237 3683 ut
261 3630 587 3703 cognoscatis
606 3647 760 3702 quant
780 3630 1082 3685 charitatem
1105 3632 1317 3686 habeant
1337 3632 1684 3689 abundantius

75 3723 126 3776 in
150 3723 306 3778 vobis.
345 3724 693 3781 Manifestum
715 3736 799 3782 est
820 3728 945 3798 quia
969 3727 1188 3798 quando
1211 3728 1314 3783 hoc
1341 3727 1536 3782 affectu
1561 3729 1683 3798 quis

77 3815 304 3884 aliquem
334 3815 363 3856 δ
397 3819 651 3889 corripit,
696 3829 753 3875 ut
781 3821 900 3891 plus
929 3821 1022 3875 illo
1050 3821 1234 3876 doleat
1263 3820 1500 3890 peccatis
1529 3823 1677 3889 ejus;

79 3923 179 3962 non
205 3909 400 3982 utique
423 3919 482 3966 ut
504 3911 656 3966 illum
679 3913 987 3975 contristet,
1008 3912 1270 3982 corripit:
1299 3912 1394 3968 sed
1411 3921 1468 3966 ut
1488 3924 1678 3968 osten-

74 4001 161 4058 dat
194 4005 312 4072 illi,
342 4021 455 4075 quo
505 4021 693 4062 amore
719 4005 906 4078 diligat
935 4023 1082 4061 cum.
1114 4007 1215 4073 Qui
1247 4007 1391 4061 enim
1425 4021 1532 4061 non
1574 4006 1678 4063 hoc

72 4095 258 4152 affectu
303 4099 556 4170 corripit,
607 4097 830 4155 fratrem
862 4101 1187 4165 contristat;
1239 4098 1464 4154 insultat
1504 4099 1674 4167 enim,

72 4191 156 4259 qui
184 4205 294 4246 non
325 4190 586 4248 condolet
611 4193 790 4248 fratri.

135 4281 315 4353 (Vers.
343 4283 428 4355 5.)
465 4283 624 4358 174
647 4285 707 4340 Si
738 4285 856 4354 quis
901 4296 1074 4340 autem
1101 4285 1425 4339 contristabit
1446 4301 1548 4353 me,
1572 4302 1674 4340 non

69 4390 144 4428 me
162 4376 509 4445 contristabit,
530 4378 620 4431 sed
636 4393 703 4432 ea:
725 4386 872 4446 parte
894 4393 913 4443 ;
940 4387 997 4430 ut
1018 4393 1120 4430 non
1139 4393 1344 4431 onerem
1365 4394 1454 4432 vos
1472 4395 1670 4434 omnes.

68 4465 264 4526 Omnes
293 4470 402 4526 hos
423 4485 561 4542 quos
594 4470 682 4527 hic
713 4471 848 4526 dicit
875 4488 940 4525 ex
963 4482 1131 4542 parte,
1161 4473 1336 4527 Sancti
1367 4482 1491 4527 sunt
1511 4489 1526 4537 ;
1549 4473 1671 4528 duce

68 4561 205 4614 enim
235 4572 424 4631 partes
469 4565 522 4617 in
569 4563 770 4634 populo
795 4572 944 4628 sunt,
977 4563 1118 4618 sicut
1158 4561 1210 4617 in
1241 4563 1414 4633 prima
1441 4565 1670 4634 epistola

1790 3362 1875 3402 ma
1902 3346 2136 3418 epistola
2164 3360 2329 3416 grave
2355 3344 2473 3416 ejus
2501 3343 2695 3399 detulit
2722 3343 2958 3409 crimen,
2987 3339 3012 3378 ά
3038 3350 3096 3395 ut
3119 3342 3407 3397 horrerent

1789 3440 1942 3495 illum
1993 3454 2224 3494 omnes:
2260 3455 2402 3494 nunc
2447 3454 2572 3493 cum
2606 3437 2770 3507 recipi
2826 3437 2978 3491 illum
3005 3437 3140 3500 vult,
3190 3447 3404 3492 oratne

1786 3534 1966 3589 adhuc
1996 3533 2316 3588 exulcerato
2353 3533 2537 3587 animo
2568 3532 2830 3586 adversus
2860 3530 3039 3594 illum,
3069 3529 3264 3584 durum
3300 3531 3405 3586 illis

1784 3637 1935 3683 esset
1973 3626 2174 3682 habere
2213 3642 2336 3681 cum
2375 3626 2469 3680 illo
2507 3627 2950 3680 communionem
2984 3623 3264 3677 Ecclesiae.
3294 3621 3402 3678 Nc-

1783 3739 1890 3795 que
1931 3724 2078 3779 enim
2111 3732 2258 3777 tanta
2290 3722 2344 3776 in
2386 3721 2464 3777 eis
2491 3730 2629 3784 erat,
2656 3731 2856 3791 quanta
2892 3721 2942 3774 in
2973 3717 3239 3788 Apostulo
3272 3734 3398 3787 pro-

1783 3817 2058 3882 videntia;
2120 3826 2177 3870 ut
2226 3815 2406 3871 statim
2463 3815 2830 3885 iuta-lugerent
2879 3811 3185 3868 faciendum
3238 3827 3396 3879 esse,

1781 3912 1925 3982 quod
1950 3911 2168 3967 dicebat
2210 3909 2504 3980 Apostolus
2555 3908 2606 3962 in
2663 3923 2826 3962 causa
2853 3907 3012 3978 hujus
3067 3907 3398 3961 dumtaxat:

1782 4006 1904 4062 ideo
1961 4005 2213 4061 obsecrat
2267 4013 2325 4059 ut
2373 4003 2649 4058 dimittant
2698 4002 2809 4069 illi,
2864 4002 3175 4073 significans
3229 4001 3398 4056 Deum

1781 4096 1855 4153 illi
1918 4099 2234 4169 ignovisse;
2285 4096 2410 4167 quia
2450 4095 2582 4149 nihil
2637 4094 2756 4149 sine
2806 4094 2896 4149 Dei
2947 4093 3154 4164 Spiritu
3207 4093 3403 4163 agebat

1777 4191 2096 4262 Apostolus.
2129 4188 2338 4244 Etenim
2367 4204 2458 4260 ego
2486 4188 2624 4258 quod
2651 4188 2876 4254 donavi,
2931 4190 2976 4240 si
3001 4185 3126 4256 quid
3177 4185 3396 4251 donavi,

1779 4293 1990 4355 propter
2015 4299 2103 4337 vos
2123 4282 2310 4336 donavi
2341 4281 2396 4334 in
2421 4296 2642 4350 persona
2654 4276 3020 4346 Citristi.;lloc
3043 4277 3193 4333 dicto
3213 4287 3402 4347 gravat

1778 4377 1932 4442 illos;
1957 4376 2082 4448 quia
2111 4375 2157 4429 si
2182 4373 2442 4445 magister
2470 4375 2778 4444 petentibus
2821 4373 3107 4442 discipulis
3155 4372 3399 4438 donavit,

1775 4470 1860 4525 cui
1927 4469 2262 4533 voluerunt,
2335 4478 2659 4538 peccatum;
2721 4476 2925 4538 quanto
3002 4466 3172 4537 magis
3226 4467 3400 4522 obau-

1775 4562 1893 4618 dire
1937 4561 2139 4618 debent
2177 4561 2432 4633 discipuli
2464 4560 2768 4632 magistro?
2800 4560 2868 4614 Et
2898 4569 2954 4615 ut
2985 4570 3160 4615 ratum
3209 4558 3283 4627 ei,
3315 4560 3400 4615 cui

67 4655 384 4710 memoravi.
439 4654 504 4711 Hi
532 4670 664 4726 ergo
696 4671 761 4711 ex
813 4667 966 4726 parte
991 4665 1304 4712 sanctorum
1345 4667 1494 4724 sunt,
1542 4655 2038 4727 quostonavit,
2081 4654 2402 4711 ostenderet
2451 4655 2593 4725 apud
2644 4655 2856 4721 Deum,
2918 4654 2997 4708 ait
3061 4653 3114 4708 in
3168 4668 3400 4724 persona

67 4749 420 4805 contristatos
441 4749 495 4804 in
511 4765 700 4806 errore
727 4749 912 4805 fratris
931 4749 1222 4821 significat,
1245 4750 1386 4805 sicut
1403 4760 1456 4806 et
1472 4761 1674 4807 semet-

65 4839 260 4910 ipsum.
309 4841 427 4898 Hoc
453 4851 637 4898 autem
667 4843 881 4909 dicens,
931 4845 1177 4898 oneravit
1221 4851 1560 4914 peccantem,
1585 4845 1673 4901 vel

65 4947 183 4988 eum
211 4935 302 5004 qui
336 4943 676 5005 peccaverat.
706 4933 835 4990 Plus
860 4935 1006 4990 enim
1036 4934 1098 4989 fit
1125 4950 1270 5000 reus,
1305 4934 1358 4989 in
1389 4934 1547 5006 cujus
1575 4936 1674 4992 de-

66 5023 190 5081 licto
223 5027 381 5082 multi
429 5027 798 5082 tribulantur:
831 5041 895 5082 ac
935 5041 1035 5096 per
1063 5025 1166 5081 hoc
1205 5026 1420 5096 inquit:

131 5118 313 5189 (Vers.
339 5119 394 5184 6,
425 5118 665 5190 7.)Satis
686 5127 758 5173 est
777 5120 825 5174 ei
853 5119 941 5188 qui
964 5120 1080 5174 talis
1102 5128 1198 5186 est,
1218 5119 1508 5191 objurgatio
1535 5118 1668 5187 haec,

62 5224 169 5277 qua:
179 5211 238 5280 ﬁt
249 5225 282 5265 a
296 5211 554 5282 pluribus.
583 5211 832 5282 Magnum
846 5210 1093 5266 dolorem
1108 5213 1293 5282 utique
1307 5212 1564 5280 patietur,
1580 5211 1672 5283 qui

1779 4751 1984 4807 Christi
2007 4766 2066 4808 se
2095 4751 2352 4818 donasse,
2408 4750 2552 4821 quod
2581 4749 2840 4806 donavit:
2876 4749 2981 4805 hoc
3029 4759 3136 4815 est,
3174 4759 3400 4819 accepto

1781 4844 1976 4900 tulisse
2003 4844 2304 4910 Christum,
2335 4842 2495 4912 cujus
2521 4842 2794 4911 legatione
2817 4841 3178 4913 fungebatur;
3203 4852 3262 4897 ut
3288 4839 3399 4898 fac-

1780 4947 1894 4993 tum
1941 4937 2214 5008 Apostoli,
2265 4937 2465 4991 factum
2499 4935 2570 4989 sit
2599 4933 2827 4999 Christi,
2858 4936 3000 4990 sicut
3031 4934 3206 4989 dixit:
3241 4933 3397 5001 Quie-

1780 5047 1996 5102 cumque
2012 5031 2262 5086 solveritis
2284 5047 2440 5100 super
2467 5040 2679 5093 terram,
2713 5039 2861 5084 erunt
2887 5030 3057 5085 soluta
3083 5039 3130 5084 et
3177 5029 3232 5082 in
3261 5029 3390 5082 ctefo

1781 5123 2000 5196 (Matth.
2030 5123 2328 5194 xvm,18).
2372 5122 2430 5178 Si
2479 5138 2612 5193 ergo
2649 5122 2775 5177 huic
2816 5138 2914 5193 pro
2963 5137 3073 5191 quo
3120 5121 3394 5190 petierunt

1775 5233 1876 5291 per
1903 5217 2226 5290 Apostolum
2249 5217 2502 5272 Christus
2527 5217 2754 5287 ignovit,
2792 5226 2815 5252 ο
2835 5222 3043 5286 quanto
3072 5211 3394 5283 magishuic

61 5300 318 5358 delictum
349 5319 505 5360 suum
525 5303 672 5359 videt
702 5303 949 5374 pluribus
974 5303 1220 5360 horrere.
1246 5303 1335 5358 Ita
1361 5315 1418 5360 ut
1435 5323 1462 5361 e
1489 5318 1669 5364 contra
1768 5313 1879 5384 jam
1907 5314 2146 5384 ignotum
2170 5321 2325 5380 erat,
2348 5311 2437 5366 cui
2465 5320 2522 5365 ut
2542 5310 2748 5366 donent
2770 5309 2888 5378 ipse
2913 5307 3076 5362 etiam
3103 5306 3395 5363 hortatur?

61 5395 219 5465 magis
259 5396 485 5464 donatis,
529 5406 576 5452 et
607 5398 978 5466 consolemini;
1009 5413 1074 5453 ne
1109 5402 1368 5468 quomodo
1394 5401 1668 5458 abundan-

133 5590 158 5617 α
198 5580 302 5635 Ms.
332 5580 526 5649 Corb.,
552 5584 655 5652 fide
680 5586 818 5640 enim
837 5586 1006 5641 statis.
1042 5587 1148 5641 Sed
1171 5589 1430 5641 voluntate
1451 5585 1562 5642 Deo
1582 5604 1663 5642 re-

59 5651 168 5704 sisti
185 5654 336 5725 dicit,
365 5670 465 5725 non
492 5651 629 5725 quod
651 5657 995 5725 dominemur,
1028 5668 1133 5714 etc.
1165 5658 1259 5714 Est
1288 5658 1450 5714 etiam
1471 5659 1558 5715 hic
1586 5659 1663 5716 la-

65 5736 198 5777 cuna
225 5723 279 5778 iu
314 5723 513 5780 codice
531 5726 717 5782 Carn..
982 5723 987 5725 ⁷
1024 5773 1029 5778 .

131 5790 158 5830 ι’
197 5795 338 5850 Cod.
363 5797 558 5876 Corb.,
587 5801 820 5872 corripit,
854 5801 1078 5860 ostendit
1108 5802 1184 5858 illi
1210 5818 1309 5876 quo
1337 5818 1512 5859 amore
1534 5803 1659 5860 dili-

66 5875 148 5933 gat
174 5882 312 5924 eum.
353 5861 459 5935 Qui
481 5869 631 5939 enim,
659 5861 760 5929 etc.

1843 5407 2028 5479 (Vers.
2063 5403 2181 5477 11.)
2237 5405 2317 5461 Ne
2346 5407 2702 5478 possideamur
2754 5425 2785 5460 a
2829 5412 3047 5468 satana;
3102 5418 3204 5457 non
3251 5403 3386 5458 enim

1843 5599 1864 5626 ε
1905 5589 2035 5645 Mss.
2075 5589 2304 5658 aliquot,
2336 5589 2537 5656 afﬂicto
2568 5591 2708 5643 omni
2737 5589 2937 5656 proprii
2975 5591 3174 5657 peccati
3201 5607 3381 5648 causa.

1839 5658 1868 5699 ά
1906 5660 2090 5717 Codex
2122 5661 2317 5726 Laud.,
2349 5671 2402 5714 ut
2430 5663 2698 5714 horrerent
2727 5658 2878 5713 illud.

1840 5736 1863 5762 θ
1906 5735 2036 5809 Mss.
2067 5732 2259 5809 Corb.,
2285 5742 2481 5809 quanto
2509 5733 2672 5801 magis
2703 5730 2846 5802 huic,
2881 5747 2976 5802 pro
3019 5751 3124 5807 quo
3161 5737 3379 5809 petierat

1767 5805 2068 5877 Apostolus,
2091 5803 2176 5861 cui
2198 5813 2253 5860 ut
2277 5804 2502 5877 donent,
2529 5812 2634 5858 etc.
