3978 6310
630 302 737 359 287

1550 307 1643 363 AD
1677 257 1909 364 Ol’ERA
1949 306 2197 365 SANCTI
2233 303 2566 367 AMBROSII
2605 308 2976 368 APPENDIX.

3767 322 3839 375 383

624 417 806 488 paruit
839 420 1036 476 veritas
1072 433 1298 478 manens
1323 435 1579 494 semper;
1612 433 1672 479 ut
1700 432 1962 495 quantum
1995 424 2223 480 interest
2248 426 2302 488 Α
2402 427 2559 499 178
2587 425 2770 499 (Vers.
2806 427 2921 501 15.)
2969 426 3076 484 Sed
3105 443 3266 499 usque
3318 429 3371 483 in
3414 429 3695 486 hodiernum
3728 435 3840 505 diem,

623 510 769 566 inter
801 512 1092 582 imaginem
1123 522 1179 570 et
1208 516 1519 583 veritatem,
1568 525 1777 573 tantum
1833 518 2051 574 intersit
2081 519 2224 575 inter

623 601 850 674 gloriam
878 605 1060 660 vultus
1101 605 1292 680 Moysi,
1321 617 1377 664 et
1402 608 1634 679 gloriam
1660 608 1885 667 Christi.
1909 611 2036 668 Ideo
2062 626 2224 682 supra

623 696 1056 772 dixit:Pr0pter
1106 702 1436 758 excellentem
1463 704 1705 778 gloriam.
1739 703 1834 759 llla
1879 706 2024 760 enim
2077 715 2223 762 tanta

623 799 738 844 erat
788 790 986 862 gloria,
1036 804 1237 864 quanta
1289 794 1480 850 debuit
1519 796 1667 852 credi
1719 811 1878 852 servo
1911 795 2065 852 :hrce
2096 811 2226 852 vero

627 889 799 947 tanta,
832 893 1032 953 quanta
1057 896 1141 940 est
1157 887 1423 957 genitoris
1450 887 1568 958 ejus
1593 905 1606 954 ;
1637 889 1762 960 quia
1792 886 2048 944 Dominus
2073 887 2226 944 Iesus

623 973 859 1033 Christus
885 978 939 1032 in
961 980 1132 1050 gloria
1151 990 1226 1035 est
1243 979 1342 1038 Dei
1373 982 1552 1038 Patris
1573 983 1798 1057 (Philip.
1819 1002 1880 1052 tt,
1909 987 2024 1058 11).
2053 995 2078 1024 ο
2107 986 2225 1044 Sic-

624 1077 684 1124 ut
712 1072 859 1126 enim
891 1088 1119 1143 vespere
1159 1076 1334 1132 stellae
1385 1077 1638 1148 gloriosa:
1669 1090 1835 1147 sunt,
1869 1081 2083 1137 oriente
2130 1096 2226 1136 au-

623 1169 735 1219 tem
789 1166 909 1223 sole
965 1180 1260 1225 evacuatur
1311 1188 1498 1229 earum
1549 1174 1920 1244 elaritas;ita
1970 1185 2026 1232 et
2053 1176 2226 1248 Moysi

623 1255 801 1326 gloria
823 1269 1142 1330 evacuatur,
1170 1275 1468 1334 apparente
1493 1265 1664 1337 gloria
1695 1267 1921 1324 Christi.

697 1351 879 1422 (Vers.
911 1353 1028 1426 12.)
1060 1353 1326 1414 Habentes
1350 1360 1510 1432 igitur
1537 1362 1692 1415 talem
1733 1378 1897 1434 spem,
1947 1363 2113 1417 multa
2163 1364 2226 1432 [i-

621 1445 780 1500 ducia
802 1457 1030 1504 utamur.
1045 1450 1208 1521 Spem
1230 1451 1434 1510 habere
1459 1469 1558 1510 nos
1581 1455 1714 1510 dicit
1731 1455 1947 1511 videndi
1970 1457 2222 1528 gloriam,

620 1554 727 1595 non
754 1542 916 1598 talem
949 1545 1129 1616 qualis
1155 1545 1257 1602 fuit
1289 1548 1342 1604 in
1370 1549 1523 1604 vultu
1549 1550 1718 1622 Moysi
1747 1568 1758 1605 :
1787 1552 1881 1606 sed
1910 1567 2032 1607 eam
2060 1568 2223 1622 quam

623 1632 874 1691 viderunt
897 1645 1008 1693 tres
1027 1641 1260 1709 apostoli
1288 1641 1342 1697 in
1369 1652 1575 1710 monte,
1605 1645 1884 1700 revelante
1911 1660 1970 1700 se
1997 1646 2225 1702 Domino

620 1727 840 1801 (Matth.
899 1747 1030 1800 xvu,
1081 1735 1164 1806 2).
1208 1736 1346 1793 llinc
1394 1738 1559 1809 igitur
1614 1739 1891 1810 conjicere
1939 1740 2220 1808 debemus,

617 1835 879 1894 quantum
903 1829 1061 1886 nobis
1082 1832 1379 1888 contulerit
1403 1834 1586 1890 divina
1608 1835 2226 1906 clementia,quantum-

618 1933 726 1990 que
758 1937 856 1976 nos
904 1925 1204 1994 superioris
1234 1928 1423 1997 gratiae
1463 1928 1608 1983 dono
1657 1929 1841 1985 ditare
1869 1929 2088 2002 dignata
2117 1940 2220 2001 est,

617 2029 779 2086 quam
803 2017 1029 2074 dederat
1050 2020 1277 2078 Judaeis.
1311 2023 1485 2079 Judaei
1516 2026 1687 2093 enim,
1714 2040 1835 2082 cum
1865 2025 2049 2082 minor
2077 2035 2224 2082 esset

616 2107 793 2179 gloria
822 2111 1002 2168 vultus
1050 2114 1246 2188 Moysi,
1271 2131 1394 2173 eam
1451 2118 1726 2188 speculari
1777 2134 1886 2175 non
1932 2128 2220 2190 poterant:

617 2216 719 2257 nos
751 2219 883 2262 vero
931 2222 1036 2264 non
1065 2209 1234 2283 Moysi
1263 2212 1520 2283 gloriam,
1551 2229 1673 2284 qua:
1705 2213 1929 2270 inferior
1985 2225 2092 2282 est,
2123 2214 2223 2272 sed

619 2297 981 2355 excellentem
1031 2302 1330 2361 Salvatoris
1370 2309 1601 2379 gloriam
1655 2309 1874 2365 visuros
1911 2325 2011 2365 nos
2048 2311 2224 2366 credi-

617 2405 756 2448 mus.
790 2392 970 2450 Judaei
1000 2413 1132 2470 ergo
1176 2402 1322 2456 servi
1358 2403 1589 2474 gloriam
1635 2419 1747 2461 non
1793 2418 2112 2463 meruerunt
2151 2409 2225 2463 vi-

615 2482 780 2541 dere:
814 2502 913 2543 nos
958 2501 1138 2546 autem
1173 2493 1387 2550 Domini
1431 2498 1740 2554 communis
1769 2499 2000 2570 gloriam
2033 2517 2223 2557 sumus

615 2578 807 2634 visuri.
843 2580 1080 2655 Ideoque
1128 2596 1184 2642 et
1213 2603 1314 2644 nos
1362 2590 1536 2646 vicem
1570 2592 1822 2660 reddere,
1875 2595 1928 2649 in
1961 2605 2221 2666 quantum

617 2685 930 2744 possumus,
961 2677 1226 2735 debemus
1259 2683 1651 2740 benevolentiae
1699 2685 1796 2741 liei
1823 2704 1838 2752 ;
1870 2697 1930 2742 ut
1986 2705 2223 2760 propen-

618 2764 798 2820 siores
827 2767 997 2823 simus
1024 2769 1079 2825 in
1111 2770 1230 2841 ejus
1255 2789 1463 2839 amore,
1506 2778 1595 2846 qui
1629 2778 1786 2834 nobis
1837 2779 2089 2835 ﬁduciam
2123 2781 2221 2838 de-

618 2855 721 2924 dit,
738 2858 963 2916 abluens
991 2877 1092 2918 nos
1110 2879 1140 2918 a
1164 2869 1422 2934 peccatis,
1441 2869 1657 2924 videndi
1677 2871 1903 2941 gloriam
1933 2873 2049 2929 Dei.
2070 2874 2222 2932 Nunc

617 2951 804 3022 itaque
853 2968 990 3024 opus
1045 2967 1167 3024 est,
1204 2971 1259 3013 ut
1290 2971 1502 3016 crescat
1529 2963 1582 3018 in
1629 2965 1788 3020 nobis
1837 2967 2033 3024 ﬁducia
2063 2971 2220 3026 bonis

619 3045 830 3101 actibus
871 3059 1096 3118 parata;
1131 3060 1340 3108 tantum
1389 3055 1535 3110 enim
1585 3057 1908 3131 videbimus,
1955 3074 2217 3134 quantum

619 3135 916 3194 credimus.

693 3231 883 3305 (Vers.
915 3234 1027 3308 15.)
1070 3236 1138 3292 Et
1180 3256 1282 3295 non
1311 3242 1444 3297 sicut
1475 3243 1680 3317 Moyses
1725 3249 1948 3319 pariebat
1992 3252 2220 3306 velamen

619 3341 776 3395 super
805 3329 992 3398 faciem
1015 3348 1184 3399 suam,
1210 3351 1274 3388 ne
1297 3336 1617 3393 intuerentur
1638 3341 1735 3410 ﬁlii
1760 3340 1931 3398 Israel
1956 3344 2010 3398 in
2033 3345 2221 3416 faciem

619 3421 753 3492 ejus,
785 3423 928 3494 quod
961 3437 1261 3485 evacuatur.
1289 3431 1554 3498 Quoniam
1587 3435 1736 3506 digni
1767 3437 1890 3493 facti
1913 3454 2102 3495 sumus
2126 3458 2222 3511 per

615 3513 843 3582 gratiam
875 3515 969 3571 Dei
1010 3518 1195 3576 videre
1221 3522 1453 3593 gloriam
1485 3526 1728 3596 Christi;
1762 3530 1964 3587 idcirco
1993 3533 2071 3587 ait
2104 3550 2117 3588 :
2155 3533 2222 3587 Et

616 3620 722 3659 non
748 3607 878 3662 sicut
908 3608 1113 3682 Moyses
1161 3616 1379 3685 ponebat
1405 3619 1633 3675 velamen
1658 3638 1815 3692 super
1835 3624 2022 3694 faciem
2048 3643 2216 3692 suam,

611 3713 676 3752 ne
699 3701 1020 3759 intuerentur
1049 3707 1148 3776 ﬁlii
1170 3706 1344 3764 Israel
1355 3709 1565 3782 (Exod.
1595 3731 1786 3783 xxxiv,
1815 3718 1929 3790 55).
1956 3719 2086 3776 Ideo
2125 3737 2222 3791 po-

615 3791 780 3848 nebat
832 3796 1083 3853 velamen
1120 3841 1134 3865 ,
1192 3803 1450 3872 quoniam
1492 3806 1842 3875 Splendorem
1889 3812 2073 3868 vultus
2101 3814 2223 3883 ejus

611 3884 758 3940 ferre
803 3903 910 3943 non
955 3900 1226 3962 poterant,
1254 3911 1419 3951 causa
1451 3899 1682 3968 peccati,
1715 3917 1826 3972 quo
1856 3904 2092 3972 sublato,
2126 3923 2223 3977 po-

617 3986 786 4032 testas
840 3979 1003 4037 datur
1037 3985 1257 4041 videndi
1306 3988 1538 4058 gloriam
1585 3991 1680 4047 Dei
1726 4008 1904 4064 usque
1946 3997 2014 4051 ad
2054 3999 2219 4055 linem

616 4070 780 4141 ejus;
823 4077 947 4144 quia
974 4080 1184 4135 tamdiu
1237 4097 1345 4137 non
1390 4084 1692 4153 revelatur,
1749 4089 2005 4158 quamdiu
2031 4093 2219 4149 relicta

616 4162 755 4236 lege,
781 4181 1174 4227 convertantur
1216 4173 1284 4228 ad
1308 4178 1536 4245 gratiam
1555 4177 1704 4247 ﬁdei,
1729 4190 1783 4235 et
1801 4183 1880 4236 sic
1901 4195 2217 4241 evacuatur.

618 4260 936 4322 Accedente
965 4267 1111 4323 enim
1143 4270 1413 4341 dignitate
1441 4288 1538 4344 per
1585 4274 1774 4344 ﬁdem,
1803 4289 2100 4335 evacuatur
2144 4283 2220 4338 in-

621 4352 878 4422 dignitas.

693 4447 1014 4523 (Vers.14.)
1045 4451 1153 4508 Sed
1183 4454 1351 4511 obtusi
1393 4468 1514 4513 sunt
1559 4477 1740 4517 sensus
1766 4479 1943 4520 eorum
1985 4484 2146 4541 usque
2167 4472 2220 4527 in

621 4537 928 4595 hodiernum
950 4543 1104 4601 diem.
1122 4546 1351 4605 Tamdiu
1380 4551 1604 4609 obtusos
1630 4555 1784 4624 dicit,
1809 4537 2069 4628 quamdiu
2109 4578 2216 4619 non

2325 536 2442 576 cum
2460 522 2646 594 legitur
2664 521 2870 593 Moyses
2893 521 3092 595 (Exod.
3116 538 3300 588 xxxrv,
3334 523 3453 596 55),
3480 525 3688 581 uelamen
3710 539 3844 599 estpo-

2326 617 2484 670 situm
2513 633 2673 687 supra
2693 633 2784 673 cor
2811 633 3007 671 eorum.
3026 617 3376 674 Manifestum
3407 627 3513 685 est,
3543 621 3655 690 quia
3681 637 3783 676 cum
3805 625 3848 680 le-

2326 707 2471 778 gitur
2495 707 2610 763 hsec
2640 723 2765 780 pars
2786 709 2965 782 Legis,
2981 709 3249 767 sententia
3272 709 3493 766 illorum
3525 712 3770 781 recitatur,
3788 720 3846 787 qui

2328 814 2452 858 sunt
2481 804 2584 859 sub
2610 805 2774 873 Lege.

2398 899 2587 968 (Vers.
2614 899 2728 972 16.)
2760 900 2888 955 Cum
2919 911 3091 957 autem
3143 917 3422 958 conversus
3454 903 3606 974 fuerit
3643 905 3703 958 ad
3723 904 3848 962 Domi-

2326 1010 2471 1061 num,
2496 999 2760 1066 auferetur
2787 997 3032 1052 velamen.
3086 995 3344 1053 Converti
3375 997 3444 1052 ad
3489 997 3846 1066 Dominum,hoe

2327 1094 2429 1152 est,
2465 1087 2696 1142 credere
2719 1088 2772 1143 in
2816 1087 3088 1144 Christum
3122 1105 3136 1155 ;
3165 1101 3220 1143 ut
3248 1104 3559 1161 agnoscens
3607 1089 3845 1160 Dominum,

2327 1179 2544 1235 veniam
2577 1191 2854 1237 mereatur
2880 1183 3152 1253 accipere.
3183 1183 3299 1238 lloc
3324 1193 3413 1238 est
3433 1183 3628 1239 auferri
3649 1186 3847 1252 velamen,

2327 1271 2658 1328 sententiam
2685 1275 2938 1329 evacuari
2957 1315 2972 1340 ,
3005 1290 3110 1346 qua
3142 1275 3442 1331 tenebatur
3470 1289 3594 1330 reus
3623 1275 3712 1330 sub
3734 1276 3848 1347 Lege.

2400 1365 2582 1437 (Vers.
2611 1367 2728 1435 17.)
2757 1366 3010 1422 Dominus
3048 1378 3217 1422 autem
3247 1369 3467 1437 spiritus
3497 1379 3590 1423 est.
3623 1368 3712 1424 Ubi
3734 1381 3848 1425 autem

2331 1457 2559 1534 Spiritus
2587 1458 2820 1526 Domini,
2851 1461 2924 1514 ibi
2962 1461 3190 1515 libertas.
3223 1461 3498 1528 Quoniam
3528 1463 3660 1517 Deus
3682 1463 3850 1533 Spiritus

2326 1560 2430 1617 est,
2464 1566 2564 1621 per
2589 1549 2864 1606 Christum
2891 1552 3060 1622 legem
3095 1553 3244 1608 dedit
3276 1553 3519 1623 Spiritus
3551 1570 3564 1606 :
3595 1569 3692 1609 non
3717 1556 3851 1610 litteris

2330 1644 2514 1717 utique
2529 1646 2921 1715 scriptam,sed
2947 1662 3044 1716 per
3063 1647 3221 1702 tidem
3245 1649 3450 1703 animis
3472 1649 3848 1713 intimatam;nun

2329 1752 2448 1807 qua:
2479 1738 2710 1792 visibilia
2739 1739 2956 1804 doceat,
3005 1740 3100 1795 sed
3127 1741 3429 1797 invisibilia
3457 1741 3607 1798 credi
3651 1744 3848 1808 suadeat;

2254 1833 2302 1893 B
2329 1845 2451 1901 quae
2477 1831 2691 1886 animus
2719 1831 3042 1900 spiritaliter
3064 1833 3306 1904 colligat,
3331 1849 3440 1887 non
3469 1849 3588 1904 qua:
3611 1834 3851 1889 oculuscev

2328 1934 2442 1979 nat.
2478 1924 2605 1981 Haec
2631 1925 2717 1981 lex
2761 1926 2856 1980 dat
2885 1925 3218 1994 libertatem,
3259 1928 3434 1982 solam
3463 1927 3621 1982 ﬁdem
3650 1943 3848 1998 poscens:

2327 2027 2386 2073 ut
2415 2019 2537 2090 quia
2565 2035 2687 2090 qua:
2740 2034 2847 2075 non
2896 2020 3068 2088 videt,
3125 2020 3322 2089 credit,
3351 2021 3423 2079 de
3453 2023 3743 2081 conditione
3775 2026 3850 2080 erui

2327 2122 2628 2168 mereatur.

2398 2204 2709 2278 (Vers.18.)
2739 2207 2851 2262 Nos
2879 2209 3053 2280 itaque
3070 2226 3268 2277 omnes,
3301 2210 3531 2266 revelata
3547 2213 3674 2282 [acie
3689 2212 3846 2285 gloriari

2328 2299 2539 2355 Domini
2560 2304 2909 2373 speculantes,
2940 2316 2960 2342 ε
2988 2305 3056 2358 ad
3081 2305 3312 2360 eamdem
3341 2305 3616 2378 imaginem
3637 2310 3847 2376 formam.-

2327 2411 2358 2448 a
2379 2397 2547 2466 gloria
2577 2399 2631 2450 in
2660 2399 2902 2469 gloriam,
2925 2398 3060 2452 sicut
3089 2416 3121 2452 a
3152 2397 3368 2452 Domini
3399 2397 3626 2470 Spiritu.
3653 2397 3746 2454 Nos
3765 2398 3847 2452 dicit

2325 2504 2540 2557 omnes,
2571 2491 2660 2560 qui
2691 2491 3000 2547 libertatem
3040 2506 3229 2547 sumus
3263 2493 3545 2547 consecuti
3575 2491 3704 2547 dono
3720 2493 3845 2562 gratia

2328 2582 2445 2650 Dei,
2469 2584 2698 2654 gloriam
2745 2585 2956 2641 Domini
2989 2601 3084 2656 per
3107 2585 3270 2640 ﬁdem
3294 2587 3661 2655 speculantes.
3681 2586 3736 2640 ad
3749 2600 3844 2640 estu-

2325 2677 2453 2734 dem
2503 2677 2792 2750 imaginem
2826 2679 3227 2746 transformari,
3269 2696 3440 2751 quam
3491 2694 3747 2752 speramus
3784 2678 3843 2731 :id

2326 2780 2432 2837 est,
2455 2781 2514 2826 ut
2528 2772 2733 2828 similes
2762 2773 3125 2840 inveniamur,
3142 2780 3424 2830 transacta
3443 2772 3545 2830 hac
3558 2775 3676 2841 vita,
3693 2772 3842 2842 imagini

2324 2869 2514 2939 gloria:
2541 2867 2764 2934 Christi,
2784 2867 3332 2925 sicutdicitJoannes
3360 2870 3666 2941 apostolus:
3687 2869 3840 2931 Sciam,

2325 2961 2522 3032 inquit,
2553 2963 2674 3032 quia
2701 2979 2820 3016 cum
2845 2963 3166 3034 apparuerit,
3194 2965 3394 3019 similes
3416 2965 3466 3020 ei
3496 2965 3675 3020 erimus
3697 2959 3840 3036 (Iloat.

2324 3070 2406 3123 ιη,
2437 3055 2515 3127 2).

2396 3151 2437 3204 Α
2465 3153 2632 3224 gloria
2649 3154 2701 3207 in
2725 3154 2966 3224 gloriam,
2989 3155 3121 3209 sicut
3147 3172 3179 3209 a
3209 3153 3430 3210 Domini
3465 3155 3696 3226 Spiritu;
3720 3151 3842 3207 idest.

2249 3239 2294 3301 C
2324 3242 2352 3282 ἀ
2383 3246 2584 3301 sublati
2616 3245 2884 3304 beneﬁcio
2911 3249 3006 3305 Dei
3031 3264 3057 3302 a
3089 3249 3267 3320 gloria
3292 3251 3520 3322 Moysis,
3554 3265 3697 3320 quam
3724 3258 3843 3302 reuus

2324 3355 2489 3396 causa
2541 3357 2774 3399 cernere
2807 3344 3186 3414 nequibamus,
3227 3343 3680 3399 transformamur
3702 3342 3752 3396 ad
3771 3341 3843 3410 glo-

2324 3433 2942 3507 riam,quamcredimus
2965 3437 3083 3493 dari
3099 3437 3299 3494 nobisa
3320 3439 3538 3493 Domini
3556 3433 3846 3508 Spiritu.Tan-

2324 3538 2437 3586 tum
2471 3533 2617 3586 enim
2646 3531 2864 3586 dabitur
2893 3532 3104 3602 gloriae,
3135 3543 3406 3604 quantum
3441 3533 3656 3605 dignum
3679 3527 3844 3587 eStdue

2323 3625 2495 3681 Deum
2530 3641 2626 3694 per
2655 3626 2921 3695 Spiritum
2949 3642 3140 3692 suum;
3169 3627 3294 3682 ideo
3326 3628 3474 3682 enim
3507 3626 3647 3682 dixit
3673 3643 3685 3679 :
3710 3624 3846 3680 Sicut

2324 3720 2538 3775 Domini
2577 3720 2781 3792 Spiritu
2812 3739 2830 3788 ;
2862 3731 2920 3776 ut
2943 3721 3264 3778 ostenderet
3307 3723 3475 3778 talem
3531 3722 3738 3793 gloriam
3757 3716 3846 3777 dari.

2323 3828 2446 3884 qua:
2476 3814 2798 3869 sublimitati
2823 3827 3090 3887 congruat
3119 3816 3324 3873 dantis.
3355 3817 3562 3890 Moysis
3587 3818 3715 3872 enim
3737 3811 3847 3882 gloria

2324 3921 2424 3961 nec
2453 3915 2602 3961 tanta
2634 3905 2758 3972 fuit,
2793 3923 2892 3964 nec
2919 3911 3220 3979 perennis;
3256 3925 3357 3978 pro
3385 3910 3553 3966 modo
3594 3910 3722 3966 enim
3748 3903 3849 3974 Legis

2323 4008 2379 4054 et
2423 3999 2654 4069 gloriam
2700 4002 2950 4069 accepit;
2983 4002 3053 4057 ita
3102 4012 3158 4057 et
3190 4018 3291 4071 pro
3321 4002 3487 4058 modo
3518 4003 3648 4074 legis
3686 4000 3796 4063 ﬁdei,
3818 3998 3847 4050 in

2323 4111 2428 4167 qua
2475 4095 2709 4165 Spiritus
2759 4095 2855 4151 Dei
2907 4107 3010 4159 est.
3049 4097 3270 4152 dabitur
3320 4098 3498 4169 gloria
3547 4095 3845 4153 credentibus.

2324 4189 2561 4246 Tantum
2586 4191 2728 4245 enim
2754 4190 3031 4246 concessit
3064 4190 3206 4245 Deus
3250 4189 3534 4259 ﬁdelibus,
3566 4200 3623 4246 ut
3660 4187 3849 4259 Spiritum

2321 4297 2486 4338 suum
2532 4282 2626 4340 det
2673 4283 2776 4353 eis,
2813 4294 2836 4321 ε
2865 4283 3061 4355 pignus
3118 4282 3272 4340 illius
3325 4283 3544 4356 gloriae,
3597 4297 3738 4354 quam
3762 4292 3850 4350 pros

2322 4377 2494 4434 misit.

2906 4448 3142 4508 CAPUT
3181 4450 3276 4507 IV.

2394 4561 2577 4634 (Vers.
2613 4562 2689 4632 1.)
2726 4563 2899 4628 Quare
2947 4563 3190 4618 habentes
3240 4564 3378 4619 hanc
3405 4562 3848 4620 administrationem.

619 4632 872 4689 credunt.
927 4636 1057 4706 Quae
1105 4641 1323 4698 obtusio
1365 4646 1706 4706 infidelitatis
1749 4667 1910 4708 causa
1958 4655 2215 4725 obvenit;
2246 4636 2300 4696 Ῑ)
2327 4632 2480 4722 prout
2503 4654 2914 4711 misericordiam
2936 4657 3198 4710 consecuti
3228 4674 3436 4724 sumus,
3470 4674 3577 4712 non
3603 4654 3846 4726 deﬁciamur.

618 4725 742 4781 ideo
766 4733 1047 4788 conversis
1068 4735 1135 4791 ad
1167 4737 1327 4794 ﬁdem
1373 4743 1586 4799 acuitur
1630 4745 1776 4802 acies
1802 4749 2021 4819 mentis,
2054 4761 2110 4807 ut
2137 4754 2216 4810 vi-

615 4817 780 4875 deant
801 4822 968 4879 divini
995 4827 1214 4884 luminis
1236 4833 1607 4901 splendorem.

692 4917 721 4955 ιι
756 4914 867 4971 Hoc
897 4919 1071 4989 ipsum
1095 4924 1323 4980 velamen
1366 4929 1419 4983 in
1457 4931 1674 4988 lectione
1693 4937 1875 4990 veteris
1905 4936 2218 4996 Testamenti

617 5021 810 5078 manet,
834 5013 961 5068 dum
990 5032 1092 5070 non
1137 5021 1430 5089 reveletur;
1461 5027 1584 5093 quia
1607 5028 1659 5081 in
1683 5027 1891 5084 Christo
1918 5047 2211 5089 evacuatur.

615 5102 865 5173 Obtttsio,
899 5109 996 5174 ait,
1029 5109 1147 5165 huic
1175 5111 1229 5166 in
1260 5113 1496 5173 lectione
1525 5119 1695 5174 Exodi
1729 5132 1930 5188 manet,
1959 5127 2215 5196 quamdiu

613 5199 862 5255 credant.
892 5200 1008 5256 Non
1028 5204 1173 5258 enim
1205 5207 1502 5272 revelatur,
1532 5210 1636 5266 nisi
1687 5213 1911 5270 credant
1939 5233 1953 5282 ;
1978 5217 2030 5273 in
2061 5217 2214 5275 Chri-

616 5300 703 5345 sto
766 5295 912 5350 enim
970 5310 1311 5365 evacuatur,
1360 5297 1465 5354 hoc
1515 5311 1598 5357 est
1646 5319 1744 5373 per
1792 5307 1951 5362 ﬁdem
2012 5308 2215 5367 Christi

615 5383 860 5443 aufertur
882 5391 1129 5447 velamen
1155 5409 1171 5459 ;
1205 5402 1393 5448 amoto
1421 5395 1565 5450 enim
1591 5395 1815 5465 delicto,
1844 5402 2103 5473 incipient
2132 5407 2211 5461 vi-

616 5471 746 5533 dere
771 5483 919 5550 quod
942 5525 958 5552 ,
988 5485 1246 5543 obstante
1282 5497 1510 5558 peccato
1530 5529 1546 5557 ,
1589 5491 1776 5548 videre
1799 5509 1906 5550 non
1935 5471 2207 5568 poterant.

689 5639 1098 5734 {Coducorbq
1141 5651 1290 5707 Sicut
1318 5653 1454 5708 enim
1497 5669 1588 5726 per
1634 5664 1904 5712 noctem...
1935 5672 2216 5734 apparente

615 5702 819 5788 Clu-isto
840 5702 1106 5788 inigloria'.

607 5820 653 5903 ὲ.
683 5780 712 5820 ι)
755 5780 938 5912 Rern:
965 5787 1097 5848 edit.
1142 5795 1259 5852 sola
1304 5835 1319 5863 ,
1379 5795 1507 5854 Hrec
1555 5799 1673 5866 ipsa.
1749 5800 1949 5859 obtusio
1993 5806 2050 5861 in
2107 5807 2210 5864 lec—

635 5868 768 5912 rone.
803 5871 833 5909 e
860 5872 909 5910 e.

635 5868 768 5922 tone,
803 5868 909 5912 etc.

2321 4745 2551 4801 Tantam
2596 4761 2747 4816 spem
2795 4749 2932 4804 dicit
2961 4749 3164 4805 habere
3216 4749 3703 4808 administrationis
3727 4744 3849 4813 hujIIS.

2321 4850 2380 4895 ut
2410 4856 2516 4895 non
2546 4841 2833 4897 deficiatin
2859 4845 3153 4913 pressuris,
3186 4845 3536 4902 confortatus
3565 4847 3665 4900 lidc
3693 4837 3851 4913 promis-

2322 4935 2560 4990 sionum.
2590 4934 2748 4992 Unde
2777 4939 3032 5008 superius
3077 4938 3218 4993 dixit
3254 4957 3266 4991 :
3296 4939 3478 4994 Multa
3509 4939 3691 5003 ﬁducia
3711 4941 3849 4989 utamur

2324 5029 2393 5101 (ll
2424 5030 2544 5085 Cor.
2578 5046 2658 5097 ιιι,
2695 5030 2780 5102 l2)
2809 5050 2823 5099 ;
2860 5031 3092 5088 fidentes
3121 5033 3269 5088 enim
3299 5034 3354 5089 in
3377 5033 3488 5102 his,
3519 5049 3637 5104 qua:
3659 5025 3847 5101 promissa

2322 5131 2474 5188 sunt,
2506 5122 2767 5194 quidquid
2807 5124 3096 5180 adversum
3152 5126 3440 5192 acciderit,
3495 5128 3729 5182 tolerant.
3749 5111 3848 5186 Quod

2324 5233 2432 5272 non
2466 5215 2721 5272 humanis
2752 5218 2964 5274 meritis
2987 5219 3234 5289 deputat,
3263 5219 3361 5274 sed
3390 5216 3755 5276 misericordiae
3773 5209 3846 5272 Dei.

2317 5326 2441 5381 qua:
2473 5310 2748 5366 hominem
2775 5313 2953 5383 primo
2980 5311 3174 5380 abluit,
3205 5312 3414 5368 deinde
3437 5312 3712 5383 justiﬁcat,
3735 5304 3848 5369 πᾶσιν

2319 5415 2442 5461 tans
2468 5404 2664 5460 Filiutn
2688 5406 2803 5462 Deo
2838 5423 2854 5474 ;
2887 5417 2944 5463 ut
2965 5406 3135 5464 donet
3189 5422 3316 5463 eum
3344 5410 3523 5480 gloria
3553 5405 3703 5462 simili
3721 5396 3847 5475 gloriae

2314 5499 2442 5556 Filii
2473 5500 2680 5571 proprii
2705 5499 2823 5556 Dei.

2398 5676 2421 5704 ο
2453 5663 2653 5719 Eadem
2681 5663 2841 5720 Rom.
2871 5664 3034 5734 edit.,
3079 5665 3149 5720 ad
3181 5662 3421 5723 eamdem
3448 5668 3708 5741 imaginem
3731 5672 3844 5717 tratu-

2316 5740 2694 5887 foamﬁg'nuriulli
2719 5820 2878 5887 mss.,
2907 5809 3388 5887 sublatobeneﬁcio
3413 5810 3510 5868 Dei
3522 5794 3687 5887 gloriae
3710 5798 3838 5870 MW‘l'

2398 5889 2417 5913 θ
2444 5875 2572 5933 Mss.
2604 5875 2831 5946 aliqtttit,
2866 5881 3052 5952 pignus
3079 5881 3229 5938 illius
3252 5875 3456 5953 yratite.
