3978 6310
91 273 182 329 289

776 245 1270 312 COMMENTARIA
1314 247 1380 305 ΙΝ
1423 245 1644 307 EPIST.
1685 243 1778 303 ΑΙ)
1813 244 2136 304 CORINTII.
2175 246 2569 308 SECUNDAM.

3221 252 3332 310 290

149 384 310 454 (Vers.
335 377 410 450 ἐξ.)
440 375 542 431 Sed
583 373 931 427 renuntiamus
970 369 1187 425 occultis
1232 367 1518 421 dedecoris.
1562 365 1632 420 Ut
1657 373 1713 435 Α
1737 363 2025 419 Dominum
2054 372 2301 420 nostrum
2328 368 2560 422 fatemur
2587 382 2602 433 ;
2629 367 2758 439 quid
2787 376 2870 425 est
2893 376 2950 424 ut
2971 367 3100 425 elati
3123 366 3332 438 judice-

87 478 214 534 illius
239 472 415 544 gloria:
444 469 634 538 dignus
678 465 749 520 sit
777 464 962 528 homo,
991 461 1170 517 omnia
1204 463 1383 529 turpia
1431 469 1487 514 et
1511 458 1626 530 pol-

84 576 199 638 luta,
221 583 330 640 quae
358 566 465 620 fieri
487 572 540 619 et
569 559 792 633 cogitari
819 565 1071 630 possunt,
1098 555 1399 612 amovenda
1428 553 1628 620 docet;

84 673 137 720 ut
162 677 258 716 non
279 659 446 716 solum
469 656 534 712 de
558 669 741 725 opere,
775 651 869 708 sed
894 660 948 707 et
971 651 1039 706 de
1065 650 1401 722 cogitatione
1422 648 1633 720 pellan-

81 766 173 811 tur.
190 750 454 808 lnvitantis
472 749 626 803 verba
642 755 786 812 sunt;
809 745 909 800 sub
927 760 1021 800 sua
1040 744 1185 799 enim
1201 753 1256 800 et
1272 758 1491 798 suorum
1508 757 1634 813 per-

81 864 196 908 sona
217 846 279 902 ad
295 845 566 900 meliorem
594 844 756 900 vitam
777 841 1045 908 hortatur,
1074 848 1298 911 propter
1319 836 1630 908 supradicta

77 944 210 1008 vitia,
225 950 375 1012 "quae
390 941 438 993 in
459 938 538 992 bis
558 951 700 1007 stupe
717 932 1087 1005 reprehendit.
1109 930 1635 987 Possuntethaecoc-

77 1037 199 1094 culta
223 1033 491 1091 dedecoris
528 1046 671 1096 esse,
691 1045 809 1100 quae
837 1042 1008 1099 pravo
1038 1040 1204 1081 sensu
1235 1026 1301 1080 ad
1333 1024 1634 1096 praedican-

76 1133 186 1188 dum
216 1128 532 1185 meditantur
555 1134 612 1180 ut
642 1125 853 1185 fallant;
895 1121 1037 1176 unde
1062 1120 1289 1190 subjecit
1318 1136 1330 1172 :
1369 1117 1495 1172 Non
1523 1133 1636 1172 am-

78 1224 342 1279 bulantesin
371 1221 577 1285 astutia,
599 1232 763 1288 neque
795 1217 1144 1273 adulterantes
1171 1214 1380 1269 verbum
1404 1211 1524 1267 Dei.
1551 1210 1633 1267 Ad

77 1315 434 1374 dedecusenim
462 1312 985 1369 etdeformationem
1016 1310 1134 1380 ejus
1155 1305 1630 1380 proﬁcit,quisub—

77 1409 182 1466 dola
197 1417 366 1465 mente
379 1406 951 1477 conﬁngitdoctrinam
980 1404 1046 1458 ad
1064 1402 1448 1472 decipiendum
1466 1399 1633 1456 corda

75 1502 369 1573 simplicium
397 1518 410 1567 ;
433 1501 600 1570 turpis
626 1499 769 1555 enim
785 1498 1097 1554 invenietur
1119 1496 1171 1550 in
1193 1496 1283 1550 die
1306 1492 1496 1564 judicii
1515 1492 1632 1548 Dei.

76 1595 190 1651 Nam
233 1594 422 1650 astutia
455 1593 613 1648 mala:
659 1590 881 1658 mentis,
914 1600 973 1644 ut
1019 1588 1073 1644 id
1124 1586 1268 1659 quod
1297 1586 1400 1642 sibi
1424 1586 1634 1641 libitum

79 1697 166 1752 est,
197 1687 423 1756 espleat,
447 1685 612 1741 verba
637 1685 733 1741 Dei
766 1684 1060 1750 adulterat,
1089 1691 1148 1737 ut
1191 1695 1411 1737 sensum
1453 1680 1638 1735 inver-

80 1790 162 1836 tat.
192 1781 498 1836 Adulterare
529 1789 614 1836 est
643 1791 824 1835 autem
853 1793 1040 1833 verum
1068 1792 1287 1833 sensum
1321 1791 1419 1846 per
1438 1773 1632 1830 falsum
1663 1773 1713 1835 B

75 1878 196 1932 vcllc
217 1876 516 1932 excludere.
553 1875 662 1931 Sed
691 1875 744 1928 in
797 1872 1214 1944 manifestatione
1241 1869 1469 1926 ueritatis
1499 1884 1638 1923 com-

78 1971 338 2026 mendantes
395 1971 738 2040 nosmetipsos
781 1969 849 2023 ad
893 1983 1096 2022 omnem
1129 1965 1496 2020 conscientiam
1546 1963 1639 2018 Ito-

80 2063 249 2117 minum
279 2079 445 2117 corant
488 2061 620 2118 Deo.
650 2062 765 2117 lloc
793 2060 948 2127 dicit,
990 2060 1114 2130 quia
1161 2059 1213 2114 in
1247 2058 1642 2128 prtediCutione

78 2157 355 2225 evangelica
375 2153 402 2194 ιν
418 2155 549 2210 nulli
571 2171 632 2210 se
654 2153 782 2210 fecit
809 2152 1368 2231 su_spectum,addens
1383 2151 1639 2221 amplius,

78 2262 184 2302 cum
211 2248 328 2304 dicit
357 2247 576 2303 :Coram
598 2246 751 2314 Dea;
779 2257 839 2302 ut
863 2249 968 2302 hoc
997 2248 1176 2317 ipsum
1203 2261 1310 2300 non
1341 2245 1517 2301 solum
1547 2242 1645 2298 ho-

78 2343 290 2397 minibus
337 2343 678 2398 manifestum
719 2342 947 2413 probet;
1003 2340 1102 2397 sed
1148 2341 1311 2397 etiam
1363 2339 1501 2407 Deo,
1555 2338 1645 2394 cui

78 2435 199 2490 nihil
232 2437 480 2491 occultum
514 2446 622 2492 est.
659 2435 1058 2492 Testimonium
1085 2449 1217 2506 ergo
1244 2434 1339 2490 Dei
1366 2433 1644 2503 implorat,

82 2541 101 2566 ε
128 2539 178 2583 ιιι
209 2528 287 2584 vel
309 2529 404 2585 sibi
430 2531 709 2596 credatur,
733 2531 856 2601 quia
881 2528 952 2583 ita
972 2527 1252 2598 praedicat,
1285 2528 1428 2583 sicut
1457 2526 1645 2582 datum

81 2632 154 2679 est
178 2624 238 2678 ab
266 2625 493 2680 Auctore
522 2639 537 2676 :
575 2632 635 2680 et
667 2624 809 2680 Deus
856 2623 960 2678 hoc
988 2621 1152 2677 modo
1183 2622 1339 2677 testis
1387 2629 1493 2686 est,
1517 2618 1646 2676 dum

82 2719 162 2773 dat
195 2721 334 2790 signa
355 2727 408 2775 et
433 2719 682 2790 prodigia
714 2718 831 2774 ﬁeri
849 2732 947 2788 per
974 2730 1168 2771 manus
1188 2715 1325 2786 ejus.

147 2813 309 2883 (Vers.
333 2812 411 2885 5.)
451 2814 559 2869 Sed
587 2814 698 2869 etsi
721 2812 893 2867 adhuc
931 2822 1166 2882 apertum
1195 2820 1270 2867 est
1309 2809 1651 2882 Evangelium

83 2921 308 2977 nostrum,
338 2911 390 2964 in
416 2911 494 2965 his
541 2910 632 2981 qui
686 2917 922 2981 pereunt.
951 2907 1153 2962 Verum
1183 2915 1290 2971 est,
1329 2906 1452 2974 quia
1476 2904 1652 2960 incre-

84 3003 176 3056 duli
207 3019 305 3058 non
335 3002 786 3076 vident,perﬁdia
814 3003 1152 3067 obctecante,
1177 2999 1527 3071 splendorem
1545 2998 1652 3053 vir-

85 3096 194 3151 tutis
221 3096 348 3162 Dei;
379 3097 627 3153 velamen
677 3097 823 3153 enim
868 3105 952 3152 est
999 3110 1164 3166 supra
1207 3109 1303 3150 cor
1357 3108 1572 3159 eorum,
1598 3101 1654 3150 et

84 3189 276 3244 obtusio
293 3191 654 3258 inﬁdelitatis,
683 3193 737 3246 in
755 3190 962 3247 Judaais
993 3190 1258 3245 maxime.

143 3283 316 3354 (Vers.
340 3284 421 3356 4.)
451 3284 516 3340 1η
543 3286 734 3354 quibus
764 3283 907 3340 Deus
930 3285 1109 3340 seaculi
1138 3285 1298 3357 hujus
1321 3283 1345 3320 ἀ
1375 3283 1654 3339 obcwcavit

81 3393 236 3432 sensus
251 3379 569 3449 inﬁdelium;
594 3381 755 3453 179
768 3390 822 3435 ut
843 3397 944 3436 non
968 3381 1266 3451 pervideant
1289 3382 1460 3435 lumen
1475 3380 1654 3432 Evan-

79 3471 184 3540 gelii
201 3473 479 3545 maiestatis
505 3472 734 3536 Christi,
763 3475 853 3546 qui
876 3485 950 3528 est
975 3477 1142 3546 imago
1174 3472 1290 3527 Dei.
1321 3473 1491 3529 Deum
1521 3472 1657 3528 dicit

82 3565 392 3620 saecularium
415 3566 733 3634 hominum,
758 3569 882 3639 quia
911 3568 1163 3623 malevoli
1189 3576 1316 3622 sunt
1337 3583 1461 3638 erga
1493 3567 1656 3622 ﬁdem

79 3655 258 3714 Christi
288 3676 480 3718 sensus
505 3664 903 3728 obcaecareme
919 3662 1136 3717 videant
1163 3663 1447 3716 veritatem
1480 3660 1659 3716 Evan-

81 3750 191 3818 gelii
220 3755 516 3824 majestatis
543 3756 775 3812 Christi.
811 3756 926 3812 Hoc
948 3771 1077 3827 ergo
1101 3755 1209 3809 illis
1237 3762 1480 3825 praestat,
1513 3753 1658 3825 quod

81 3845 265 3903 volunt.
291 3850 423 3917 Quia
454 3854 608 3907 enim
661 3851 914 3908 malevoli
960 3860 1088 3906 sunt
1118 3851 1392 3918 homines,
1426 3858 1481 3905 et
1502 3849 1662 3905 intel-

82 3937 288 4009 ligentes
317 3959 531 4012 verum,
565 3944 756 4000 dicunt
798 3959 922 4001 esse
967 3942 1187 4009 falsum,
1219 3944 1273 3998 in
1301 3957 1366 3998 eo
1416 3941 1536 4013 ipso
1566 3940 1662 3996 ad-

77 4031 310 4102 juvantur
337 4053 351 4104 ;
381 4054 448 4094 nc
481 4037 698 4110 possint
725 4037 973 4102 credere,
1011 4049 1033 4076 ε
1065 4037 1208 4108 quod
1239 4037 1451 4092 nolunt.
1501 4033 1661 4090 Chri-

81 4133 207 4184 stum
235 4139 432 4198 autem,
466 4148 592 4188 cum
622 4133 693 4188 sit
742 4132 918 4202 imago
950 4131 1068 4198 Dei,
1097 4145 1421 4202 corporemn
1454 4136 1660 4183 tantum

82 4233 313 4280 asseth
343 4244 356 4280 :
393 4235 450 4282 et
489 4226 871 4296 relinquentes
917 4233 1069 4296 gesta
1099 4223 1239 4295 ejus,
1271 4223 1442 4278 solius
1482 4220 1667 4276 carnis

82 4310 268 4370 faciunt
314 4321 678 4386 mentionem,
709 4319 777 4374 de
823 4319 1021 4390 quibus
1051 4317 1196 4372 dixit
1222 4315 1410 4372 Esaias
1441 4333 1454 4371 :
1483 4313 1666 4369 Obcw-

81 4408 198 4463 cavit
236 4413 408 4468 oculos
451 4430 658 4479 eorum,
691 4430 752 4469 ne
778 4413 984 4468 videant
1007 4427 1026 4479 ;
1053 4420 1102 4466 et
1146 4427 1321 4478 aures,
1351 4425 1416 4465 ne
1444 4407 1665 4463 audiant

83 4505 289 4572 usquein
312 4506 624 4562 hodiernum
653 4507 788 4561 diem
810 4505 981 4580 (Esai.
1015 4520 1091 4570 Vl,
1117 4502 1231 4576 10).

143 4593 318 4666 (Vers.
344 4598 428 4672 5.)
446 4599 560 4655 Nec
588 4601 722 4656 enim
737 4616 829 4654 nos
858 4600 1001 4668 ipsos
1029 4597 1499 4668 prcedicamus,sed
1513 4597 1637 4654 Chri

82 4695 198 4740 slttm
214 4688 390 4745 Iesum
423 4691 701 4747 Dominum
731 4702 980 4747 nostrum.
1013 4691 1126 4748 Hoc
1146 4699 1250 4757 est,
1279 4707 1390 4747 non
1417 4703 1661 4746 nostram

81 4779 296 4850 gloriam
328 4788 742 4853 annuntiamus,
776 4801 844 4842 ne
875 4787 996 4858 quis
1022 4801 1121 4842 nos
1151 4783 1299 4840 dicat
1322 4791 1546 4854 propter
1563 4797 1663 4840 nos

85 4871 218 4939 ipsos
239 4879 637 4950 evangelizare;
660 4878 888 4934 utnobis
917 4877 1312 4949 proﬁciatforte
1335 4877 1402 4932 ad
1429 4884 1662 4947 tempus:

86 4964 170 5020 sed
189 4966 367 5025 Jesum
392 4971 686 5028 Dominum
737 4980 984 5028 nostrum
1035 4971 1446 5035 annuntiamus,
1493 4969 1668 5040 subji-

84 5059 272 5119 cientes
317 5081 418 5122 nos
473 5067 660 5124 virtuti
692 5066 1075 5138 majestatique
1105 5067 1243 5138 ejus.
1276 5066 1507 5135 Quando
1537 5079 1668 5136 ergo

86 5151 277 5211 nullum
303 5174 618 5230 gravamus,
650 5161 860 5217 nullum
911 5160 1276 5228 concutimus,
1301 5168 1354 5217 et
1386 5159 1663 5216 Christum

1677 3165 1721 3228 C

147 5324 174 5398 ξι
201 5317 552 5398 [ιοῃιᾎοιιίιη
576 5341 691 5398 qua:
716 5325 769 5381 in
788 5327 869 5382 his
899 5325 1170 5396 epistolis.‘

151 5385 174 5425 ³³
200 5389 333 5469 Cod.
361 5385 558 5469 Corb.,
588 5385 792 5452 uallum
814 5385 977 5469 efﬁcit
994 5407 1308 5462 suspectum.

153 5469 173 5540 ξ
200 5461 325 5540 yss.
357 5461 592 5540 aliquot.
625 5481 682 5523 ut
708 5472 787 5525 vel
807 5461 910 5540 ipsi
937 5461 1200 5526 credatur.

149 5526 174 5564 τί
191 5529 324 5613 βαιά..
353 5526 502 5613 δἐιιῖ.
529 5526 700 5613 solus.
724 5526 997 5597 obctecavit
1015 5559 1134 5613 erga
1161 5543 1316 5613 ﬁdem
1333 5541 1527 5597 Christi
1552 5557 1669 5596 seu-

83 5603 500 5725 Euhsénlfidelium.
534 5611 600 5667 Et
618 5623 740 5669 cum
770 5629 900 5670 mss.
927 5603 1276 5685 quibusdam,
1301 5615 1475 5669 lumen
1487 5614 1669 5686 gloria

205 5693 229 5725 Ι
253 5694 292 5725 ι.

160 5689 247 5726 "ll
253 5694 266 5728 ι
276 5715 292 5731 ο

139 5754 177 5827 ξ
203 5745 330 5830 Mss.
352 5751 803 5830 frequentissimi,
827 5760 965 5830 quod
1004 5758 1179 5814 volunt
1203 5777 1223 5828 ;
1253 5760 1455 5816 rectius
1485 5767 1665 5815 tamen

85 5815 192 5887 alii,
221 5828 278 5876 et
298 5815 476 5893 edit.
509 5827 646 5895 quod
667 5815 868 5890 noluitt'.

1688 4558 1742 4620 D

1734 474 1854 513 mur
1877 459 2032 530 quasi
2055 474 2151 529 pro
2194 468 2379 515 nostra
2413 464 2631 532 propria
2661 463 2897 520 utilitate
2925 465 3245 536 praedicare,
3275 470 3332 517 ut

1731 553 1954 625 gloriOsi
1984 555 2387 624 appareamus?
2419 555 2533 610 Nos
2555 567 2725 612 autem
2749 577 2922 616 seruos
2957 571 3150 615 uestros
3175 575 3334 633 prop—

1734 656 1810 702 ter
1837 645 2043 702 Jesum.
2080 647 2136 702 In
2167 656 2377 702 tantum
2403 663 2463 704 se
2485 663 2700 705 servum
2725 651 2929 707 Christi
2961 668 3083 709 esse
3116 653 3332 722 prohat,

1734 750 1793 796 ut
1834 741 2060 811 jubente
2113 740 2256 812 ipso,
2290 741 2602 797 ministrum
2654 756 2715 798 se
2747 742 2939 798 horum
2976 745 3028 799 in
3072 744 3334 814 pra'dica-

1734 832 1884 889 tione
1906 841 2139 889 testetur
2163 849 2178 900 ;
2212 844 2269 887 ut
2295 848 2394 902 pro
2417 834 2651 890 utilitate
2673 834 2865 890 horum
2889 836 3118 906 subjecti
3143 836 3250 892 sint
3279 837 3331 892 in

1735 928 2042 984 ministerio
2072 927 2382 1000 Evangelii.
2417 928 2620 986 Servos
2651 945 2780 1001 ergo
2807 930 3020 998 dicens,
3053 933 3337 988 ministros

1734 1024 2006 1095 signiﬁcat
2040 1042 2054 1078 :
2079 1024 2175 1080 sed
2198 1033 2256 1080 ut
2284 1024 2564 1081 humiliter
2590 1025 2925 1096 loqueretur,
2975 1027 3056 1082 sic
3078 1026 3257 1094 dixit;
3283 1034 3341 1083 ut

1736 1133 1867 1174 vere
1897 1117 2218 1176 ostenderet
2245 1135 2353 1175 non
2409 1119 2478 1174 ad
2509 1135 2661 1174 suam
2692 1119 2920 1191 gloriam
2950 1135 3011 1176 se
3036 1121 3340 1192 praedicare

1736 1211 2127 1283 Evangelium;
2168 1211 2186 1250 ί
2213 1212 2309 1268 sed
2332 1212 2402 1268 ad
2428 1213 2732 1271 claritatem
2783 1213 2998 1270 Domini
3029 1215 3224 1283 nostri,
3249 1213 3344 1272 cui

1737 1305 1945 1370 obedit,
1976 1306 2062 1361 cui
2110 1307 2324 1374 servit,
2371 1307 2514 1363 sicut
2540 1316 2596 1364 et
2626 1309 2742 1379 ipse
2786 1309 3050 1365 Dominus
3079 1309 3158 1366 ait
3187 1327 3202 1364 :
3229 1309 3345 1383 Ego

1736 1416 1850 1453 sum
1888 1400 1941 1453 in
1967 1399 2141 1454 medio
2171 1411 2396 1456 vestrum
2446 1418 2548 1457 non
2574 1412 2630 1456 ut
2667 1403 2952 1472 ministrer,
2981 1402 3075 1459 sed
3101 1412 3157 1458 ut
3186 1404 3343 1460 mini-

1737 1506 1893 1552 strent
1935 1496 2089 1568 (an.
2140 1514 2278 1563 χιιι,
2309 1498 2444 1572 27);
2498 1515 2606 1556 non
2661 1502 2864 1558 merito
2893 1503 3089 1559 horum
3144 1501 3346 1574 quibus

1739 1589 2036 1657 ministrat,
2060 1592 2155 1648 sed
2179 1604 2401 1663 propter
2425 1592 2714 1663 imperium
2742 1595 2978 1651 Domini.

1813 1682 1996 1754 (Vers.
2023 1681 2104 1756 6.)
2140 1685 2278 1754 Quia
2330 1685 2470 1743 Deus
2519 1689 2608 1758 qui
2655 1689 2786 1744 dixit
2829 1689 2893 1744 de
2922 1690 3141 1745 tenebris
3174 1689 3345 1747 lumen
3406 1749 3413 1754 ,

1738 1775 1957 1848 fulgere,
1978 1779 2151 1832 illuxit
2207 1781 2261 1833 in
2288 1780 2530 1835 cordibus
2562 1781 2754 1836 nostris
2798 1782 2868 1836 ad
2905 1783 3346 1839 illuminationem

1740 1873 2051 1944 cognitionis
2077 1873 2260 1944 gloria:
2294 1872 2396 1929 Dei
2422 1875 2476 1928 in
2527 1875 2659 1946 facie
2700 1873 2896 1932 Christi
2939 1877 3088 1934 Jesu.
3119 1879 3234 1937 Hoc
3262 1879 3347 1936 di-

1741 1967 1837 2032 cit,
1871 1967 1994 2038 quia
2025 1969 2401 2024 misericordia
2427 1970 2521 2025 Dei
2553 1969 2754 2027 factum
2783 1982 2888 2038 est,
2915 1982 2975 2028 ut
3004 1990 3128 2039 nos,
3148 1975 3346 2047 inquit,

1746 2069 1770 2105 κ
1802 2061 1892 2131 qui
1935 2059 2138 2117 fuimus
2188 2063 2540 2119 incredibiles
2583 2065 2639 2119 in
2668 2065 2995 2135 ignorantia,
3025 2067 3131 2125 hoc
3153 2078 3257 2134 est,
3291 2071 3346 2126 in

1745 2153 2008 2221 tenebris,
2025 2170 2123 2225 per
2143 2171 2243 2212 nos
2270 2157 2425 2213 daret
2452 2158 2592 2214 Deus
2621 2159 2807 2216 lumen
2830 2163 3046 2218 caeteris
3067 2163 3347 2234 gentibus.

1745 2246 2017 2315 Quantum
2047 2264 2106 2304 se
2133 2250 2311 2306 adhuc
2337 2249 2609 2317 humiliat,
2642 2262 2700 2308 ut
2733 2253 2828 2309 Dei
2864 2256 3036 2311 solius
3065 2265 3118 2312 et
3147 2255 3353 2312 Christi

1746 2338 1977 2409 gloriam
2007 2340 2300 2410 praferat?
2334 2342 2674 2399 llluminatur
2699 2347 2864 2414 enim,
2896 2356 2954 2401 ut
2977 2349 3350 2419 cognitionem

1749 2429 1986 2487 habeant
2008 2434 2198 2503 gloria:
2224 2435 2316 2490 Dei
2341 2450 2440 2505 per
2463 2436 2766 2494 Christum.
2795 2439 2922 2495 Ideo
2948 2441 3133 2511 gloria:
3160 2442 3254 2498 Dei
3278 2443 3358 2499 ait

1749 2526 2143 2596 cognitionem,
2177 2529 2228 2583 id
2261 2539 2366 2596 est,
2394 2545 2498 2585 non
2547 2531 2644 2587 Dei
2693 2532 2883 2601 solius,
2912 2534 3007 2590 sed
3038 2543 3095 2591 et
3121 2537 3351 2607 Christi,

1751 2620 1843 2690 qui
1872 2629 1956 2674 est
1984 2621 2158 2692 gloria
2191 2622 2346 2693 ejus;
2378 2634 2435 2679 ut
2464 2625 2799 2696 signiﬁcaret
2842 2642 2950 2682 non
2979 2629 3156 2685 solum
3184 2630 3352 2686 Deum

1752 2714 2029 2783 cognosci,
2061 2713 2158 2769 sed
2186 2723 2240 2770 et
2271 2731 2437 2786 opera
2460 2717 2580 2787 ejus
2605 2728 2660 2772 et
2686 2719 3120 2777 misericordiam
3151 2731 3209 2779 et
3229 2739 3360 2794 pro-

1752 2803 2074 2874 videntiam,
2093 2821 2198 2877 qua
2219 2808 2466 2864 condidit
2493 2818 2546 2864 et
2576 2809 3003 2883 salvavitgenus
3033 2815 3355 2886 humanum,

1752 2898 1903 2954 visus
1930 2899 1982 2953 in
2013 2898 2233 2955 Christo
2262 2915 2360 2971 per
2387 2901 2619 2972 gloriam
2655 2903 2876 2960 virtutis
2905 2923 3042 2962 sure.

1833 2991 2012 3063 (Vers.
2045 2993 2121 3063 7.)
2149 2991 2174 3030 h
2199 2993 2461 3051 [labentes
2499 3007 2669 3051 autem
2697 2999 2996 3056 thesaurum
3035 3003 3170 3058 hunc
3193 3004 3245 3058 in
3261 3021 3364 3072 ra-

1756 3087 1826 3142 sis
1851 3088 2141 3158 ﬁctilibus;
2166 3099 2219 3143 ut
2248 3091 2552 3146 excellentia
2593 3095 2659 3148 sit
2689 3095 2894 3150 virtutis
2920 3095 3042 3165 Dei,
3075 3109 3123 3153 et
3167 3115 3270 3154 non
3297 3117 3364 3156 ea:

1756 3181 1922 3236 nobis.
1953 3183 2294 3240 Thesaurum
2347 3196 2748 3242 sacramentum
2801 3189 3128 3260 signiﬁcavit
3177 3193 3272 3249 Dei
3302 3194 3356 3250 in

1755 3275 1994 3346 Christo,
2039 3279 2184 3349 quod
2227 3279 2581 3337 credentibus
2610 3282 3012 3353 manifestatur,
3057 3286 3359 3346 incredulis

1756 3383 1886 3424 vero
1917 3370 2152 3440 quodam
2213 3380 2409 3428 tectum
2452 3385 2537 3428 est
2567 3375 2836 3432 velamine
2864 3392 2880 3442 ;
2911 3379 3037 3449 quia
3071 3378 3212 3437 sicut
3243 3380 3362 3437 the-

1757 3475 1949 3516 saurus
1998 3462 2052 3517 in
2106 3465 2324 3519 occulto
2367 3466 2606 3536 ponitur,
2641 3469 2710 3523 ita
2741 3477 2798 3525 et
2822 3481 3227 3529 sacramentum
3262 3474 3362 3532 Dei

1759 3555 1897 3610 intra
1922 3554 2222 3621 hominem,
2256 3557 2308 3612 id
2333 3569 2435 3626 est,
2471 3560 2524 3615 in
2581 3562 2746 3618 corde
2784 3562 3024 3620 humano
3071 3568 3363 3624 abscondi-

1761 3658 1866 3703 tur.
1902 3649 2055 3705 Hunc
2083 3665 2213 3721 ergo
2247 3650 2563 3709 thesaurum
2595 3655 2649 3710 in
2678 3659 2862 3712 animo
2893 3667 2948 3714 et
2974 3674 3204 3732 corpore
3225 3661 3366 3719 dicit

1759 3756 1883 3796 esse
1905 3756 1934 3794 a
1967 3741 2081 3798 Deo
2109 3742 2316 3809 datum,
2338 3754 2400 3800 ut
2455 3747 2750 3804 eminentia
2806 3750 3023 3808 virtutis
3053 3752 3172 3824 ejus
3194 3769 3366 3826 appa-

1761 3844 1878 3891 reat
1900 3851 1995 3906 per
2027 3837 2279 3896 homines
2312 3842 2699 3909 praedicatores
2729 3845 3046 3915 dumtaxat;
3079 3857 3137 3904 ut
3164 3863 3362 3905 recon-

1763 3931 1978 3988 cilietur
1996 3933 2176 3990 omnis
2215 3935 2397 4007 lingua
2423 3937 2667 3995 Creatori
2712 3955 2834 4009 suo,
2863 3957 2972 3998 non
3004 3942 3070 3998 ad
3101 3942 3369 4000 honoriﬁ-

1763 4028 2000 4082 centiam
2058 4029 2366 4097 hominum,
2406 4032 2500 4088 sed
2537 4033 2655 4102 Dei,
2683 4036 2772 4106 qui
2817 4051 2878 4092 se
2919 4037 3228 4094 manifestat
3267 4053 3368 4108 per

1766 4119 2052 4178 homines:
2078 4124 2169 4193 qui
2195 4139 2319 4180 cum
2365 4126 2600 4183 humiles
2628 4138 2683 4185 et
2708 4130 2946 4201 imperiti
2972 4141 3180 4200 essent,
3209 4147 3367 4191 acce-

1766 4225 1968 4286 perunt
2008 4224 2334 4287 potestatem
2367 4235 2395 4273 a
2439 4220 2552 4277 Deo
2579 4231 2634 4277 et
2685 4223 2940 4294 loquendi
2989 4226 3282 4299 magnalia,
3312 4237 3370 4285 et

1767 4311 1986 4382 agendi.
2022 4312 2038 4348 ί
2066 4311 2281 4369 Fictilia
2312 4329 2446 4387 ergo
2471 4331 2601 4372 vasa
2631 4316 2843 4384 dicens,
2873 4319 3246 4378 inﬁrmitatem
3273 4335 3371 4378 na-

1767 4412 1904 4459 turae
1932 4404 2185 4462 humanae
2215 4407 2510 4478 signiﬁcat,
2532 4425 2652 4480 quae
2673 4409 2808 4466 nihil
2831 4422 3034 4483 potest,
3067 4415 3173 4472 nisi
3195 4431 3226 4472 a
3257 4416 3372 4475 Deo

1768 4497 2043 4568 acciperet
2070 4499 2348 4569 virtutem,
2371 4512 2427 4557 et
2453 4502 2522 4558 ad
2549 4503 2767 4559 tandem
2787 4519 2940 4561 suam
2962 4507 3102 4564 Deus
3128 4525 3225 4580 per
3250 4509 3370 4567 hinc

1769 4608 1828 4649 se
1848 4595 2128 4664 pratdicet,
2171 4612 2292 4669 qua:
2321 4595 2536 4654 inﬁrma
2588 4607 2716 4656 sunt
2742 4616 2758 4667 ;
2793 4611 2850 4658 ut
2878 4602 3050 4674 gloria
3081 4603 3158 4661 illi
3183 4605 3371 4678 detur,

1767 4705 1877 4746 non
1905 4689 2135 4760 homini,
2166 4693 2260 4764 qui
2286 4708 2353 4750 ex
2380 4693 2496 4750 luto
2518 4694 2676 4752 ﬁctus
2697 4705 2801 4753 est.

1843 4784 2026 4856 (Vers.
2059 4787 2141 4859 8.)
2171 4787 2237 4842 In
2282 4790 2518 4845 omnibus
2573 4807 2868 4860 pressuram
2911 4795 3092 4865 passi,
3123 4796 3215 4851 sed
3264 4813 3370 4853 non

1772 4879 2119 4950 coangustati.
2143 4879 2298 4936 Nunc
2330 4881 2570 4939 ostendit
2597 4894 2823 4956 propter
2843 4886 2986 4956 quod
3011 4887 3188 4943 idonei
3211 4897 3375 4944 erant

1772 4973 2163 5042 praedicatores
2194 4990 2210 5041 ;
2241 4976 2367 5046 quia
2415 4991 2635 5050 semper
2665 4979 2774 5036 illis
2828 4980 2882 5036 in
2923 4983 3246 5039 necessitate
3277 4983 3366 5038 ad-

1767 5063 1871 5121 fuit
1895 5066 2057 5123 Dens.
2100 5067 2232 5124 Ideo
2263 5087 2585 5141 pressuram,
2614 5073 2713 5142 ait,
2747 5074 2914 5145 passi,
2940 5076 3031 5132 sed
3078 5093 3181 5132 non
3210 5091 3369 5130 coan-

1769 5161 1965 5231 gustati
1993 5178 2012 5217 :
2045 5161 2148 5219 hoc
2173 5171 2278 5233 est,
2305 5180 2412 5222 non
2457 5167 2705 5237 permisit
2721 5167 2865 5225 Deus
2896 5177 3107 5226 tantum
3145 5182 3247 5224 nos
3272 5182 3372 5240 op-

1851 5326 1869 5364 (
1894 5327 2060 5400 Corb.
2088 5325 2294 5400 Codex,
2317 5328 2408 5383 sed
2426 5346 2518 5400 per
2537 5330 2841 5385 charitatem
2869 5328 3083 5386 Christi.

1847 5398 2237 5465 SRom.edit.,
2265 5402 2351 5471 qui
2391 5398 2587 5471 fuimus
2631 5401 3005 5457 increduli.....
3049 5401 3375 5460 Humiliatur

1772 5471 1984 5546 eninuut
1998 5473 2351 5546 cognitionem
2378 5471 2615 5546 habeant,
2649 5483 2759 5528 etc.
2906 5544 2908 5546 ν

1845 5542 1872 5580 h
1893 5542 2096 5598 Eadem
2127 5544 2260 5598 edit.
2289 5545 2475 5609 Rom.,
2507 5545 2770 5598 Habemus
2796 5544 2972 5598 autem
3002 5546 3376 5606 thesaurum...

1772 5623 1829 5668 ut
1851 5615 2130 5669 eminentia
2150 5616 2282 5669 sit...
2313 5614 2581 5669 Thesauro
2611 5625 3012 5683 sacramentum,
3045 5628 3153 5673 etc.

1853 5686 1868 5723 ί
1905 5686 2039 5741 Cod.
2065 5685 2261 5751 Corh.,
2317 5685 2530 5739 Fictilia
2570 5700 2689 5758 ergo
2718 5701 2841 5758 uasa
2871 5685 3227 5758 inﬁrmitatem
3275 5709 3369 5748 na.

1774 5766 1903 5834 turne
1968 5760 2207 5812 humana:
2266 5757 2590 5828 signiﬁcant,
2628 5755 2776 5828 quia
2837 5755 2971 5814 nihil
3035 5771 3199 5834 potest
3261 5764 3365 5819 au-

1774 5832 1909 5902 quis,
1939 5839 2047 5889 etc.
