3978 6310
618 281 720 338 291

1618 269 1714 327 AD
1753 267 1984 328 optma
2025 267 2272 327 suum
2308 267 2638 328 annuosu
2676 267 3046 326 APPENDIX.
3339 229 3348 240 ’
3793 272 3870 330 ne

615 403 796 472 primi,
819 397 1264 454 utcredercmus.
1290 392 1530 462 Inopiam
1553 392 1930 464 pmsi,sednon
1949 391 2206 447 destituti:
2237 407 2288 468 Α
2317 391 2480 448 l'uturi
2503 401 2664 448 erunt
2693 391 2784 464 qui
2819 391 3048 448 credunt
3079 405 3096 458 ;
3128 391 3254 464 quia
3299 391 3438 447 sicut
3465 390 3520 444 in
3557 391 3722 444 Adam
3740 407 3872 448 me:

614 493 666 550 id
699 507 800 557 εει,
837 493 888 546 in
919 491 1094 560 inopia
1125 489 1316 558 positis
1348 488 1518 542 adluit
1551 497 1736 557 pastor
1761 487 1926 542 Deus.

688 585 872 657 (νει-ε.
905 583 988 654 9.)
1037 581 1457 637 Persecutionem
1495 581 1656 648 passi,
1699 581 1790 634 sed
1830 595 1934 634 non
1957 577 2210 633 derelicti.

613 680 812 736 Verum
839 685 944 740 est,
972 677 1140 746 tlquia
1171 676 1496 730 consulebat
1525 675 1606 728 eis
1635 673 1822 738 Deus;
1851 687 1920 726 ne
1947 671 2080 725 satis
2107 669 2212 724 sibi

609 773 852 828 facerent
883 770 954 826 de
983 769 1070 824 bis
1103 769 1328 824 inimici.
1355 767 1576 838 Dejecti,
1601 767 1688 820 sed
1719 783 1820 820 non
1849 767 2080 836 perimus
2107 779 2124 817 :
2159 761 2212 818 id

611 877 714 930 est,
743 865 1062 921 verberibus
1081 865 1364 934 prostrati,
1391 861 1484 918 sed
1508 861 1761 916 obstante
1789 859 1904 916 Deo
1933 874 2044 914 non
2067 871 2218 912 mor-

609 965 832 1030 tiﬁcati;
865 967 982 1022 sive
1023 966 1170 1020 enim
1225 963 1422 1026 clausi,
1461 963 1574 1016 sive
1627 955 1906 1018 vinculati,
1935 951 2214 1024 adjutorio

611 1057 714 1113 Dei
739 1073 930 1112 manus
973 1056 1208 1112 hostium
1255 1055 1580 1111 evadebant.
1627 1051 1870 1120 Denique
1917 1047 2118 1102 Paulus
2157 1053 2214 1098 et

605 1152 752 1208 Silus
783 1167 906 1208 cum
959 1161 1146 1208 essent
1183 1151 1380 1214 clausi,
1409 1149 1522 1220 jam
1557 1149 1707 1214 etesi,
1742 1153 1796 1202 et
1829 1143 1996 1216 pedes
2018 1155 2210 1198 eorum

607 1245 720 1315 jam
745 1254 930 1300 essent
959 1245 1014 1298 in
1067 1259 1240 1298 nervo
1265 1241 1548 1306 conclusi;
1579 1241 1788 1296 alacres
1829 1240 2088 1309 hymnum
2119 1249 2212 1288 ca-

607 1341 816 1396 nebant
845 1338 980 1403 Deo,
1013 1335 1274 1392 fortiores
1305 1337 1372 1390 iis
1417 1335 1567 1399 facti,
1597 1333 1688 1404 qui
1715 1347 1820 1385 non
1849 1338 2006 1386 erant
2025 1327 2172 1382 caesi.

682 1434 862 1504 (Vers.
891 1433 1005 1504 ιθ.)
1037 1433 1256 1500 Semper
1273 1443 1488 1484 mortem
1513 1426 1726 1482 Domini
1751 1423 1884 1480 Jesu
1913 1425 1968 1478 in
1997 1437 2214 1488 corpore

609 1541 788 1584 nostra
817 1529 1240 1598 circumferentes
1264 1542 1282 1592 ;
1313 1525 1472 1597 180
1501 1533 1556 1578 ut
1601 1533 1650 1577 et
1681 1523 1786 1576 vita
1815 1519 1948 1574 Jesu
1999 1519 2052 1571 in
2095 1533 2214 1570 cor-

609 1638 732 1694 pore
779 1631 951 1675 nostra
999 1621 1378 1690 manifestatur.
1415 1617 1646 1671 Dubiunt
1695 1631 1802 1670 non
1847 1621 1950 1676 est,
2003 1608 2126 1680 quia
2156 1607 2210 1662 in

609 1717 942 1788 martyribus
973 1716 1218 1771 Christus
1245 1713 1534 1778 occiditur,
1581 1722 1636 1768 et.
1661 1713 1714 1766 in
1745 1712 1814 1766 iis
1855 1709 1946 1779 qui
1977 1721 2074 1777 pro
2107 1705 2212 1761 tide

2319 491 2628 556 moriuntur,
2645 491 2716 543 ita
2737 500 2784 544 et
2815 491 2866 543 in
2885 487 3090 544 Christo
3110 503 3288 544 omnes
3309 486 3728 556 rioiﬁcabuntur.
3743 489 3872 542 Ada

2317 583 2460 640 enim
2493 583 2668 640 forma
2697 585 2890 639 mortis
2915 591 3020 648 est,
3044 598 3206 639 causa
3241 583 3454 653 peccati
3487 582 3878 638 :Cltristusm'o

2317 676 2490 732 forma
2539 676 2664 732 vita:
2707 687 2928 748 propter
2971 677 3281 748 justitiam;
3314 675 3448 746 quia
3487 685 3760 747 peccatum
3799 693 3878 734 nou

2317 767 2470 836 fecit,
2493 785 2596 825 nec
2616 769 2776 825 dolus
2805 771 3060 826 inventus
3083 779 3170 826 est
3197 771 3250 825 in
3281 787 3380 828 ore
3411 773 3552 840 ejus.
3577 769 3644 826 Et
3665 773 3878 841 quoniam

2321 865 2616 937 participes
2645 865 2744 920 hos
2769 866 3076 920 Communis
3101 865 3226 922 ﬁdei
3253 865 3425 934 dixit,
3459 867 3798 928 resuscitator,
3821 867 3880 920 ia~

2314 961 2452 1030 quit,
2483 962 2758 1016 constituet
2803 962 3064 1016 vobiscum
3087 977 3108 1026 ;
3131 973 3186 1014 ut
3217 963 3378 1016 unius
3411 961 3536 1016 ﬁdei
3581 961 3634 1016 in
3659 977 3754 1014 una
3799 963 3877 1015 sint

2315 1053 2482 1108 domo
2512 1055 2680 1125 pacis.
2723 1051 2862 1109 Cum
2917 1054 3062 1109 enim
3121 1054 3434 1124 intelligunt
3475 1053 3602 1124 quia
3654 1071 3746 1122 pro
3781 1056 3878 1122 ipsis

2317 1148 2598 1214 patiuntur
2622 1148 2810 1214 exitia,
2839 1157 2894 1204 et
2925 1148 3010 1203 isti
3059 1148 3276 1204 solliciti
3309 1159 3438 1202 sunt
3477 1147 3550 1203 de
3577 1146 3876 1217 passion-ibas

2315 1241 2510 1296 borum
2545 1241 2694 1296 velut
2720 1243 3136 1311 compatientes,
3162 1241 3402 1296 simulet
3445 1241 3734 1311 participes
3753 1249 3878 1294 eram

2317 1339 2370 1392 in
2401 1339 2508 1392 vita
2541 1339 2810 1408 promissa
2841 1355 2854 1402 ;
2908 1349 2966 1392 ut
2998 1337 3162 1394 simul
3219 1339 3555 1404 contristati,
3601 1337 3758 1392 simul
3781 1353 3882 1408 gau-

2316 1431 2500 1486 deant.
2559 1431 2790 1499 Propter
2841 1429 2965 1486 illos
3017 1429 3096 1485 sic
3163 1431 3440 1501 loquitur,
3493 1430 3586 1499 qui
3639 1444 3880 1486 resurrec-

2317 1525 2520 1582 tionem
2553 1525 2840 1595 negabant,
2877 1539 3013 1596 quos
3043 1533 3098 1580 et
3151 1527 3204 1580 in
3243 1525 3418 1595 prima
3451 1525 3680 1596 epistola
3707 1541 3878 1594 expro-

2313 1617 2458 1674 brat.

2389 1711 2572 1784 (Vers.
2597 1712 2685 1778 li,
2713 1709 2830 1783 lii.)
2859 1709 3048 1764 Omnia
3075 1710 3214 1764 enim
3236 1721 3454 1783 prapter
3475 1725 3586 1776 eos,
3621 1719 3646 1758 ε
3673 1713 3878 1782 nigram

606 1809 634 1849 ιι
661 1811 941 1881 patiuntur
963 1819 1054 1864 aut
1081 1810 1285 1876 exitus,
1312 1819 1404 1862 aut
1424 1808 1660 1871 vincula,
1679 1815 1772 1860 aut
1795 1803 2024 1859 verbera
2055 1797 2212 1856 Cbri—
2243 1797 2294 1858 Β
2317 1803 2608 1871 abundans,
2653 1820 2746 1875 per
2775 1805 3057 1858 multorum
3085 1805 3372 1875 gratiarum
3419 1805 3668 1858 actionem
3691 1803 3880 1856 abundet

608 1907 678 1960 sti
712 1905 998 1975 passiones
1021 1913 1186 1970 sunt;
1221 1911 1280 1958 ut
1299 1913 1356 1958 et
1383 1903 1488 1958 vita
1517 1903 1634 1972 ejus
1679 1903 1732 1955 in
1771 1913 2002 1969 corpore
2023 1911 2212 1952 eorum

608 1999 788 2070 palam
813 1999 923 2052 ﬁat.
951 1997 1244 2052 Passioues
1271 1997 1420 2052 enim
1450 2005 1596 2061 sunt,
1629 2010 1750 2064 quae
1771 1991 2068 2048 ostendunt
2095 2003 2210 2044 me-

607 2093 772 2148 ritum
805 2093 870 2146 ad
925 2091 1164 2146 futuram
1196 2091 1386 2156 vitam,
1421 2105 1582 2159 quant
1635 2087 1884 2160 promisit
1937 2085 2210 2141 Christus.

609 2182 768 2240 Unde
800 2185 905 2240 alio
939 2185 1062 2238 loco
1091 2183 1226 2238 dicit
1254 2197 1268 2236 :
1296 2180 1426 2237 Cum
1457 2182 1713 2252 inﬁrmor,
1745 2190 1868 2234 tunc
1891 2188 2068 2250 potens
2101 2192 2212 2230 sum

605 2277 676 2348 (ll
705 2277 823 2333 Cor.
857 2293 957 2341 xu,
983 2275 1098 2348 10).
1131 2277 1198 2331 Et
1225 2277 1422 2332 iterum
1451 2294 1464 2330 :
1488 2274 1592 2330 Per
1623 2275 1982 2329 tribulatioues
2009 2279 2220 2342 oportet

605 2386 702 2426 uos
725 2371 924 2424 intrare
945 2371 997 2424 iu
1023 2386 1244 2442 regnum
1267 2368 1366 2424 Dei
1395 2369 1534 2440 (Act.
1559 2384 1670 2434 xw,
1697 2367 1813 2436 2!).

675 2465 860 2538 (Vers.
891 2465 1004 2536 Η.)
1032 2475 1052 2502 θ
1089 2465 1152 2520 Si
1197 2479 1318 2538 ergo
1365 2479 1460 2517 nos
1485 2464 1572 2526 qui
1601 2462 1842 2526 vivimus,
1897 2459 1954 2512 in
1995 2467 2212 2512 mortem

603 2561 865 2616 tradimur
888 2569 1101 2630 promer
1127 2558 1308 2614 Iesum
1335 2575 1354 2625 ;
1379 2567 1432 2612 ut
1459 2568 1504 2611 et
1535 2557 1640 2612 uita
1667 2553 1796 2608 Jesu
1841 2554 2014 2622 palam
2041 2551 2134 2621 ﬁat
2157 2551 2212 2604 in

606 2653 704 2706 hac
727 2652 940 2706 mortali
993 2666 1149 2704 carne
1203 2659 1404 2704 nostra.
1464 2649 1722 2718 Apertum
1777 2656 1861 2701 est
1885 2645 2030 2716 quod
2060 2643 2208 2706 dicit,

603 2751 730 2818 quia
755 2744 880 2800 ideo
913 2745 964 2798 in
1017 2753 1248 2798 mortem
1297 2741 1434 2797 tradi
1497 2748 1720 2811 propter
1769 2739 1976 2800 Jesum,
2009 2737 2208 2808 inquit,

607 2853 718 2894 non
753 2851 1094 2902 recusamus,
1122 2849 1244 2890 cum
1293 2833 1568 2904 possimus
1615 2833 1802 2886 virere
1833 2839 1934 2896 ;ut
1975 2829 2082 2884 vita
2106 2841 2211 2897 qua

608 2930 912 2988 resurrexit
969 2945 998 2982 a
1045 2929 1276 2982 mortuis
1312 2925 1588 2991 Christus,
1633 2923 1760 2980 huic
1811 2923 2034 2979 mortali
2062 2921 2213 2976 carni

613 3031 820 3080 nostra:
843 3029 1156 3092 pra-metor,
1191 3021 1294 3074 hoc
1317 3029 1423 3080 est,
1459 3033 1564 3074 non
1607 3021 1800 3074 timere
1829 3018 1966 3072 mori
1991 3025 2212 3088 propter

607 3120 1069 3178 resurrectionem
1102 3117 1450 3186 promissam.

2315 1897 2386 1950 ad
2423 1897 2646 1968 gloriam
2667 1895 2788 1952 Dei.
2823 1899 2864 1952 A
2921 1911 3152 1952 munere
3176 1913 3276 1952 suo
3307 1897 3454 1950 Deus
3485 1897 3690 1951 nullum
3740 1897 3880 1951 voluit

2315 2007 2440 2048 esse
2465 1993 2708 2048 alienum
2742 2011 2754 2046 :
2789 2001 2846 2049 et
2893 1995 3016 2060 quia
3048 2009 3155 2047 non
3217 2007 3410 2047 omnes
3440 1992 3658 2063 capiunt
3685 1991 3878 2046 verba

2319 2089 2462 2153 lidei,
2503 2087 2792 2158 Apostolus
2821 2087 2916 2142 Dei
2947 2087 3282 2142 voluntatem
3315 2088 3518 2150 sciens,
3579 2085 3877 2157 persecutio

2317 2197 2417 2237 nes
2445 2191 2500 2238 et
2529 2182 2769 2252 pericula
2799 2183 2908 2252 pati
2961 2197 3066 2236 non
3085 2180 3311 2247 timuit,
3347 2179 3640 2236 dummodo
3661 2179 3878 2234 cornibus

2316 2274 2554 2330 ﬁdeliter
2575 2277 2926 2345 prmdicaret,
2961 2286 3018 2330 ut
3070 2275 3255 2346 plures
3295 2283 3518 2344 possent
3561 2273 3818 2336 credere;
3845 2281 3878 2324 ut

2315 2368 2598 2424 abundans
2629 2370 2829 2423 donum
2865 2367 2964 2423 Dei
2994 2385 3100 2422 non
3143 2383 3240 2438 per
3281 2383 3578 2440 paucorum
3617 2367 3876 2438 gratiarum

2315 2465 2588 2520 actionem
2620 2465 2958 2520 minueretur
2983 2463 3048 2516 ad
3081 2462 3469 2518 contumeliam
3495 2461 3608 2522 Dei.
3640 2461 3730 2515 sed
3769 2463 3874 2514 mi-

2321 2559 2390 2613 tis
2415 2557 2700 2627 prnﬁcieus
2725 2557 2972 2612 afﬂueret
3019 2571 3118 2627 per
3151 2557 3444 2611 multorum
3492 2555 3782 2626 gratiarum
3809 2567 3872 2606 sc-

2321 2651 2520 2705 tionetn
2554 2650 2620 2704 ad
2649 2649 2876 2720 gloriam
2905 2649 3022 2704 Dei.
3056 2649 3272 2717 Quanto
3297 2663 3432 2720 ergo
3473 2649 3559 2703 hic.
3587 2649 3774 2719 dignus
3803 2649 3872 2701 ha-

2315 2763 2448 2802 nore
2474 2755 2577 2814 est,
2611 2746 2700 2817 qui
2749 2745 2984 2800 animam
3018 2759 3172 2799 suam
3204 2759 3428 2814 semper
3447 2741 3606 2798 morti
3633 2742 3870 2811 subjecit;

2315 2855 2382 2896 ne
2410 2841 2612 2895 dmum
2637 2837 2736 2895 Dei
2775 2838 2934 2909 longe
2981 2837 3144 2892 aliter
3189 2835 3506 2908 proﬁceret,
3537 2850 3690 2906 quam
3715 2834 3870 2888 datum

2315 2945 2400 2992 est
2424 2937 2448 2990 ?
2469 2933 2748 3006 Numquid
2795 2949 2902 2988 non
2961 2947 3156 3004 magna
3183 2929 3516 2987 contumelia
3539 2931 3654 2999 ejus
3681 2941 3782 2992 εει,
3812 2929 3872 2998 qri

2311 3046 2524 3087 umnam
2557 3029 2762 3086 faciens
2782 3029 3119 3099 Optilentam,
3165 3043 3230 3084 ac
3257 3027 3464 3082 multos
3485 3025 3732 3090 inritans,
3775 3035 3872 3092 pau-

2313 3139 2408 3179 cos
2435 3123 2600 3180 habet
2632 3124 2684 3178 in
2715 3137 2930 3178 summa
2955 3123 2979 3176 ?

683 3217 866 3288 (Vers.
901 3213 1014 3284 12.)
1049 3211 1238 3282 Itaque
1285 3228 1426 3267 mors
1452 3210 1658 3282 quidem
1687 3211 1742 3264 in
1769 3209 1916 3264 nobis
1938 3217 2206 3276 operatur,

2360 3215 2662 3288 (νει-816.)
2687 3215 3012 3287 Quapropter
3033 3231 3136 3269 non
3157 3214 3448 3285 deﬁcimus.
3475 3211 3802 3268 Mani-festum
3815 3217 3872 3266 est

605 3311 714 3366 vita
732 3309 920 3364 veroiu
949 3307 1112 3363 uobis.
1147 3307 1258 3376 Iloc
1307 3305 1456 3370 dicit,
1489 3307 1612 3376 quia
1659 3319 1756 3373 pro
1807 3303 1982 3357 salute
2021 3315 2210 3356 eorum

609 3407 774 3462 morti
823 3401 1302 3473 subjiciebantur;
1346 3399 1600 3470 gentibus
1645 3399 1788 3452 enim
1825 3395 2210 3466 praedicantes,

607 3499 922 3558 inimicitias
951 3497 1053 3552 sibi
1085 3495 1400 3552 excitabant
1445 3501 1554 3548 tam
1584 3507 1612 3546 a
1639 3491 1864 3557 Judazis,
1895 3505 2058 3561 quam
2083 3503 2214 3558 gen-

609 3597 820 3662 tilibus,
849 3609 1022 3664 usque
1053 3592 1118 3646 ad
1145 3599 1400 3646 mortem.

678 3689 859 3763 (Vers.
897 3687 1012 3758 15.)
1041 3684 1300 3738 Habentes
1321 3689 1494 3736 autem
1529 3679 1764 3734 eumdem
1779 3677 2021 3747 spiritum
2041 3673 2165 3745 ﬁdei
2192 3689 2210 3727 :

605 3785 710 3841 hoc
755 3790 862 3851 est,
893 3791 1238 3836 communem
1273 3771 1300 3812 ἀ
1343 3775 1620 3846 spiritum,
1655 3789 1752 3843 per
1805 3786 1967 3842 quem
2023 3769 2210 3822 ﬁrma-

604 3892 692 3936 tur
743 3877 900 3943 ﬁdes,
933 3876 1202 3931 habemus
1229 3872 1533 3928 vobiscum.
1588 3869 1718 3924 Ideo
1769 3868 1912 3922 enim
1939 3879 2038 3937 pro
2077 3863 2208 3935 ipsis

603 3981 751 4028 tanta
777 3971 1084 4041 patiebatur
1127 3970 1291 4034 mala,
1327 3975 1390 4021 ut
1416 3965 1652 4019 invicem
1683 3962 1788 4018 sibi
1819 3960 2208 4028 copularentur

603 4065 660 4120 in
690 4063 814 4119 ﬁde.
845 4061 1144 4118 Secundum
1180 4059 1319 4129 quod
1363 4057 1606 4128 scriptum
1641 4062 1714 4108 est
1746 4069 1764 4106 :
1787 4050 2021 4116 Credidi,
2053 4065 2210 4129 prap-

607 4168 684 4214 ter
709 4157 843 4226 quod
885 4155 1088 4209 locutus
1127 4125 1242 4206 sum
1267 4167 1285 4216 ;
1314 4159 1360 4204 et
1389 4125 1482 4203 nos
1521 4147 1800 4212 credimus,
1835 4153 2042 4216 propter
2067 4125 2208 4213 quod

608 4261 654 4306 et
677 4250 936 4321 loquimur
979 4245 1098 4317 (Ps.
1123 4259 1252 4310 cxv,
1286 4243 1360 4313 l).
1421 4239 1742 4310 Exemplum
1783 4239 1910 4293 ideo
1947 4237 2098 4292 dedit
2138 4235 2210 4290 de

607 4343 820 4415 psalmo
843 4340 1140 4396 centesimo
1163 4336 1372 4391 decimo
1401 4335 1610 4402 quinto,
1645 4341 1701 4388 ut
1747 4330 2062 4386 ostenderet
2083 4327 2210 4382 ideo

607 4452 670 4493 se
699 4447 1008 4506 promptum
1051 4445 1176 4486 esse
1206 4429 1272 4482 ad
1303 4427 1486 4482 omnia
1531 4425 1839 4492 toleranda,
1881 4425 2004 4492 quia
2035 4421 2210 4478 credit

611 4529 848 4584 futuram
874 4523 1354 4581 resurrectionem.
1377 4519 1615 4576 Securus
1632 4533 1764 4590 ergo
1778 4518 1846 4573 de
1873 4517 2048 4571 futura
2071 4516 2202 4581 vita,

2317 3308 2434 3364 haec
2455 3309 2519 3362 ad
2533 3311 2872 3378 superiorem
2893 3322 3116 3362 sensum
3133 3307 3496 3377 pertinere;ut
3511 3304 3650 3360 enim
3667 3303 3868 3360 devotio-

2314 3419 2436 3458 nem
2460 3417 2612 3457 suam
2629 3402 2804 3456 adhuc
2823 3400 3232 3472 propensiorem
3245 3401 3304 3454 in
3319 3399 3418 3455 Dei
3447 3399 3610 3454 rebus
3633 3395 3866 3454 ostendat.

2317 3499 2432 3552 Iure
2453 3497 2708 3566 subiecit,
2737 3495 2936 3568 quibus
2959 3496 3110 3549 nullo
3137 3509 3342 3566 genere
3369 3493 3604 3550 deiicere
3631 3507 3692 3548 se
3715 3490 3870 3563 probat

2311 3590 2606 3661 quominus
2629 3589 2680 3644 id
2703 3589 2846 3661 quod
2881 3589 2994 3644 Deo
3026 3588 3284 3656 placitum
3328 3597 3434 3656 est,
3473 3588 3786 3657 impleatur;
3807 3598 3872 3638 sco

2311 3701 2478 3742 curus
2507 3695 2689 3741 tamen
2735 3685 2804 3740 de
2829 3685 3234 3740 resurrectione
3259 3685 3550 3753 promissa.
3573 3682 3602 3718 ιι
3629 3681 3696 3736 Et
3721 3683 3820 3736 licet
3837 3679 3868 3733 si

2311 3781 2536 3835 exterior
2563 3779 2714 3834 homo
2739 3789 2916 3833 noster
2961 3778 3354 3850 corrumpitur;
3395 3777 3488 3832 sed
3515 3777 3722 3830 interior
3755 3787 3868 3828 reae-

2310 3881 2458 3928 ratur
2479 3873 2542 3926 de
2563 3874 2644 3926 die
2671 3873 2724 3926 in
2747 3872 2903 3927 diem.
2927 3871 3230 3936 Pressuris,
3254 3871 3450 3942 plagis,
3487 3870 3652 3938 fame,
3679 3868 3778 3934 siti,
3801 3865 3866 3922 fri-

2309 3979 2462 4036 gore,
2491 3965 2734 4020 nuditate
2759 3979 2890 4020 caro
2917 3965 3313 4034 corrumpitur,
3343 3963 3440 4020 sed
3487 3965 3664 4018 anima
3705 3977 3792 4032 spe
3811 3959 3868 4012 la-

2310 4060 2414 4114 turi
2451 4059 2655 4130 praemii
2681 4068 2974 4114 renovatur
3003 4075 3018 4122 ;
3045 4057 3168 4129 quia
3199 4057 3442 4114 assiduis
3473 4056 3868 4113 tribulationibus

2311 4161 2592 4222 purgatur.
2620 4151 2840 4207 Proﬁcit
2865 4153 3010 4207 enim
3065 4155 3118 4206 in
3151 4166 3430 4221 pressura,
3466 4167 3572 4207 non
3603 4151 3790 4216 interit,
3813 4149 3864 4202 ita

2311 4255 2370 4300 ut
2399 4246 2786 4301 accedentibus
2816 4245 3212 4301 tentatiouibus
3259 4246 3505 4316 quotidie
3555 4247 3780 4318 acquirat
3813 4241 3864 4296 ad

2311 4339 2564 4393 meritum
2591 4353 2606 4404 ;
2639 4339 2762 4406 quia
2811 4349 2866 4392 et
2906 4339 3122 4408 corpori
3152 4340 3436 4411 corruptio
3467 4341 3620 4413 181
3641 4341 3742 4394 hzec
3771 4349 3864 4407 pto-

2311 4431 2420 4486 licit
2444 4432 2508 4486 ad
2529 4431 2990 4486 immortalitatem
3019 4431 3214 4487 merito
3242 4433 3462 4488 animm.

2381 4524 2562 4596 (Vers.
2583 4525 2608 4577 l
2618 4524 2695 4596 7.)
2711 4522 2778 4577 Id
2791 4525 2928 4578 enini-
2935 4541 3000 4595 qu
3007 4524 3073 4578 od
3086 4524 3142 4578 in
3153 4539 3350 4594 prterea
3358 4528 3396 4580 ti
3411 4537 3486 4582 est
3503 4535 3864 4581 momentum»:

611 4621 900 4694 p-rtcsentis
923 4621 1048 4672 vita:
1073 4631 1178 4672 non
1210 4615 1378 4670 habet
1408 4628 1596 4668 curam
1625 4630 1640 4678 ;
1669 4621 1691 4649 θ
1719 4613 1920 4682 quippe
1949 4625 2069 4664 cum
2099 4607 2202 4662 hoc
2229 4605 2284 4664 D
2307 4628 2354 4672 et
2374 4617 2482 4672 tere
2511 4633 2768 4687 ρνεεευτω
2805 4627 3025 4682 ποεῖν-αξ,
3057 4635 3218 4689 supra
3245 4615 3456 4674 modum
3495 4623 3546 4674 ίη
3593 4618 3864 4674 wuth

607 4719 880 4782 credatur,
929 4724 990 4769 ut
1039 4723 1163 4768 tunc
1215 4712 1308 4766 illa
1353 4697 1512 4765 beata
1543 4709 1650 4763 vita
1681 4715 1952 4776 Speretur,
1987 4705 2030 4760 si
2087 4707 2206 4760 haec

605 4819 1006 4870 contemnatur.
1037 4807 1276 4864 Securus
1328 4821 1460 4876 ergo
1487 4805 1614 4874 quia
1659 4801 1804 4874 quod
1834 4800 2086 4868 credidit,
2110 4815 2205 4854 ve-

605 4925 726 4967 rum
758 4915 864 4974 est,
889 4904 1054 4958 audet
1079 4903 1182 4957 hoc
1223 4900 1544 4971 praedicare,
1596 4907 1653 4952 ut
1692 4907 1922 4952 caeteros
1945 4897 2062 4964 spei
2089 4909 2204 4950 suae

598 5003 898 5080 participes
921 4999 1101 5054 faciat.
1122 4997 1356 5051 Scientes
1379 4993 1516 5060 quod
1539 4995 1624 5061 qui
1641 4992 1906 5047 suscitauit
1923 4989 2206 5043 Dominum-

601 5099 803 5164 Jesum,
827 5095 846 5134 ί
874 5103 924 5149 et
946 5107 1180 5148 nonnum
1204 5087 1330 5143 Iesu
1375 5085 1636 5141 suscitabit
1660 5095 1706 5140 et
1735 5085 2004 5140 constituet
2034 5084 2200 5138 robio-

599 5209 737 5256 curn.
786 5190 897 5245 Hac
938 5199 1038 5256 spe
1084 5183 1218 5238 dicit
1269 5178 1510 5234 laborari
1560 5185 1776 5248 propter
1825 5177 2018 5242 ﬁdem,
2070 5176 2204 5242 quia.

595 5285 908 5357 exemplum
935 5276 1194 5352 prmcedit
1223 5272 1636 5329 resurrectionis
1659 5271 1871 5326 Domini
1897 5269 2048 5336 Jesu,
2069 5268 2198 5340 quid

669 5432 697 5462 ιι
727 5421 874 5477 [deut
905 5415 1028 5472 cod.
1059 5409 1220 5470 Corb.
1239 5449 1255 5476 ,
1282 5402 1661 5460 Consotabatur
1699 5421 1784 5458 eos
1813 5403 1976 5460 Deus.

667 5495 696 5532 h
729 5495 882 5547 “Olli.
944 5487 1104 5548 edit.,
1155 5480 1442 5536 Patiuntur
1481 5485 1572 5530 aut
1608 5477 1834 5543 exsilia;
1865 5478 2096 5546 reliqum
2135 5493 2199 5532 ac

599 5580 732 5621 mss.
761 5605 776 5626 ,
836 5561 1114 5630 patiuntur
1163 5563 1256 5610 aut
1309 5550 1516 5614 exitus,
1581 5548 1634 5604 id
1685 5559 1770 5604 est
1800 5589 1816 5614 ,
1875 5549 2041 5604 obitus
2099 5565 2201 5603 cu:-

782 5647 791 5682 t
835 5673 849 5688 .

602 5638 926 5760 dci’lgaflem
950 5701 1112 5756 linus.
1135 5697 1294 5762 edit.,
1327 5695 1546 5763 Semper
1567 5694 1698 5749 enim
1731 5709 1822 5748 nos
1849 5694 1938 5764 qui
1961 5693 2193 5748 uiuimus.

597 5779 664 5836 Et
698 5776 860 5840 infla,
892 5775 992 5828 ltoc
1021 5781 1126 5836 rati,
1153 5771 1508 5840 nominatum
1541 5766 1688 5820 mori.

663 5845 690 5888 ιι
723 5835 859 5906 (god,
917 5835 1142 5909 Laud.’,
1193 5839 1448 5911 Spiritum
1501 5851 1652 5920 quem
1689 5836 1842 5906 ﬁrma
1889 5835 1994 5908 ﬁde
2048 5835 2198 5894 habe-

2307 4721 2554 4767 (νισι-παθη
2585 4713 2768 4784 gloria:
2807 4711 3010 4781 pondus
3053 4723 3302 4784 operatur
3322 4715 3378 4768 in
3405 4715 3569 4772 nobis.
3611 4713 3862 4770 Prusentis

2306 4806 2571 4873 temporis
2601 4805 3014 4870 tribulationes,
3060 4821 3182 4876 quae
3225 4821 3386 4862 causa
3419 4807 3544 4862 ﬁdei
3585 4809 3864 4880 ingeruntur

2306 4909 2720 4953 momentaneas
2749 4908 2798 4952 et
2834 4897 2986 4953 leves
3023 4898 3188 4964 dicit,
3227 4901 3350 4966 quia
3383 4911 3510 4955 sunt
3547 4900 3860 4970 temporales;

2303 5005 2466 5059 supra
2499 4990 2718 5045 modum
2751 5001 2930 5045 tamen
2973 4991 3027 5046 in
3053 4991 3390 5050 sublimitate
3415 5005 3666 5051 aeternum
3698 4993 3860 5064 gloria

2305 5085 2522 5155 pondus
2555 5086 2778 5154 operari
2819 5087 3176 5156 patientibus.
3218 5087 3409 5144 Panis
3448 5093 3584 5146 enim
3623 5089 3861 5146 laboribus

2307 5193 2498 5250 niagna
2527 5178 2778 5233 redditur
2805 5195 3018 5236 merces
3039 5223 3053 5248 ,
3086 5190 3138 5237 et
3172 5197 3280 5252 pro
3297 5185 3402 5239 levi
3433 5183 3766 5242 tribulatione
3791 5197 3862 5236 stt—

2303 5289 2399 5344 pra
2431 5273 2651 5328 modum
2693 5273 2995 5329 sublimitas
3023 5275 3212 5344 gloriae
3251 5279 3563 5348 pensabitur
3595 5287 3860 5349 perpetuae.
3889 5269 3904 5302 '

2307 5424 2421 5462 ntus
2439 5408 2726 5462 vobiscum.

2379 5479 2547 5557 sVet.
2580 5481 2708 5534 edit.
2737 5495 2802 5536 ac
2853 5495 2982 5536 mss.
3017 5483 3242 5556 aliquot,
3275 5497 3572 5557 praisean
3595 5485 3740 5539 vitam
3773 5499 3856 5538 non

2307 5551 2456 5606 habet
2488 5567 2686 5605 earum.

2383 5624 2400 5662 ί
2437 5623 2598 5696 bium.
2633 5623 2794 5696 edit"
2821 5635 2870 5680 et
2891 5641 2988 5680 nos
3016 5644 3106 5696 per
3127 5627 3310 5684 Iesum
3330 5631 3600 5686 suscitabit.

2379 5706 2402 5742 Β
2435 5695 2636 5749 Eadem
2663 5695 2820 5750 Rom.
2847 5699 3006 5759 cdit.,
3033 5711 3089 5754 ut
3109 5700 3302 5756 donum
3323 5705 3596 5758 abundans.

2379 5765 2404 5802 ¹ι
2429 5765 2586 5848 Rom.
2615 5766 2781 5848 edit.,_
2801 5765 2870 5822 Et
2899 5769 3018 5826 licet
3037 5773 3124 5841 qui
3149 5773 3276 5840 foris
3302 5787 3376 5829 est
3398 5775 3540 5831 homo
3565 5777 3724 5826 uoster
3759 5785 3858 5824 cor-

2309 5847 2601 5912 rumpatur,
2627 5841 2846 5896 interior
2873 5849 3063 5912 tamen,
3087 5851 3191 5900 etc.
