3978 6310
93 270 184 326 295

818 258 1102 322 (ΣΟΜΜΒΝ
1111 258 1320 316 TARIA
1359 257 1426 314 IN
1467 258 1682 318 EPIST.

1813 269 1822 320 l
1858 257 2182 316 COBINTH.
2225 253 2543 319 SECUNDA
2556 261 2626 316 Μ.

3265 262 3373 317 294

155 383 318 457 (Vers.
356 378 472 453 18.)
499 380 619 436 Non
641 378 1100 445 contemplantibus
1121 396 1236 449 qua:
1276 380 1536 446 videnlur;
1568 379 1657 433 sed
1685 381 1736 442 Α
1762 379 1852 434 sed
1875 381 2252 447 superindui;t
2325 383 2658 436 absorbeatur
2683 383 2899 436 mortale
2911 381 3006 436 hoc
3026 397 3058 435 a
3077 381 3199 434 rita.
3229 379 3376 433 ldctn

95 494 189 550 qua:
207 493 296 530 non
319 475 582 538 videnlur;
610 491 721 543 qtae
739 474 874 528 enim
889 473 1144 539 videntur,
1168 473 1476 540 temporalia
1497 483 1620 528 sunt
1643 490 1661 528 :

93 587 194 642 qua:
214 586 323 623 vera
347 585 450 623 non
469 579 764 634 cernuntur,
795 581 984 623 (eterna
1012 579 1150 626 sunt.
1187 569 1524 624 Desidertum
1558 584 1663 625 ra:-

97 663 284 720 lestiutn
323 670 379 716 et
404 660 762 731 Spiritualium
810 661 1100 726 habentes,
1144 663 1260 716 ha'c
1289 663 1584 732 praesentia
1615 671 1670 718 et

1768 485 1964 527 sensus
1994 482 2105 538 est,
2141 474 2262 529 ideo
2292 491 2438 529 enim
2464 476 2600 530 dicit
2620 485 2876 541 graVatos
2902 490 3000 528 nos
3030 473 3378 544 passionibus

1771 569 2049 636 corporis,
2084 567 2102 607 ί
2134 579 2189 623 et
2228 569 2398 638 ipsius
2437 570 2623 624 mundi
2657 570 3073 640 tempestatibus
3096 610 3109 632 ,
3145 567 3385 636 postula-

1772 661 1948 715 tiones
1971 660 2038 714 ad
2072 660 2239 717 Deum
2267 662 2504 732 dirigere
2523 704 2536 726 ,
2563 680 2629 716 ne
2657 663 3006 718 immutetnur
3029 661 3182 726 victi,
3216 669 3265 714 et
3301 660 3385 714 in-

96 766 286 812 terreua
311 769 572 824 spernere
602 753 918 826 profitetur;
950 755 1078 822 quia
1103 754 1168 808 ad
1200 756 1671 822 comparationem
1772 753 1921 824 digni
1939 753 2242 812 efficiamur
2267 756 2395 810 :sed
2410 764 2466 810 ut
2487 758 2777 823 contigerit
2799 759 3001 822 exitus,
3029 769 3385 824 perseveran-

95 849 428 922 Spiritualium
479 847 594 904 hare
632 849 777 904 nulla
810 858 956 903 sunt.
993 848 1082 904 Sic
1108 849 1250 904 enim
1283 858 1409 904 sunt
1446 850 1559 906 hmo
1604 847 1672 902 ad

93 956 322 1012 superna.
355 942 625 1011 quomodo
655 943 819 1012 ﬁgura
846 940 912 995 ad
948 944 1229 996 veritatem
1265 959 1274 997 '.
1312 943 1478 1010 ﬁgura
1509 941 1676 1010 depe-

94 1038 172 1102 rit,
200 1035 398 1098 veritas
423 1045 635 1100 manet;
663 1051 726 1090 ac
755 1049 853 1104 per
894 1034 998 1089 hoc
1035 1036 1186 1091 exire
1228 1035 1296 1090 de
1326 1035 1432 1089 isto
1476 1033 1679 1090 mulo

93 1146 187 1186 non
217 1137 456 1188 metuunt
479 1128 632 1200 jusﬁ,
664 1128 758 1184 sed
791 1128 1049 1196 gaudent.

704 1218 936 1277 CAPUT
973 1219 1036 1274 V.

156 1313 323 1382 (Vers.
357 1309 436 1382 1.)
483 1313 688 1369 Scimus
735 1323 907 1367 autem
953 1313 1080 1382 quia
1108 1313 1153 1367 si
1197 1311 1454 1368 terrestris
1497 1311 1682 1365 domus

93 1418 251 1461 nostra
291 1407 448 1479 hujus
480 1407 814 1461 habitatioais
850 1406 1194 1471 dissolvatur,
1225 1407 1352 1478 quia
1379 1405 1682 1476 wdiﬁcatio-

95 1515 196 1553 nem
246 1515 305 1552 ex
363 1497 472 1552 Deo
528 1498 802 1563 habemus,
861 1499 1072 1552 domum
1125 1516 1226 1554 non
1284 1501 1681 1570 manufactam,

94 1605 316 1651 (sternam
359 1595 416 1648 in
459 1595 618 1652 caelis.
671 1595 782 1650 Hac
825 1595 1016 1650 ﬁducia
1063 1596 1194 1650 dicit
1228 1613 1335 1650 non
1383 1594 1686 1652 timendum

96 1687 301 1742 dissolvi
329 1687 396 1742 de
440 1702 676 1758 corpore
719 1687 978 1744 violentia
1023 1687 1362 1754 inﬁdelium,
1412 1698 1505 1743 aut
1540 1697 1689 1745 sorte

1778 855 1859 901 tes
1890 847 1940 899 iu
1971 845 2110 910 fide,
2135 845 2310 902 induti
2342 847 2683 902 inveniamur
2715 858 2907 904 sancto
2935 849 3143 918 Spiritu
3164 891 3178 911 .
3210 847 3300 917 qui
3335 848 3388 900 in

1776 938 2080 994 substantia
2113 940 2367 996 Christus
2399 950 2507 996 est.
2553 940 2704 996 Tunc
2735 943 2884 996 enim
2911 941 3230 1012 superindui
3263 956 3392 1010 pro-

1779 1035 1946 1086 missa
1970 1033 2150 1103 gloria
2177 1034 2478 1103 poterimus
2504 1076 2516 1096 ,
2572 1034 2622 1089 si
2663 1035 2814 1090 exuti
2844 1051 3078 1105 corpore
3103 1080 3118 1103 ,
3155 1052 3261 1090 non
3292 1035 3389 1090 de-

1779 1125 1998 1195 Spoliati
2015 1136 2260 1182 asancto
2277 1128 2486 1196 Spiritu
2519 1125 2805 1182 fuerimus.
2831 1128 2922 1183 Sic
2947 1128 3177 1183 mortale
3203 1129 3394 1182 absor-

1783 1216 1942 1272 betur
1967 1233 1997 1273 a
2037 1220 2144 1274 vita
2166 1261 2182 1288 ,
2219 1221 2418 1286 idest,
2451 1229 2510 1276 ut
2551 1231 2900 1291 resurgentes
2935 1222 3394 1291 superindtuttttiir

1782 1312 2188 1370 immortalitate
2211 1330 2338 1370 cum
2379 1315 2586 1386 gloria;
2621 1331 2687 1370 ne
2713 1318 2852 1370 ultra
2893 1318 3028 1369 mori
3066 1315 3273 1384 possit,
3303 1325 3397 1369 aut.

1785 1405 2131 1474 passiouibus
2157 1407 2422 1478 implicari
2459 1427 2470 1461 :
2505 1418 2560 1462 et
2587 1407 2694 1462 hoc
2739 1417 2824 1462 est
2861 1408 3145 1464 absorberi
3179 1424 3206 1460 a
3252 1409 3397 1471 vita;

1788 1517 1896 1555 non
1925 1500 2070 1558 enim
2114 1501 2378 1558 dict-udus
2408 1513 2492 1558 est
2521 1502 2804 1558 absorberi
2831 1517 2863 1557 a
2889 1501 2995 1556 vita
3015 1543 3029 1567 ,
3063 1501 3154 1572 qui
3199 1504 3264 1556 ad
3295 1501 3398 1556 hoc

1787 1595 2000 1663 surgit,
2024 1606 2079 1648 ut
2112 1594 2286 1662 ramis
2313 1603 2524 1664 agatur.

1865 1688 2047 1760 (\‘ers.
2094 1688 2174 1756 5.)
2223 1688 2324 1753 Qui
2375 1701 2544 1743 autem
2589 1689 2786 1758 perﬁcit
2832 1705 2928 1743 nos
2955 1691 3009 1744 in
3059 1692 3154 1743 hoc
3180 1689 3350 1760 ipsum
3383 1730 3396 1751 ,

94 1783 230 1844 vitze;
254 1780 373 1852 quia
408 1792 712 1852 praeparata
746 1792 830 1836 est
855 1781 1168 1850 huiusmodi
1190 1781 1506 1837 hominibus
1537 1782 1687 1838 habi-
1718 1781 1766 1842 B
1792 1779 1930 1836 Deus
1953 1791 2025 1838 est
2050 1797 2069 1834 :
2095 1782 2182 1852 qui
2205 1783 2358 1836 etiam
2381 1782 2526 1835 dedit
2548 1783 2692 1836 nobis
2716 1784 2902 1852 pignus
2926 1783 3206 1851 Spiritum.
3241 1793 3264 1829 ὅ
3287 1781 3402 1837 Hoc

97 1876 214 1928 latio
257 1875 304 1928 in
352 1875 505 1930 caelis
547 1887 753 1929 tritonia
780 1917 793 1940 ,
827 1887 883 1929 ttt
934 1875 1001 1929 de
1050 1877 1336 1947 temporali
1367 1889 1418 1931 et
1471 1887 1688 1932 terrena

96 1966 326 2036 expulsi,
357 1967 409 2020 in
446 1979 766 2038 perpetuam
801 1967 1024 2022 domum
1060 1970 1416 2038 recipiantur.
1454 1967 1606 2030 Unde
1637 1975 1694 2024 et

99 2059 190 2114 hoc
218 2060 506 2131 optandum
541 2071 626 2116 est
651 2103 665 2126 ,
690 2063 735 2116 si
770 2062 887 2117 ﬁeri
917 2072 1096 2132 potest
1126 2082 1139 2117 :
1176 2063 1272 2118 sed
1299 2065 1426 2133 quia
1456 2064 1560 2118 hoc
1588 2079 1689 2134 op-

100 2153 300 2209 tandum
329 2170 436 2208 noa
486 2164 572 2209 est
597 2197 609 2217 ,
643 2172 711 2210 ne
752 2156 805 2210 in
840 2167 926 2210 tua
953 2157 1129 2228 gloria
1160 2159 1298 2212 alius
1332 2169 1557 2228 pereat;
1593 2166 1618 2194 ⁸
1647 2157 1694 2212 si

103 2259 266 2304 tamen
292 2249 588 2317 acciderit,
625 2250 860 2306 libenter
893 2250 1178 2308 ferendum
1211 2261 1314 2306 est.
1349 2252 1694 2308 Terresuem

101 2342 230 2396 enim
260 2341 478 2397 domum
511 2359 730 2398 carnem
764 2345 905 2397 hanc
932 2344 1102 2407 dixit,
1131 2347 1255 2415 quia
1287 2345 1535 2399 mortalis
1566 2355 1649 2399 est
1681 2363 1693 2398 :

102 2436 220 2488 utsi
247 2435 308 2490 de
335 2435 441 2490 hac
469 2436 722 2491 dissoluti
755 2437 1022 2492 fuerimus
1048 2480 1062 2503 ,
1093 2438 1419 2494 aediﬁcatam
1454 2439 1697 2494 invenie-

102 2543 212 2582 mus
249 2529 297 2582 in
327 2530 484 2584 cretis
510 2530 730 2583 domum
764 2540 1046 2586 teternam.
1084 2530 1213 2586 liae
1252 2533 1453 2586 domus
1491 2547 1694 2601 corpus

104 2621 387 2676 immortale
445 2621 752 2692 signiﬁcat,
803 2622 858 2676 in
901 2638 1008 2692 quo
1053 2632 1438 2694 resurgentes,
1483 2637 1699 2693 semper

102 2712 290 2768 erimus
314 2755 327 2778 ,
374 2713 534 2784 cujus
568 2716 742 2769 ferina
789 2713 815 2752 ί)
843 2715 955 2784 jam
1004 2717 1058 2772 in
1088 2717 1245 2773 etelis
1273 2727 1356 2773 est
1387 2718 1441 2772 in
1480 2717 1700 2773 Domini

105 2820 316 2876 corpore
347 2806 650 2862 declarata.

173 2897 342 2968 (Vers.
368 2900 424 2964 εὶ,
457 2897 540 2970 '5.)
567 2897 769 2953 Etenim
793 2901 845 2954 in
868 2899 966 2954 hoc
995 2901 1380 2972 ingemiscimus
1406 2900 1703 2956 habitacqu

111 2999 297 3052 nostra,
331 2993 471 3057 quod
500 2991 562 3044 de
591 2993 719 3046 cwlo
746 3001 856 3057 est,
888 2994 1193 3061 superindui
1217 2994 1517 3063 cupientes;
1541 2994 1704 3064 siqui-

113 3082 214 3135 dem
241 3083 444 3150 induti,
491 3101 594 3139 non
629 3086 754 3138 nudi
781 3086 1119 3140 inveniamur.
1153 3085 1446 3157 Propterea
1487 3088 1617 3142 dicit
1650 3088 1702 3142 in

1791 1875 1941 1945 quod
1971 1876 2394 1946 ingemiscentes
2430 1876 2735 1941 poscimus,
2783 1876 2840 1930 id
2867 1887 2982 1938 est,
3018 1892 3126 1928 non
3153 1885 3210 1929 ut
3252 1875 3402 1940 exui,

1790 1969 1886 2024 sed
1919 1978 1978 2024 ut
1999 1969 2323 2038 superindui
2344 1984 2686 2033 mereamur,
2700 1968 2860 2037 juxta
2882 1966 3250 2036 supradicttuu
3283 1983 3407 2020 sen-

1793 2075 1913 2116 sum
1934 2102 1950 2126 ,
1986 2061 2038 2114 in
2087 2061 2180 2116 die
2206 2061 2401 2131 judicii
2429 2061 2600 2116 Deum
2635 2060 2900 2128 perlicere
2928 2061 3094 2125 dicit;
3126 2060 3252 2128 quia
3283 2075 3410 2130 pro-

1796 2157 1970 2220 tnisit,
1996 2167 2052 2210 et
2079 2155 2250 2210 fidelis
2277 2164 2362 2210 est
2381 2196 2394 2217 ,
2431 2155 2566 2209 dans
2586 2153 2748 2223 hujus
2779 2153 2860 2209 rei
2885 2153 3180 2223 implenda:
3212 2154 3407 2223 pignus

1795 2248 2099 2317 Spiritum;
2159 2250 2275 2317 ipse
2324 2255 2414 2304 est.
2480 2248 2628 2303 enim
2691 2249 3032 2318 signaculum
3099 2245 3410 2315 adoptionis

1797 2351 2020 2400 nostra}.

1869 2436 2051 2508 (Vere.
2085 2435 2140 2501 6,
2165 2435 2244 2504 Ἰ.)
2271 2431 2518 2488 Fidentes
2540 2433 2702 2505 igitur
2729 2448 2950 2502 semper,
2977 2441 3024 2486 et
3043 2433 3264 2488 scientes
3287 2433 3411 2503 quia

1797 2531 2144 2584 inhabitantes
2171 2531 2224 2582 iu
2252 2529 2410 2600 182
2436 2525 2532 2581 hoc
2559 2542 2775 2598 corpore
2793 2567 2810 2590 ,
2834 2527 3229 2598 peregrinantur
3248 2543 3280 2579 a
3306 2525 3412 2581 Do-

1800 2625 1972 2688 mino;
2003 2639 2094 2693 per
2122 2621 2280 2692 ﬁdem
2323 2625 2461 2675 enim
2501 2620 2857 2683 ambulamus,
2905 2635 3009 2674 non
3050 2637 3140 2691 per
3161 2621 3408 2689 speciem.

1802 2714 2149 2771 Manifestum
2191 2725 2272 2768 est
2301 2713 2426 2784 quia
2457 2727 2551 2782 per
2589 2713 2749 2767 ﬁdem
2778 2727 2900 2766 cum
2934 2711 3168 2766 Domino
3196 2729 3412 2778 sumus,

1804 2825 1912 2863 non
1942 2823 2040 2878 per
2084 2807 2429 2876 praesentiam
2456 2821 2468 2856 :
2501 2820 2566 2860 ac
2600 2819 2697 2874 per
2724 2803 2828 2860 hoc
2859 2804 3276 2875 peregrinamur
3308 2822 3416 2860 non

1804 2900 1910 2956 ﬁde
1935 2943 1950 2965 ,
1973 2899 2068 2954 sed
2095 2897 2299 2970 specie.
2340 2897 2411 2954 Et.
2435 2912 2607 2968 quare
2626 2939 2640 2961 ,
2670 2912 2795 2951 cum
2829 2898 2974 2952 idem
2995 2896 3140 2951 dicat
3187 2897 3237 2951 in
3269 2897 3422 2952 Acti-

1806 2995 1908 3052 bus
1938 2994 2310 3064 apostolorum
2345 3010 2357 3044 :
2383 2989 2450 3046 In
2483 2994 2594 3062 ipso
2621 2990 2759 3044 enim
2779 2991 3016 3056 vivimus,
3053 3000 3104 3044 et
3130 3006 3416 3057 movemur,

1806 3098 1854 3143 et
1883 3104 2062 3142 sumus
2090 3087 2230 3158 (Act.
2263 3101 2396 3151 χω,
2424 3085 2551 3154 28);
2591 3085 2693 3139 hoc
2737 3084 2858 3138 loco
2891 3083 3226 3153 peregrinari
3261 3099 3358 3139 nos
3390 3099 3422 3138 a

117 3178 350 3246 precibus
407 3180 691 3250 ingemisci
720 3223 734 3246 ,
795 3190 852 3234 ut
897 3181 1068 3250 gloria
1124 3183 1392 3251 promissa
1441 3182 1509 3237 de
1555 3183 1710 3239 ctelis
1737 3178 1782 3239 C
1821 3184 2046 3239 Domino
2075 3181 2248 3237 dicit?
2293 3181 2352 3238 Si
2387 3181 2585 3250 ubique
2613 3190 2738 3247 est,
2773 3180 3051 3250 quomodo
3099 3179 3187 3235 llic
3237 3181 3420 3250 positi,

117 3271 275 3339 possit
318 3286 671 3340 resurgentes
716 3273 960 3329 induere.
1005 3275 1118 3330 lloc
1163 3291 1299 3346 ergo
1337 3275 1716 3332 desiderantes

119 3362 358 3418 insistunt
408 3365 692 3435 precibus;
731 3383 798 3421 ne
841 3379 1222 3438 resurgentes,
1269 3380 1491 3439 recepto
1532 3370 1716 3438 utique

119 3469 333 3524 corpore
355 3500 368 3524 ,
403 3458 534 3512 nudi
562 3501 577 3524 ,
611 3458 664 3512 id
708 3469 820 3526 est,
860 3459 1024 3518 alicui
1052 3476 1080 3514 a
1115 3461 1383 3531 promissa
1414 3462 1588 3532 gloria
1630 3464 1716 3516 iu-

120 3549 413 3603 veniantur.
478 3549 592 3604 lloc
616 3550 756 3604 enim
811 3567 947 3620 opus
1000 3563 1124 3615 est,
1186 3561 1243 3606 ut
1300 3554 1486 3607 induta
1538 3553 1719 3607 anima

123 3654 338 3712 corpore
365 3686 377 3710 ,
433 3641 532 3699 Dei
556 3643 761 3714 judicio
795 3643 1218 3714 superinduatur
1264 3655 1320 3700 et
1358 3645 1528 3716 gloria
1552 3686 1568 3712 ,
1599 3660 1720 3714 quae

123 3746 199 3791 est
229 3738 538 3793 immutatio
585 3740 636 3792 in
681 3738 1005 3793 claritatem.
1051 3751 1072 3776 π
1108 3739 1253 3794 Mors
1289 3742 1433 3795 enim
1463 3740 1530 3794 de
1581 3750 1724 3794 terra

125 3838 199 3884 est
223 3871 236 3896 ,
268 3833 602 3888 resurreCtio
629 3848 760 3886 vero
786 3833 852 3887 de
881 3832 1076 3899 caelis;
1111 3835 1155 3888 si
1189 3845 1364 3888 tamen
1406 3834 1726 3888 itnmutetur

1817 3275 2229 3348 peregrinantur
2259 3288 2288 3326 a
2334 3273 2602 3327 Domino?
2633 3271 2762 3328 Siue
2800 3273 2966 3328 dubio
2997 3272 3224 3343 ubique.
3257 3273 3426 3330 immo

1816 3372 2000 3426 omnia
2031 3370 2084 3422 in
2117 3368 2228 3423 Deo
2251 3374 2378 3422 sunt
2411 3385 2424 3419 :
2457 3365 2554 3420 sed
2581 3367 2706 3434 quia
2733 3365 2893 3421 sedes
2920 3367 3014 3421 Dei
3047 3367 3100 3420 in
3127 3367 3286 3424 cmlis
3315 3376 3424 3434 est,

1817 3477 1871 3519 et
1903 3462 2015 3517 illic
2043 3476 2260 3530 semper
2289 3459 2542 3524 videtur;
2576 3459 2698 3514 ideo
2729 3459 2813 3514 hic
2849 3461 3054 3529 positi,
3094 3461 3182 3515 ubi
3216 3477 3322 3517 non
3351 3461 3432 3516 vi-

1819 3555 2000 3619 detur,
2035 3553 2372 3626 peregrinari
2402 3553 2472 3608 ab
2494 3569 2558 3608 eo
2598 3551 2850 3607 dicimur.
2883 3553 3111 3619 Quando
3140 3557 3284 3609 enim
3317 3570 3427 3611 non

1822 3665 1946 3704 eum
1997 3647 2282 3712 videmus,
2339 3647 2464 3701 licet
2519 3661 2759 3716 praesens
2813 3646 2914 3710 sit,
2965 3647 3220 3702 absentes
3270 3647 3338 3703 ab
3363 3663 3432 3702 eo

1823 3758 2032 3797 sumus.

1898 3835 2080 3908 (Vers.
2110 3833 2192 3903 8.)
2218 3833 2482 3890 Audemus
2507 3849 2631 3904 ergo
2654 3844 2699 3888 et
2728 3835 3078 3889 consentimus
3103 3836 3265 3906 magis
3287 3852 3434 3908 pere-

125 3921 172 3977 in
202 3926 454 3996 gloriam.
485 3927 590 3982 Alii
619 3927 842 3982 codices
865 3928 944 3982 sic
975 3927 1176 3983 habent
1206 3945 1218 3981 :
1245 3929 1510 3998 Siquidem
1539 3944 1726 3999 exspo-

129 4015 265 4080 liati,
323 4036 426 4073 non
478 4019 606 4072 nudi
660 4019 1036 4074 int'eniamur:
1092 4019 1143 4074 id
1193 4030 1310 4086 est,
1369 4021 1412 4076 si
1459 4031 1728 4076 exeuntes

128 4109 191 4166 de
233 4127 467 4183 corpore
499 4112 774 4168 Christum
826 4115 1005 4168 vestiti
1061 4114 1362 4178 fuerimus;
1397 4112 1421 4150 ά
1451 4115 1573 4186 quia
1606 4114 1726 4184 qui-

131 4217 356 4272 cumque
409 4211 462 4260 in
497 4207 722 4261 Christo
774 4207 1136 4276 baptizantur,
1170 4207 1448 4262 Christum
1499 4205 1731 4260 induunt

131 4296 319 4368 (Galat.
352 4316 411 4354 Ill
431 4342 446 4366 ,
476 4301 592 4365 27).
621 4299 809 4370 Itaque
838 4299 882 4354 si
912 4300 962 4353 in
991 4299 1163 4353 forma
1198 4300 1446 4368 baptismi
1480 4309 1534 4352 et
1561 4297 1727 4353 tradi-

133 4391 290 4446 tionis
319 4395 692 4449 manserimus
716 4435 731 4460 ,
759 4394 1044 4464 exspoliati
1074 4408 1337 4464 corpore,
1368 4408 1474 4447 non
1497 4393 1623 4447 nudi
1655 4393 1735 4447 in-
1837 4397 2011 4452 altare
2042 4395 2157 4450 Dei.

136 4490 418 4555 venimur;
454 4491 581 4559 quia
613 4489 664 4543 in
696 4489 958 4544 interiore
990 4491 1209 4543 homine
1233 4487 1436 4543 habitat
1457 4486 1730 4552 Christus,
1911 4489 2094 4557 (Vers.
2129 4487 2213 4559 9.)
2244 4486 2310 4541 Et
2338 4487 2453 4541 ideo
2482 4488 2837 4541 contendimus
2868 4489 2972 4543 sive
3001 4501 3311 4559 prmentes,
3345 4493 3452 4548 sive

135 4598 288 4651 quem
320 4601 446 4639 cum
479 4585 686 4649 induti,
723 4585 837 4640 sive
868 4586 1070 4654 Spiritu
1101 4597 1289 4640 sancto
1323 4586 1452 4639 dato
1482 4584 1637 4638 nobis
1664 4583 1737 4636 vi-
1764 4573 1818 4632 Ι)
1846 4584 2229 4655 peregrinantes
2258 4580 2461 4652 placere
2492 4577 2592 4632 illi.
2621 4577 2676 4631 ld
2707 4580 2978 4649 agendum
3009 4580 3172 4648 dicit,
3206 4593 3258 4638 et
3289 4583 3451 4640 bonis

138 4674 402 4744 dehimur,
437 4680 646 4733 erimus
690 4678 835 4746 digni
875 4679 1190 4747 superindui
1235 4679 1500 4748 prOiltiSSa
1533 4675 1742 4733 caelesti
1846 4677 2105 4744 pperibus
2129 4672 2530 4738 insistendum;
2565 4672 2757 4726 utsive
2788 4673 2840 4727 in
2871 4672 2974 4729 hac
3009 4675 3190 4730 adhuc
3220 4677 3325 4731 vita
3356 4692 3456 4748 po-

140 4768 323 4838 gloria.
363 4772 420 4826 In
459 4773 609 4826 illum
635 4771 1008 4826 euimdccidet
1032 4773 1295 4840 promissa
1319 4771 1556 4839 claritas,
1582 4787 1744 4842 quem
1849 4770 1970 4832 siti,
2001 4769 2110 4824 sive
2138 4776 2265 4823 ante
2299 4767 2534 4822 tribunal
2558 4764 2760 4822 Christi
2786 4779 3118 4837 prteseutes,
3148 4772 3460 4840 placeamus

143 4862 335 4918 viderit
356 4869 578 4936 signum
600 4864 912 4934 adoptionis
943 4866 1161 4920 habere.
1852 4865 1924 4921 ei.
1952 4863 2103 4920 Unde
2131 4863 2176 4919 si
2208 4861 2499 4931 disciplina
2532 4870 2798 4927 servetur,
2834 4871 2889 4916 et
2923 4861 3012 4918 hic
3040 4875 3095 4919 et
3128 4865 3235 4920 illic
3258 4867 3310 4922 ei
3345 4865 3458 4934 pla-

213 4957 392 5028 (Vers.
419 4959 508 5029 4.)
529 4970 551 4998 θ
579 4960 720 5014 Nam
751 4977 865 5014 cum
897 4977 1072 5014 sumus
1097 4962 1150 5015 in
1177 4962 1269 5015 llOC
1297 4977 1532 5031 corpore,
1561 4961 1610 5014 id
1645 4971 1748 5025 est,
1853 4959 2100 5016 cebimus
2124 4974 2137 5021 ;
2167 4957 2289 5025 quia
2315 4958 2400 5026 qui
2435 4955 2524 5011 hic
2551 4957 2756 5025 placet,
2791 4955 2902 5012 illic
2929 4975 3034 5012 non
3061 4959 3394 5028 disglicehit.

147 5057 388 5119 mortali,
417 5056 804 5126 ingctniscimus
826 5057 1057 5125 gravati;
1095 5074 1150 5109 eo
1171 5056 1308 5126 quod
1337 5055 1573 5110 uolumus
1597 5057 1718 5110 exui
1740 5095 1754 5120 ,
1933 5051 2112 5124 (Vers.
2147 5046 2262 5120 10.)
2305 5048 2496 5103 Omnes
2537 5049 2675 5103 enim
2724 5065 2819 5102 nos
2867 5050 3218 5118 manisfesturi
3264 5061 3464 5120 Oportet

1828 3931 2030 4002 grinari
2072 3947 2106 3986 α
2133 3945 2376 4001 corpore,
2423 3937 2468 3982 et
2498 3940 2773 3998 prementes
2801 3946 2910 3983 esse
2938 3929 3010 3983 ad
3037 3929 3228 3984 Deum.
3269 3930 3440 3986 Recte

1827 4025 1906 4080 ait
1931 4065 1946 4090 ,
1975 4023 2257 4089 audemus;
2288 4022 2551 4078 habentes
2576 4023 2724 4076 enim
2770 4022 3020 4077 fiduciam
3062 4023 3443 4092 promissionis

1834 4116 1956 4180 Dei,
1989 4113 2014 4150 ιι
2041 4123 2095 4169 et
2123 4115 2361 4168 scientes
2385 4115 2612 4167 multum
2652 4113 2916 4183 expedire
2959 4113 3068 4168 illic
3097 4129 3238 4178 esse.
3272 4130 3435 4186 quam

1833 4210 1885 4264 itt
1917 4209 2149 4273 saeculo,
2182 4208 2532 4262 consentiunt
2562 4216 2617 4262 ct
2646 4215 2840 4278 aptant
2868 4206 3132 4262 excedere
3163 4208 3229 4263 de
3251 4224 3448 4279 corpo—

1834 4321 1894 4360 re
1919 4322 1934 4371 ;
1965 4312 2027 4358 ut
2056 4301 2408 4371 requiescant
2437 4315 2607 4370 usque
2638 4300 2689 4354 in
2716 4299 2861 4377 diem
2895 4302 3319 4358 resurrectionis
3340 4303 3443 4358 sub

219 5184 244 5210 ³
272 5174 434 5231 Rom.
468 5174 601 5229 edit.
634 5177 741 5236 iam
769 5173 985 5228 cmicstis
1012 5184 1103 5226 est.

217 5245 241 5284 δ
273 5248 411 5302 Cod.
453 5247 614 5309 Val|.,
652 5249 694 5300 si
716 5256 885 5300 tamen
913 5245 1174 5300 occiderit.

224 5331 246 5358 ε
273 5318 423 5372 Mors
444 5321 584 5372 enim
611 5336 629 5386 ;
657 5320 726 5371 ab
753 5319 901 5373 hisee
929 5318 1107 5372 verbis
1133 5331 1301 5386 usque
1332 5319 1406 5370 ad!
1424 5359 1437 5382 ,
1477 5315 1610 5369 Nam
1642 5330 1757 5368 cum

155 5407 326 5445 sumus
349 5432 362 5455 ,
387 5400 503 5447 etc.
537 5393 662 5446 nihil
695 5392 964 5459 reperi'ur
992 5393 1042 5443 in
1075 5391 1201 5444 Mss.
1232 5387 1400 5443 Corb.

223 5462 248 5499 ἀ
277 5464 404 5519 Mss.
437 5463 669 5535 aliquot,
703 5457 1008 5534 quicumque
1042 5463 1348 5531 baptizatur.
1391 5457 1652 5514 Christum
1683 5458 1764 5512 in-

1857 5185 2059 5242 semper
2086 5168 2369 5242 induamur
2400 5166 2804 5242 immortalitate,
2838 5183 2900 5219 ne
2943 5167 3078 5242 ultra
3110 5170 3242 5242 mori
3270 5171 3469 5239 possit;

1862 5237 2324 5309 aut'passionibus
2355 5238 2652 5306 implicari:
2683 5238 2780 5291 hoc
2827 5247 2898 5291 est
2945 5237 3204 5292 absorberi
3259 5237 3292 5293 a
3335 5243 3462 5300 vita.

1867 5315 1993 5382 Quis
2015 5322 2184 5365 autem
2207 5311 2427 5381 perﬁcit.
2452 5318 2581 5382 etc:_
2604 5357 2610 5362 .

1939 5395 1963 5432 ες
1988 5383 2130 5437 Idem
2156 5379 2277 5436 cod.
2305 5379 2496 5446 Corb.,
2535 5379 2646 5432 Hoc
2672 5381 2808 5448 quod
2833 5380 3120 5448 poscimus,
3149 5382 3203 5435 id
3224 5394 3295 5437 est
3320 5426 3332 5448 ,
3366 5403 3470 5442 non

1868 5467 1920 5510 ttt
1951 5466 2165 5522 corpore
2210 5471 2461 5507 exuam-ur
2501 5453 2572 5525 ἱηΔ
2599 5461 2897 5525 perpetuum
2931 5465 2947 5502 :
2977 5453 3065 5525 sed
3106 5463 3159 5506 ut
3189 5469 3398 5525 recepta
3419 5460 3472 5514 in

158 5536 286 5589 duit.
537 5521 552 5535 ’
657 5521 668 5530 ’
715 5521 727 5534 ’
922 5521 931 5532 ’
1108 5521 1117 5531 ’
1870 5527 1954 5582 die
1974 5528 2168 5600 judicii
2197 5525 2290 5578 Dei
2323 5521 2772 5602 superinduamur.
2796 5521 3187 5602 immortalitate
3216 5521 3334 5581 cunt
3360 5531 3476 5602 glo-

230 5619 251 5645 ο
283 5607 444 5662 Rom.
477 5608 638 5674 edin,
673 5607 807 5661 Nam
834 5606 918 5676 qui
943 5623 1120 5662 smnus
1144 5606 1196 5659 in
1224 5605 1319 5659 Itoc
1340 5620 1554 5672 corpore
1575 5645 1588 5668 ,
1624 5604 1764 5675 ingc—
1871 5593 2169 5676 ria_.'9eum
2199 5597 2433 5676 conﬁteri
2453 5593 2661 5676 dicitur.
2686 5593 3094 5676 quiapromisit,
3128 5607 3233 5654 etc.

163 5661 446 5733 minimus,
495 5661 501 5662 ί
625 5661 637 5674 ’
845 5661 855 5676 ’
953 5661 959 5662 ί
1432 5661 1442 5672 ’
1575 5661 1586 5668 ’
1680 5661 1703 5675 ⁸
1944 5669 1970 5707 ιι
2004 5671 2164 5725 Rom.
2198 5661 2354 5733 edit.,
2383 5666 2450 5720 Et
2475 5665 2691 5719 scientes
2719 5661 2883 5714 multo
2914 5661 3345 5738 magisexpedire
3371 5675 3480 5728 illic

239 5752 255 5789 ί
298 5751 435 5804 Cod.
462 5748 654 5816 Corb.,
688 5749 751 5803 Et
783 5752 896 5822 ipsa
918 5759 1079 5804 morte
1107 5747 1570 5822 postulationesad
1603 5743 1770 5822 Deum
1875 5759 2003 5810 esse,
2035 5741 2259 5811 quamin
2289 5753 2524 5806 corpore.

170 5823 390 5895 dirigere
416 5862 430 5891 ,
469 5830 529 5877 ut
569 5822 740 5893 ipsum
768 5816 950 5894 corpus
978 5836 1079 5876 non
1104 5816 1356 5875 alienatur
1378 5818 1522 5874 nobis
1547 5831 1566 5872 :
1596 5816 1686 5873 sed
1717 5824 1771 5872 ut
