3978 6310
587 297 700 353 293
1529 282 1625 342 AD
1663 278 1896 342 OPERA
1939 275 2192 341 SANCTI
2233 275 2562 338 AMBROSII
2604 271 2974 338 APPENDIX.
3753 281 3829 342 Ἀθ

585 422 706 467 ante
731 407 958 464 tribunal
985 404 1182 462 Christi
1212 411 1270 460 ut
1303 403 1517 476 recipiat
1547 413 1573 442 ι
1602 405 1955 477 unusquisque
1981 401 2193 472 propria
2217 401 2268 463 Α
2297 401 2466 472 perbis
2491 410 2664 455 autem
2689 399 2881 455 resistit
2909 397 3119 471 (Iacob.
3151 411 3226 463 tv,
3258 396 3341 466 6);
3369 395 3706 468 superbon
3729 403 3828 456 enim

586 507 822 575 corporis
843 545 856 567 ,
888 509 1039 573 prout
1067 499 1253 571 gessit,
1286 499 1390 554 sive
1420 499 1554 553 bona
1575 541 1588 563 ,
1620 499 1724 552 sive
1754 499 1915 554 mala.
1947 496 2116 566 Igitur
2146 495 2193 550 si
2301 508 2456 549 mens
2483 493 2717 550 fructum
2752 508 2858 548 non
2888 491 3019 548 facit
3043 491 3154 548 Deo
3182 490 3429 562 dignum.

577 597 860 668 judicante
885 594 1120 660 Christo;
1148 593 1524 664 unusquisque
1546 601 1796 648 nostrum
1829 591 1969 646 facta
2000 604 2196 660 corpo-
2368 587 2552 659 (Vers.
2589 587 2704 657 15.)
2735 586 2856 643 Siue
2875 586 3012 643 enim
3036 595 3206 640 mente
3236 585 3570 652 excedimus,
3613 581 3708 640 Deo
3729 599 3744 639 :
3765 587 3834 642 sire

582 692 659 748 ris
692 690 949 760 recipiet;
992 702 1100 744 non
1131 689 1317 758 utique
1359 687 1478 743 sine
1521 700 1752 757 corpore
1794 683 2193 755 adjudicabitur
2297 698 2481 737 sanum
2512 682 2774 753 sapimus,
2805 680 2968 735 vobis.
3009 679 3121 736 Hoc
3147 679 3284 734 dicit
3307 721 3323 746 ,
3353 676 3382 716 (ι
3409 677 3537 751 quia
3564 679 3606 734 si
3647 679 3763 734 elate
3776 680 3834 735 vel

581 785 729 841 bono
754 795 846 839 aut
889 781 1054 837 malo.
1100 781 1168 837 Et
1213 796 1320 836 non
1352 780 1522 847 dixit;
1567 778 1596 818 ι)
1623 779 1767 835 facta
1808 778 2024 843 carnis;
2066 775 2190 846 quia
2295 777 2533 848 superbe
2561 784 2782 846 putatur
2814 776 3033 831 locutus
3061 791 3077 840 ;
3105 774 3232 844 quia
3260 773 3488 830 laudare
3513 787 3576 829 se
3602 773 3832 838 visusest,

579 879 762 937 carnis
793 878 923 934 vitia
970 875 1242 949 punienda
1289 890 1507 945 semper
1540 873 1678 930 :sed
1727 873 1868 929 facta
1910 870 2190 944 corporis;
2299 884 2488 926 verum
2515 870 2736 934 dicens,
2765 869 2878 925 Deo
2905 868 3011 925 hoc
3039 867 3428 924 remittendum
3458 886 3472 921 :
3505 868 3554 925 si
3582 876 3741 922 autem
3765 884 3834 924 non

576 973 916 1045 spiritaliter,
950 968 1244 1042 aliquando
1270 967 1564 1024 carnaliter
1591 975 1872 1037 Operatur.
2294 963 2528 1034 superbe
2555 963 2879 1034 intelligitur
2901 1004 2916 1030 ,
2946 962 3042 1018 sed
3070 962 3136 1018 ad
3163 963 3390 1034 gloriam
3418 961 3732 1018 audientium
3754 978 3836 1020 esse

645 1067 828 1140 (Vers.
863 1062 982 1136 11.)
1012 1065 1246 1120 Scientes
1267 1063 1444 1134 igitur,
1470 1063 1702 1117 timorem
1727 1058 1943 1115 Domini
1966 1058 2193 1114 homini-
2293 1057 2546 1125 locutus,
2575 1057 2875 1114 Corinthiis
2924 1057 3192 1128 proficere
3236 1057 3413 1121 dicit;
3453 1064 3513 1111 ut
3553 1063 3671 1112 tunc
3701 1070 3834 1113 sanu

578 1162 670 1216 bus
700 1161 980 1214 suademus
1002 1175 1021 1213 :
1050 1156 1161 1212 Deo
1191 1167 1366 1210 autem
1393 1155 1658 1226 manifesti
1683 1169 1882 1209 sumus.
1919 1151 2189 1220 Quoniam
2301 1153 2458 1226 183
2485 1155 2557 1207 sit
2601 1151 2807 1208 dictum
2839 1151 3219 1218 audientibus,
3253 1151 3300 1207 si
3330 1151 3406 1206 ita
3445 1150 3780 1221 intelligatur,
3800 1161 3836 1206 ut

577 1269 709 1325 ergo
731 1253 994 1324 judicium
1026 1251 1124 1307 Dei
1153 1249 1392 1304 futurum
1434 1258 1518 1304 est
1551 1263 1647 1318 per
1674 1245 1954 1302 Christum
1983 1243 2049 1298 ad
2078 1242 2192 1298 εἰη·
2293 1245 2500 1300 dictum
2532 1256 2616 1300 est
2647 1245 2730 1301 :si
2758 1253 2940 1301 autem
2966 1244 3489 1316 jactanterfputetur
3515 1243 3837 1308 dictum,relut
3915 1242 3917 1302 Ε

576 1349 828 1419 gulorum
853 1342 1278 1400 discriminanda
1307 1357 1491 1414 opera,
1521 1341 1724 1396 idcirco
1750 1336 2048 1410 Apostolus
2067 1351 2192 1391 sua-
2295 1339 2545 1393 insanum
2573 1338 2689 1394 Deo
2703 1337 3121 1404 dimittendum;
3148 1338 3327 1393 omnis
3346 1337 3495 1394 enim
3517 1337 3746 1408 superbia
3765 1338 3836 1392 rcl-
3915 1369 3917 1378 ι

577 1441 712 1498 dere
742 1455 802 1496 se
831 1439 964 1495 dicit
989 1437 1056 1493 ad
1084 1439 1288 1493 bonum
1323 1449 1548 1491 sensum
1577 1443 1635 1490 et
1665 1433 1861 1496 vitam;
1891 1439 1953 1485 ut
1980 1428 2190 1484 audito-
2295 1441 2355 1486 ut
2382 1431 2593 1487 insania
2625 1431 2876 1487 habetur.

579 1548 669 1590 res
699 1532 819 1603 ejus
859 1531 1036 1588 securi
1072 1531 1183 1586 sint
1227 1529 1295 1585 de
1328 1543 1488 1598 pmna
1522 1527 1700 1582 futura
1721 1567 1737 1594 ,
1768 1534 1824 1582 et
1853 1525 1970 1596 ipse
1993 1522 2193 1594 glorie-
2366 1526 2548 1600 (Vera.
2581 1525 2696 1598 14.)
2720 1525 2957 1582 Charitas
2974 1527 3109 1582 enim
3136 1526 3331 1583 Christi
3355 1535 3506 1600 urget
3537 1542 3660 1594 nos,
3688 1525 3765 1580 hoc
3785 1528 3835 1592 ii-

580 1632 691 1692 tur,
743 1627 797 1679 in
845 1623 930 1680 his
976 1623 1183 1678 habens
1214 1622 1448 1678 fructum
1478 1619 1727 1675 laborum
1769 1631 1994 1673 suorum
2019 1633 2035 1682 ;
2067 1616 2190 1687 quia
2294 1623 2524 1679 dicantes
2549 1664 2562 1689 ,
2591 1624 2732 1692 quod
2759 1624 2803 1678 si
2827 1641 2963 1680 unus
2991 1641 3085 1696 pro
3117 1623 3352 1679 omnibus
3381 1633 3617 1679 mortuus
3636 1631 3716 1678 est.
3738 1623 3834 1690 Quo-

577 1717 938 1792 quorumdam
988 1716 1330 1789 praviloquio
1355 1715 1475 1772 dies
1513 1713 1704 1786 judicii
1750 1704 1845 1768 Dei
1870 1712 1924 1767 in
1965 1710 2190 1766 dubium
2293 1717 2439 1772 niam
2465 1717 2716 1773 Christus
2744 1718 2978 1789 diligens
3001 1734 3173 1789 genus
3204 1718 3501 1774 humanum
3530 1759 3546 1784 ,
3579 1726 3635 1771 ιιι
3672 1731 3750 1772 ρος
3779 1732 3834 1772 η.

580 1814 870 1871 deducitur
902 1831 916 1866 :
958 1811 1309 1884 Corrumpunt
1347 1811 1483 1866 enim
1531 1824 1696 1863 mores
1724 1806 1883 1862 bonos
1932 1804 2191 1874 colloquia
2221 1826 2268 1886 Β
2294 1812 2559 1880 dimeret,
2593 1813 2756 1868 morti
2791 1829 2850 1870 se
2877 1813 3025 1870 dedit
3050 1830 3065 1878 ς
3090 1813 3215 1870 ideo
3249 1814 3485 1885 apostoli
3505 1855 3522 1880 ,
3553 1813 3621 1868 ὐι
3648 1813 3783 1869 vicem
3803 1814 3832 1868 ei

580 1908 722 1962 mala
751 1906 813 1980 (l
839 1907 961 1962 Cor.
993 1921 1087 1972 xv,
1119 1905 1190 1960 33
1291 1903 1608 1958 Hominibus
1636 1903 1946 1969 suademus,
1989 1899 2098 1966 ait;
2129 1909 2189 1955 ut
2289 1906 2558 1971 reddant,
2592 1906 2842 1963 homines
2888 1923 2954 1964 ex
2999 1909 3178 1979 aliqua
3224 1918 3379 1980 parte
3429 1907 3764 1966 exhortantur
3791 1908 3832 1962 ad

579 2000 842 2067 credant,
871 2010 928 2056 et
953 1999 1310 2071 provideant,
1344 2015 1412 2054 ne
1429 1999 1746 2081 incurrant,
1772 2006 1828 2052 et
1853 2004 1982 2051 tunc
2011 1996 2150 2065 pmnl

2289 2002 2408 2072 ejus
2435 2002 2756 2074 obsequium
2787 2019 2801 2055 :
2829 2013 2885 2059 et
2915 2012 2972 2058 ut
2998 2018 3097 2060 eos
3140 2004 3449 2071 attrahant,
3483 2018 3703 2061 necesse
3719 2013 3833 2058 estut

581 2105 784 2165 teant,c
803 2096 1024 2168 quando
1047 2093 1364 2164 ptnnitentia
1386 2093 1620 2148 fructum
1639 2106 1748 2146 non
1771 2090 1954 2145 habet.
1976 2088 2088 2143 Deo
2104 2105 2190 2143 au-
2287 2110 2476 2151 verum
2501 2111 2561 2151 se
2581 2096 2881 2166 prmdicare
2904 2106 3194 2166 testentur,
3218 2098 3341 2153 aliis
3361 2113 3538 2169 prava
3560 2097 3830 2156 docentibus;

583 2201 682 2247 tem
704 2190 964 2262 manifesti
985 2205 1190 2256 sumus;
1206 2188 1306 2244 hoc
1327 2187 1475 2244 enim
1502 2185 1858 2258 praedicabat,
1876 2183 2022 2255 quod
2047 2184 2188 2238 Deus
2290 2206 2393 2247 nec
2418 2206 2575 2247 suum
2624 2193 2876 2247 meritum
2925 2200 3141 2248 taceant
3163 2235 3178 2259 ,
3212 2204 3269 2247 ut
3300 2193 3578 2249 malorum
3618 2191 3831 2248 doctorum

575 2285 851 2356 jusserat:
883 2293 937 2341 et
966 2284 1070 2341 hoc
1091 2282 1234 2339 scire
1256 2283 1455 2338 dicitur
1476 2281 1654 2346 Deus,
1683 2279 1826 2351 quod
1860 2279 2059 2333 bonum
2083 2285 2185 2332 est.
2292 2299 2510 2354 pmnam
2557 2285 2861 2356 designent.
2912 2285 3029 2341 Non
3075 2300 3206 2356 ergo
3249 2286 3498 2343 elatione
3551 2286 3730 2341 mentis
3761 2285 3833 2339 hac

583 2377 828 2448 Denique
855 2376 996 2432 male
1021 2374 1308 2447 agentibus
1337 2372 1470 2429 dicit
1497 2391 1510 2426 :
1542 2372 1734 2428 Nescio
1762 2387 1869 2426 vos.
1898 2369 2066 2441 Spero
2089 2385 2187 2424 αα·
2291 2377 2556 2449 agebant,
2615 2378 2711 2435 sed
2767 2388 2825 2432 ut
2872 2377 3073 2433 donum
3129 2377 3329 2434 Christi
3387 2379 3759 2450 intelligeretur
3794 2378 3835 2430 ab

579 2479 679 2525 tem
698 2479 747 2524 et
771 2471 826 2524 in
842 2469 1364 2525 conscientiisvestris
1386 2467 1690 2537 manifestos
1721 2482 1814 2521 nos
1845 2482 1952 2521 esse
1968 2464 2188 2538 (Matth.
2291 2470 2580 2535 omnibus,
2622 2480 2678 2526 et
2705 2471 2942 2527 ﬁdeliter
2970 2470 3187 2535 devoti,
3236 2471 3284 2526 ei
3317 2472 3618 2542 gratiarum
3659 2468 3835 2525 actiones

580 2580 714 2632 xxv,
751 2564 864 2637 12).
911 2564 1195 2620 Manifesta
1225 2572 1344 2620 erat
1393 2563 1606 2633 puritas
1635 2577 1823 2618 eorum
1853 2560 2187 2628 Corinthiis;
2292 2563 2582 2620 referrent.
2613 2574 2635 2600 ι’
2668 2563 2898 2634 Propter
2918 2561 3124 2619 Christi
3156 2579 3288 2635 ergo
3311 2566 3672 2630 charilatem,
3699 2572 3836 2634 quaet

578 2660 705 2732 quia
735 2675 909 2731 neque
955 2659 1248 2730 aliquando
1297 2659 1350 2714 in
1381 2657 1698 2713 adulatione
1745 2657 1962 2713 fuerant
1996 2655 2192 2725 depre-
2292 2667 2494 2729 quanta
2537 2656 2682 2713 dona
2729 2656 2847 2728 ejus
2903 2658 3049 2713 circa
3097 2657 3393 2728 diligentes
3437 2674 3568 2715 eum
3614 2657 3726 2723 sint,
3768 2671 3834 2711 non

578 2750 734 2808 hensi
760 2792 774 2817 ,
803 2766 976 2822 neque
999 2750 1319 2822 praedicatio
1341 2749 1558 2806 illorum
1583 2749 1936 2820 displicuerat
1961 2749 2190 2816 sanctis,
2293 2763 2475 2810 tacent
2509 2770 2522 2807 :
2553 2768 2660 2808 non
2679 2753 2956 2823 jactantia:
2985 2767 3183 2819 causa,
3215 2753 3312 2809 sed
3337 2763 3394 2808 ut
3425 2753 3653 2809 invitent
3679 2751 3837 2806 audien-
3917 2783 3919 2796 ι

578 2857 681 2899 nec
707 2843 774 2898 ab
804 2843 988 2914 aliquo
1015 2841 1233 2897 illorum
1261 2841 1554 2913 quidquam
1577 2883 1592 2910 ,
1620 2852 1678 2896 ut
1703 2843 1948 2910 adsolet,
1976 2843 2191 2899 occulte
2294 2856 2375 2904 tes
2397 2846 2464 2902 ad
2487 2846 2607 2916 ejus
2641 2845 3023 2914 devotionem;
3056 2861 3126 2904 ne
3161 2861 3312 2902 mors
3340 2845 3548 2903 Christi
3581 2846 3835 2902 infructuosa

576 2935 782 2991 elicere
803 2943 1165 3001 tentaverant;
1182 2946 1238 2990 ut
1263 2935 1397 2991 foris
1417 2935 1697 3006 simplices
1713 2937 1855 3008 apud
1879 2936 2086 3002 turbas,
2110 2935 2194 2992 in-
2292 2941 2592 3007 videretur,
2627 2956 2733 2996 non
2760 2949 2819 2995 ut
2839 2941 2961 2996 laus
2981 2941 3350 3011 apostolorum
3374 2949 3760 3013 agnosceretur.
3774 2940 3837 2994 Per

576 3040 665 3088 tus
688 3032 1164 3102 veroimpostores
1187 3041 1388 3086 essent.
1413 3030 1538 3088 Ideo
1557 3031 1946 3087 conscientiam
1971 3031 2189 3086 illorum
2295 3035 2545 3092 meritum
2593 3034 2740 3090 enim
2799 3044 2855 3091 et
2905 3034 3132 3105 gloriam
3180 3036 3564 3106 apostolorum
3605 3034 3838 3109 agnoscitur

574 3124 847 3196 pulsat,ut
870 3124 972 3195 ipsi
997 3123 1217 3179 sibimet
1245 3132 1411 3180 testes
1434 3124 1710 3180 essentde
1734 3123 1959 3180 veritate
1974 3139 2188 3180 eorum.
2293 3126 2496 3183 Christi
2528 3127 2699 3197 gratia
2727 3136 2783 3182 et
2815 3127 3139 3183 beneficium
3169 3127 3288 3183 Dei.

649 3217 832 3290 (Vers.
879 3217 999 3289 12.)
1027 3217 1150 3273 Νοη
1193 3218 1379 3273 iterum
1422 3235 1514 3274 nos
1559 3218 1981 3274 commendamus
2019 3218 2182 3273 vobis.
2214 3225 2260 3286 ί]
2369 3221 2552 3294 (Vers.
2587 3219 2704 3292 15.)
2732 3221 2875 3294 Ergo
2901 3238 3077 3278 omnes
3103 3224 3294 3278 mortui
3318 3234 3454 3291 sunt,
3483 3235 3536 3281 et
3563 3241 3651 3298 pro
3673 3222 3837 3280 omnibus

578 3312 848 3381 Quoniam
895 3313 1148 3383 superius
1190 3327 1377 3368 veram
1421 3312 1864 3383 prmdicationem
1910 3325 2063 3366 suam
2094 3310 2190 3366 οὶ)-
2292 3315 2529 3370 mortuus
2575 3326 2648 3370 est
2680 3315 2952 3384 Christus,
3000 3326 3056 3370 ut
3086 3328 3136 3372 et
3176 3318 3267 3388 qui
3292 3318 3508 3388 vivunt,
3536 3324 3650 3395 jam
3678 3336 3758 3373 non
3776 3318 3836 3370 sibi

577 3417 819 3473 testans,
854 3407 1074 3465 laudare
1103 3424 1164 3465 se
1211 3409 1361 3464 visus
1398 3417 1518 3476 est;
1573 3408 1779 3464 idcirco
1812 3422 1954 3464 nunc
1995 3406 2185 3463 eadem
2289 3410 2460 3464 vivant
2480 3451 2494 3474 ,
2524 3407 2616 3462 sed
2643 3408 2692 3462 ei
2716 3409 2804 3480 qui
2841 3426 2935 3478 pro
2966 3409 3090 3480 ipsis
3119 3421 3354 3465 mortuus
3380 3422 3494 3478 est,
3527 3423 3577 3468 et
3605 3409 3835 3468 resurrtril-

573 3503 848 3574 significat
877 3545 892 3572 ,
926 3518 1033 3559 non
1063 3503 1128 3558 ad
1153 3504 1370 3560 laudem
1411 3519 1565 3559 suam
1615 3502 1718 3560 hoc
1747 3501 1933 3560 dicere
1960 3516 2020 3556 se
2045 3540 2061 3568 ,
2091 3499 2188 3556 sed
2288 3501 2425 3571 Quia
2468 3516 2661 3557 omnes
2688 3515 2916 3558 necesse
2947 3510 3032 3558 est
3060 3503 3202 3558 mori
3241 3519 3407 3560 causa
3434 3504 3575 3562 Adae
3595 3548 3609 3570 ,
3655 3520 3738 3577 pro
3759 3517 3833 3556 om-

575 3594 645 3651 ad
673 3611 864 3652 eorum
908 3597 1137 3668 gloriam
1163 3614 1180 3664 ;
1216 3606 1275 3652 ut
1318 3597 1880 3668 gaudeantintegram
1925 3593 2189 3665 praedica-
2290 3597 2452 3653 nibus
2480 3607 2730 3652 mortuus
2760 3606 2848 3654 est
2873 3595 3148 3664 Christus;
3181 3608 3242 3654 ut
3271 3614 3366 3655 eos
3397 3614 3425 3654 a
3457 3600 3692 3657 secunda
3717 3606 3835 3652 morte

571 3690 777 3747 tionem
803 3706 865 3748 se
893 3691 1223 3748 addidicisse
1249 3733 1264 3756 ,
1296 3689 1380 3746 his
1401 3691 1876 3746 annuntiantibus.
1898 3688 2007 3745 Sed
2037 3705 2189 3742 occa-
2289 3689 2583 3754 liberaret;
2615 3690 2850 3761 ideoque
2893 3691 2983 3762 qui
3015 3691 3207 3747 vivunt
3249 3691 3300 3748 in
3354 3707 3621 3763 corpore,
3667 3693 3834 3749 scientes

571 3788 768 3844 sionem
794 3791 976 3844 damus
1004 3787 1145 3844 vobis
1174 3785 1438 3858 gloriandi
1468 3786 1532 3841 de
1561 3785 1742 3852 nobis;
1773 3793 1830 3840 ut
1859 3783 2061 3855 aliquid
2087 3784 2184 3837 ha-
2287 3783 2562 3840 Christum
2591 3793 2860 3841 mortuum
2889 3799 3012 3841 esse
3042 3801 3140 3856 pro
3169 3799 3229 3842 se
3252 3828 3268 3854 ,
3301 3787 3480 3842 sintei
3511 3786 3729 3851 subditi,
3753 3797 3834 3855 pro-

572 3883 735 3939 beatis
762 3883 1009 3938 adversus
1030 3893 1164 3952 ’_'eos,
1206 3881 1296 3952 qui
1322 3882 1376 3935 in
1411 3881 1546 3951 facie
1570 3881 1898 3952 gloriantur,
1928 3888 1974 3934 et
1999 3895 2101 3933 nou
2132 3879 2186 3932 in
2288 3876 2506 3934 fitentes
2541 3877 2684 3933 hunc
2716 3878 3026 3934 Dominum.
3057 3877 3195 3946 Quia
3220 3880 3364 3934 enim
3399 3880 3625 3951 prodest
3647 3881 3716 3936 eis
3737 3887 3834 3931 mors

573 3979 749 4032 corde.
785 3977 901 4034 Hoc
929 3977 1092 4044 dicit,
1123 3975 1384 4048 quoniam
1429 3975 1582 4030 multi
1611 3990 1708 4046 per
1736 3974 2031 4029 elationem
2061 3973 2185 4045 glo-
2288 3970 2425 4040 ejus,
2449 3972 2823 4028 testimonium
2848 3971 3102 4043 perhibet
3119 3974 3454 4029 resurrectio
3471 3973 3610 4045 ejus.
3630 3968 3833 4045 lgiturhic

570 4070 854 4126 riabantur
899 4070 954 4126 in
1000 4085 1060 4126 se
1096 4070 1166 4126 de
1208 4068 1479 4141 apostolis
1501 4110 1515 4136 ,
1545 4071 1871 4140 profitentes
1901 4085 1962 4126 se
2001 4068 2070 4124 ab
2118 4068 2186 4125 iis
2286 4064 2392 4120 sibi
2423 4079 2530 4121 non
2553 4065 2726 4132 vivit,
2753 4065 2846 4136 qui
2877 4075 3097 4137 paratus
3127 4075 3210 4122 est
3235 4065 3444 4124 domini
3471 4070 3558 4123 sui
3590 4067 3748 4123 facere
3769 4079 3832 4116 τυ·
3920 4081 3921 4102 ι

571 4161 782 4228 doctos,
815 4161 910 4233 qui
954 4176 1174 4233 semper
1221 4176 1346 4217 cum
1380 4161 1609 4218 Domino
1657 4162 1921 4219 fuerunt:
1953 4163 2186 4236 ideoque
2286 4159 2574 4216 luntatem.

574 4253 664 4311 hic
690 4255 824 4311 dicit
843 4257 976 4312 dare
1005 4271 1066 4311 se
1095 4255 1181 4311 his
1207 4256 1478 4313 rationem
1499 4298 1514 4324 ,
1546 4272 1642 4328 per
1669 4273 1827 4328 quam
1857 4268 1912 4314 et
1937 4258 2039 4331 ipsi
2067 4259 2186 4330 glo—
2359 4253 2542 4324 (Vers.
2574 4251 2692 4326 16.)
2727 4250 2912 4325 Itaque
2938 4269 3033 4308 nos
3066 4253 3316 4309 neminem
3342 4271 3406 4310 ex
3425 4253 3527 4311 hoc
3557 4265 3757 4327 tempore
3775 4265 3832 4302 ηο-

572 4349 855 4405 riarentur
881 4350 1148 4406 adversus
1188 4365 1315 4417 eos;
1346 4350 1469 4423 quia
1495 4351 1788 4425 Apostolus
1829 4364 1951 4410 erat
1974 4394 1990 4421 ,
2018 4369 2046 4408 a
2077 4368 2184 4425 quo
2284 4348 2449 4402 vimus
2476 4348 2757 4403 secundum
2799 4363 3027 4402 carnem.
3075 4346 3145 4402 Et
3171 4349 3218 4403 si
3244 4350 3577 4421 cognovimus
3616 4345 3832 4404 secundm

571 4449 629 4497 et
656 4441 746 4496 isti
773 4441 1098 4498 didicerant.
1136 4441 1292 4500 Unde
1321 4443 1374 4498 in
1401 4443 1509 4499 alio
1554 4444 1677 4501 loco
1699 4444 1831 4500 dicit
1862 4464 1875 4499 :
1907 4445 2061 4500 Nihil
2087 4446 2182 4500 mi-
2284 4461 2489 4500 carnem
2515 4443 2775 4500 Christum
2799 4485 2815 4510 ,
2849 4459 2986 4499 nunc
3007 4443 3116 4509 iam
3137 4459 3240 4498 non
3268 4444 3526 4499 novimus.
3558 4443 3735 4500 Verum
3760 4447 3830 4498 est.

570 4550 672 4590 nus
699 4536 797 4606 feci
826 4535 888 4590 ab
937 4535 1019 4590 his
1041 4575 1058 4603 ,
1089 4536 1178 4607 qui
1220 4536 1371 4592 valde
1410 4546 1532 4593 sunt
1561 4538 1781 4611 apostoli
1803 4537 1875 4607 (Il
1911 4538 2032 4595 Cor.
2069 4555 2179 4606 ιιι,
2283 4541 2409 4612 quia
2434 4539 2656 4595 Christo
2700 4547 3023 4610 resurgente
3049 4553 3079 4592 a
3105 4539 3364 4606 mortuis,
3390 4537 3505 4610 jam
3534 4546 3704 4597 cessat
3728 4535 3766 4590 in
3789 4545 3832 4585 eo

572 4628 696 4701 11).
728 4629 883 4698 Quod
913 4625 1130 4702 quidem
1161 4643 1384 4689 coactus
1430 4632 1598 4702 dicit,
1626 4650 1696 4690 ne
1731 4634 2012 4690 silentium
2058 4634 2176 4704 ejus
2202 4635 2256 4698 D
2281 4634 2516 4691 carnalis
2542 4632 2837 4700 nativitas,
2869 4639 3052 4688 cessat
3079 4631 3370 4687 infirmitas
3393 4633 3665 4704 corporis,
3704 4629 3832 4684 cessat

567 4722 690 4778 istis
718 4722 956 4780 obesset.
981 4723 1082 4792 Qui
1111 4739 1246 4796 ergo
1275 4724 1329 4780 in
1360 4724 1526 4782 corde
1550 4726 1831 4797 gloriatur,
1861 4726 2171 4798 superbiam
2281 4739 2336 4785 et
2370 4727 2390 4768 ί
2440 4729 2622 4800 passio
2649 4727 2860 4783 mortis.
2893 4724 3078 4798 Usque
3108 4725 3175 4782 ad
3223 4741 3444 4782 crucem
3475 4729 3621 4784 enim
3649 4719 3830 4794 suspicio

562 4817 838 4890 reprimit,
865 4816 1045 4875 sciens
1067 4819 1195 4890 quia
1221 4819 1501 4875 humilibus
1528 4819 1672 4896 Deus
1697 4821 1786 4876 dat
1813 4821 2058 4895 gratiam,
2082 4837 2175 4876 su-
2281 4820 2383 4878 fuit
2413 4821 2747 4878 infirmitatis
2790 4819 2846 4875 in
2879 4819 3104 4875 Christo
3139 4836 3152 4873 :
3186 4828 3379 4890 postea
3419 4831 3600 4877 autem
3638 4810 3831 4888 apparo“

643 4943 670 4972 ⁸
694 4934 895 5011 Eadem
923 4935 1080 5003 edit.,
1114 4935 1477 5010 Unusquisque
1505 4939 1656 5010 factis
1687 4939 1991 5010 corporis...
2020 4939 2176 5011 adju—
2277 4939 2506 5006 edit.,...
2546 4946 2751 5008 tacent,
2777 4946 2834 4992 ut
2854 5009 2862 5011 Α
2881 4937 2997 4992 laus
3036 4937 3394 5011 apostolorum
3427 4945 3828 5011 nosceretur,_twn

569 5006 826 5083 dicabitur
856 5009 1018 5083 bonus
1044 5020 1135 5064 aut
1164 5005 1354 5065 malus.
1388 5005 1398 5010 ⁷
1505 5005 1515 5010 ⁷
1701 5081 1722 5083 Α)
1779 5005 1804 5083 ’ν
2082 5005 2099 5011 ⁷
2266 5005 2541 5083 jactantite
2567 5005 2821 5067 causai...
2844 5005 3174 5081 infructuosa
3201 5010 3483 5068 videretur.
3513 5008 3618 5064 Per
3641 5005 3827 5062 meritust

637 5079 664 5119 δ
691 5080 949 5138 Nonnulli
975 5095 1133 5151 mss.,
1165 5083 1304 5148 Quia
1333 5083 1505 5138 carnis
1525 5083 1664 5151 vita;
1686 5081 1876 5152 Corb.,
1903 5083 2039 5151 Quia
2060 5099 2176 5138 car-
2266 5079 2414 5140 enim
2433 5126 2447 5148 ,
2478 5099 2586 5140 etc.

571 5153 862 5228 nalis_vita.
931 5225 951 5228 Α
1064 5224 1077 5228 Α
1344 5227 1349 5228 ί
2354 5156 2372 5194 ῐ
2403 5156 2569 5212 Corb.
2597 5152 2745 5222 cod.,
2778 5155 2950 5228 passio
2978 5155 3179 5210 mortis.
3213 5153 3332 5228 Hoc
3351 5171 3456 5228 non
3482 5154 3648 5228 utique
3669 5157 3827 5228 ρνᾳῃιετ

639 5234 662 5300 εξ
699 5223 884 5283 Codex
928 5224 1126 5295 Laud.,
1175 5227 1386 5299 quando
1437 5228 1748 5300 paenitentia:
1785 5232 2016 5300 fructum
2070 5244 2173 5283 non
2277 5228 2567 5296 Christum,
2600 5243 2752 5297 quem
2778 5221 2894 5282 sors
2921 5243 3028 5300 non
3053 5221 3600 5300 tangebat,_humana.’
3623 5221 3827 5300 fragilitaf

569 5295 780 5370 habent.
1187 5295 1197 5299 ⁷
1437 5295 1445 5300 ⁷
1786 5295 1797 5300 ’
2276 5301 2341 5354 tis
2367 5318 2385 5356 :
2413 5301 2502 5355 sed
2534 5295 2742 5370 propter
2767 5316 2891 5362 nos.
2922 5297 3108 5365 quibus
3144 5298 3437 5368 exemplum
3474 5300 3647 5353 datum
3683 5302 3769 5353 est,
3789 5295 3824 5338 Il

633 5365 661 5406 ἀ
693 5368 849 5425 Rom.
883 5369 1042 5444 edit.,
1078 5370 1215 5444 Quia
1242 5372 1286 5426 si
1307 5371 1462 5441 elate,
1483 5373 1563 5428 vel
1590 5374 1770 5428 insane
1800 5381 2012 5444 putatur
2033 5372 2169 5427 locu-
2277 5373 2321 5425 si
2345 5365 2558 5444 vestigia
2589 5365 2898 5444 ejusqsecuti
2923 5372 3178 5444 fuerimus
3198 5411 3212 5434 ,
3235 5365 3452 5444 quipro
3481 5370 3824 5444 nobismormt

561 5447 714 5516 tus...
745 5439 1131 5516 remittendum.
1167 5443 1350 5498 Omnis
1377 5439 1514 5498 enim
1541 5445 1783 5516 superbia
1801 5439 1938 5498 i'elut
1965 5445 2170 5516 insania
2273 5452 2374 5498 est.
2402 5439 2576 5499 Simili
2602 5439 2757 5497 modo
2785 5453 2833 5497 et
2861 5439 3092 5497 in'nobis
3115 5450 3232 5512 post
3263 5442 3455 5516 eagitum
3483 5439 3824 5516 uitwhujttsff'

563 5510 798 5587 habetur.
839 5514 900 5569 Si
927 5524 1099 5570 autem
1132 5532 1237 5571 non
1283 5517 1575 5587 superba...
1607 5510 1719 5571 Deo
1765 5515 2165 5581 dimittendum,
2270 5516 2597 5586 surgentibus
2627 5516 2885 5587 promisso
2911 5510 3142 5587 tempore
3164 5513 3380 5587 cessabit
3409 5515 3573 5587 omnis
3602 5510 3823 5587 inﬁrmi!"

564 5580 802 5657 Char?”
827 5588 962 5638 enim
977 5627 1006 5657 ι
1021 5598 1109 5642 0‘0
1351 5580 1360 5587 ’
2271 5596 2318 5641 ct
2344 5580 2636 5656 corruptio.
2653 5585 2785 5642 Ideo
2814 5580 3262 5641 etenim'norimus
3287 5625 3315 5657 ,_
3327 5586 3518 5657 inquit,
3551 5599 3610 5638 ex
3633 5582 3718 5634 hor
3731 5587 3822 5657 tem.

638 5663 662 5691 °
702 5653 924 5723 PrOpter
967 5655 1159 5712 Christi
1187 5675 1342 5730 ergo,
1390 5660 1460 5716 ab
1501 5659 1585 5714 bis
1628 5659 1810 5715 verbis
1857 5671 2030 5730 usque
2075 5658 2166 5727 ad,
2270 5674 2396 5727 pore
2422 5653 2708 5713 secundum
2739 5658 3130 5726 carnem;quia
3175 5658 3231 5710 in
3275 5653 3480 5730 Christo
3506 5653 3820 5730 resurrectiont

564 5723 707 5812 Ergo
733 5742 911 5812 gmnes
940 5731 1130 5812 mortui
1155 5722 1304 5812 sunt,
1329 5722 1512 5812 hiatus
1539 5741 1716 5812 exstat
1745 5731 1798 5787 in
1825 5722 1954 5785 cod;
1973 5722 2166 5812 Corb.,
2268 5722 2526 5812 generalis
2556 5732 2680 5784 data
2707 5741 2782 5786 est
2811 5731 2977 5812 [arma
2999 5722 3418 5812 inforruptionis
3433 5738 3481 5782 et
3502 5722 3819 5812 claritatisg‘

563 5797 748 5873 caeteri
771 5809 952 5873 autem
979 5839 993 5862 ,
1017 5809 1181 5870 atque
1207 5803 1340 5857 edit.
1383 5804 1517 5858 satis
1547 5805 1687 5860 inter
1712 5818 1771 5859 se
1798 5803 2166 5870 consentiunt,
2267 5797 2341 5873 ita
2365 5803 2598 5857 omnibus
2621 5797 2908 5871 provenire,
2931 5801 3021 5873 qui
3042 5798 3245 5856 Christo
3269 5798 3534 5868 obediunt,
3558 5801 3815 5854 nosceretur.

561 5869 610 5928 si
631 5869 1118 5944 transpositionem
1141 5875 1408 5944 excipias,
1430 5891 1552 5947 quae
1576 5877 1658 5933 sic
1677 5874 1818 5932 facta
1839 5873 1994 5932 estin
2007 5869 2166 5930 Rom.
2273 5872 2450 5944 Quare
2478 5876 2524 5931 si
2547 5890 2650 5944 qua
2667 5915 2682 5945 ,
2713 5883 2820 5931 etc.

3529 5934 3648 5947 μου-
