3978 6310
117 312 239 368 297

899 305 1394 368 COMMENTARIA
1436 307 1500 364 IN
1542 302 1759 364 EPIST.
1801 304 1898 362 AD
1935 304 2261 364 COIilNTH.
2303 306 2697 370 SECUNDAM.

3338 322 3445 380 298

119 441 293 492 esse,
327 425 478 497 quod
517 439 618 481 non
664 424 1006 491 credebatur,
1048 425 1189 480 sicut
1226 432 1281 478 et
1325 424 1443 494 ipse
1471 423 1583 479 ait:
1617 424 1746 479 Cum
1773 419 1828 482 A
1851 430 1972 489 est;
2005 434 2063 478 ιιι
2093 423 2284 480 videns
2311 426 2508 483 Filium
2529 469 2545 494 _.
2569 427 2773 484 vidisse
2804 427 3018 486 dicatur
3045 429 3284 498 Patrem,
3315 436 3461 493 sicut

122 519 495 575 exultaverim
525 517 572 572 F
576 520 722 574 ilium
742 520 980 583 hominis,
1014 530 1136 572 tunc
1165 520 1477 592 cognoscetis
1496 518 1740 584 quoniam

121 616 228 686 ego
251 629 371 667 sum
403 611 582 685 (Joan.
614 627 737 678 vnt,
767 611 880 683 28).
915 612 1028 667 Hoc
1053 625 1187 682 ergo
1217 611 1418 668 idcirco
1443 610 1740 681 Apostolus

122 719 454 777 memorat,
483 719 538 764 ut
583 709 834 765 ostendat
868 724 974 781 qua
1011 707 1303 764 devotione
1331 705 1739 778 obsequendum

120 814 215 859 est
243 801 490 860 Christo.
513 802 618 858 Pro
637 803 814 858 salute
834 801 978 858 enim
1003 801 1280 857 hominum
1307 816 1413 857 non
1435 801 1612 858 solum
1636 799 1739 855 ho-

121 895 344 954 minem
386 911 447 953 se
475 896 623 951 nasci
650 912 758 954 non
797 894 1118 965 dedignatus
1146 903 1230 952 est
1262 913 1276 950 :
1306 893 1402 950 sed
1445 903 1500 950 et
1526 892 1740 964 injuriis

118 988 242 1060 agi,
267 997 326 1044 et
352 988 492 1044 mori
517 988 720 1054 voluit;
742 987 1186 1060 utintelligentes
1213 1003 1374 1059 quam
1406 989 1645 1058 pretiosa
1669 985 1741 1042 sit

112 1097 280 1137 mors
311 1082 463 1152 ejus,
512 1081 838 1152 propensius
865 1080 940 1136 illi
989 1082 1270 1147 serviant,
1323 1078 1428 1136 non
1458 1079 1612 1152 quasi
1641 1079 1740 1135 ho-

111 1175 263 1231 mini
293 1175 470 1232 vicem
497 1175 815 1242 reddentes,
845 1173 942 1230 scd
971 1175 1084 1231 Deo
1108 1191 1123 1241 ;
1165 1175 1292 1246 quia
1319 1173 1613 1246 unicuique
1641 1188 1741 1245 pro

112 1281 367 1338 persona
393 1267 512 1337 ejus
538 1275 594 1323 et
623 1266 832 1322 meritis
857 1265 1197 1322 refundenda
1226 1267 1488 1337 obsequia
1519 1277 1666 1320 sunt.

191 1360 386 1435 (Vers.
420 1361 538 1432 i7.)
570 1360 744 1428 Quare
765 1361 810 1414 si
830 1377 931 1432 quo
957 1370 1032 1416 est
1062 1361 1114 1415 in
1143 1360 1350 1417 Christo
1379 1376 1511 1415 nova
1537 1369 1741 1416 creatu-

110 1475 178 1511 ra
199 1499 217 1523 ,
253 1467 428 1513 vetera
448 1457 766 1511 transierunt
788 1497 801 1521 ,
833 1465 881 1510 et
921 1471 1034 1510 ecce
1063 1455 1235 1510 omnia
1275 1459 1416 1527 facta
1445 1464 1564 1510 sunt
1588 1471 1739 1510 nova.

111 1549 475 1608 Manifestum
530 1559 616 1606 est
660 1549 782 1621 quia
811 1549 926 1620 'per
976 1547 1251 1605 Christum
1304 1557 1563 1604 renovata
1614 1557 1744 1605 sunt

110 1645 347 1710 omnia,
405 1644 454 1700 si
507 1642 946 1700 animadvertant
989 1641 1314 1714 dignitatem
1368 1642 1510 1713 ejus.
1561 1641 1743 1698 Novus

108 1740 274 1798 enim
306 1738 368 1794 fit
395 1738 482 1795 his
510 1779 526 1805 ,
551 1738 750 1810 quibus
791 1737 942 1806 prius
982 1736 1148 1792 homo
1178 1744 1387 1791 tantum
1433 1733 1740 1801 videbatur,

1843 527 1897 573 et
1924 517 2042 590 ipse
2068 521 2332 577 Dominus
2377 523 2490 578 ait:
2525 524 2628 592 Qui
2667 541 2748 580 me
2789 528 2955 593 videt,
3001 530 3136 585 videt
3162 541 3209 586 et
3240 531 3453 591 Patrem

1846 610 2029 684 (Joan.
2062 630 2116 680 ι,
2149 613 2251 686 9).
2285 615 2453 672 Recte
2479 633 2612 689 ergo
2639 618 2839 675 dicitur
2867 637 2882 675 :
2912 619 3057 677 Dens
3086 635 3194 679 erat
3219 626 3272 680 in
3304 625 3456 682 Chri-

1843 713 1958 771 sto;
1990 704 2095 762 hoc
2119 715 2226 774 est,
2245 706 2408 764 Pater
2431 709 2483 764 in
2509 708 2675 777 Filio,
2700 713 2952 768 mundum
2973 717 3315 774 reconcilians
3336 720 3456 788 sibi;

1842 811 1951 852 non
1981 810 2242 868 reputans
2285 799 2392 856 illis
2420 800 2620 858 delicta
2660 818 2888 872 eorum;
2920 809 3176 879 quoniam
3204 822 3458 870 creatura

1842 893 2089 962 peccavit
2133 894 2185 949 in
2213 893 2384 950 Deum
2405 937 2420 964 ,
2456 911 2556 952 nec
2583 897 2867 968 paenituit,
2901 911 2958 956 ut
2998 915 3361 962 reverteretur
3390 907 3460 964 ad

1841 997 1964 1039 eum
1999 1003 2012 1040 :
2047 986 2193 1043 Deus
2222 1002 2359 1059 opus
2393 1003 2552 1045 suum
2603 992 2795 1049 nolens
2827 997 3036 1063 perire,
3085 999 3234 1055 misit
3260 1001 3458 1059 Filium

1842 1091 2027 1146 suum,
2059 1095 2158 1151 per
2185 1096 2346 1152 quem
2389 1083 2684 1152 praedicata
2713 1086 2794 1142 eis
2844 1089 3170 1148 remissione
3200 1106 3455 1164 peccato-

1841 1185 1961 1226 rum
1986 1212 2002 1239 ,
2031 1173 2414 1230 reconciliaret
2432 1190 2526 1231 eos
2553 1175 2661 1232 sibi
2691 1193 2789 1248 per
2812 1179 3018 1250 ipsum,
3052 1198 3149 1251 per
3173 1201 3331 1256 quem
3357 1202 3460 1244 nos

1843 1276 2145 1323 creaverat.
2182 1277 2205 1305 ο
2240 1268 2368 1325 Sive
2397 1285 2528 1341 ergo
2581 1287 2683 1342 per
2731 1272 2926 1330 Filium
2954 1317 2968 1341 ,
3001 1277 3116 1332 sive
3147 1295 3246 1348 per
3271 1297 3461 1341 servos

1845 1355 1990 1415 Deus
2040 1360 2364 1417 exhortatur
2407 1363 2706 1434 populum;
2759 1367 2886 1438 quia
2933 1369 3000 1422 ad
3055 1369 3229 1440 ipsum
3281 1376 3461 1430 omnis

1843 1465 2054 1506 summa
2085 1452 2374 1510 referenda
2394 1465 2477 1510 est
2497 1496 2514 1522 ,
2545 1455 2703 1528 cujus
2728 1459 3011 1516 voluntate
3038 1470 3094 1517 et
3117 1465 3457 1532 providentia

1844 1542 2100 1600 Christus
2148 1546 2464 1603 incarnatus
2489 1558 2576 1604 est
2629 1550 2694 1606 ad
2721 1551 2955 1609 salutem
3001 1554 3282 1614 hominum
3312 1563 3466 1617 redi-

1847 1636 2097 1692 mendam
2124 1654 2139 1693 :
2169 1640 2262 1710 qui
2285 1655 2408 1696 cum
2439 1643 2642 1698 reverti
2672 1644 2840 1702 vellet
2862 1645 2930 1702 ad
2960 1646 3206 1719 Patrem,
3241 1651 3466 1726 dispen-

1845 1730 2112 1786 sationem
2143 1742 2422 1804 acceptam
2454 1750 2485 1789 a
2509 1733 2674 1793 Patre
2700 1736 2852 1793 dedit
2877 1739 3181 1814 discipulis.

109 1847 246 1888 cum
275 1828 606 1902 intelligitur
625 1843 750 1885 esse
778 1828 922 1884 Deus
951 1845 964 1881 :
998 1838 1057 1884 ut
1079 1825 1376 1884 recedente
1404 1825 1739 1892 infirmitate,
1771 1827 1821 1888 B
1920 1821 2142 1879 Orontes
2171 1841 2268 1896 pro
2297 1826 2504 1882 Christo
2535 1845 2624 1884 vos
2668 1833 2998 1890 reconciliari
3027 1834 3160 1891 Deo.
3195 1838 3311 1898 Hoc
3337 1850 3424 1897 est
3446 1881 3463 1909 ,

108 1931 459 1995 agnoscatur
490 1923 776 1989 divinitas,
810 1930 866 1978 et
904 1931 1157 1978 cessante
1199 1935 1391 1977 errore
1420 1918 1616 1987 veteri,
1645 1917 1743 1989 qui

109 2019 438 2074 introduCta
479 2016 777 2073 multorum
834 2014 1065 2070 deorum
1111 2013 1408 2083 opinione,
1468 2012 1537 2069 ab
1581 2010 1740 2067 unius

109 2111 238 2167 veri
261 2109 365 2166 Dei
395 2109 505 2166 ﬁde
551 2108 938 2166 transduxerat
977 2122 1148 2179 genus
1195 2105 1525 2174 humanum,
1550 2120 1740 2161 rever-

112 2213 313 2260 tantur
355 2203 538 2259 omnia
567 2202 635 2258 ad
680 2201 1048 2272 simplicitatis
1094 2199 1530 2272 professionem,
1572 2212 1738 2253 unum

113 2298 298 2354 Deum
328 2296 615 2353 adorantia
644 2295 698 2351 in
726 2294 1019 2350 Trinitate.

193 2391 388 2464 (Vers.
414 2389 532 2461 18.)
561 2389 754 2445 Omnia
773 2398 945 2444 autem
965 2403 1038 2444 ea:
1052 2385 1186 2442 Deo.
1209 2385 1469 2454 Quamvis
1492 2383 1742 2442 Christus

108 2497 227 2540 nos
255 2482 584 2550 redemerit,
611 2481 792 2537 omnia
822 2489 1000 2536 tamen
1017 2495 1084 2536 ex
1106 2479 1250 2546 Deo;
1271 2477 1396 2549 quia
1418 2477 1488 2534 ab
1513 2478 1634 2548 ipso
1659 2486 1745 2534 est

107 2576 312 2634 omnis
345 2575 646 2648 pateruitas
688 2571 909 2646 (Ephes.
951 2588 1034 2638 tu,
1073 2572 1209 2643 l5):
1256 2571 1487 2642 ideoque
1517 2584 1744 2628 necesse

107 2681 198 2727 est
234 2669 488 2741 praeferri
519 2683 812 2740 personam
838 2667 1038 2723 Patris.

186 2763 384 2834 (νει-ε.
418 2761 510 2831 19,
532 2762 626 2829 20,
669 2758 790 2832 21.)
820 2769 848 2798 ﬂ
880 2760 983 2830 Qui
1006 2759 1360 2815 reconciliavit
1390 2776 1484 2815 nos
1510 2759 1609 2814 sibi
1653 2775 1744 2831 per

109 2858 429 2924 Christum,
458 2866 507 2913 et
543 2855 686 2911 dedit
712 2853 857 2910 nobis
884 2855 1231 2909 ministerium
1265 2853 1744 2922 reconciliationis}

107 2951 373 3019 quoniam
397 2948 606 3018 quidem
635 2945 772 3002 Deus
796 2955 906 3002 erat
926 2947 982 3000 in
1011 2945 1249 3012 Christo,
1282 2945 1534 3000 mundum
1557 2959 1742 2998 recon-

109 3045 312 3100 cilians
340 3041 441 3098 sibi
461 3083 477 3106 ,
520 3058 623 3096 non
651 3049 900 3114 reputans
926 3039 1032 3095 illis
1058 3039 1247 3094 delicta
1276 3040 1508 3110 ipsorum
1528 3080 1544 3107 ,
1569 3049 1617 3094 et
1644 3054 1742 3108 po-

110 3155 246 3194 nens
269 3138 329 3192 in
363 3134 512 3191 nobis
538 3137 746 3192 verbum
776 3132 1214 3190 reconciliationis
1245 3131 1340 3204 pro
1370 3131 1578 3189 Christo
1604 3174 1620 3200 ,
1650 3148 1745 3203 pro

1843 1914 1990 1984 quod
2015 1915 2163 1983 dixiv,
2197 1918 2287 1988 qui
2318 1933 2419 1990 pro
2443 1919 2666 1978 Christo
2698 1922 2935 1980 vicarios
2961 1926 3114 1984 dedit
3141 1931 3461 2001 apostolos;

1842 2013 1904 2061 ut
1933 2021 2034 2077 pro
2056 2007 2176 2079 ipso
2199 2011 2567 2080 praedicarent
2596 2017 2938 2074 reconciliari
2968 2020 3104 2076 Deo.

1915 2099 2097 2170 (Vers.
2122 2102 2238 2173 22.)
2263 2103 2400 2159 Eum
2427 2108 2513 2175 qui
2542 2125 2646 2164 non
2675 2122 2885 2166 noverat
2911 2125 3180 2185 peccatum
3200 2158 3213 2184 ,
3242 2135 3338 2190 pro
3367 2137 3462 2177 no-

1844 2191 1921 2246 bis
1950 2203 2215 2264 peccatum
2256 2198 2399 2268 fecit.
2434 2199 2603 2255 Deum
2643 2201 2777 2258 dicit
2803 2203 3022 2262 Patrem
3069 2219 3350 2278 peccatum
3381 2211 3462 2268 fe-

1842 2285 1984 2342 cisse
2012 2286 2212 2342 Filium
2243 2302 2402 2345 suum
2427 2290 2737 2362 Christum,
2775 2311 2902 2352 eum
2931 2300 3117 2370 utique
3146 2302 3239 2371 qui
3270 2318 3460 2374 pecca-

1846 2387 1958 2434 tum
2007 2379 2326 2449 nesciebat,
2372 2381 2426 2437 id
2477 2395 2604 2451 est,
2637 2387 2724 2456 qui
2779 2403 2888 2444 non
2939 2405 3290 2460 peccaverat;
3335 2398 3462 2466 quia

1843 2469 2018 2528 lactus
2037 2487 2166 2530 caro
2193 2489 2303 2531 non
2332 2473 2680 2547 immutatus,
2711 2482 2807 2537 sed
2833 2483 3149 2542 incarnatus
3175 2487 3349 2543 factus
3375 2500 3463 2546 est

1845 2574 2130 2637 peccatum
2151 2585 2165 2637 ;
2190 2568 2337 2625 sicut
2361 2570 2451 2639 qui
2479 2569 2539 2625 ﬁt
2567 2572 2858 2642 prmfectus
2879 2618 2894 2645 ,
2944 2593 3052 2634 non
3083 2582 3285 2636 amittit
3314 2583 3460 2653 quod

1845 2669 1965 2715 erat
2009 2677 2023 2713 :
2070 2659 2170 2716 sed
2213 2662 2445 2717 assumit
2499 2663 2688 2735 utique
2751 2667 2896 2738 quod
2937 2684 3049 2725 non
3098 2681 3240 2728 erat.
3290 2674 3467 2733 llomo

1842 2766 1976 2823 ergo
2024 2753 2199 2808 lactus
2243 2760 2331 2810 est
2360 2753 2615 2812 Christus
2657 2771 2821 2814 causa
2867 2762 3114 2830 peccati,
3147 2780 3308 2836 quem
3351 2784 3460 2824 non

1845 2846 2103 2916 tangebat
2129 2861 2272 2914 sors,
2316 2862 2494 2920 neque
2517 2847 2757 2920 dignitas
2795 2854 2945 2909 nasci
2974 2855 3274 2914 hominem.
3328 2859 3461 2917 Pro-

1846 2947 1967 3009 pter
1992 2940 2135 3012 quod
2181 2950 2363 2999 autem
2407 2943 2587 2999 omnis
2612 2960 2741 3001 caro
2769 2946 2874 3003 sub
2916 2961 3143 3020 peccato
3186 2963 3304 3021 est,
3337 2955 3464 3012 ideo

1845 3033 2018 3092 factus
2045 3051 2205 3102 caro,
2234 3036 2410 3096 factus
2429 3048 2513 3094 est
2542 3039 2710 3096 etiam
2731 3052 3040 3113 peccatum.
3089 3046 3159 3102 Et
3203 3051 3459 3120 quoniam

1843 3130 2062 3187 oblatus
2089 3141 2174 3188 est
2217 3148 2320 3204 pro
2370 3134 2641 3205 peccatis,
2693 3151 2801 3192 non
2858 3138 3134 3196 immerito
3178 3156 3458 3214 peccatum

109 3249 216 3304 quo
261 3231 526 3302 legatione
551 3230 840 3303 fungimur,
869 3239 1131 3300 tamquam
1167 3225 1278 3282 Deo
1308 3230 1612 3282 exhortante
1653 3242 1743 3297 per
1767 3221 1814 3288 C
1848 3225 2024 3282 factus
2051 3227 2250 3284 dicitur
2274 3245 2288 3296 ;
2312 3229 2439 3300 quia
2470 3238 2526 3286 et
2554 3229 2733 3286 hostia
2753 3273 2768 3298 ,
2804 3233 2857 3287 in
2889 3233 3039 3304 lege,
3071 3252 3193 3310 quae
3221 3254 3318 3308 pro
3337 3257 3462 3310 pec-

112 3343 210 3382 nos
230 3341 252 3380 :
270 3334 482 3380 orantes
499 3339 593 3395 pro
614 3321 819 3378 Christo
839 3320 1167 3376 reconciliari
1186 3317 1319 3374 Deo.
1343 3317 1480 3373 Eum
1502 3319 1635 3373 enim
1654 3318 1743 3389 qui

113 3435 221 3474 non
252 3425 471 3473 noverat
498 3424 760 3488 peccatum
779 3457 795 3482 ,
820 3431 916 3487 pro
941 3413 1087 3469 nobis
1111 3421 1378 3484 peccatum
1404 3412 1548 3483 fecit,
1572 3422 1629 3466 ut
1651 3427 1744 3468 nos

111 3525 357 3567 essemus
379 3508 588 3583 justitia
629 3506 727 3563 Dei
747 3507 800 3561 in
828 3507 961 3577 ipso.
987 3506 1129 3561 Deus
1151 3507 1501 3576 omnipotens
1530 3506 1746 3578 genitor

112 3603 333 3661 Christi
363 3602 511 3676 (cum
532 3602 714 3658 omnia
736 3643 751 3668 ,
780 3616 903 3672 qua:
925 3615 1022 3671 per
1043 3599 1319 3656 Christum
1342 3599 1566 3666 fecerat,
1595 3615 1748 3658 erro-

116 3716 178 3757 re
240 3697 457 3755 caduca
512 3697 742 3754 fuissent
797 3695 1024 3763 eﬁ‘ecta,
1079 3694 1346 3752 creatoris
1402 3695 1485 3751 sui
1551 3693 1744 3767 oblita)

116 3794 144 3833 δ
178 3794 476 3850 Christum
504 3792 790 3849 Dominum
837 3799 1084 3847 nostrum
1124 3790 1194 3847 de
1221 3792 1396 3846 sacris
1425 3789 1648 3846 sedibus
1677 3789 1746 3846 ad

118 3900 358 3949 terrena
387 3888 579 3946 venire
622 3887 877 3960 dignatus
915 3893 1030 3954 est,
1067 3885 1226 3960 184
1253 3894 1308 3942 et
1351 3885 1553 3941 factum
1581 3899 1748 3942 carne

118 3987 174 4041 in
208 3983 407 4056 specie
429 3981 688 4048 hominis;
707 3991 767 4038 ut
787 3981 958 4037 forma
981 3990 1130 4038 esset
1154 3979 1466 4037 hominibus
1487 3979 1750 4051 quemad-

121 4080 364 4137 modum
394 4077 498 4134 sibi
548 4078 718 4133 Deum
758 4085 1061 4134 creatorem
1103 4091 1261 4133 suum
1290 4077 1571 4147 paciﬁcum
1603 4077 1747 4134 face-

121 4184 279 4232 rent.
316 4173 464 4230 Deus
491 4187 622 4245 ergo
651 4181 767 4229 erat
799 4172 854 4227 in
881 4170 1119 4228 Christo.
1148 4170 1474 4241 Quomodo?
1500 4171 1662 4240 Quasi
1692 4171 1747 4227 in

126 4267 352 4325 vicario
366 4275 460 4322 aut
484 4266 663 4338 legato
682 4307 698 4333 ,
727 4267 872 4321 sicut
895 4265 994 4320 luit
1021 4265 1074 4320 in
1105 4265 1418 4335 praphetis,
1447 4272 1541 4320 aut
1564 4263 1750 4319 aliter?

124 4361 249 4418 Non
284 4361 436 4417 sicut
465 4358 564 4414 fuit
591 4359 643 4414 in
673 4357 954 4429 praphetis
989 4357 1068 4413 sic
1098 4357 1330 4429 intelligi
1362 4366 1542 4427 potest
1581 4355 1751 4413 fuisse

125 4468 184 4516 ct
214 4459 274 4515 in
309 4457 490 4512 Filio?
519 4457 690 4513 Filius
718 4457 864 4512 enim
898 4468 921 4496 ο
947 4455 1269 4512 naturaliter
1297 4455 1508 4525 legatus
1535 4463 1622 4511 est
1645 4454 1750 4510 Pa-

129 4553 232 4607 tris
268 4550 392 4606 Dei.
424 4548 580 4606 Unde
609 4549 738 4606 dicit
763 4565 778 4603 :
809 4549 945 4617 Quia
972 4546 1132 4604 Pater
1155 4549 1209 4603 in
1248 4563 1329 4602 me
1356 4556 1462 4614 est,
1490 4555 1541 4602 et
1577 4562 1668 4618 ego
1697 4546 1751 4602 in

1845 3323 1983 3380 catis
2037 3323 2390 3390 offerebatur,
2440 3334 2724 3396 peccatum
2766 3330 3198 3400 nuncupabatur.
3255 3333 3323 3389 Ut
3369 3352 3463 3392 nos

1845 3435 2072 3476 essemus
2106 3418 2125 3460 ί
2151 3420 2364 3494 justitia
2391 3419 2491 3477 Dei
2522 3438 2615 3492 per
2650 3423 2856 3492 ipsum,
2890 3425 2982 3495 qui
3013 3437 3295 3497 peccatum
3339 3445 3464 3486 nes-

1845 3515 2028 3572 ciebat
2050 3557 2065 3582 ,
2096 3515 2314 3572 dicente
2343 3515 2502 3571 Esaia
2532 3535 2546 3572 :
2596 3515 2700 3582 Qui
2739 3527 3010 3586 peccatum
3052 3537 3154 3576 non
3175 3524 3296 3592 fecit
3325 3565 3339 3589 ,
3371 3541 3464 3580 nec

1848 3609 2000 3664 dolus
2025 3609 2258 3665 inventus
2286 3617 2361 3662 est
2388 3609 2442 3663 in
2469 3625 2556 3664 ore
2575 3612 2690 3682 ejus
2716 3607 2889 3682 (Esoi.
2915 3627 3026 3678 Llll,
3053 3611 3133 3684 9).
3156 3615 3310 3684 quasi
3339 3631 3466 3686 pec-

1847 3710 2001 3757 cator
2030 3700 2244 3757 occisus
2272 3709 2358 3757 est
2376 3741 2392 3765 ,
2426 3709 2486 3755 ut
2518 3709 2836 3771 peccatores
2862 3701 3290 3772 justificarentur
3318 3709 3459 3777 apud

1850 3793 2020 3850 Deum
2052 3795 2104 3848 in
2125 3792 2362 3849 Christo.
2391 3792 2581 3849 Zelum
2611 3793 2756 3848 enim
2778 3808 2974 3865 passus
2997 3804 3081 3850 est
3109 3796 3338 3852 Satanas
3365 3799 3461 3853 ad-

1849 3902 2040 3944 versus
2085 3887 2473 3954 Salvatorem,
2528 3885 2723 3944 videns
2779 3903 2903 3943 eum
2959 3887 3160 3946 docere
3215 3890 3465 3948 homines

1851 3982 2124 4054 quomodo
2150 3981 2254 4037 sibi
2300 3980 2597 4052 propitium
2639 3981 2886 4037 facerent
2933 3981 3141 4048 Deum,
3185 3983 3459 4042 abrenun-

1853 4074 2047 4131 tiantes
2075 4071 2294 4128 diabolo
2320 4088 2332 4126 :
2368 4081 2423 4128 et
2444 4079 2667 4142 propter
2680 4071 2784 4129 hoc
2809 4071 3014 4130 occidit
3034 4089 3179 4142 eum,
3212 4077 3463 4134 nesciens

1853 4168 2098 4224 futurum
2129 4165 2392 4222 adversus
2417 4180 2508 4233 se;
2540 4164 2790 4222 Christus
2814 4167 2961 4223 enim
2989 4179 3111 4239 post
3132 4185 3348 4228 crucem
3374 4172 3464 4228 de-

1853 4261 2122 4318 scendens
2148 4260 2216 4315 ad
2246 4258 2474 4324 inferos,
2512 4258 2726 4316 devicta
2755 4268 2967 4327 morte;
2998 4260 3120 4332 quia
3153 4263 3245 4334 qui
3269 4279 3465 4334 pecca-

1855 4364 1966 4411 tum
2018 4352 2331 4418 nesciebat,
2383 4352 2557 4410 teneri
2605 4368 2637 4408 a
2681 4363 2860 4410 morte
2904 4369 3013 4410 non
3060 4367 3308 4425 poterat;
3339 4359 3467 4429 quia

1856 4463 2008 4505 mors
2036 4458 2063 4496 ε
2107 4462 2205 4518 per
2256 4454 2540 4517 peccatum
2584 4446 2813 4503 inanivit
2859 4446 3172 4517 infernum,
3211 4459 3270 4506 ut
3321 4466 3469 4508 mors

1853 4541 1986 4613 justi
2015 4539 2399 4612 peccatoribus
2423 4539 2744 4608 proliceret;
2769 4548 2827 4595 ut
2855 4540 2924 4598 de
2950 4553 3151 4598 caetero
3178 4559 3325 4602 mors
3351 4561 3468 4612 eos,

128 4644 302 4702 Patre
325 4643 509 4717 (Joon.
538 4661 590 4710 κ,
616 4644 730 4714 ll);
747 4641 910 4698 Pater
925 4643 1069 4697 enim
1097 4657 1194 4711 per
1215 4640 1266 4696 id
1285 4639 1602 4710 intelligitur
1627 4654 1754 4696 esse
1779 4632 1834 4694 D
1858 4635 1950 4708 qui
1975 4635 2190 4707 signum
2217 4633 2395 4690 crucis
2422 4632 2659 4699 habent,
2691 4644 2875 4691 tenere
2905 4650 3014 4692 non
3041 4638 3231 4708 possit.

127 4738 187 4794 in
216 4737 370 4794 Filio
395 4777 411 4804 ,
436 4737 581 4808 quod
618 4751 722 4792 una
749 4751 940 4792 eorum
982 4735 1054 4790 sit
1089 4733 1414 4790 substantia.
1445 4729 1470 4768 ἀ
1505 4731 1580 4788 lbi
1607 4732 1750 4789 enim

129 4842 221 4889 est
249 4833 440 4887 unitas
460 4871 476 4898 ,
507 4831 594 4888 ubi
617 4830 767 4886 nulla
793 4841 878 4887 εει
908 4828 1244 4886 diﬂ‘erentia:
1274 4842 1340 4884 ac
1355 4841 1456 4899 per
1482 4825 1587 4882 hoc
1616 4826 1756 4883 invi-

131 4942 260 4983 cem
312 4936 478 4991 sunt;
506 4926 632 4998 quia
667 4935 722 4982 et
764 4924 943 4996 imago
984 4932 1041 4980 et
1068 4921 1365 4979 similitudo
1404 4935 1600 4977 eorum
1648 4935 1754 4977 una

214 5098 244 5125 α
269 5084 400 5141 Mss.
431 5085 633 5156 aliquot
666 5102 682 5140 :
732 5084 834 5152 Qui
867 5082 1164 5152 reformavit
1188 5097 1277 5136 vos
1299 5080 1403 5156 sibi
1426 5096 1463 5156 :_
1484 5078 1676 5150 reliqui
1705 5090 1762 5138 et

139 5159 284 5216 edit.
335 5152 538 5227 parum'
567 5156 855 5212 admodum
903 5156 1215 5223 discrepant
1261 5152 1334 5227 ab
1357 5153 1628 5227 invicem,
1659 5169 1758 5227 es-

137 5240 315 5299 cepto
338 5225 489 5300 quod
517 5227 680 5300 Rom.
704 5228 837 5283 edit.
871 5227 1114 5282 ultimam
1143 5227 1302 5296 hujus
1324 5225 1426 5281 loci
1451 5234 1659 5296 partem
1703 5226 1760 5282 in

140 5301 416 5358 inferiora
448 5299 730 5370 rejeccrat.

214 5372 248 5413 δ
283 5372 362 5428 Ita
391 5367 656 5443 vetiedit.
683 5387 745 5426 ac
769 5385 899 5425 mss.
928 5386 956 5425 a
983 5370 1177 5443 quibus
1204 5367 1305 5423 hoc
1327 5377 1535 5443 tantum
1556 5367 1757 5425 differt.

140 5446 318 5501 Rom.
349 5442 481 5498 edit.
524 5443 667 5512 quod
696 5443 809 5498 lucc
840 5439 1062 5505 maluit,
1097 5440 1357 5496 Christum
1387 5439 1761 5512 Dominum...

145 5519 361 5572 mittere
391 5510 634 5586 digna—tus
663 5524 768 5580 est,
795 5525 840 5568 et
863 5530 1072 5568 carnem
1099 5514 1150 5566 in
1174 5510 1597 5586 speciehominis
1620 5512 1734 5586 fieri
1749 5528 1767 5577 ;

142 5599 202 5644 at
247 5603 357 5642 ms.
394 5582 553 5641 Corb.
597 5589 676 5642 sic
720 5589 897 5642 locum
929 5586 1152 5641 exhibet
1179 5582 1212 5652 ,⁷
1238 5583 1474 5637 Christus
1516 5582 1770 5638 Dominus

146 5669 338 5715 noster
369 5657 435 5712 de
460 5659 624 5713 sacris
650 5658 853 5714 sedibus
879 5659 1051 5714 venire
1079 5658 1322 5728 dignatus
1351 5664 1425 5728 est
1447 5656 1515 5709 ad
1543 5666 1770 5719 terrena,

148 5738 336 5804 factus
380 5729 663 5785 secundum
704 5747 910 5786 carnem
952 5730 1007 5785 in
1054 5725 1224 5800 specie
1266 5725 1513 5794 hominis,
1563 5736 1619 5781 ut
1664 5731 1774 5798 for-

153 5821 273 5869 ma,
310 5809 422 5856 etc.

233 5885 258 5916 ε
288 5872 418 5931 Vet.
448 5872 581 5929 edit.
629 5890 749 5930 cum
781 5891 888 5931 uno
925 5883 1020 5932 aut
1065 5873 1237 5933 altero
1262 5886 1424 5942 mss.,
1467 5870 1778 5930 naturaliter

457 5969 735 6034 Pnaon.
784 5973 987 6039 XVII.

2450 4724 2684 4782 CAPUT
2724 4725 2813 4783 Vl.

1937 4823 2120 4896 (Vers.
2153 4820 2233 4892 l.)
2282 4819 2601 4889 Adiuvanles
2642 4830 2816 4877 autem
2841 4833 2889 4879 et
2931 4827 3292 4896 obsecramus,
3323 4845 3387 4886 ne
3413 4832 3469 4884 in

1863 4933 2081 4974 vacuum
2107 4913 2328 4989 gratiam
2357 4910 2457 4970 Dei
2497 4914 2779 4987 recipiatis.
2823 4916 3034 4991 Duplici
3077 4936 3279 4992 genere
3322 4924 3472 4994 Apo-

1864 5088 2015 5134 notus
2043 5083 2114 5132 est
2139 5073 2318 5129 Patris
2342 5073 2475 5144 Dei;
2498 5075 2681 5146 Rom.,
2705 5083 3015 5138 naturaliter
3033 5093 3105 5139 est
3127 5083 3304 5142 Patris
3327 5086 3426 5143 Dei
3447 5104 3466 5143 :

1865 5163 2156 5227 ms_s.yero
2185 5147 2437 5227 propead
2459 5165 2642 5227 unum
2663 5151 2826 5227 nobis
2849 5154 3233 5227 suﬂ‘ragantur.

1937 5219 1964 5259 ἀ
1994 5221 2122 5275 Mss.
2154 5219 2422 5284 nonnulli,
2447 5218 2532 5275 Ibi
2557 5223 2695 5276 enim
2721 5225 2928 5280 veritas.

1942 5302 1966 5330 ο
1993 5291 2157 5364 Corb.
2183 5292 2335 5364 cod.,
2366 5307 2459 5364 nos
2487 5304 2768 5364 creaverat,
2800 5313 2994 5364 ponens
3021 5299 3075 5352 in
3099 5299 3241 5354 nobis
3263 5304 3472 5360 verbum

1866 5361 2326 5420 reconciliationis.
2357 5361 2468 5417 Pro
2486 5363 2690 5418 Christo
2703 5383 2789 5420 vos
2801 5361 3135 5422 reconciliari
3152 5369 3279 5427 Deo.
3305 5372 3474 5431 Deum

1867 5437 1992 5517 dicit
2018 5452 2109 5517 per
2129 5433 2390 5517 Christum
2419 5435 2681 5517 delegasse
2698 5440 2985 5517 apostolis,
3018 5449 3072 5492 ut
3109 5441 3201 5517 illo
3241 5461 3474 5517 regresso

1872 5508 1942 5590 ad
1966 5508 2120 5590 caelos
2146 5522 2262 5560 cum
2289 5506 2581 5590 triumpho,
2606 5508 2818 5589 invicem
2838 5511 2954 5580 ejus
2986 5506 3323 5590 pradicanth
3347 5537 3478 5590 gen-

1874 5581 2012 5634 tibus
2042 5577 2235 5655 donum
2275 5577 2458 5647 gratia:
2481 5576 2612 5655 Dei,
2645 5576 3292 5655 utnsicut'pcr'Christum,
3325 5576 3400 5646 ila
3428 5600 3484 5648 et

1877 5668 1974 5723 per
1988 5649 2252 5723 apostolos
2274 5645 2329 5702 se
2347 5649 2651 5723 pra’dicaret
2678 5645 2842 5723 Deus.

1955 5721 1974 5760 τ
2003 5718 2283 5798 Χειηρύίμ.
2312 5718 2376 5773 ac
2401 5733 2530 5774 mss.
2562 5718 2786 5798 aliquot,
2807 5720 3015 5798 justitia
3042 5724 3136 5782 Dei
3156 5728 3211 5783 in
3236 5731 3369 5798 ipso.

1953 5803 1978 5841 ε
2001 5793 2100 5850 Ms.
2128 5790 2316 5859 (ξω-[Μ
2345 5806 2434 5858 per
2454 5797 2718 5863 peccatum
2743 5789 2952 5850 inolevit
2973 5797 3027 5852 in
3056 5789 3337 5872 infernum.

2923 5965 2999 6026 10
