3978 6310
103 302 198 361 501

833 300 1327 365 COMMENTARIA
1370 301 1437 361 IN
1476 303 1698 365 EPIST.

1811 306 1834 361 )
1872 304 2201 367 CORINTH.
2240 309 2635 375 SECUNDAM.

3303 331 3411 391 503

102 415 335 484 quitatis
363 433 376 469 :
402 414 494 471 isti
536 423 749 483 autem,
778 418 903 487 quia
950 418 1063 474 Deo
1112 420 1347 490 propitio
1394 420 1667 477 docebant
1692 466 1707 490 ,
1737 435 1791 497 Α
1814 438 1933 477 cum
1950 424 2264 496 iniquitate?
2286 440 2377 484 aut
2403 448 2522 503 qua
2551 436 2771 493 societas
2796 439 2983 496 lumini
3011 458 3127 499 cum
3156 448 3374 506 tenebris
3392 454 3417 506 ?

104 512 311 567 auxilio
342 512 545 569 Christi
588 514 687 569 tuti
734 514 1134 587 praestabantur
1165 533 1193 569 a
1225 526 1403 573 morte
1452 519 1709 589 praesenti

102 615 157 661 et
190 604 400 660 lutura.
437 606 595 675 Quasi
618 608 817 674 tentati,
841 608 933 663 sed
962 611 1114 663 morti
1141 625 1243 663 non
1268 611 1471 665 traditi.
1490 611 1708 667 Teutati

102 698 476 767 videbantur,
521 700 741 770 quando
801 700 882 757 sic
945 702 1357 771 tractabantur,
1407 714 1465 759 ut
1511 706 1708 761 cedere

105 800 430 862 putarentur
468 810 483 847 :
521 802 577 850 et
622 795 748 865 quia
793 809 902 851 non
944 795 1339 866 vincebantur,
1384 800 1544 855 morti
1596 816 1705 855 non

103 886 517 943 addicebantur.
550 888 651 943 Hic
679 888 824 945 enim
860 888 1133 947 addicitur
1156 892 1322 947 morti
1344 935 1361 960 ,
1394 894 1485 963 qui
1518 894 1571 947 in
1602 893 1708 949 ﬁde

103 994 209 1036 non
239 991 561 1049 permanet;
588 992 642 1035 et
674 983 837 1037 morti
882 999 992 1039 non
1044 985 1193 1052 huic,
1220 986 1317 1041 sed
1349 986 1568 1043 futurae.
1604 988 1709 1044 Po-

104 1080 211 1128 test
240 1079 297 1128 et
317 1071 384 1128 de
414 1074 670 1143 praesenti
707 1083 885 1130 morte
909 1076 1176 1148 intelligi;
1210 1081 1406 1134 tentari
1436 1079 1581 1135 enim
1611 1096 1707 1137 eos

102 1164 418 1235 patiebatur
466 1165 630 1230 Deus,
666 1176 725 1221 ut
773 1168 1048 1237 pressuris
1102 1181 1420 1227 crescerent
1468 1174 1705 1228 iuerito:

101 1276 209 1317 non
244 1270 427 1319 tamen
456 1262 811 1331 permittebat
840 1278 935 1319 eos
965 1265 1167 1321 occidi.

171 1355 362 1427 (Vers.
411 1355 526 1427 10.)
577 1356 643 1412 Ut
690 1358 889 1427 tristes,
942 1377 1141 1433 semper
1179 1372 1352 1416 autem
1396 1362 1704 1435 gaudentes.

100 1450 305 1508 Verum
333 1460 436 1518 est,
465 1460 495 1491 ο
525 1453 654 1524 quia
699 1456 923 1511 tristitia
970 1456 1086 1512 haec
1130 1458 1392 1528 gaudium
1420 1468 1703 1530 operatur,

98 1552 153 1601 et
194 1546 287 1617 qui
333 1560 430 1601 eos
478 1546 695 1617 injuriis
742 1549 1179 1617 contristabant,
1214 1552 1467 1622 gaudiqu
1514 1568 1704 1609 eorum

100 1641 528 1713 exaggerabaut.
578 1640 645 1697 Ut
694 1660 978 1714 pauperes,
1023 1646 1212 1701 multos
1251 1658 1422 1703 autem
1462 1648 1703 1705 ditantes.

101 1736 377 1804 Quantum
424 1735 493 1792 ad
533 1749 859 1807 prrsentem
907 1740 1073 1797 vitam
1120 1742 1394 1811 pertinet,
1440 1759 1709 1815 pauperes

1808 532 1982 585 qurere
2013 523 2283 577 consensio
2343 523 2537 581 Christi
2590 545 2710 584 cum
2754 531 2966 590 Belial?
3006 550 3097 593 aut
3132 557 3249 611 qua:
3293 562 3416 614 pars

1808 612 1955 680 ﬁdeli
1981 629 2099 668 cum
2128 616 2378 687 inﬁdeli?
2404 621 2485 676 uel
2507 638 2623 689 quae
2659 630 2926 685 conventio
2946 634 3141 705 templo
3170 635 3265 691 Dei
3294 612 3412 695 cum

1805 708 2004 763 idolis?
2034 710 2377 769 Manifestum
2407 726 2489 771 est
2520 716 2637 774 haec
2659 736 2782 789 quas
2800 736 3106 797 enumerat,
3136 745 3259 789 esse
3284 748 3415 790 con-

1810 801 2009 897 traria;
2043 818 2109 859 ac
2153 820 2250 876 per
2298 807 2402 863 hoc
2450 809 2764 882 mgiendum
2813 818 2882 874 ab
2923 820 3005 875 his
3055 821 3214 879 docet
3241 866 3255 890 ,
3286 828 3413 897 quia

1808 893 1942 948 dicit
1978 895 2243 952 Dominus
2275 917 2289 955 :
2318 898 2487 955 Nemo
2519 913 2685 972 potest
2728 906 2925 963 duobus
2962 912 3187 970 dominis
3225 893 3417 973 sentire

1807 980 2025 1077 (Matth.
2055 1002 2140 1053 vr,
2170 987 2288 1059 24).
2348 989 2460 1048 Lex
2505 995 2653 1049 etiim
2695 996 2962 1066 justitiam
3017 1006 3312 1077 pra-dicat,
3357 1017 3418 1065 ut

1809 1075 2048 1149 fugiatur
2067 1082 2333 1154 iniquitas
2358 1102 2373 1142 :
2394 1086 2580 1143 lumen
2597 1092 2873 1159 ostendit,
2897 1096 3043 1165 quod
3067 1108 3155 1154 est
3179 1075 3413 1170 veritas;

1810 1181 1867 1225 ut
1914 1172 1985 1228 ab
2034 1176 2342 1246 ignorantia
2370 1222 2384 1246 ,
2428 1197 2554 1253 quas
2596 1184 2844 1241 tenebrze
2889 1198 3046 1257 sunt,
3077 1195 3369 1252 recedatur
3403 1215 3415 1249 :

1808 1264 2088 1323 Christum
2140 1270 2192 1325 iu
2236 1271 2331 1328 Dei
2362 1278 2629 1346 mysterio
2656 1282 2981 1347 annuntiat;
3016 1293 3073 1339 ut
3104 1300 3132 1339 a
3172 1288 3415 1354 diabolo,

1808 1358 1900 1428 qui
1929 1376 1987 1413 se
2018 1361 2189 1418 Deum
2229 1365 2452 1421 mentiri
2481 1367 2593 1424 vult
2621 1411 2637 1437 ,
2670 1372 3002 1430 abscedatur
3028 1393 3040 1428 :
3067 1377 3420 1437 credentibus

1811 1453 1977 1507 vitam
2008 1455 2301 1524 pollicetur
2319 1468 2617 1529 meritam;
2652 1475 2708 1519 ut
2731 1463 2957 1535 perﬁdia
2979 1471 3149 1536 exuti,
3182 1475 3251 1528 ab
3271 1471 3418 1529 omni

1810 1544 2109 1604 inﬁdelium
2157 1564 2351 1610 errore
2399 1556 2510 1611 sint
2551 1557 2917 1615 alieni:idoia
2959 1563 3240 1631 prohibuit
3267 1567 3418 1635 coli;

1809 1640 1932 1711 quia
1978 1645 2184 1715 templo
2239 1647 2333 1703 Dei
2379 1660 2507 1705 sunt
2562 1651 2801 1708 inimica.
2850 1654 2955 1711 Vos
2995 1659 3132 1713 enim
3170 1663 3419 1733 teinpl‘um

1809 1737 1927 1790 estis
1974 1735 2075 1793 Dei
2291 1741 2436 1799 Nihil
2484 1754 2593 1801 tam
2644 1748 2927 1804 inimicum
2977 1751 3219 1822 homini,
3252 1770 3415 1825 quam

96 1830 428 1887 videbantur
469 1848 483 1886 :
526 1832 619 1887 sed
646 1833 925 1901 spiritales
961 1835 1181 1892 divitias
1208 1837 1564 1894 credentibus
1596 1840 1708 1894 lar-
1737 1834 1785 1901 B
1812 1829 1951 1885 idola
1983 1835 2149 1903 milia
2172 1834 2242 1889 ab
2266 1837 2426 1893 unius
2451 1839 2665 1895 Deiﬁde
2684 1851 2887 1912 cogunt
2906 1859 3033 1899 eum
3056 1847 3339 1904 recedere.

95 1924 422 1995 giebantur;
453 1926 611 1998 egeni
641 1927 693 1983 in
726 1930 915 1998 terris,
952 1931 1002 1985 iu
1033 1932 1193 1988 ccelis
1221 1932 1441 1988 divites.
1480 1932 1548 1989 Ut
1574 1934 1708 1989 nihil

96 2020 363 2087 habentes,
408 2022 579 2076 omnia
618 2032 789 2077 autent
825 2024 1171 2095 possidentes.
1205 2026 1319 2082 Hoc
1357 2026 1540 2083 fuitin
1575 2042 1707 2097 apo-

95 2114 250 2170 stolis
295 2116 638 2185 gloriosum,
695 2129 752 2172 ut
800 2119 921 2175 sine
968 2119 1342 2176 sollicitudine
1386 2131 1441 2176 et
1484 2122 1705 2178 nomine

94 2204 409 2276 possidendi
430 2222 536 2262 non
552 2207 728 2263 solum
746 2223 831 2273 ea,
851 2224 975 2280 qua:
989 2209 1043 2265 in
1065 2211 1505 2281 possessionibus
1522 2223 1704 2281 erant,

92 2299 186 2353 sed
213 2309 272 2353 et
291 2300 440 2371 ipsos
464 2316 652 2357 eorum
676 2302 933 2359 dominos
955 2304 1331 2374 possiderent;
1357 2308 1538 2363 omnia
1556 2306 1703 2362 enim

92 2405 329 2448 necesse
354 2402 471 2448 erat
498 2402 623 2449 ante
649 2410 841 2451 eorum
872 2397 998 2467 poni
1029 2397 1193 2465 pedes
1222 2413 1387 2453 causa
1414 2400 1704 2467 virtutum,

92 2484 236 2541 sicut
256 2485 488 2557 legimus
510 2486 563 2542 in
592 2488 817 2544 Actibus
843 2491 1215 2560 opasmlorum
1241 2492 1377 2564 (Act.
1401 2508 1473 2561 tv,
1506 2493 1621 2566 55).

162 2577 185 2649 (
198 2576 347 2633 Vers.
379 2578 492 2650 11.)
514 2578 587 2635 0s
609 2592 843 2636 nostrum
862 2592 1001 2653 patet
1016 2583 1086 2637 ad
1126 2600 1233 2650 vos,
1248 2602 1278 2639 o
1294 2584 1569 2640 Corinthii.
1593 2587 1707 2643 lloc

90 2668 361 2726 libertatis
402 2686 565 2729 causa
592 2673 863 2744 loquitur,
893 2685 948 2732 ct
985 2692 1132 2746 pura:
1153 2679 1537 2745 conscientiae;
1563 2681 1706 2737 male

87 2765 228 2819 enim
247 2764 354 2819 sibi
370 2769 588 2822 conscia
613 2784 766 2823 meus
787 2769 935 2840 loqui
965 2770 1223 2839 trepidat,
1248 2786 1470 2828 sensum
1500 2773 1699 2844 perdit,

88 2855 139 2911 in
160 2856 343 2913 verbis
367 2870 537 2915 errat.
565 2858 667 2914 Cor
686 2872 915 2917 nostrum
950 2863 1224 2917 dilatatam
1252 2874 1348 2921 est.
1376 2863 1579 2919 Eorum
1608 2881 1705 2921 cor

89 2948 369 3017 dilatatur,
405 2952 495 3022 qui
538 2950 735 3008 ﬁducia
775 2955 935 3011 bona:
981 2958 1416 3014 Conversationis
1464 2958 1705 3028 gaudent

88 3042 140 3097 in
167 3058 312 3111 sese,
341 3041 370 3083 δ
400 3053 495 3099 aut
518 3055 671 3103 certe
700 3046 861 3103 futuri
894 3063 991 3120 spe
1020 3050 1227 3120 praemii
1268 3052 1317 3105 in
1350 3052 1703 3109 tribulatione

92 3151 192 3193 non
225 3144 623 3209 angustantur;
656 3141 782 3212 quia
813 3141 953 3196 sicut
993 3141 1045 3197 in
1077 3143 1177 3199 hac
1210 3144 1313 3199 vita
1342 3143 1442 3200 nisi
1470 3160 1701 3215 praeces-

1880 1924 2064 1997 (Vcrs.
2097 1930 2182 1997 17,
2216 1930 2331 2001 18.)
2380 1932 2526 1987 Sicut
2555 1934 2691 1989 dixit
2716 1933 2858 1989 Deus
2881 1935 3067 2009 (Leuit.
3097 1950 3245 2007 xx",
3281 1940 3373 2014 12)
3401 1961 3416 1998 :

1810 2016 2070 2085 Quoniam
2094 2022 2397 2078 inltabitabo
2424 2023 2482 2078 in
2508 2026 2650 2094 illis,
2679 2038 2729 2081 et
2755 2031 2889 2083 inter
2916 2046 3003 2086 eos
3042 2033 3337 2102 ambulabo,
3370 2049 3416 2092 et

1806 2128 1895 2166 ero
1924 2114 2140 2169 illorum
2174 2114 2339 2185 Deus,
2364 2127 2414 2173 et
2458 2120 2560 2191 ipsi
2597 2132 2751 2176 erum
2792 2124 2924 2179 milii
2962 2128 3213 2197 populus.
3263 2130 3412 2195 Qua-

1808 2217 2018 2277 propter
2062 2209 2196 2264 eatite
2239 2211 2305 2264 de
2345 2212 2517 2266 medio
2551 2229 2733 2269 eorum
2758 2256 2773 2282 ,
2803 2227 2851 2270 et
2890 2221 3209 2287 separamini
3233 2263 3248 2287 ,
3293 2224 3420 2279 dicit

1807 2296 2064 2357 Dominus
2100 2301 2272 2373 (Esai.
2306 2320 2396 2369 ιιι,
2429 2306 2543 2377 11),
2575 2312 2619 2361 et
2642 2308 2969 2364 immundum
2992 2314 3151 2367 nolite
3172 2321 3413 2387 tangere;

1807 2403 1855 2446 et
1883 2410 1978 2465 ego
2007 2398 2288 2466 suscipiam
2314 2413 2423 2465 vos,
2451 2409 2499 2453 et
2523 2416 2610 2454 cro
2636 2402 2777 2455 vobis
2807 2403 2857 2455 in
2890 2413 3105 2473 patrem,
3129 2416 3174 2459 et
3200 2422 3285 2461 vos
3316 2409 3418 2462 eri-

1807 2485 1874 2538 tis
1900 2485 2031 2540 mihi
2070 2488 2125 2541 in
2166 2490 2304 2558 ﬁlios
2333 2500 2379 2545 et
2422 2492 2584 2562 ﬁlias,
2616 2492 2747 2547 dicit
2785 2492 3040 2550 Dominus
3065 2498 3411 2569 omnipotens.

1808 2574 2029 2633 Interim
2061 2582 2250 2650 primae
2279 2597 2460 2637 causa
2489 2597 2711 2638 sensum
2756 2586 3132 2655 explicemus;
3171 2592 3327 2663 187
3357 2604 3413 2647 ut

1805 2670 1963 2739 cujus
1992 2684 2244 2741 perstma:
2270 2674 2434 2729 verba
2456 2676 2587 2742 sint,
2610 2676 2954 2734 declarmnus
2974 2680 3205 2737 dicentis
3232 2702 3245 2737 :
3273 2688 3416 2750 Quo-

1807 2763 1945 2817 niam
1971 2765 2271 2821 inhabitabo
2296 2767 2352 2821 in
2380 2768 2513 2834 illis,
2556 2780 2604 2824 et
2632 2771 2767 2824 inter
2798 2787 2884 2826 eos
2922 2776 3218 2844 ambulatio,
3254 2789 3298 2832 et
3328 2794 3415 2833 ero

1804 2856 2017 2911 illorum
2044 2856 2210 2926 Deus,
2242 2870 2289 2914 et
2312 2862 2416 2931 ipsi
2442 2872 2595 2917 erunt
2634 2864 2761 2918 milii
2800 2868 3044 2937 populus.
3080 2869 3208 2925 llaec
3246 2873 3411 2928 verba

1804 2950 2011 3007 Christi
2041 2964 2201 3022 sunt;
2249 2955 2353 3011 hoc
2374 2967 2463 3011 est
2496 2959 2677 3025 enim,
2707 2960 2851 3029 quod
2888 2961 3028 3017 inter
3056 2973 3257 3020 caetera
3289 2967 3415 3023 llic-

1806 3048 2009 3104 remias
2042 3058 2275 3108 testatus
2316 3062 2402 3108 est
2445 3054 2635 3111 dicens
2662 3073 2675 3110 :
2700 3054 2827 3111 Post
2868 3058 2977 3112 lucc
3002 3060 3059 3113 in
3088 3063 3237 3116 terris
3269 3063 3412 3119 visus

1804 3152 1899 3209 est,
1932 3153 1980 3197 et
2000 3144 2135 3199 inter
2156 3145 2390 3201 homines
2422 3159 2753 3204 conversatus
2781 3162 2853 3205 est
2881 3151 3136 3223 (Boruclt.
3169 3171 3250 3223 ιιι,
3277 3158 3369 3228 58)
3395 3176 3409 3224 ;

91 3232 218 3286 serit
242 3232 421 3301 labor,
449 3232 701 3290 redditus
724 3251 828 3289 non
855 3238 1100 3307 sequitur
1130 3255 1145 3295 :
1177 3240 1249 3294 ita
1270 3248 1325 3295 et
1346 3239 1400 3295 in
1429 3241 1591 3296 rebus
1614 3242 1695 3297 di-
1728 3236 1773 3301 C
1806 3234 1895 3291 hic
1917 3237 2062 3292 enim
2090 3237 2424 3295 habilavitin
2449 3241 2627 3307 nobis,
2652 3242 2869 3299 dicente
2895 3244 3104 3303 Joarme
3133 3250 3413 3318 apostolo:

90 3324 227 3379 vinis
248 3324 296 3381 si
319 3341 431 3380 non
455 3325 618 3381 exitia
640 3328 955 3397 anteierint,
983 3330 1265 3400 praemium
1285 3346 1391 3386 non
1417 3342 1697 3403 sequetur.
1804 3333 1873 3388 Et
1901 3335 2129 3391 Verbum
2150 3354 2272 3391 caro
2297 3342 2493 3409 factum
2517 3350 2611 3408 est,
2629 3352 2676 3395 et
2704 3343 2951 3397 habitavit
2976 3346 3031 3398 in
3056 3346 3201 3401 nobis
3224 3348 3409 3420 (Joon.

160 3417 342 3488 (Vers.
388 3418 475 3485 12,
510 3419 624 3492 15.)
660 3419 779 3476 Νοη
807 3424 1176 3494 angustiamini
1222 3425 1277 3479 in
1322 3426 1490 3491 nobis,
1534 3442 1699 3499 angu-
1802 3443 1841 3495 ι,
1876 3429 1989 3499 il).
2022 3430 2092 3485 Et
2120 3432 2248 3502 quia
2279 3431 2428 3489 Deus
2458 3442 2646 3489 uoster
2674 3448 2785 3501 est,
2820 3436 2949 3493 dicit
2991 3439 3186 3495 iterum
3218 3417 3411 3500 [liere-

93 3514 318 3568 stiamini
340 3524 513 3568 autem
552 3515 605 3571 in
636 3516 915 3574 visceribus
944 3519 1123 3573 vestris
1144 3559 1159 3583 ,
1192 3520 1423 3574 eamdem
1462 3520 1701 3575 habentes
1802 3521 1978 3577 mias:
2007 3522 2110 3577 Hic
2139 3533 2214 3579 est
2256 3522 2401 3580 Deus
2428 3537 2603 3581 noster
2631 3526 2889 3597 (Baruclt.
2921 3546 3008 3599 ιιι,
3042 3532 3158 3602 56).
3192 3535 3258 3589 Et
3284 3538 3409 3607 quia

94 3608 342 3663 mercedis
392 3610 802 3667 retributionem.
838 3612 951 3667 Hoc
980 3611 1143 3677 dicit,
1175 3613 1300 3684 quia
1346 3629 1458 3669 non
1507 3613 1701 3669 uberat
1802 3617 2032 3686 populus
2059 3618 2178 3689 ejus
2200 3634 2408 3688 sumus,
2436 3621 2658 3675 dubium
2690 3638 2797 3676 non
2827 3633 2947 3689 est;
2988 3624 3231 3682 Ecclesia
3262 3632 3407 3687 enim

95 3702 375 3773 magistris
404 3743 419 3768 ,
453 3704 497 3758 si
540 3703 796 3776 discipuli
847 3706 992 3762 male
1042 3716 1389 3763 verterentur
1412 3748 1426 3771 ,
1456 3718 1701 3765 contem-

96 3807 282 3855 nentes
344 3798 591 3871 vigorem
644 3797 946 3865 doctrinae;
999 3800 1125 3872 quia
1178 3801 1551 3874 unusquisque
1602 3817 1701 3873 pro

94 3891 352 3960 Operibus
377 3893 493 3947 suis
522 3891 829 3947 mercedem
861 3892 1126 3964 accipiet;
1160 3893 1282 3963 quia
1315 3894 1458 3965 quod
1489 3893 1555 3948 ad
1586 3909 1697 3948 ma-

95 3983 292 4051 gistros
340 3985 603 4055 pertinet,
637 4001 744 4041 non
777 3994 1079 4051 tacuerunt,
1110 3986 1325 4043 dicente
1368 3986 1600 4043 Domino
1630 3989 1698 4044 ad

95 4076 442 4134 Ezechielem
484 4078 805 4151 prophetam
859 4098 871 4134 :
913 4078 1109 4135 Exalta
1135 4096 1306 4137 vocem
1352 4090 1514 4149 tuam,
1542 4093 1591 4137 et
1624 4084 1701 4136 lo-

94 4188 243 4241 quere
286 4172 356 4227 ad
396 4172 631 4245 plebem;
669 4174 714 4229 si
745 4184 793 4227 te
836 4173 1094 4230 audierint
1120 4215 1133 4239 ,
1173 4174 1455 4231 lucraberis
1502 4177 1699 4233 eos:st'

95 4267 391 4336 quominus,
425 4276 479 4322 tu
505 4268 733 4322 animam
764 4278 904 4323 tuam
934 4269 1153 4324 salvebis
1184 4267 1399 4342 (Eucti.
1435 4286 1515 4338 ιιι,
1548 4270 1659 4345 19).

164 4360 353 4431 (Vers.
392 4359 509 4433 M.)
540 4359 690 4417 Sicut
740 4362 864 4431 ﬁliis
895 4364 1011 4417 dico
1036 4403 1050 4425 ,
1096 4363 1387 4417 dilatamini
1426 4374 1475 4418 et
1503 4381 1611 4430 vos,
1650 4372 1700 4419 et

98 4455 249 4511 nolite
268 4458 465 4529 jugum
492 4456 677 4511 ducere
710 4473 826 4511 cum
868 4456 1181 4526 inﬁdelibus.
1231 4456 1313 4512 Ad
1347 4458 1540 4513 bonam
1570 4474 1699 4515 con-

98 4549 462 4604 versationem
513 4559 568 4605 et
611 4564 764 4620 spem
813 4564 908 4604 eos
960 4549 1243 4614 hortatur;
1278 4560 1336 4604 ut
1378 4550 1611 4606 ﬁdentes
1645 4559 1701 4607 et

1799 3709 2004 3767 Christi
2036 3721 2139 3768 est.
2172 3712 2413 3785 ideoque
2443 3716 2684 3785 separari
2726 3731 2825 3773 nos
2851 3718 2969 3773 vult
2997 3719 3066 3774 ab
3094 3723 3239 3776 omni
3273 3739 3408 3780 con-

1802 3805 2189 3873 taminzntione;
2225 3815 2282 3861 ut
2327 3806 2591 3879 suscipiat
2636 3823 2737 3865 nos
2762 3809 2817 3863 in
2855 3810 3015 3877 ﬁlios,
3051 3813 3191 3869 sicut
3234 3816 3406 3873 dicit:

1804 3901 2006 3967 Filiolt,
2042 3902 2214 3955 adhuc
2242 3901 2506 3956 modicum
2531 3912 2729 3975 tempus
2760 3907 3019 3960 vobiscum
3068 3924 3180 3963 sum
3218 3911 3403 3982 (toan.

1802 4011 1921 4063 xm,
1952 3993 2067 4066 55).
2104 3996 2173 4050 Ει
2202 3996 2325 4065 quia
2354 3996 2707 4065 omnipotens
2739 4006 2859 4066 est,
2904 4010 3036 4070 puto
3064 4004 3265 4075 ambigi
3295 4022 3405 4063 non

1799 4089 2025 4146 debere.
2055 4089 2110 4147 Si
2141 4089 2309 4157 enim,
2338 4089 2480 4144 sicut
2509 4100 2532 4127 ι’
2562 4090 2679 4160 ipse
2706 4089 2860 4155 dicit,
2894 4108 3252 4168 qmccumque
3280 4098 3411 4156 facit

1800 4181 1982 4249 Pater,
2011 4182 2202 4239 eadem
2233 4192 2287 4239 et
2314 4182 2486 4238 Filius
2532 4182 2665 4239 facit
2690 4184 2946 4241 similiter
2974 4186 3153 4259 (Joan.
3188 4208 3239 4260 v,
3273 4192 3363 4265 19)
3390 4211 3406 4261 ;

1799 4274 1905 4331 hoc
1955 4285 2039 4332 est
2081 4275 2282 4331 Filium
2314 4277 2493 4333 omnia
2528 4291 2722 4347 posse,
2753 4294 2873 4349 quae
2917 4291 3095 4351 potest
3131 4293 3187 4339 et
3225 4286 3404 4345 Pater.

1799 4368 1860 4425 Si
1890 4368 2021 4440 quid
2051 4384 2158 4425 non
2193 4379 2371 4441 potest
2402 4370 2593 4437 Pater,
2638 4387 2746 4427 non
2781 4383 2957 4444 potest
2989 4384 3045 4431 et
3071 4376 3263 4436 Filius.
3293 4382 3403 4441 Sed

1800 4466 2030 4522 idoneus
2054 4477 2136 4521 est
2167 4465 2338 4521 Filius
2363 4507 2377 4533 ,
2405 4465 2495 4537 qui
2536 4465 2666 4522 dicit
2698 4466 2765 4523 de
2796 4468 2958 4525 Patre
3005 4488 3017 4524 :
3056 4473 3211 4544 Apud
3241 4475 3405 4534 Deum

1800 4568 1969 4614 autem
2023 4560 2196 4614 omnia
2242 4558 2509 4629 possibilia
2554 4569 2672 4614 sunt
2723 4560 2940 4633 (Matth.
2992 4580 3115 4635 χιιι,
3145 4567 3259 4642 26).
3290 4572 3407 4631 Hoc

96 4652 394 4713 purgantes
435 4642 796 4697 conscientias
840 4657 1000 4709 suas,
1033 4642 1241 4713 possint
1290 4642 1342 4698 in
1388 4641 1701 4713 semetipsis

1811 4654 2121 4709 testimonio
2151 4662 2207 4708 et
2235 4666 2336 4707 nos
2365 4651 2431 4707 ad
2467 4666 2655 4722 puram
2678 4655 2843 4709 vitam
2874 4657 3197 4719 exhortatus
3217 4630 3328 4733 est,
3352 4677 3409 4723 et

96 4734 363 4804 gaudere,
400 4735 664 4792 habentes
709 4734 961 4791 ﬁduciam
1015 4752 1164 4807 purae
1212 4736 1432 4802 mentis,
1461 4737 1603 4799 sicut
1649 4746 1705 4793 et

100 4838 287 4883 eorum
335 4829 580 4900 magistri
608 4870 624 4897 ,
654 4837 972 4899 separantes
1004 4845 1064 4885 se
1102 4830 1169 4884 ab
1201 4828 1498 4885 inﬁdelium
1528 4830 1708 4886 socie-

98 4931 207 4981 tate
236 4924 292 4981 in
323 4925 589 4997 operibus
619 4926 798 4983 malis.
847 4926 915 4981 Et
941 4926 1079 4982 bene
1104 4942 1233 4998 ergo
1263 4925 1475 4998 agendo
1497 4967 1512 4992 ,
1543 4934 1599 4980 et
1628 4926 1710 4981 fu-

98 5027 217 5075 tura
246 5021 524 5092 sperando
544 5062 559 5089 ,
587 5021 803 5076 dilatari
838 5021 957 5075 vult
986 5021 1108 5077 illos
1134 5022 1318 5076 animo
1342 5036 1356 5085 ;
1394 5032 1415 5060 ο
1442 5020 1534 5093 qui
1559 5021 1704 5076 enim

101 5113 334 5181 laborat,
364 5122 419 5170 et
447 5113 628 5169 futura
657 5128 764 5170 non
790 5114 1001 5181 credit,
1032 5116 1172 5171 sicut
1199 5114 1457 5181 inﬁdelis,
1488 5115 1703 5186 angusti

98 5206 266 5262 animi
292 5215 389 5263 est
410 5207 796 5279 desperatione
820 5207 1009 5263 futuri.

173 5299 646 5372 (Vers.15,16.)
692 5300 719 5339 ἀ
768 5301 898 5370 Quae
944 5304 1078 5357 enim
1129 5302 1455 5373 participatio
1490 5302 1709 5373 justitia:

176 5448 204 5515 ξ’
242 5438 349 5495 Me.
391 5439 583 5505 Gorb.,
614 5441 735 5511 quia
760 5440 982 5496 tristitia:
1008 5439 1255 5515 gaudium
1287 5452 1465 5492 eorum
1491 5452 1711 5512 exagge-

105 5510 311 5566 miunt.

173 5582 202 5623 ⁵
243 5583 506 5657 [Sontium
532 5600 693 5649 mss,
722 5596 814 5638 aut
843 5587 965 5641 certi
995 5584 1157 5657 futuri
1178 5598 1290 5657 spe,
1312 5592 1422 5638 etc.

182 5667 204 5694 ο
246 5656 454 5712 Omnes
481 5656 609 5711 edit.
642 5667 695 5713 et
721 5657 940 5727 quidam
972 5672 1128 5737 mss.
1156 5656 1244 5737 qui
1275 5657 1706 5737 enimeperatur,

110 5727 350 5810 labgrat,
400 5737 448 5783 et
494 5733 671 5797 futura
714 5726 1034 5810 non-credit
1066 5729 1291 5810 ;_aptius
1331 5726 1525 5810 reliqui
1572 5740 1706 5810 mss.

106 5800 372 5855 omittunt
396 5810 673 5870 operatur;
699 5818 728 5855 e
756 5801 951 5872 quibus
974 5802 1143 5857 Corb.
1172 5808 1381 5855 tantum
1406 5800 1706 5868 subjmigit,

107 5881 423 5943 angustatur
457 5872 659 5928 animus
686 5875 799 5946 ejus
828 5873 1202 5945 desperatione.

1804 4746 2090 4801 Dominum
2124 4752 2373 4799 nostrum
2410 4743 2594 4800 Jesum
2636 4744 2751 4815 jam
2802 4747 2935 4803 olim
2968 4749 3255 4811 Dominum
3305 4774 3402 4815 no-

1802 4850 1974 4896 strum
1992 4880 2007 4904 ,
2039 4849 2094 4894 et
2120 4844 2500 4906 suscepturum
2530 4852 2630 4894 nos
2656 4838 2709 4895 in
2736 4839 2931 4898 aﬂ'ectu
2957 4845 3238 4907 charitatis
3266 4867 3400 4923 suae,

1803 4931 2250 5003 praedestinatum
2280 4930 2538 4987 ostendit.

2411 5067 2640 5130 CAPUT
2672 5073 2784 5131 VII.

1885 5209 2067 5281 (Vers.
2104 5206 2181 5277 1.)
2223 5207 2351 5263 Hcce
2386 5225 2508 5280 ergo
2536 5210 2774 5267 habentes
2805 5217 3404 5295 promissa,cltarissimi,

1820 5303 2119 5356 mandemus
2148 5302 2487 5371 nosmetipsos
2522 5302 2584 5356 ab
2619 5306 2759 5359 omni
2784 5308 3169 5377 inquinamento
3199 5321 3405 5388 carnis,

1887 5433 1914 5471 τι
1955 5435 2113 5507 Rom,
2139 5433 2296 5507 ειιίιη
2329 5431 2461 5507 Quae
2486 5435 2653 5501 portio
2670 5436 2910 5507 justitiaz,
2939 5450 3046 5495 etc.

1889 5517 1913 5545 e
1955 5506 2127 5596 Rom.‘
2143 5505 2448 5596 edit.‘si'ita,
2471 5506 2583 5596 ipse.
2606 5505 2911 5596 ἄρξῃ-(μιᾳ)
2930 5526 3263 5596 quq“,qu
3286 5526 3414 5596 fac“

1819 5579 2000 5667 fater,
2030 5579 2210 5661 eadem
2250 5585 2307 5667 et.
2339 5574 2687 5667 [filiunfaeit‘
2720 5574 2958 5667 similiter
2981 5599 2999 5635 :
3023 5587 3121 5667 hoc
3146 5574 3254 5661 est,

1820 5651 1994 5728 Filius
2022 5652 2199 5706 omnia
2219 5655 2547 5728 μακε-..ηπ
2574 5656 2761 5728 potest"
2766 5658 2823 5728 et
2837 5648 3015 5707 Pater.
3056 5648 3415 5728 putreﬁeri;

1818 5724 1991 5804 omnia
2022 5738 2170 5808 posse
2199 5717 2342 5775 testis
2370 5717 2955 5809 ideneusesluFfliusr.
2995 5717 3415 5809 {inprimis}

1814 5784 2239 5849 testimonia...
2270 5831 2283 5845 .
2344 5799 2389 5843 et
2431 5784 2610 5841 Issum
2656 5793 2771 5860 jam
2829 5793 2952 5851 olim
2983 5784 3411 5868 ουυωτῗὶὼἴᾫὶῖ

1814 5876 2001 5931 stram,
2034 5875 2140 5920 etc.
