3978 6310
584 296 691 353 505

1521 289 1614 346 AD
1653 287 1888 347 OPEliA
1926 287 2172 348 SANCTI
2209 289 2538 350 AMBROSII
2577 291 2946 352 APPENDIX.

3761 301 3834 360 ὅθί

589 413 916 484 perficientes
957 411 1282 466 sanctitatem
1316 407 1546 478 Spiritus
1573 408 1626 462 in
1658 407 1838 462 timore
1871 405 1986 461 Dei.
2016 405 2186 462 Mani—
2207 407 2261 466 A
2289 407 2422 462 certi
2453 407 2576 479 quia
2605 423 2705 479 pro
2731 409 2910 464 salute
2951 407 3192 464 ﬁdelium
3221 406 3438 462 auituas
3461 421 3590 461 suas
3612 406 3836 465 traderent

592 507 728 563 festa
761 515 908 566 sunt.
941 519 1061 574 quas
1089 503 1257 568 dicit;
1289 501 1754 574 inquinamentum
1800 512 1978 556 tamen
2008 501 2186 558 carnis

591 596 890 653 multifario
919 594 1330 664 intelligendum
1361 603 1466 649 est.
1500 593 1630 650 Ideo
1659 593 1860 650 etenim
1892 609 2000 649 non
2030 594 2184 660 dixit,

589 694 656 747 ab
681 691 1097 762 inquinamento
1123 689 1306 745 carnis
1332 708 1346 744 :
1369 687 1464 744 sed
1490 688 1555 742 ab
1595 689 1736 742 omni
1759 687 2144 758 inquinamento
2167 705 2186 752 ;

587 797 643 844 ut
671 795 784 844 tota
811 786 938 841 vitia
965 785 1204 841 carnalia
1235 784 1539 853 fugiamus;
1567 798 1730 837 omne
1759 781 1902 838 enim
1927 782 2072 852 quod
2099 781 2186 838 lex

588 878 862 948 prohibet,
896 880 1120 933 carnale
1151 885 1258 933 est.
1292 874 1362 930 Ut
1383 876 1712 946 perﬁciamus
1733 875 2055 929 sanctitatem
2081 875 2188 945 spi-

583 973 714 1028 ritus
741 973 796 1026 in
823 972 1010 1026 timore
1042 971 1158 1026 Dei.
1185 969 1544 1026 Sanctitatem
1577 967 1657 1023 sic
1685 966 2000 1038 perficimus
2029 963 2190 1036 spiri-

582 1079 690 1132 tus,
723 1065 772 1121 si
801 1065 856 1121 in
885 1065 1082 1120 timore
1111 1063 1204 1118 Dei
1235 1071 1382 1118 recta
1403 1075 1727 1132 sequamur;
1759 1058 1940 1115 utsub
1967 1057 2187 1114 nomine

577 1159 782 1216 Christi
813 1174 843 1213 a
877 1158 1114 1230 peccatis
1141 1173 1246 1212 nos
1269 1156 1612 1212 abstinentes
1655 1154 1830 1210 sancti
1861 1153 2050 1208 simus.
2083 1151 2186 1220 Qui

578 1256 726 1311 enim
773 1254 892 1309 sine
940 1251 1280 1324 professione
1327 1249 1530 1304 Christi
1561 1263 1590 1301 a
1630 1247 1776 1302 vitiis
1819 1262 1880 1302 se
1925 1245 2188 1302 cohibere

579 1347 836 1403 videntur
859 1385 874 1412 ,
905 1343 1230 1400 sanctificati
1271 1351 1400 1398 sunt
1429 1341 1584 1412 juxta
1629 1339 1888 1395 mundum
1915 1381 1931 1406 ,
1961 1354 2067 1392 non
2099 1352 2190 1394 se-

576 1439 814 1496 cundant
885 1438 975 1493 Dei
1025 1436 1324 1506 spiritum;
1372 1435 1497 1506 quia
1549 1432 1850 1489 secundum
1907 1431 2078 1488 Deum
2127 1429 2182 1486 bi

577 1529 764 1586 mundi
795 1538 954 1597 sunt,
987 1527 1080 1600 qui
1109 1525 1304 1583 ﬁdeles
1329 1535 1458 1581 sunt
1483 1544 1496 1580 :
1521 1525 1706 1580 caeteri
1751 1539 1880 1580 vero
1909 1524 2186 1596 qualesvis

575 1626 707 1692 sint,
740 1621 1006 1680 immundi
1028 1632 1177 1677 sunt.
1212 1620 1480 1692 Quidquid
1507 1621 1657 1676 enim
1683 1619 1802 1676 sine
1825 1617 2047 1676 Christo
2076 1627 2180 1687 est,

574 1717 918 1774 immundum
953 1727 1058 1784 est,
1087 1715 1234 1771 sicut
1259 1715 1392 1770 dicit
1421 1714 1488 1768 ad
1515 1713 1700 1769 Titum
1737 1731 1752 1766 :
1799 1711 1934 1779 Quia
1957 1711 2184 1780 inﬁdeli-

2293 515 2464 572 usque
2489 501 2554 556 ad
2583 511 2838 557 mortem.
2863 501 3164 573 Antequam
3185 501 3526 572 digereretur
3549 500 3685 555 enim
3709 501 3835 554 tritu-

2291 593 2423 649 latio
2451 603 2506 650 et
2525 595 2824 666 corporalis
2849 595 3066 665 injuria,
3081 593 3252 650 altera
3275 592 3564 656 veniebat;
3587 600 3644 647 ut
3665 595 3836 663 requies

2291 687 2516 758 patienti
2569 703 2676 743 non
2721 697 2890 744 esset.
2941 687 3074 742 Nam
3119 687 3378 757 quoniam
3421 700 3590 741 sensu
3617 685 3756 740 bruta
3776 695 3834 742 est

2291 781 2468 836 omnis
2495 795 2645 848 caro,
2680 782 2882 837 idcirco
2913 782 3074 854 188
3103 781 3302 838 nullam
3345 781 3592 852 requiem
3619 778 3741 836 hanc
3769 781 3836 834 lia-

2292 875 2480 930 huisse
2521 875 2606 930 vel
2656 873 2860 930 habere
2901 873 2954 928 in
2997 875 3250 944 passione
3293 873 3568 944 significat
3611 875 3836 930 :animan

2289 977 2494 1032 autem,
2539 983 2864 1038 quamquam
2909 967 3026 1038 ipsa
3067 967 3376 1036 patiebatur
3411 967 3466 1022 in
3515 980 3760 1036 corpore;
3793 983 3838 1022 ex

2291 1059 2397 1116 hac
2445 1069 2627 1116 tamen
2679 1071 2834 1132 parte
2883 1061 3124 1132 requiem
3165 1061 3404 1127 habere,
3439 1077 3546 1132 qua
3583 1072 3750 1132 sperat
3771 1079 3839 1130 pro

2292 1154 2732 1210 tribulationibus
2763 1154 2844 1210 his
2871 1197 2886 1222 ,
2927 1171 3048 1226 qua:
3080 1169 3178 1225 pro
3205 1153 3312 1210 fide
3339 1156 3652 1225 irrogantur
3671 1169 3697 1207 a
3723 1155 3839 1224 perli-

2291 1243 2394 1310 dis,
2415 1243 2668 1300 daturum
2699 1245 2867 1301 Deum
2891 1245 3225 1302 mercedem.
3249 1245 3504 1318 Denique
3523 1244 3583 1301 in
3607 1245 3714 1318 ipsa
3733 1263 3840 1318 pres-
3873 1297 3880 1306 .

2290 1351 2416 1392 sura
2445 1337 2556 1394 Deo
2582 1337 2816 1409 hymnos
2844 1340 3132 1395 cauebant.

2361 1451 2501 1520 (Act.
2537 1467 2654 1518 xvi,
2679 1453 2714 1508 9
2743 1463 2792 1508 et
2815 1453 2949 1525 seq.)
2984 1453 3092 1510 Sed
3117 1455 3170 1508 in
3199 1455 3433 1510 omnibus
3459 1456 3652 1525 afﬂicti
3677 1455 3838 1528 (uiuis.

2287 1544 2446 1600 Juxta
2497 1545 2780 1602 historiam
2805 1588 2821 1612 ,
2865 1547 3100 1603 Domino
3134 1559 3364 1606 vocante
3385 1591 3400 1616 ,
3449 1549 3768 1606 intraverunt
3803 1553 3840 1608 in

2287 1640 2656 1697 MacedOniam
2683 1661 2696 1696 ε
2724 1651 2780 1698 et
2805 1657 2928 1698 cum
2959 1659 3066 1700 non
3111 1645 3266 1715 pauci
3297 1643 3702 1712 credidissent,
3729 1645 3839 1701 ire-

2287 1733 2610 1806 uissentquc
2653 1735 2909 1791 solatium
2939 1735 3126 1809 Lydiae
3167 1737 3433 1806 mulieris,
3469 1753 3600 1810 quae
3629 1755 3738 1794 cum
3761 1754 3840 1794 ou-

575 1813 667 1868 bus
694 1811 827 1866 nihil
847 1821 922 1866 est
954 1809 1243 1904 arandum;
1261 1807 1540 1904 inquinata
1567 1815 1642 1862 est
1671 1806 1810 1862 enim
1835 1823 2012 1862 eorum
2041 1822 2182 1862 mens
2213 1811 2262 1870 B
2287 1827 2448 1882 nilms
2474 1827 2589 1884 suis
2617 1829 2880 1896 cred-Id“;
2927 1806 3057 1887 lu'nc
3086 1829 3286 1888 factum
3311 1842 3398 1890 es,
3423 1806 3748 1904 ul'spiriwm
3775 1850 3840 1904 pr

572 1916 622 1960 et
651 1905 968 1961 conscientia
993 1902 1121 1972 (Tit.
1153 1917 1193 1970 ι,
1222 1899 1336 1972 15).

647 1997 830 2068 (Vers.
857 1993 942 2065 2.)
973 1991 1202 2066 Capaces
1227 2001 1386 2049 estote
1411 1993 1593 2048 nostri.
1641 1991 1854 2048 Nemini
1885 1993 2175 2061 nocuimus,

575 2100 601 2128 τι
634 2089 890 2144 neminem
913 2087 1258 2158 grauauimus,
1284 2085 1542 2141 neminem
1562 2085 2011 2140 circumvenimus.
2035 2085 2180 2142 Con-

573 2185 824 2242 siderare
863 2183 984 2238 vult
1033 2181 1192 2247 illos,
1239 2197 1361 2252 quae
1410 2167 1574 2246 dicit;
1607 2189 1666 2236 ut
1711 2180 1946 2250 receptis
1991 2180 2078 2234 his
2125 2181 2180 2236 in

573 2278 840 2345 animum,
864 2273 1152 2332 conferant
1184 2289 1370 2330 secum
1403 2287 1531 2328 vera
1565 2287 1717 2336 esse,
1751 2287 1871 2342 quae
1901 2272 2179 2342 loquitur:

567 2381 624 2428 et
671 2379 1000 2442 spernentes
1059 2369 1162 2424 hos
1221 2383 1362 2440 quos
1412 2367 1622 2440 tangit,
1669 2381 1888 2423 omnem
1939 2367 2180 2422 animum

572 2463 903 2520 transferant
931 2463 1000 2517 ad
1033 2477 1166 2528 eos,
1201 2475 1338 2532 quos
1369 2459 1554 2516 vident
1581 2474 1714 2516 vero
1743 2458 1940 2516 all'ectu
1969 2473 2031 2514 se
2057 2458 2181 2514 dili-

567 2571 718 2628 gere.
769 2554 988 2612 Pseudo
1015 2553 1160 2610 enim
1191 2552 1426 2624 apostoli
1463 2561 1653 2618 erant,
1689 2553 1782 2622 qui
1823 2560 1879 2607 et
1909 2550 2182 2608 nocebant

567 2651 720 2720 illis,
763 2656 1184 2720 corrumpentes
1233 2661 1429 2703 sensus
1480 2646 1734 2714 illorum,
1782 2655 1836 2702 et
1883 2646 2182 2716 gravabant

569 2745 817 2800 sacculos
846 2758 1038 2800 eorum
1075 2742 1539 2796 circumventioue
1577 2740 1910 2810 serpentium
1940 2741 2174 2794 astutiae.

645 2837 828 2909 (Vers.
851 2835 937 2906 3.)
969 2833 1094 2889 Non
1121 2835 1188 2888 ad
1213 2833 1692 2888 condemnationem
1722 2832 1876 2887 uestri
1918 2833 2015 2886 hoc
2039 2831 2176 2886 dico.

575 2933 692 2988 l-luc
719 2938 804 2986 est
829 2971 844 2995 ,
875 2945 981 2984 non
1011 2942 1110 2982 vos
1135 2927 1335 2997 abjicio
1359 2968 1375 2992 ,
1401 2925 1496 2982 sed
1528 2935 1586 2980 ut
1623 2925 1912 2996 corrigatis
1941 2939 2180 2991 moneo;

570 3025 664 3093 qui
693 3024 839 3080 enim
869 3021 1106 3092 aliquem
1136 3019 1484 3085 condemnat,
1511 3035 1620 3074 non
1652 3017 1730 3074 illi
1757 3017 2001 3073 dimittit.
2029 3016 2182 3071 Prw-

571 3120 688 3174 tlixi
719 3118 854 3173 enim
870 3119 990 3189 jam
1015 3114 1178 3181 vobis,
1197 3113 1334 3185 quod
1368 3114 1420 3168 in
1447 3114 1688 3168 cordibus
1723 3111 1914 3167 nostris
1957 3112 2077 3166 estis
2112 3111 2182 3165 ad

574 3212 1018 3269 commoriendum
1051 3219 1100 3263 et
1129 3208 1198 3263 ad
1229 3207 1621 3262 connivendum.
1663 3206 1741 3262 Ex
1770 3205 2042 3276 praedictis
2067 3203 2184 3260 vult
2211 3209 2256 3274 C

575 3308 699 3362 illos
743 3317 1112 3375 cognoscere,
1143 3315 1254 3372 quo
1283 3301 1468 3356 animo
1498 3299 1757 3370 loquatur
1792 3300 1859 3354 ad
1888 3314 2004 3355 eos.
2038 3298 2188 3366 Quos

576 3400 720 3456 enim
745 3395 1035 3468 participes
1057 3393 1384 3450 vulthaber-e
1416 3392 1550 3448 etad
1571 3399 1869 3461 praesentes
1903 3390 2188 3460 passiones

574 3509 672 3563 pro
683 3493 922 3558 Christo,
937 3506 994 3548 et
1006 3488 1072 3544 ad
1087 3489 1316 3544 futuram
1331 3489 1517 3552 vitam,
1535 3501 1640 3540 non
1657 3485 1840 3556 utique
1853 3484 1973 3540 illos
1985 3481 2188 3554 abjicit;

577 3585 676 3644 sed
695 3597 750 3642 ut
769 3583 1186 3658 participatione
1197 3583 1392 3652 dignos
1412 3595 1472 3635 se
1486 3578 1685 3634 faciant
1707 3578 2045 3635 exhortatur.

655 3681 838 3756 (Vers.
873 3677 954 3751 4.)
989 3677 1162 3731 Multa
1189 3675 1316 3730 ntihi
1347 3673 1542 3744 ﬁducia
1567 3672 1707 3742 apud
1733 3688 1843 3736 vos,
1875 3675 2036 3727 multa
2065 3673 2192 3728 mihi

584 3777 823 3853 gloriatio
855 3773 919 3828 de
957 3771 1100 3827 vobis
1127 3787 1147 3825 :
1175 3769 1402 3840 repletus
1431 3782 1548 3821 sum
1587 3765 1941 3820 consolatione
1965 3807 1980 3832 ,
2012 3783 2194 3838 super-

583 3869 792 3926 abundo
833 3865 1026 3940 gaudio
1067 3863 1124 3918 in
1153 3861 1294 3918 omni
1325 3874 1568 3930 pressura
1595 3868 1792 3912 nostra.
1827 3856 2050 3914 Fiducia
2077 3859 2195 3916 haec

587 3965 656 4016 de
703 3962 894 4031 primae
923 3957 1171 4028 epistola:
1213 3953 1560 4024 correptione
1585 3959 1692 4018 est,
1717 3965 1884 4022 quam
1927 3952 2052 4022 quia
2087 3968 2192 4009 non

592 4068 786 4125 aspere
829 4055 1221 4120 susceperunt,
1253 4045 1503 4100 fiduciam
1553 4043 1826 4100 dederunt
1869 4044 2197 4102 admonendi

594 4161 684 4212 se;
714 4144 818 4200 visi
849 4151 976 4198 sunt
1019 4140 1168 4198 enim
1211 4138 1354 4194 velle
1391 4137 1670 4208 corrigere
1701 4152 1790 4204 sc,
1823 4139 1968 4195 unde
1996 4140 2199 4212 gloria-

594 4247 703 4294 tur.
739 4238 847 4292 Pro
878 4235 962 4290 his
994 4233 1238 4288 animum
1259 4233 1421 4288 etiam
1450 4247 1608 4286 suum
1635 4233 1974 4288 consolatam
2003 4249 2068 4289 ex
2099 4235 2200 4290 hac

601 4341 756 4404 parte
783 4329 1121 4402 pronuntiat,
1154 4328 1206 4382 in
1239 4333 1446 4382 tantum
1478 4335 1535 4380 ut
1565 4327 1616 4381 in
1645 4325 1794 4382 omni
1826 4343 2080 4397 pressura
2107 4345 2201 4386 su-

599 4423 978 4496 perabundare
1004 4436 1064 4478 se
1089 4419 1290 4492 gaudio
1318 4419 1654 4485 obtestetur;
1683 4417 1874 4474 videns
1901 4420 2046 4476 enim
2077 4435 2200 4477 esse

598 4534 752 4588 spem
789 4520 842 4572 in
873 4517 981 4582 bis,
1031 4529 1130 4586 pro
1159 4513 1356 4585 quibus
1402 4512 1680 4583 angustias
1713 4512 1942 4583 patitur,
1969 4513 2200 4584 gaudet,

603 4627 725 4668 cum
755 4609 1070 4674 lribulatur;
1100 4617 1285 4664 certus
1321 4605 1632 4661 mercedem
1664 4620 1724 4662 se
1752 4620 1782 4660 a
1809 4605 1924 4662 Deo
1953 4618 2202 4680 acceptu-
2227 4601 2283 4663 D

606 4723 724 4762 rum
745 4703 1024 4776 acquisita:
1053 4700 1242 4758 salutis
1266 4715 1480 4756 eorum.

678 4802 861 4874 (Vers.
893 4797 975 4870 5.)
1019 4795 1226 4852 Etenim
1253 4812 1368 4850 cum
1394 4795 1704 4849 venissemus
1734 4795 1788 4848 in
1815 4793 2198 4866 Macedoniam,

607 4895 808 4950 nullam
845 4893 1072 4960 requiem
1112 4890 1286 4944 habuit
1323 4887 1350 4927 δ
1391 4903 1512 4942 caro
1560 4897 1756 4942 nostra.
1805 4887 2099 4945 Pressuras
2146 4899 2205 4947 et

606 4991 782 5050 caedes
804 4995 1094 5054 memorat,
1112 4999 1246 5056 quas
1273 4982 1617 5054 patiebantur
1641 4995 1803 5038 causa
1831 4981 2201 5057 credentium,

610 5097 668 5143 ut
685 5084 858 5156 magis
879 5087 1139 5154 provocet
1163 5093 1259 5135 eos
1281 5076 1349 5132 ad
1373 5077 1718 5132 charitatem.
1743 5075 1984 5143 Nullam,
2010 5079 2202 5149 inquit,

609 5179 830 5251 requiem
871 5173 1052 5231 habuit
1101 5187 1223 5226 caro
1271 5179 1487 5235 nostra;
1515 5175 1576 5225 ut
1619 5173 2206 5243 compaterentureis,

683 5417 711 5446 “
749 5412 908 5467 Rom.
942 5409 1076 5465 edit.
1096 5447 1112 5474 ,
1145 5405 1402 5460 nemiuem
1431 5403 1775 5474 corrupimus.

681 5481 710 5519 δ
751 5485 881 5538 Mss.
913 5472 1104 5546 Corb.,
1134 5493 1258 5532 caro
1285 5487 1485 5536 nostra,
1520 5472 1794 5546 Numquid
1823 5490 2030 5529 sensum
2060 5477 2211 5533 habet

612 5568 732 5606 caro
753 5595 766 5616 ,
798 5567 850 5606 ut
877 5554 986 5608 sine
1013 5552 1182 5605 animo
1215 5547 1480 5618 patiatur?
1509 5545 1616 5618 Sed
1663 5562 1752 5610 per
1793 5563 2000 5618 carnem
2044 5560 2209 5604 totum

611 5621 866 5678 hominem
895 5615 1240 5692 significavit,
1271 5619 1404 5674 sicut
1435 5626 1482 5671 et
1507 5615 1759 5692 Salvator
1781 5633 1811 5692 _:
1844 5617 2093 5692 Spiritus,
2125 5623 2207 5675 in-

609 5695 739 5766 quit.
770 5688 1042 5766 promptus
1061 5702 1136 5746 est
1157 5731 1173 5757 ,
1203 5705 1468 5766 car-opera
1499 5689 1728 5766 inﬁrma.
1766 5688 1902 5766 Quia
1932 5691 2066 5766 enim
2090 5703 2207 5766 erat

610 5759 656 5820 et
691 5759 948 5838 Spiritus"
967 5771 1188 5838 sanctus
1219 5763 1273 5814 in
1299 5763 1393 5824 eis,
1423 5777 1523 5814 non
1555 5759 2206 5838 potuitdicereaNullum

607 5831 834 5910 requiem
859 5833 1038 5890 [tabuit
1060 5831 1276 5903 spiritus
1291 5841 1485 5900 noster,
1499 5833 1620 5902 quia
1633 5841 1705 5886 est
1721 5831 2071 5902 impassibilt's.
2096 5835 2205 5892 Sed

2285 1920 2528 1988 thouem,
2565 1921 2616 1977 id
2647 1931 2748 1989 est,
2783 1924 3028 1980 divinum
3059 1923 3269 1995 fugaret
3297 1926 3366 1983 de
3407 1927 3612 1982 ancilla
3639 1941 3839 1998 quorum-

2283 2012 2451 2082 dam,
2506 2015 2594 2086 qui
2655 2015 2913 2073 videntes
2959 2017 3264 2087 perdidisse
3325 2035 3388 2074 se
3443 2035 3562 2075 non
3615 2021 3840 2077 minimum

2282 2117 2575 2178 quaestum,
2607 2125 2769 2180 quem
2819 2109 3000 2180 puclla
3054 2111 3330 2168 referebat
3356 2111 3678 2180 divinando,
3705 2115 3838 2170 conci-

2283 2209 2535 2255 taverunt
2564 2201 2888 2258 seditionem
2931 2202 3098 2259 Paulo
3119 2215 3172 2259 et
3203 2204 3354 2272 Silzr,
3387 2214 3444 2261 et
3487 2217 3838 2264 traxeruntcos

2283 2293 2337 2348 in
2365 2293 2544 2350 forum
2569 2295 2636 2351 ad
2665 2297 3018 2368 magistratus
3043 2315 3056 2351 :
3081 2300 3172 2370 qui
3223 2300 3423 2356 tnultas
3455 2302 3546 2358 eis
3579 2301 3744 2374 plagas
3767 2303 3837 2358 illl-

2283 2399 2575 2457 pouentes,
2605 2391 2876 2445 miserunt
2897 2405 2994 2448 eos
3024 2393 3076 2446 in
3101 2393 3208 2448 ima
3239 2396 3508 2465 carceris,
3545 2397 3620 2452 ita
3643 2405 3698 2452 ut
3719 2399 3836 2470 pales

2283 2497 2472 2538 eorum
2519 2483 2574 2538 in
2618 2499 2790 2540 nervo
2835 2485 3247 2544 concluderent.
3301 2488 3430 2544 Hzec
3475 2500 3568 2546 est
3615 2505 3835 2560 pressura,

2281 2591 2442 2647 quam
2485 2579 2632 2649 passi
2681 2587 2809 2634 sunt
2853 2579 2907 2634 in
2957 2579 3294 2638 Macedonia.
3345 2583 3414 2639 Et
3453 2585 3590 2643 hinc
3629 2596 3707 2644 est
3737 2587 3836 2644 unde

2281 2670 2415 2727 dicit
2439 2690 2452 2726 :
2479 2671 2699 2728 Nullam
2725 2675 2950 2746 requiem
2973 2676 3148 2732 habuit
3176 2694 3300 2733 caro
3325 2689 3528 2736 nostra.

2355 2784 2513 2841 Foris
2537 2804 2740 2860 pugnat,
2773 2789 2912 2844 intus
2939 2791 3163 2847 timores.
3209 2791 3416 2865 Pugnat
3441 2805 3608 2852 erant
3634 2797 3834 2868 corpori,

2284 2877 2412 2934 dum
2461 2880 2775 2937 caedebatur
2817 2900 2831 2937 :
2869 2885 3050 2940 animo
3091 2887 3336 2944 timores.
3383 2886 3506 2945 illic
3549 2893 3690 2947 enim
3725 2891 3838 2947 timor

2283 2980 2386 3036 est,
2421 2971 2508 3028 ubi
2543 2973 2850 3030 intellectus
2877 2985 2964 3032 est
3007 2995 3020 3031 :
3059 2979 3156 3035 sed
3199 2979 3362 3037 timor
3398 2981 3494 3039 hic
3535 2995 3748 3056 propter
3775 2999 3838 3040 eos

2283 3073 2423 3130 erat,
2454 3064 2546 3136 qui
2575 3067 2925 3124 crediderant
2952 3112 2967 3136 ,
2993 3087 3060 3127 ne
3091 3073 3348 3142 passione
3388 3077 3514 3146 ejus
3562 3077 3840 3133 scandaliza-

2289 3169 2497 3214 rcntnr.
2529 3159 2662 3214 Nam
2691 3161 2798 3217 sibi
2831 3163 2958 3234 quid
2991 3163 3104 3236 jam
3137 3168 3374 3236 timeret,
3415 3171 3512 3239 qui
3545 3172 3840 3241 patiebatur!

2289 3260 2557 3322 praeterea
2606 3268 2728 3309 cum
2780 3254 2926 3312 dicat
2972 3258 3028 3312 in
3073 3257 3298 3316 Actibus
3344 3265 3840 3333 apostolorum,uon

2289 3345 2468 3400 solum
2519 3345 2717 3418 ligari,
2747 3349 2842 3405 sed
2889 3360 2946 3406 et
2987 3353 3124 3408 mori
3171 3367 3415 3425 paratum
3445 3373 3512 3414 se
3545 3375 3644 3431 pro
3679 3360 3843 3416 nomine

2291 3437 2422 3494 Jesu
2451 3437 2652 3496 Christi
2681 3443 2818 3514 (Act.
2865 3460 2957 3500 xx:
2977 3485 2992 3510 ,
3025 3447 3136 3518 l5).
3187 3447 3409 3506 Videtur
3435 3467 3577 3525 ergo
3609 3464 3758 3510 totum
3779 3453 3844 3508 lu-

2294 3531 2494 3588 miuem
2527 3530 2786 3589 aflliCtum
2817 3535 2872 3590 in
2900 3551 3067 3594 carne
3101 3551 3124 3577 ε
3153 3541 3493 3611 significasse
3513 3587 3530 3613 ,
3561 3554 3621 3601 ut
3647 3563 3710 3602 ex
3737 3555 3842 3616 parte

2295 3623 2540 3694 spiritus,
2574 3627 2664 3696 qui
2693 3627 2896 3683 homini
2928 3627 3111 3696 datur,
3139 3641 3198 3687 ut
3225 3645 3464 3704 maneat,
3499 3639 3628 3709 quia
3655 3635 3844 3712 impassi

2296 3713 2420 3770 bilis
2449 3727 2556 3785 est,
2587 3715 2754 3790 afﬂigi
2787 3721 3030 3791 potuisse
3059 3723 3282 3783 minime
3313 3729 3660 3802 intelligatur
3681 3751 3694 3786 :
3714 3732 3788 3789 sed
3809 3737 3846 3784 ut

2299 3810 2463 3866 homo
2493 3819 2640 3867 totus
2679 3829 2748 3866 ex
2785 3825 2940 3884 parte
2965 3820 3218 3889 corporis
3249 3829 3306 3877 et
3346 3824 3552 3880 anima:
3589 3824 3844 3881 afﬂictusin

2299 3917 2464 3958 carne
2511 3905 2750 3972 dicatur;
2779 3922 2850 3963 ex
2892 3919 3048 3979 parte
3090 3927 3220 3969 vero
3249 3914 3473 3985 spiritus
3527 3919 3844 3992 impassibilis.

2299 3995 2487 4052 Potest
2517 4007 2572 4053 et
2601 3999 2680 4054 sic
2711 3997 2940 4070 i-‘ntelligi
2969 4045 2984 4070 ,
3015 4013 3074 4059 ut
3103 4005 3232 4061 foris
3261 4023 3478 4080 pugnae,
3511 4011 3565 4068 id
3592 4023 3692 4083 est,
3719 4013 3762 4068 in
3783 4027 3848 4083 pu-

2299 4087 2445 4144 blico
2465 4104 2497 4144 a
2523 4090 2746 4160 perﬁdis
2775 4092 2967 4149 fierent
2993 4105 3183 4152 contra
3211 4097 3370 4166 ﬁdos,
3392 4101 3525 4158 dum
3553 4102 3728 4161 furore
3751 4100 3848 4173 pleni

2303 4183 2634 4239 resistebant
2665 4185 2882 4241 veritati
2913 4188 3109 4259 :cujus
3139 4191 3216 4246 rei
3247 4194 3472 4250 nuntius
3521 4197 3666 4253 intus
3705 4197 3846 4252 timore

2303 4278 2626 4350 generabat,
2655 4279 2750 4335 ubi
2774 4289 2895 4336 erat
2919 4281 3239 4354 Apostolus.
3273 4288 3406 4354 Quis
3430 4293 3578 4348 enim
3611 4293 3756 4349 homo
3777 4305 3848 4346 non

2305 4371 2498 4428 timeat
2523 4373 2846 4442 angustias?
2869 4373 2976 4430 Sed
3005 4377 3127 4446 quia
3159 4378 3211 4433 in
3257 4379 3354 4437 Dei
3383 4384 3550 4442 rebus
3589 4385 3850 4458 propensior

2305 4471 2444 4531 erat,
2477 4463 2728 4520 timorem
2762 4465 2907 4522 hunc
2936 4481 3034 4538 spe
3057 4471 3372 4541 superabat.

2380 4577 2562 4648 (Vers.
2597 4575 2677 4650 6.)
2707 4577 2816 4634 Sed
2837 4582 2926 4652 qui
2952 4585 3250 4640 consolatur
3287 4588 3510 4648 humiles
3532 4592 3692 4661 Deus,
3717 4607 3850 4650 causo-

2312 4670 2452 4726 latus
2478 4682 2552 4726 est
2581 4689 2674 4728 nos
2699 4674 2752 4727 in
2779 4675 3002 4730 aduentu
3028 4675 3153 4732 Titi.
3196 4679 3464 4747 Quoniam
3495 4686 3638 4744 Deus
3681 4699 3848 4742 suoru

2313 4781 2422 4822 non
2452 4769 2536 4822 est
2565 4767 2854 4824 immemor
2877 4811 2892 4837 ,
2939 4769 3035 4826 sed
3086 4786 3305 4844 seraper
3333 4774 3428 4830 dat
3455 4779 3538 4834 eis
3579 4780 3634 4836 in
3683 4779 3850 4836 tribula-

2315 4861 2463 4918 tione
2493 4862 2750 4917 solatium
2775 4905 2790 4930 ,
2823 4863 3148 4920 acceleravit
3173 4867 3466 4926 adventum
3495 4871 3625 4941 Titi,
3655 4885 3708 4930 ut
3733 4871 3850 4928 refri-

2311 4959 2464 5031 gerio
2490 4967 2639 5014 esset
2664 4957 2856 5029 positis
2875 4957 2928 5012 in
2950 4958 3185 5016 fervore.
3217 4961 3408 5034 Magna
3432 4965 3575 5023 enim
3601 4965 3854 5024 consolatio

2314 5063 2397 5110 est
2427 5052 2702 5125 patientis,
2732 5052 2776 5106 si
2807 5065 2991 5108 secum
3017 5052 3218 5110 habeat
3247 5056 3649 5116 condoleutem.

2387 5169 2577 5243 (Vers.
2601 5166 2683 5240 7.)
2711 5165 2780 5222 Et
2805 5184 2908 5223 non
2937 5170 3138 5240 solum,
3169 5171 3278 5242 ait,
3306 5173 3362 5228 in
3385 5174 3606 5231 aduentu
3645 5179 3770 5249 ejus,
3791 5169 3854 5228 sed

2317 5407 2386 5462 ad
2417 5407 2851 5478 comparationem
2895 5407 3007 5477 ejus
3043 5415 3207 5462 totum
3237 5407 3496 5465 hominem
3523 5427 3717 5466 carnem
3739 5407 3850 5466 dixit.

2318 5479 2449 5533 sicut
2478 5477 2546 5532 ad
2578 5479 2702 5532 solis
2731 5477 3025 5533 claritatem
3071 5481 3235 5534 stella:
3283 5483 3559 5539 tenebrosa!
3595 5497 3738 5548 sunt;
3765 5477 3852 5550 quid

2315 5550 2711 5624 spiritus‘ltctus
2741 5552 3076 5624 erat,_sciens
3103 5551 3224 5606 illos
3269 5569 3362 5623 per
3385 5555 3748 5611 tribulationem
3767 5565 3852 5624 pto-

2357 5637 2491 5677 cere.
2527 5619 2714 5693 Sed_iu
2748 5620 2982 5676 omnibus
3009 5624 3216 5693 afﬂicti,
3241 5619 3350 5680 etc.

2390 5703 2417 5768 ἦ
2452 5693 2588 5747 Cod.
2616 5691 2808 5768 ϐου-μη
2834 5691 3177 5768 signiﬁcasse.
3205 5694 3385 5751 Potest
3415 5709 3464 5751 et
3489 5699 3562 5753 sic
3587 5694 3852 5768 intelligi,_st

2313 5765 2444 5836 foris
2474 5779 2689 5838 pugnas,
2718 5764 2772 5816 id
2799 5775 2902 5824 est.
2935 5767 2988 5819 in
3019 5767 3225 5833 publica
3253 5786 3284 5821 a
3311 5770 3524 5837 perﬁdis
3563 5764 3850 5832 contru'ﬁdo-S

2309 5845 2444 5891 esset
2471 5836 2724 5892 dissensio
2749 5852 2768 5902 ,'
2798 5853 2914 5892 cum
2951 5839 3197 5908 strepitus
3224 5836 3340 5909 ejus
3371 5841 3444 5896 rei
3474 5842 3692 5906 nuntius,
3719 5851 3804 5893 etc.
