3978 6310
125 303 228 358 ’5υ5

123 509 249 565 Plus
278 510 433 566 addit
462 511 531 566 ad
563 509 1014 576 consolationem;
1042 510 1167 580 quia
1213 510 1431 567 audisse
1455 527 1519 568 se
1543 529 1572 567 a
1595 511 1718 567 Tito

121 604 397 674 significat
421 606 448 634 °
476 606 850 661 conversionis
897 619 1087 661 eorum
1127 615 1430 678 promptam
1473 607 1719 663 volunta-

123 705 257 762 tem,
285 697 340 752 in
383 707 591 753 tantum
621 709 678 754 ut
707 699 858 754 Titus
894 699 984 767 qui
1015 699 1263 756 dolorem
1296 700 1535 756 habebat
1564 701 1718 756 inob-

119 790 414 846 auditionis
441 806 656 858 eorum,
696 791 1118 850 consolationem
1147 794 1423 863 acciperet
1447 795 1516 850 de
1543 794 1719 864 pteni-

121 884 286 938 tentia
335 881 580 940 illorum.
619 883 647 922 ι’
682 883 953 951 Quantum
1000 884 1253 941 affectum
1304 885 1528 943 haberet
1571 887 1716 944 circa

117 991 236 1043 eos,
269 976 516 1032 ostendit
561 977 886 1048 Apostolus;
919 987 980 1034 ut
1027 994 1128 1034 nec
1174 979 1281 1034 ima
1329 980 1584 1048 carceris,
1618 996 1715 1036 nec

118 1069 397 1141 plagarum
425 1070 670 1126 dolorem
697 1081 1034 1142 computaret
1063 1072 1218 1128 scissi
1247 1073 1515 1144 corporis,
1540 1088 1716 1146 neque

117 1179 403 1230 nervuum,
432 1179 541 1236 quo
568 1166 731 1236 pedes
753 1166 872 1236 ejus
900 1167 1144 1222 conclusi
1175 1179 1333 1222 erant
1366 1186 1378 1221 :
1411 1168 1506 1222 sed
1532 1167 1717 1223 audita

114 1261 454 1316 correctione
502 1274 690 1316 eorum
717 1302 732 1326 ,
763 1261 1040 1317 laetaretur
1067 1303 1080 1327 ,
1116 1271 1169 1318 et
1210 1260 1499 1317 immemor
1543 1261 1717 1318 factus

114 1355 456 1427 passionum,
492 1355 604 1412 Deo
631 1355 836 1426 gratias
862 1365 1047 1426 ageret
1072 1371 1172 1428 pro
1198 1372 1385 1411 eorum
1418 1357 1615 1424 salute,
1639 1357 1718 1412 sic

113 1449 217 1505 hoc
245 1449 528 1505 aestimans
571 1449 724 1518 quasi
753 1452 1252 1506 remunerationem
1285 1448 1712 1506 tribulationum.

112 1545 445 1599 Annuntians
466 1543 611 1598 nobis
639 1555 864 1598 vestrum
890 1543 1228 1599 desiderium.
1251 1543 1534 1600 Nuntiavit
1563 1543 1718 1600 Titus

114 1637 444 1694 desiderium
487 1636 690 1694 habere
741 1637 866 1694 illos
895 1638 1219 1694 emendandi
1250 1654 1339 1704 se;
1371 1637 1716 1695 addiscentes

113 1731 254 1788 enim
277 1749 400 1804 qua:
417 1734 680 1804 promissa
704 1742 834 1788 sunt
851 1734 990 1789 bene
1011 1733 1319 1788 viventibus
1336 1776 1350 1799 ,
1371 1735 1574 1788 incitati
1593 1742 1718 1790 sunt

862 299 1362 358 COMMENTARIA
1400 302 1466 360 ΙΝ
1509 302 1727 362 EPIST.
1771 304 1865 362 AD
1902 304 2226 365 CORINTH.
2270 308 2661 367 SECUNDAM.

124 418 274 473 etiam
303 418 360 472 in
399 417 774 483 consolatione,
801 433 899 488 qua
923 418 1215 472 consolatus
1240 427 1316 472 est
1344 419 1454 492 ipse
1478 420 1532 474 in
1559 419 1715 475 vobis.
1746 421 1802 482 Α

3314 315 3421 370 306

1895 422 1913 490 (
1938 421 2093 478 Vers.
2126 423 2210 477 ll.
2239 422 2260 495 )
2291 422 2428 479 Ecce
2453 428 2593 482 enim
2621 426 2721 481 hoc
2747 427 2920 498 ipsum
2942 429 3225 485 secundum
3250 428 3416 486 Deum

1820 517 2119 572 contristari
2164 527 2411 590 quantum
2458 521 2514 574 in
2565 520 2705 576 vobis
2744 523 2948 593 per/icit
2987 524 3411 580 sollicitudinem.

1819 608 2023 666 Verum
2048 621 2132 668 est
2153 613 2278 682 quia
2303 613 2392 684 qui
2419 615 2649 684 paenitet
2667 656 2683 681 ,
2708 616 2977 672 sollicitus
2999 628 3112 686 est,
3143 634 3211 674 ne
3233 618 3415 674 denuo

1819 713 2028 774 peccet.
2063 704 2170 760 Sed
2217 707 2616 762 excusationem.
2670 707 2873 776 Recte,
2923 711 3047 780 quia
3096 712 3415 783 poenitentia

1819 812 1927 852 non
1957 797 2122 854 habet
2157 799 2602 868 excusationem,
2648 801 2744 856 sed
2786 802 3209 860 confessionem.
3239 802 3266 841 ά
3311 806 3419 862 Sed

1820 890 2073 945 timorem.
2104 890 2356 947 Ostendit
2386 893 2640 948 timorem
2672 893 2724 948 in
2757 905 3078 964 peccatore,
3111 898 3202 968 qui
3234 897 3420 954 delicti

1817 997 1980 1039 causa
2024 984 2236 1038 veniam
2280 986 2544 1055 postulat.
2597 984 2708 1041 Sed
2753 985 3088 1043 desiderium.
3140 989 3427 1045 Desiderat

1819 1075 2104 1131 reformari
2161 1091 2260 1143 se,
2317 1078 2408 1147 qui
2461 1091 2521 1132 se
2577 1077 2680 1132 scit
2728 1077 2930 1134 factum
2988 1096 3084 1150 per
3133 1091 3415 1150 peccatum

1818 1167 2142 1224 deformem.
2197 1168 2307 1224 Sed
2359 1171 2766 1229 temulationem.
2821 1171 3014 1228 Zelum
3073 1174 3265 1244 incipit
3313 1178 3421 1246 pati

1821 1263 2087 1319 bonorum
2121 1279 2347 1334 cperum
2378 1265 2836 1342 perficiendorum
2862 1309 2876 1331 ,
2919 1269 3014 1338 qui
3043 1269 3300 1340 intelligit
3328 1286 3426 1341 pro

1818 1371 1878 1414 se
1905 1373 2058 1424 esse,
2087 1358 2230 1429 quod
2259 1359 2577 1430 corripitur.
2607 1359 2715 1416 Sed
2745 1361 3046 1416 vindictam.
3076 1360 3310 1417 Necesse
3342 1373 3427 1418 est

1820 1460 1882 1506 ut
1909 1452 2030 1523 quis
2061 1451 2304 1508 vindicet
2329 1467 2452 1508 eum
2472 1493 2488 1520 ,
2519 1452 2677 1522 cujus
2698 1468 2826 1524 erga
2851 1468 2912 1508 se
2936 1453 3104 1508 sentit
3131 1453 3384 1510 allectum
3412 1471 3427 1508 :

1820 1556 1875 1600 et
1907 1546 1958 1598 in
1989 1546 2229 1615 seipsum
2259 1545 2528 1613 vindicat,
2559 1546 2654 1616 qui
2686 1562 2745 1601 se
2774 1561 2940 1602 causa
2991 1545 3179 1601 delicti
3209 1545 3424 1616 afﬂigit.

1823 1635 1889 1692 In
1928 1639 2166 1694 omnibus
2196 1650 2364 1694 castos
2403 1655 2490 1695 vos
2517 1642 2823 1695 exhibuistis
2867 1657 2975 1695 esse
3011 1642 3066 1694 in
3095 1656 3156 1694 eo
3200 1641 3426 1712 negotio.

1820 1731 2050 1802 Quando
2105 1734 2289 1788 omnia
2345 1749 2466 1804 qua:
2525 1733 2593 1788 ad
2648 1732 2954 1804 profectum
3015 1735 3260 1788 melioris
3313 1735 3430 1805 spei

112 1827 180 1882 ad
210 1826 546 1882 desiderium
578 1826 792 1882 horum.
839 1826 1075 1881 Vestrum
1111 1827 1310 1898 ﬂetum.
1337 1825 1586 1898 Correpti
1615 1827 1723 1883 lle-
1752 1825 1800 1886 B
1827 1827 2134 1897 pertinent,
2167 1828 2415 1883 meditati
2446 1827 2733 1893 videntur,
2760 1828 2934 1883 zelum
2987 1829 3258 1884 habentes
3279 1828 3430 1900 Apo-

114 1921 264 1987 bant,
297 1919 552 1976 dolentes
588 1919 710 1990 quia
754 1928 1136 1991 peccaverunt,
1173 1935 1272 1974 nec
1309 1934 1572 1976 excusare
1615 1921 1716 1976 nisi

116 2023 273 2079 sunt;
290 2012 437 2070 unde
451 2014 746 2085 Apostolus
764 2013 1033 2084 gloriatur
1053 2012 1106 2068 in
1125 2013 1231 2068 his.
1262 2013 1490 2069 Vestram
1503 2015 1720 2069 cernula-

118 2112 306 2164 tionem
325 2125 422 2181 pro
445 2126 522 2164 me
538 2126 562 2174 ;
589 2109 945 2166 addiscentes
965 2111 1109 2166 enim
1132 2111 1452 2167 charilatem
1471 2110 1719 2182 Apostoli

118 2218 242 2277 erga
261 2220 342 2271 se,
361 2215 648 2275 coeperunt
668 2205 816 2260 illum
837 2204 1133 2261 defendere
1145 2213 1332 2260 contra
1354 2205 1715 2261 adversarios.

189 2295 372 2368 (Vers.
401 2295 483 2368 8.)
507 2296 595 2351 Ita
626 2306 683 2351 ut
714 2301 883 2370 magis
912 2298 1228 2367 gauderem;
1256 2299 1392 2353 unde
1417 2299 1511 2352 etsi
1533 2297 1724 2353 contri-

122 2391 250 2444 stari
275 2407 365 2446 vos
389 2391 446 2445 in
477 2391 716 2462 epistola,
750 2408 852 2446 non
880 2407 961 2446 me
1001 2393 1226 2463 paenitet.
1273 2391 1614 2448 Manifestum
1641 2399 1726 2446 est

124 2499 230 2541 non
270 2484 474 2542 debere
508 2487 756 2556 poeniteri
798 2502 863 2542 ex
907 2485 1007 2542 hac
1052 2502 1132 2554 re,
1165 2501 1324 2557 quam
1351 2496 1572 2542 secutus
1603 2485 1725 2541 talis

123 2580 345 2637 allectus
373 2591 486 2648 est;
511 2581 766 2654 quoniam
789 2580 1041 2638 severius
1070 2582 1120 2637 in
1150 2583 1320 2652 prima
1343 2582 1572 2652 epistola
1601 2595 1724 2636 cor-

127 2675 290 2747 ripuit
319 2692 541 2733 errores
571 2692 784 2733 eorum.
813 2674 957 2743 Non,
979 2676 1172 2747 inquit,
1200 2691 1286 2732 me
1316 2678 1544 2746 paenitet
1573 2690 1727 2747 aspe-

126 2769 237 2824 rius
267 2768 594 2840 scripsisse;
624 2770 750 2840 quia
780 2769 884 2825 ltoc
911 2785 1074 2825 causa
1105 2772 1372 2840 poposcit.

194 2860 368 2932 (Vcrs.
412 2861 497 2928 9.)
528 2873 549 2902 ο
579 2861 646 2915 Et
671 2863 717 2916 si
736 2863 1020 2934 paeniteret,
1039 2863 1186 2916 video
1207 2864 1345 2933 quod
1369 2861 1586 2932 epistola
1609 2862 1724 2929 illa,

127 2955 217 3009 etsi
244 2955 313 3008 ad
341 2957 530 3010 horam
557 2957 879 3011 contristavit
900 2973 1007 3021 vos,
1038 2973 1173 3010 nunc
1193 2958 1412 3029 gaudeo.
1440 2956 1551 3011 lloc
1573 2956 1726 3023 dicit,

129 3050 246 3120 quia
271 3049 317 3104 si
347 3066 432 3104 me
452 3051 734 3121 paeniteret,
757 3051 947 3121 inquit,
980 3062 1205 3122 propter
1227 3050 1578 3117 charitatcm;
1609 3051 1730 3118 quia

129 3160 211 3198 vos
248 3145 554 3200 contristavi
579 3187 593 3211 ,
625 3146 929 3201 consolatio
977 3145 1294 3201 succederet
1340 3146 1553 3216 gaudii;
1604 3144 1727 3216 quia

1821 1922 1947 1978 stoli
1961 1930 2018 1978 et
2031 1923 2387 1993 praeceptoris
2399 1924 2482 1979 sui
2501 1924 2554 1978 in
2571 1923 2824 1978 omnibus
2837 1922 3030 1979 officiis
3045 1925 3292 1980 humana:
3304 1939 3431 1980 con-

1823 2020 2150 2075 versationis
2166 2061 2182 2086 ,
2211 2029 2235 2055 °
2258 2019 2396 2076 duce
2413 2019 2520 2075 fide
2538 2062 2552 2086 ,
2575 2018 2776 2090 probos
2799 2034 2857 2074 se
2877 2019 3051 2074 videri
3072 2018 3434 2075 contendunt.

1897 2111 2096 2184 (Vers.
2133 2112 2218 2168 l2.
2247 2115 2263 2185 )
2298 2112 2472 2187 Igitur
2502 2123 2549 2168 et
2577 2114 2622 2168 si
2646 2113 2833 2184 scripsi
2863 2113 3036 2179 vobis,
3067 2127 3174 2166 non
3218 2122 3432 2182 prapter

1822 2224 1942 2263 eum
1989 2208 2076 2277 qui
2116 2208 2291 2275 inique
2340 2217 2575 2262 versatus
2621 2214 2714 2260 est.
2749 2203 2940 2274 Inique
2972 2213 3249 2259 versatum
3297 2203 3433 2258 dicit

1827 2302 2015 2370 illum,
2049 2301 2141 2372 qui
2175 2302 2441 2356 incestum
2473 2300 2815 2354 admiserat:
2851 2315 2950 2354 nec
2979 2313 3088 2354 non
3117 2299 3284 2354 etiam
3333 2298 3435 2352 hos

1829 2399 2029 2468 tangit,
2077 2412 2216 2467 quos
2257 2395 2453 2467 injuria
2497 2404 2553 2450 et
2595 2392 2816 2448 fraudes
2860 2392 3122 2448 fratribus
3170 2395 3222 2448 itt
3257 2395 3432 2464 prima

1829 2493 2060 2563 epistola
2105 2492 2300 2548 fecisse
2345 2491 2637 2563 signiﬁcat.
2675 2489 2783 2546 Sed
2821 2505 2982 2560 neque
3027 2498 3237 2560 propter
3282 2505 3431 2550 eum.

1827 2595 1913 2666 qui
1936 2595 2110 2666 inique
2136 2601 2385 2648 tractatus
2411 2600 2486 2646 est
2511 2595 2528 2661 (
2556 2591 2572 2644 I
2599 2587 2721 2644 Cor.
2754 2603 2841 2656 vt,
2868 2588 2962 2656 7).
2992 2586 3058 2643 Hi
3098 2586 3285 2658 inique
3321 2597 3432 2641 tra-

1830 2687 1963 2741 ctali
1997 2695 2160 2751 sunt;
2203 2684 2326 2756 quia
2373 2683 2633 2738 fratribus
2661 2681 2941 2737 contraria
2989 2680 3137 2750 passi
3160 2686 3310 2734 sunt.
3336 2677 3436 2734 Hic

1832 2795 2028 2836 sensus
2057 2790 2170 2846 est,
2203 2795 2365 2850 quem
2404 2778 2459 2833 in
2505 2779 2687 2847 capite
2729 2775 2982 2846 epistolae
3013 2779 3316 2838 memorat,
3345 2772 3435 2828 ubi

1832 2874 1966 2930 dicit
1991 2891 2004 2928 ε
2041 2874 2101 2929 Si
2124 2875 2206 2928 cui
2231 2872 2433 2943 aliquid
2461 2870 2726 2937 donastis,
2754 2879 2801 2924 et
2829 2886 2920 2942 ego
2952 2869 2971 2938 (
2995 2867 3040 2922 ll
3064 2865 3184 2921 Cor.
3209 2881 3270 2930 tt,
3305 2862 3436 2933 10).

1833 2968 2085 3026 Ostendit
2111 2969 2258 3024 enim
2291 2983 2398 3023 non
2437 2966 2610 3035 magis
2643 2964 2835 3020 horum
2886 2977 3051 3017 causa
3078 3005 3092 3028 ,
3122 2962 3214 3033 qui
3246 2975 3440 3032 pecea-

1835 3074 2068 3132 verunt,
2093 3065 2384 3134 scripsisse
2409 3077 2466 3118 se
2495 3059 2707 3117 remitti
2733 3060 2848 3114 illis
2875 3057 3077 3115 debere
3097 3099 3113 3122 ,
3148 3057 3243 3112 sed
3267 3057 3441 3128 magis

1836 3167 2059 3228 propter
2087 3156 2423 3220 Ecclesiam;
2458 3155 2583 3225 quia
2623 3153 2677 3208 in
2711 3169 2818 3208 uno
2859 3153 3003 3208 male
3041 3163 3237 3222 agente
3282 3151 3440 3206 multi

130 3237 327 3308 profuit
377 3237 527 3307 quod
573 3253 670 3293 vos
716 3239 1056 3293 contristari.
1113 3237 1236 3292 Non
1276 3239 1400 3309 quia
1443 3238 1731 3292 contristati

1845 3225 1996 3316 sunt,
2027 3250 2118 3320 qui
2147 3247 2590 3304 confundantur:
2621 3255 2675 3301 et
2715 3246 2770 3300 in
2801 3261 2908 3300 uno
2933 3245 3318 3299 contumeliam
3348 3253 3442 3299 aut

129 3332 276 3399 estis,
311 3330 412 3386 sed
443 3331 566 3402 quia
612 3331 900 3386 contristati
938 3332 1057 3386 estis
1086 3332 1157 3385 ad
1187 3332 1574 3404 paenitentiam;
1603 3349 1729 3386 con-

133 3425 318 3480 tristati
341 3426 486 3480 enim
515 3429 635 3480 estis
665 3425 944 3480 secundum
983 3425 1170 3479 Deum.
1215 3424 1423 3480 Idcirco
1457 3427 1616 3499 189
1642 3441 1733 3498 ga-

133 3519 300 3574 visum
351 3533 418 3573 se
448 3518 613 3585 dicit;
643 3518 769 3590 quia
809 3533 929 3573 cum
974 3519 1184 3590 pudore
1229 3517 1536 3573 contristati
1580 3531 1730 3587 sunt,

136 3627 235 3667 non
258 3628 385 3668 cum
413 3613 513 3668 ira.
535 3612 639 3681 Qui
661 3614 804 3668 enim
834 3611 1203 3683 reprehensus
1221 3613 1483 3683 pudorem
1510 3612 1730 3682 patitur,

134 3709 416 3779 corrigere
444 3723 502 3764 se
533 3707 800 3778 promittit
825 3725 838 3761 :
869 3707 958 3777 qui
1005 3722 1136 3762 vero
1178 3705 1454 3773 irascitur,
1487 3705 1732 3776 pejorem

135 3817 191 3858 se
207 3801 452 3858 futurum
475 3801 730 3857 ostendit.
758 3800 826 3856 Ut
847 3803 900 3854 in
920 3800 1062 3854 nullo
1090 3800 1450 3854 detrimentum
1469 3800 1736 3870 patiamini

137 3912 196 3950 ea:
223 3897 392 3951 nobis.
415 3894 481 3951 Ut
507 3897 707 3960 omnia,
729 3893 926 3966 inquit,
947 3900 1132 3948 nostra
1157 3891 1405 3948 eﬂectum
1427 3893 1657 3947 habeant
1681 3892 1736 3946 in

136 3991 284 4045 vobis
311 4032 323 4054 ,
357 3992 526 4045 etiam
554 3989 695 4060 quod
713 3986 1155 4043 contristavimus
1183 4001 1279 4041 vos
1299 4027 1313 4052 ,
1339 4002 1436 4057 pro
1453 3985 1606 4041 vobis
1632 3993 1736 4041 est.

205 4083 222 4153 (
247 4081 414 4139 Vers.
437 4082 525 4137 10.
553 4086 569 4153 )
603 4081 734 4149 Qua:
757 4081 892 4135 enim
915 4081 1194 4135 secundum
1220 4079 1380 4134 Deum
1403 4089 1475 4133 est
1505 4079 1737 4146 tristitia,

139 4177 493 4247 paenitentiam
521 4176 590 4229 ad
606 4176 825 4230 salutem
849 4173 1086 4228 stabilem
1104 4182 1367 4245 operatur.
1397 4172 1738 4227 Manifestum

137 4270 400 4341 estquod
430 4270 520 4340 qui
571 4268 738 4324 tristis
784 4277 899 4333 est,
947 4266 1071 4336 quia
1123 4266 1405 4336 peccavit,
1439 4265 1738 4320 secundum

145 4363 306 4418 Deum
351 4362 531 4418 tristis
573 4370 690 4427 est;
733 4361 880 4416 dolet
920 4358 1065 4414 enim
1117 4359 1240 4426 quia
1287 4357 1416 4414 fecit
1454 4358 1597 4429 quod
1629 4358 1746 4413 odit

147 4454 304 4510 Deus.
336 4455 455 4510 Hoc
496 4454 562 4508 ad
591 4453 946 4508 stabilitatem
983 4450 1176 4505 salutis
1221 4451 1476 4520 pertinet.
1512 4448 1746 4504 Tristitia

142 4559 309 4602 autem
328 4549 489 4616 hujus
509 4546 687 4600 mundi
705 4555 917 4600 mortem
940 4552 1204 4613 operatur.
1223 4541 1337 4597 Hoc
1357 4541 1511 4608 dicit,
1527 4542 1653 4612 quia
1670 4543 1746 4597 si-

143 4651 228 4698 cut
258 4642 561 4697 secundum
580 4641 748 4695 Deum
775 4637 990 4693 tristitia
1012 4637 1178 4692 vitam
1202 4643 1482 4706 operatur;
1509 4635 1742 4705 poenitet

143 4735 319 4804 enim,
371 4751 427 4790 et
457 4744 641 4804 sperat
671 4732 762 4788 Dei
817 4730 1251 4786 misericordiam
1280 4747 1293 4783 :
1323 4728 1396 4783 ita
1443 4729 1744 4785 secundum

149 4833 404 4888 mundum
421 4831 639 4886 tristitia
660 4838 892 4883 mortem
909 4835 1184 4896 operatur.
1201 4825 1456 4880 Detectus
1469 4823 1615 4878 enim
1632 4838 1750 4893 pec-

147 4938 296 4980 eator
310 4925 487 4980 tristis
500 4931 584 4978 est
599 4921 754 4993 quasi
772 4918 1095 4990 puniendus,
1116 4932 1222 4973 non
1243 4915 1490 4971 habensa
1510 4930 1617 4985 quo
1629 4930 1753 4986 spe-

1833 3344 2080 3400 fraudem
2113 3345 2354 3414 patiente
2377 3384 2392 3409 ,
2417 3342 2574 3398 multi
2593 3349 2723 3397 sunt
2740 3381 2756 3409 ,
2781 3341 2873 3409 qui
2901 3339 3248 3409 indignentur
3274 3355 3288 3403 ;
3315 3339 3441 3410 quia

1834 3439 1879 3492 si
1922 3437 2126 3508 patitur
2164 3435 2371 3506 aliquid
2423 3451 2590 3490 unum
2641 3434 2986 3498 membrum,
3034 3432 3443 3502 compatiuntur

1835 3529 2016 3584 omnia
2080 3529 2345 3584 membra.
2399 3527 2507 3583 Sed
2557 3535 2614 3580 ut
2665 3525 3092 3595 manifestaretur
3143 3524 3441 3579 sollicitudo

1836 3634 2015 3679 nostra
2034 3667 2048 3690 ,
2079 3639 2235 3692 quam
2264 3638 2358 3692 pro
2386 3622 2526 3676 vobis
2555 3619 2803 3675 habemus
2840 3634 3016 3672 coram
3055 3616 3187 3671 Deo.
3225 3616 3436 3671 Eruen-

1839 3717 2021 3772 dando
2048 3716 2304 3787 injustos,
2326 3723 2382 3769 et
2419 3714 2654 3784 pollutos
2671 3710 3086 3774 sanctificando,
3113 3719 3170 3766 et
3185 3708 3444 3765 Ecclesia:

1839 3807 2245 3865 reconciliando
2263 3849 2278 3874 ,
2309 3805 2477 3861 totius
2499 3804 2686 3876 papnli
2709 3803 3134 3859 sollicitudinem
3157 3816 3218 3857 se
3242 3800 3444 3856 habere

1840 3904 2210 3968 demonstrat,
2242 3900 2542 3957 secundum
2569 3899 2712 3969 quod
2746 3912 2906 3967 supra
2935 3895 3257 3952 memoravi.

1913 3995 2115 4068 (Vers.
2177 3995 2314 4064 l5.)
2371 3991 2498 4047 Ideo
2559 4001 2607 4046 et
2675 3990 3077 4045 consolationem
3130 3987 3444 4056 accepimus.

1842 4091 2138 4160 Accepisse
2163 4105 2224 4145 se
2241 4131 2255 4154 ,
2281 4104 2346 4144 ac
2369 4104 2464 4158 per
2487 4086 2593 4142 hoc
2614 4094 2670 4142 et
2694 4085 2826 4141 dare
2843 4083 3446 4141 dicitconsolationem.

1843 4183 2075 4254 Accepit
2119 4191 2335 4246 autem,
2385 4179 2403 4218 τ
2438 4195 2562 4236 cum
2607 4179 2802 4235 didicit
2841 4180 3117 4250 corrigere
3162 4194 3224 4234 se
3267 4176 3450 4242 velle,

1845 4292 1984 4350 quos
2014 4275 2311 4347 arguebat,
2346 4283 2405 4329 ut
2434 4289 2536 4346 per
2565 4273 2940 4344 paenitentiam
2971 4287 3031 4326 se
3051 4270 3450 4328 reformarent:

1848 4372 1942 4427 dat
1969 4379 2184 4437 autem,
2221 4369 2350 4424 dum
2383 4383 2479 4423 eos
2512 4379 2734 4422 revocat
2773 4366 2839 4421 ad
2885 4365 3184 4421 Ecclesium
3211 4381 3224 4429 ;
3261 4379 3328 4419 ne
3357 4364 3450 4418 diu

1849 4461 2162 4519 contristati
2211 4461 2571 4530 desperarent
2610 4459 2680 4514 de
2729 4474 2788 4514 se
2815 4500 2829 4523 ,
2871 4468 2926 4512 et
2967 4456 3035 4511 ad
3084 4456 3354 4526 publicam
3401 4465 3459 4512 et

1850 4555 2119 4611 funestam
2160 4555 2325 4608 vitam
2367 4553 2726 4608 declinarent.
2777 4549 2843 4605 In
2893 4549 3247 4605 consolatione
3285 4559 3460 4605 autem

1852 4659 2029 4704 nostra
2048 4689 2063 4714 ,
2106 4648 2272 4718 magis
2299 4647 2562 4717 magisque
2591 4653 2616 4691 κ
2645 4643 2812 4715 gavisi
2851 4659 3028 4697 sumus
3075 4660 3235 4716 super
3265 4642 3462 4716 gaudio

1858 4741 1999 4807 Titi;
2041 4741 2162 4812 quia
2203 4739 2450 4810 requievit
2493 4737 2709 4809 spiritus
2758 4739 2872 4810 ejus
2912 4737 2965 4790 in
3011 4738 3250 4791 omnibus
3293 4737 3460 4792 vobis.

1856 4833 2154 4906 Correptos
2194 4847 2290 4904 per
2336 4832 2566 4902 primam
2611 4829 2898 4900 epistolam
2945 4829 3176 4885 audiens
3220 4843 3280 4884 se
3321 4828 3462 4884 velle

1863 4931 2166 4999 corrigere,
2200 4927 2634 4983 consolationem
2660 4924 2891 4995 accepit.
2923 4923 2972 4980 Α
3002 4925 3127 4979 Tito
3148 4933 3330 4980 autem
3362 4925 3464 4978 ad-

148 5029 231 5075 ret
247 5017 684 5077 misericordiam
709 5033 722 5070 :
742 5025 796 5071 et
816 5014 861 5069 si
880 5013 1020 5069 forte
1043 5013 1108 5069 ad
1128 5027 1371 5085 praesens
1387 5011 1643 5076 defuerit,
1662 5010 1756 5083 qui

151 5113 427 5182 vindicet;
464 5113 556 5168 Dei
581 5121 764 5167 tamen
795 5107 1060 5179 judicium
1087 5107 1318 5162 evadere
1348 5120 1456 5161 non
1493 5105 1716 5175 poterit.

1864 5025 2083 5081 discens
2108 5023 2235 5093 quia
2263 5021 2507 5075 dolorem
2536 5027 2858 5091 paterentur
2886 5019 3093 5073 erroris
3124 5019 3241 5081 sui,
3275 5027 3466 5070 auctus

1866 5128 1951 5177 est
1979 5119 2032 5174 in
2060 5113 2431 5172 consolatione
2451 5155 2468 5182 ,
2498 5113 2698 5184 gaudio
2727 5112 3012 5184 repletus;
3060 5111 3185 5180 quia
3212 5108 3469 5163 voluntas

1865 5261 1950 5333 qui
1975 5261 2243 5333 correptus
2263 5247 2698 5333 conﬁctam-Sed
2721 5249 3109 5333 timoremacttf-

1939 5341 1963 5367 ε
2008 5320 2153 5382 Idem
2183 5323 2307 5379 cod.
2329 5321 2522 5387 Corb.,
2544 5320 2724 5374 ducem
2746 5320 2893 5388 ﬁdei,
2937 5323 3090 5387 prout
3120 5321 3351 5385 possent,
3395 5320 3476 5369 vi-

1874 5404 1994 5457 dere
2021 5397 2359 5453 contendunt.

1952 5472 1970 5510 τ
2019 5471 2223 5526 Omnes
2253 5466 2384 5521 edit.
2417 5473 2474 5521 et
2501 5476 2633 5517 mss.
2661 5456 2929 5521 nonnulli,
2983 5471 3100 5508 cum
3145 5456 3270 5510 dicit
3314 5459 3481 5513 corri-

1881 5561 2000 5617 gere
2035 5541 2200 5604 velle;
2228 5538 2414 5601 Rom.,
2440 5551 2493 5588 se
2513 5532 2661 5614 velle.
2694 5528 3126 5617 qu_osarguel1_at;
3160 5527 3478 5617 chthrh.

1881 5601 2004 5672 dicit
2059 5601 2283 5665 cumcos
2307 5627 2360 5662 se
2380 5603 2659 5660 correxisse
2675 5615 2802 5669 quos
2828 5608 3070 5667 arguerat
3101 5615 3120 5653 :
3149 5601 3343 5672 reliqui
3367 5617 3482 5658 me-

1883 5689 2016 5753 lius,
2049 5701 2166 5739 cum
2197 5679 2401 5753 didicit,
2424 5686 2532 5753 etc.
2694 5741 2705 5753 .
2743 5739 2775 5753 Δ.
3351 5734 3362 5739 η

1958 5741 2183 5810 sr'Rom.
2208 5751 2341 5806 edit.
2375 5741 2564 5816 gaudio
2595 5741 2794 5812 repleti,
2818 5756 2996 5798 sumus
3040 5758 3197 5813 super
3243 5743 3487 5797 consola-

1891 5831 2030 5883 tione
2056 5821 2177 5878 Titi.

221 5283 248 5311 ⁸
289 5272 545 5328 Nonnulli
573 5286 708 5326 mss.
732 5309 748 5335 ,
779 5267 1138 5322 conversiones
1169 5280 1343 5318 eorum
1377 5274 1620 5334 prompta
1657 5279 1745 5319 uo-

155 5347 384 5410 luntate;
415 5345 612 5413 aliqui,
641 5350 930 5413 promptam
961 5337 1295 5413 voluntatem.

227 5415 254 5455 δ
295 5405 462 5472 ladem
486 5405 651 5475 mss..."
669 5405 936 5478 Quantum
962 5407 1202 5474 aﬁ'ectum
1225 5423 1279 5461 se
1300 5405 1485 5460 habere
1507 5408 1649 5460 circa
1671 5422 1757 5462 eos

161 5488 386 5542 ostendit
417 5484 733 5555 Apostolus}

235 5570 256 5598 ε
301 5548 651 5616 Βυιηξειιίιη
684 5554 796 5608 Etsi
825 5552 1176 5624 paenituisset,
1204 5549 1380 5624 videns
1407 5549 1613 5624 quod...
1647 5548 1766 5604 Hoc

165 5630 288 5684 dicit
319 5647 338 5684 :
372 5628 482 5682 Etsi
515 5622 856 5697 ptrnituissct,
889 5634 1119 5697 propter,
1143 5623 1484 5697 charitatem;
1515 5622 1637 5692 quia
1682 5637 1773 5697 vos

166 5692 524 5764 contristavi,
556 5714 694 5751 nunc
746 5692 989 5767 gaudeo;
1033 5695 1153 5763 quia
1211 5692 1496 5747 consolatio
1545 5692 1777 5748 succedit

171 5775 657 5912 "'iﬁdiiiimmn,
685 5838 789 5889 Sed
835 5835 1261 5907 indignationem.
1310 5832 1432 5888 Non
1474 5835 1777 5902 indignatur
