3978 6310
610 309 715 366 307

1536 296 1631 359 AD
1658 300 1889 359 OPERA
1931 296 2179 359 SANCTI
2217 300 2541 361 AMBROSII
2585 296 2950 359 APPENDIX.
3772 303 3843 358 503

602 440 790 480 eorum
822 426 873 479 in
901 430 1064 496 ορατ-ε
1092 428 1332 492 coeperat
1363 420 1688 489 approbari,
1714 418 1844 475 Tito
1863 417 1966 475 hoc
1993 418 2197 476 idoneo
2224 429 2274 489 Α
2303 429 2418 475 toto
2439 419 2605 475 corde
2629 420 2745 476 Deo
2762 436 2817 473 se
2846 420 3126 477 dederant.
3148 419 3381 489 amplius
3401 418 3649 472 volebant
3668 418 3840 480 edem,

604 526 741 574 teste
770 532 887 571 cum
918 517 1099 571 iretitia
1126 515 1293 569 animi
1321 513 1621 569 referente.

673 610 871 681 (Vers.
916 609 1052 678 M.)
1088 606 1350 676 Quoniam
1391 608 1445 661 in
1488 606 1899 677 quibuscumque
1946 606 2010 659 de
2057 603 2198 659 vobis

596 705 848 776 gloriatus
866 718 1016 767 sunt,
1045 717 1149 756 non
1169 718 1281 757 sum
1304 701 1573 771 confusus.
1607 702 1912 772 Antequam
1946 706 2199 771 pergeret

600 797 751 853 Titus
798 798 863 853 ad
917 797 1266 864 Corinthios,
1319 798 1525 852 audivit
1577 797 1647 851 ab
1692 797 1803 863 eis,
1854 795 1908 851 id
1960 806 2075 860 est,
2128 794 2199 850 ab

595 889 892 960 Apostolo,
936 898 992 945 et
1018 891 1111 961 qui
1143 898 1301 945 erant
1336 904 1459 944 cum
1488 904 1588 954 eo,
1620 890 1818 945 bonam
1864 890 2195 944 voluntatem

592 999 713 1041 esse
740 983 1151 1040 Corinthiorum
1184 985 1239 1039 in
1268 984 1624 1040 emendandis
1654 985 1797 1039 vitiis
1822 1001 1835 1049 ;
1864 1000 1928 1039 ac
1959 999 2055 1055 per
2092 984 2197 1039 hoc

593 1092 842 1148 regresso
866 1118 878 1142 ,
907 1086 963 1132 et
1006 1080 1197 1132 eadem
1232 1079 1532 1143 referente,
1569 1094 1676 1132 non
1720 1079 1906 1148 utique
1936 1081 2196 1132 contusus

593 1182 671 1226 est
707 1172 1029 1242 Apostolus,
1064 1172 1161 1227 sed
1192 1174 1377 1228 alacer
1406 1172 1578 1226 factus
1606 1181 1724 1237 est;
1754 1172 1878 1241 quia
1905 1185 2009 1225 non
2035 1170 2195 1225 aliter

594 1268 878 1322 invenerat
902 1265 1089 1333 Titus,
1121 1283 1281 1336 quam
1311 1266 1556 1321 audierat
1579 1267 1647 1321 ah
1674 1266 1775 1321 eis.

667 1360 775 1415 Sed
803 1359 1239 1432 quemadmodum
1285 1363 1456 1414 omnia
1494 1359 1636 1414 vobis
1676 1361 1731 1414 in
1775 1361 1986 1415 veritate
2034 1360 2196 1414 locuti

589 1470 765 1507 sumus
788 1497 801 1516 ,
828 1455 902 1508 ita
924 1463 971 1507 et
994 1453 1235 1524 gloriatio
1261 1462 1436 1508 nostra
1462 1454 1603 1523 apud
1634 1452 1805 1508 Titum
1829 1454 2018 1507 veritas
2055 1453 2195 1523 facta

590 1559 682 1602 est.
731 1546 1025 1603 Exsultans
1060 1549 1110 1602 in
1143 1548 1339 1617 spiritu
1376 1547 1490 1601 haec
1522 1548 1716 1603 scribit
1754 1548 2081 1615 Apostolus,
2114 1548 2193 1602 sic

586 1641 829 1713 gaudens
884 1644 936 1697 in
994 1642 1119 1708 his;
1168 1652 1227 1697 ut
1275 1641 1575 1697 efﬁcaciam
1620 1657 1809 1698 eorum
1852 1652 1958 1697 tam
2007 1656 2191 1696 veram

589 1739 816 1805 probet,
859 1752 1021 1808 quam
1053 1748 1136 1792 est
1167 1746 1218 1792 et
1250 1737 1561 1807 prtedicatio
1588 1737 1704 1807 ejus
1742 1738 1900 1810 190
1930 1747 1955 1775 ο
1985 1737 2048 1792 ad
2096 1751 2191 1792 eos

2300 529 2462 585 quam
2489 527 2676 568 eorum
2711 515 2854 568 vires
2886 512 3268 568 admittebant.

2373 608 2392 679 (
2418 607 2576 663 Vers.
2606 606 2660 660 4.
2684 606 2705 677 )
2738 606 2869 661 Cum
2899 608 3077 661 multis
3121 608 3359 677 precibus
3386 614 3598 661 orantes
3624 607 3786 674 suscipi
3808 610 3842 663 is

2298 703 2521 771 gratiam
2544 710 2588 755 et
2608 703 3017 757 communionem
3038 702 3315 758 ministerii
3335 744 3348 767 ,
3369 702 3511 771 quod
3526 701 3586 770 ﬁt
3602 702 3652 753 in
3671 713 3841 758 scuta.

2298 800 2430 856 Tum
2487 800 2802 869 simpliciter
2850 812 2901 855 et
2954 800 3157 856 devoto
3220 800 3402 854 animo
3464 796 3721 853 obtulisse
3757 799 3846 855 illos

2300 895 2664 950 ministerium
2686 937 2699 959 ,
2724 893 2866 965 quod
2891 894 3030 949 ultra
3055 894 3199 949 vires
3220 909 3411 950 eorum
3434 900 3563 948 erat
3583 934 3596 958 ,
3616 890 3844 961 pradicet;

2300 997 2357 1043 ut
2400 1005 2521 1042 cum
2574 988 2828 1059 lacrymis
2862 987 3223 1058 deprecantes
3251 986 3558 1053 offerrent,
3604 998 3658 1039 ut
3691 985 3765 1040 vel
3793 989 3845 1041 sit

2296 1090 2560 1154 cogerent
2605 1081 2776 1154 accipi
2808 1097 2837 1136 a
2869 1098 2928 1137 se
2950 1126 2963 1149 ,
3008 1082 3153 1152 quod
3184 1081 3572 1150 accipiendum
3615 1094 3712 1134 non
3738 1080 3845 1135 vide-

2298 1175 2485 1229 batur:
2508 1174 2632 1245 quia
2652 1174 2775 1245 plus
2792 1183 2931 1237 erat,
2948 1188 3108 1244 quam
3127 1181 3341 1242 poterat
3358 1186 3556 1227 eorum
3572 1170 3844 1237 substantia;

2298 1285 2366 1324 ne
2395 1268 2535 1325 forte
2559 1270 2638 1325 eis
2668 1279 2854 1339 postea
2888 1278 3102 1338 egestas
3140 1267 3271 1323 boni
3307 1267 3499 1335 operis
3528 1265 3845 1338 ptenitentisat

2298 1362 2567 1418 suaderet.
2619 1361 2727 1417 Sed
2760 1363 2884 1431 quia
2932 1361 3072 1416 tales
3116 1374 3177 1415 se
3223 1360 3621 1425 ostenderunt,
3670 1367 3721 1413 ut
3753 1370 3845 1427 puro

2295 1457 2477 1511 animo
2503 1454 2612 1525 jam
2662 1454 2954 1525 prmsentia
2999 1461 3433 1524 postponentes,
3473 1451 3667 1506 futuris
3691 1465 3846 1520 sepra-

2298 1550 2651 1605 missionibus
2683 1548 3021 1605 conﬁdentia
3044 1549 3169 1603 ﬁdei
3194 1546 3621 1612 conﬁrmarent,
3644 1544 3845 1615 aeeqiish

2295 1647 2377 1702 eis
2395 1646 2571 1701 visum
2585 1653 2703 1709 est;
2733 1659 2801 1699 ne
2818 1643 2943 1698 boni
2968 1642 3154 1699 cordis
3178 1644 3352 1711 gratia
3380 1642 3624 1697 fructum
3639 1641 3844 1694 mitteret.

2367 1738 2386 1813 (
2414 1738 2569 1793 Vers.
2601 1737 2653 1791 5.
2680 1738 2698 1807 )
2722 1734 2787 1789 Et
2813 1752 2915 1789 non
2934 1746 2989 1789 ut
3013 1737 3334 1803 speravimus
3356 1751 3375 1800 ;
3397 1736 3527 1804 quin
3555 1734 3702 1788 immo
3720 1741 3846 1787 semet-

590 1834 640 1884 in
672 1830 1019 1901 Correptione
1064 1832 1363 1885 dumtaxat.
1396 1831 1611 1886 Veritas
1642 1831 1786 1887 enim
1832 1832 2111 1902 arguentis
2138 1832 2189 1886 in
2227 1836 2268 1895 Β
2296 1837 2437 1901 ipsos
2464 1833 2691 1903 priurum
2718 1829 2972 1884 dederunt
2998 1828 3109 1883 Deo
3128 1873 3142 1895 ,
3171 1830 3362 1883 deinde
3388 1829 3541 1883 nobis
3568 1843 3654 1898 per
3670 1827 3846 1880 uolunte.

587 1939 650 1977 eo
670 1922 789 1993 ipso
820 1932 948 1977 tunc
978 1923 1190 1977 videtur
1218 1938 1342 1979 esse
1367 1923 1650 1979 manifesta
1676 1966 1690 1989 ,
1716 1924 1759 1978 si
1792 1924 1825 1977 ii
1849 1923 1939 1993 qui
1958 1939 2193 1992 arguun-

588 2026 710 2077 tur,
747 2017 1011 2085 incipiant
1034 2016 1331 2071 emendare
1354 2029 1453 2082 se;
1488 2016 1616 2071 dum
1648 2017 1794 2072 enim
1827 2015 2069 2085 correpti
2092 2017 2192 2069 im-

590 2116 899 2173 mutantur,
935 2109 1311 2163 testimonium
1342 2108 1633 2178 perhibent
1660 2110 1932 2179 arguenti.

660 2202 680 2273 (
710 2200 863 2256 Vers.
899 2200 985 2256 15.
1014 2202 1028 2272 )
1064 2201 1129 2254 Ει
1155 2203 1351 2256 viscera
1395 2202 1538 2256 illius
1579 2202 1930 2257 abundantius
1971 2204 2025 2256 in
2052 2202 2189 2259 vobis

587 2306 727 2352 sunt.
754 2296 1009 2351 Animum
1040 2307 1092 2350 et
1123 2296 1379 2351 allectum
1407 2296 1516 2351 Titi
1538 2297 1669 2351 dicit
1694 2311 1815 2351 esse
1843 2297 1895 2349 in
1918 2297 2001 2351 eis
2024 2312 2037 2361 ;
2062 2295 2187 2365 quia

583 2388 720 2442 vidit
747 2388 1044 2456 profectum
1071 2390 1283 2444 illorum
1312 2389 1525 2451 ;sancti
1554 2391 1699 2444 enim
1724 2390 1938 2444 animus
1963 2390 2014 2443 in
2037 2386 2187 2442 omni

586 2484 726 2537 bono
757 2486 862 2537 est.
907 2484 1301 2538 Ileminlscentis
1342 2487 1571 2537 omnium
1617 2490 1769 2538 vestri
1810 2482 2185 2547 obedientiam,

583 2576 837 2640 quomodo
851 2592 967 2629 cum
993 2580 1173 2630 timore
1192 2568 1240 2630 et
1264 2588 1486 2630 tremore
1505 2576 1779 2641 excepistis
1801 2576 1971 2629 illum.
1995 2576 2179 2631 Scien-

583 2675 665 2720 tes
685 2666 954 2721 Corinthii
984 2668 1051 2723 ab
1102 2668 1365 2737 .‘tpnstnlo
1389 2682 1509 2721 esse
1533 2668 1757 2721 missum
1788 2668 1969 2720 'l‘itum
1994 2666 2058 2720 ad
2092 2682 2183 2735 se,

582 2761 671 2829 qui
693 2761 743 2813 in
766 2765 931 2815 tantis
951 2761 1097 2816 vitiis
1115 2762 1181 2816 ab
1202 2761 1441 2832 ipsojatn
1474 2762 1688 2817 fuerant
1706 2763 1945 2831 correpti
1968 2805 1980 2824 .
2010 2763 2184 2817 territi

582 2863 713 2907 sunt
744 2854 797 2906 in
835 2853 1073 2909 adventu
1102 2854 1241 2924 ejus.
1273 2855 1337 2909 Et
1366 2857 1487 2921 quia
1520 2857 1685 2910 vitam
1719 2872 1874 2909 suam
1904 2864 2186 2926 coeperant

582 2948 908 3011 emendare,
940 2950 1162 3002 solliciti
1204 2960 1357 3003 erant
1394 2951 1658 3005 obaudire
1698 2951 1985 3020 pra-captis
2022 2953 2180 3021 ejus;

582 3050 639 3095 ut
666 3056 979 3109 regressus,
1025 3041 1265 3095 animum
1301 3041 1547 3111 Apostoli
1593 3044 1870 3111 mitigaret
1898 3045 2017 3097 eis:
2050 3058 2183 3111 qua-

580 3134 821 3189 mobrem
874 3134 1053 3189 Titum
1111 3135 1361 3191 laudasse
1419 3134 1723 3206 significat,
1781 3152 1901 3191 nam
1957 3140 2013 3192 in
2059 3137 2181 3193 Tito

579 3228 899 3299 Apostolum
932 3230 1153 3284 reveriti
1185 3240 1332 3284 sunt.

648 3322 851 3395 (Vera.
903 3322 1028 3394 16.)
1076 3323 1291 3379 Gaudeo
1330 3324 1469 3395 quod
1509 3326 1561 3379 in
1604 3326 1838 3380 omnibus
1878 3327 2084 3396 confido
2123 3328 2177 3380 in

574 3417 735 3469 vobis.
784 3414 896 3469 Νοη
942 3417 1115 3470 solum
1151 3416 1200 3471 ltt
1234 3418 1370 3472 bona
1411 3418 1693 3473 voluntate
1740 3436 1928 3473 eorum
1963 3420 2177 3475 lzctatus

570 3521 687 3573 est,
722 3509 814 3563 sed
846 3518 905 3564 et
954 3510 1004 3563 in
1036 3511 1299 3579 operibus
1343 3513 1530 3571 bonis.
1564 3513 1762 3583 quibus
1808 3530 1930 3583 qum
1977 3529 2175 3583 pecca-

572 3611 791 3666 verant,
841 3604 1229 3659 etnendabant.
1296 3604 1459 3671 Iden,
1526 3607 1579 3658 in
1629 3608 1896 3669 omnibus,
1957 3608 2171 3678 inquit,

572 3698 779 3767 conﬁdo
799 3700 852 3753 in
881 3698 1042 3753 vobis.

1170 3791 1403 3852 CAPUT
1437 3794 1569 3851 VIII.

641 3892 657 3959 (
690 3888 845 3943 Vers.
877 3889 931 3953 1,
962 3888 1018 3942 ἓ.
1045 3890 1061 3956 )
1096 3888 1293 3944 Notam
1319 3899 1493 3944 autem
1515 3890 1654 3945 vobis
1679 3891 1929 3960 facimus,
1955 3893 2165 3961 fratres,

562 3983 781 4050 gratiam
810 3980 923 4043 Dei,
949 3999 1061 4051 qua:
1081 3984 1203 4037 data
1224 3994 1295 4037 est
1317 3985 1371 4038 in
1397 3982 1641 4040 Ecclesiis
1664 3985 2006 4050 Macedonica,
2030 3987 2169 4050 quod

562 4072 617 4124 in
660 4072 826 4125 multa
864 4073 1163 4142 probatione
1189 4090 1449 4145 pressura:
1478 4078 1707 4131 abundat
1749 4078 1997 4147 gaudium
2029 4079 2167 4149 ipso-

565 4181 702 4219 rum.
732 4166 997 4234 Quoniam
1025 4167 1349 4223 Macedones
1372 4170 1571 4223 devoto
1595 4172 1778 4224 animo
1802 4182 2166 4241 perceperunt

565 4260 791 4315 verbum
824 4260 981 4327 ﬁdei,
1013 4261 1218 4316 idcirco
1244 4263 1325 4317 eis
1351 4262 1576 4332 gratiam
1600 4264 1781 4319 datam
1804 4280 1832 4318 a
1854 4266 1966 4321 Deo
1992 4264 2159 4331 dicit;

562 4359 623 4407 ut
650 4353 702 4406 in
731 4352 1084 4408 tribulatione
1119 4354 1270 4408 Pauli
1301 4366 1355 4410 et
1394 4354 1523 4411 Silre
1549 4398 1561 4421 ,
1588 4373 1748 4426 quam
1779 4372 1939 4427 supra
1986 4357 2157 4427 (Cap.

561 4445 614 4509 7,
645 4454 779 4498 vers.
820 4444 890 4513 li)
924 4446 1254 4511 memoravi,
1295 4446 1612 4501 scandalum
1658 4462 1765 4501 non
1800 4455 2116 4516 paterentur
2145 4465 2158 4502 :

556 4540 654 4597 sed
682 4541 738 4595 in
761 4540 1128 4596 essnltatione
1156 4541 1355 4596 tuentis
1381 4541 1697 4611 accipereut
1722 4542 2061 4597 conﬁdentes
2089 4541 2159 4598 de

2294 1938 2393 1983 tem
2444 1925 2565 1981 Dei.
2618 1925 2861 1990 Idcirco,
2912 1926 3110 1995 inquit,
3147 1935 3169 1963 ε
3215 1925 3281 1980 ab
3326 1924 3414 1980 his
3465 1922 3638 1993 accipi
3673 1921 3842 1985 debuit;

2292 2021 2419 2091 quia
2450 2021 2603 2089 prius
2624 2018 2981 2074 emendantes
3010 2033 3228 2074 errores
3256 2018 3529 2089 pristinos
3559 2026 3615 2073 et
3635 2017 3742 2070 vine
3758 2015 3842 2068 ritis

2293 2131 2355 2170 ac
2404 2129 2654 2180 morum,
2704 2114 2847 2168 ultra
2891 2127 3053 2183 quam
3096 2113 3461 2184 sperabatur.
3500 2113 3616 2168 Deo
3653 2125 3708 2167 se
3728 2111 3842 2165 devo-

2291 2216 2503 2264 verunt.
2538 2208 2727 2262 Visum
2765 2216 2849 2262 est
2888 2208 3035 2261 enim
3068 2206 3393 2276 simpliciter
3420 2206 3555 2260 illos
3580 2206 3676 2261 hoc
3700 2219 3839 2274 agere,

2292 2311 2348 2357 ut
2373 2314 2473 2358 nec
2502 2303 2719 2357 timeret
2743 2344 2757 2367 ,
2789 2305 2877 2356 cui
2909 2299 3272 2365 oﬁerebatur,
3306 2301 3604 2369 accipere;
3629 2299 3736 2370 quia
3769 2312 3838 2351 non

2290 2396 2477 2465 utique
2506 2394 2609 2450 hoc
2640 2395 2823 2449 animo
2854 2393 3161 2450 offerebant
3187 2436 3200 2456 ,
3232 2404 3291 2447 ut
3315 2394 3655 2451 redimentes
3682 2407 3838 2463 pra-pe

2287 2489 2425 2543 sitos
2463 2500 2621 2553 suos,
2655 2487 2783 2541 vitia
2822 2502 3013 2542 eorum
3048 2497 3402 2556 paterentur,
3431 2502 3543 2544 nec
3571 2495 3835 2558 arguerent;

2288 2582 2411 2652 quia
2458 2596 2684 2636 munera
2717 2590 2997 2637 excaecant
3026 2580 3253 2645 oculos,
3299 2590 3355 2634 et
3397 2582 3514 2635 vim
3564 2579 3833 2635 auctoritatis

2287 2674 2567 2729 inclinant.
2600 2673 2804 2729 Dantes
2831 2688 2965 2743 ergo
2985 2687 3047 2727 se
3078 2674 3189 2727 Deo
3210 2716 3224 2740 ,
3251 2673 3383 2728 dum
3405 2675 3692 2730 emendant
3713 2674 3833 2727 vitia:

2286 2764 2485 2819 deinde
2517 2764 2806 2825 fratribus,
2832 2764 2959 2818 dum
2990 2762 3229 2818 oﬂ'erunt
3253 2775 3548 2834 sumptus;
3580 2762 3830 2821 contristari

2284 2857 2627 2921 debuerunt,
2652 2856 2744 2927 qui
2767 2865 2896 2912 ante
2919 2871 3091 2925 prope
3111 2872 3273 2926 quam
3296 2857 3643 2927 inciperent,
3665 2856 3829 2927 perfecti

2283 2967 2406 3009 esse
2436 2950 2743 3006 voluerunt.
2774 2949 2978 3005 Horum
3007 2951 3173 3019 igitur
3194 2952 3453 3019 exemplo
3480 2953 3663 3007 invitat
3687 2950 3829 3005 Caria.

2282 3042 2458 3104 thios,
2488 3052 2547 3096 ut
2567 3056 2629 3096 ea
2658 3055 2781 3111 quae
2806 3050 3124 3110 coeperant,
3161 3040 3260 3095 hac
3292 3041 3675 3098 exhortatione
3698 3041 3825 3104 socii,

2283 3144 2470 3192 mente
2506 3134 2694 3190 sedula
2720 3143 3194 3189 consummarent.

2207 3224 2253 3289 C
2354 3228 2375 3299 (
2400 3227 2559 3282 Vere.
2592 3226 2647 3281 6.
2676 3226 2695 3297 )
2728 3224 2815 3281 Ita
2839 3236 2895 3280 ut
2916 3241 3217 3298 rogaremus
3246 3226 3425 3282 Titum
3446 3270 3462 3295 ,
3485 3230 3625 3300 quod
3642 3226 3828 3299 quemd-

2280 3323 2490 3376 ntodum
2538 3320 2718 3393 erepit,
2781 3322 2859 3375 ita
2914 3331 3183 3374 consumet
3239 3321 3295 3375 in
3334 3339 3423 3377 vos
3463 3324 3624 3377 etiam
3661 3322 3823 3394 gratia

2278 3416 2453 3471 istaut.
2484 3414 2751 3484 Quoniam
2780 3413 2887 3468 Titi
2919 3413 3173 3469 affectum
3204 3415 3414 3472 sciebat
3435 3418 3703 3473 sincerum
3722 3416 3822 3470 circa

2281 3509 2446 3573 istos,
2483 3524 2584 3565 nec
2618 3524 2724 3564 non
2759 3510 2857 3563 bos
2880 3509 3201 3565 obedientes
3225 3512 3314 3577 ei;
3348 3511 3556 3568 ideirco
3589 3528 3677 3582 per
3699 3513 3820 3583 ipsum

2274 3604 2441 3658 etiam
2494 3604 2560 3658 ad
2614 3604 2717 3658 hoc
2770 3618 2909 3673 opus
2962 3603 3240 3660 exhortari
3296 3604 3423 3659 illos
3470 3606 3677 3661 facilius
3710 3615 3821 3674 posse

2275 3694 2549 3765 signiﬁcat
2574 3711 2587 3759 ;
2610 3702 2670 3750 ut
2688 3695 2962 3764 quomodo
2986 3696 3038 3749 in
3056 3697 3275 3752 creteris
3293 3696 3461 3754 rebus
3475 3697 3819 3756 exhortationis

2272 3802 2389 3844 sum
2441 3786 2635 3845 habuit
2681 3788 2917 3845 fructum
2966 3790 3021 3843 in
3053 3792 3166 3857 eis,
3212 3790 3440 3848 haberet
3477 3794 3714 3850 etiamin
3751 3791 3816 3845 inc

2269 3881 2487 3953 gratia;
2523 3890 2580 3936 ut
2608 3881 2676 3937 ad
2702 3882 3066 3937 ministerium
3101 3893 3417 3941 sanctorum
3465 3897 3728 3959 promptos
3751 3898 3815 3939 eos

2271 3976 2472 4033 faceret
2498 3993 2511 4030 :
2545 3984 2603 4029 ut
2626 3975 2757 4045 quia
2781 3975 2893 4045 jam
2920 3975 3052 4032 vitia
3091 3976 3457 4034 emendabunt
3477 4022 3494 4046 ,
3526 3980 3681 4049 hujus
3701 3974 3816 4046 largi-

2270 4068 2396 4123 tatis
2423 4067 2660 4124 fructum
2707 4067 2997 4125 haberent.
3040 4069 3144 4137 Qui
3176 4070 3323 4126 etaim
3349 4071 3417 4131 ad
3458 4072 3562 4129 hoc
3592 4072 3735 4137 dant,
3770 4084 3813 4122 ne

2266 4170 2593 4231 arguantur,
2628 4160 2833 4216 nullum
2863 4160 3095 4217 fructum
3128 4164 3288 4234 hujus
3315 4166 3391 4219 rei
3424 4164 3710 4222 habebunt.

2343 4256 2496 4327 191
2541 4254 2746 4325 (Vere.
2798 4254 2899 4327 7.)
2959 4254 3063 4309 Vos
3112 4266 3282 4310 autem
3328 4260 3741 4329 quemadmodum
3775 4257 3810 4307 is

2262 4348 2498 4402 omnibus
2550 4347 2827 4403 abundatis
2854 4347 2989 4416 ﬁde,
3039 4358 3087 4402 ct
3135 4364 3405 4417 sermone,
3453 4362 3501 4405 et
3530 4352 3745 4416 scicntia,
3778 4356 3809 4400 et

2263 4440 2403 4494 omni
2432 4439 2818 4506 sollicitudine,
2849 4436 2874 4476 δ
2916 4450 2965 4494 et
2997 4439 3210 4512 insuper
3253 4441 3350 4496 illa
3379 4459 3495 4511 qua!
3524 4461 3586 4499 ea:
3630 4442 3749 4498 nobis
3776 4449 3808 4493 et

2260 4533 2403 4587 vobis
2424 4542 2527 4597 est,
2550 4532 2821 4597 charitate,
2838 4532 2995 4602 facite
3018 4542 3073 4587 ut
3093 4535 3147 4589 in
3169 4534 3267 4587 hac
3285 4550 3488 4602 quoque
3509 4538 3670 4609 gratia
3686 4536 3807 4590 abls-

554 4650 656 4706 spe
687 4633 988 4705 promissa,
1042 4642 1100 4689 ut
1154 4635 1410 4705 probatos
1457 4649 1517 4691 se
1568 4636 1759 4690 horum
1812 4636 2156 4707 passiouibus
2184 4623 2236 4684 D
2261 4628 2588 4699 detismagis.
2615 4626 2951 4682 Exhortatur
2982 4627 3203 4693 illos,ut
3228 4628 3499 4698 glorietur
3517 4632 3585 4686 de
3610 4628 3684 4685 his
3700 4625 3803 4697 apud

554 4727 1014 4784 demonstrarent.
1049 4726 1115 4783 Et
1145 4728 1281 4800 quod
1327 4729 1590 4801 profunda
1631 4741 1915 4800 paupertas
1943 4730 2154 4784 illorum

554 4820 835 4875 abundavit
857 4822 909 4873 in
933 4820 1124 4875 divitiis
1151 4821 1496 4891 simplicitatis
1518 4836 1715 4875 eorum.
1741 4820 1938 4875 Votum
1962 4836 2152 4875 eorum

552 4914 844 4985 prtedicat,
866 4915 992 4983 quia
1017 4926 1139 4968 cum
1167 4912 1194 4952 ι’
1218 4914 1362 4968 tenui
1391 4912 1894 4968 essentsubstantia
1914 4912 2148 4967 faculta-

550 5015 663 5062 tum
687 5049 700 5073 ,
726 5007 942 5060 animus
963 5008 1201 5076 ipsorum
1221 5006 1373 5061 dives
1394 5006 1649 5060 inventus
1666 5006 1825 5060 estin
1849 5006 2154 5061 ministerio

544 5107 858 5154 sanctorum
884 5113 899 5162 ;
928 5111 1059 5166 pura
1086 5098 1235 5152 enim
1266 5096 1603 5152 conscientia
1627 5099 1837 5167 operati
1864 5106 2018 5165 sunt,
2043 5114 2149 5153 non

2262 4734 2493 4779 caeteras
2522 4723 2821 4779 Ecclesiae.
2852 4723 2976 4779 Haec
2991 4732 3079 4779 est
3095 4725 3240 4781 enim
3259 4722 3803 4794 probatioemendatioo

2263 4821 2347 4875 nis
2369 4831 2579 4887 eorum,
2594 4818 2641 4873 si
2660 4818 2894 4889 prompti
2917 4818 3029 4873 sint
3051 4817 3116 4873 ad
3142 4818 3506 4875 ministerium
3520 4830 3800 4876 sanctorum.

2333 4915 2352 4985 (
2378 4913 2533 4969 Vers.
2585 4911 2685 4984 8.)
2736 4912 2861 4967 Non
2909 4912 3192 4968 secundum
3235 4914 3509 4985 imperium
3557 4916 3691 4979 dico,
3738 4910 3800 4965 td

2256 5017 2467 5080 propter
2493 5007 2719 5062 aliorum
2772 5006 3210 5073 sollicitudinem,
3263 5018 3313 5061 et
3353 5017 3537 5065 uestra!
3585 5003 3799 5063 cboritstt't

2254 5100 2445 5155 bonum
2476 5101 2707 5154 animum
2728 5098 3090 5170 comprobans.
3123 5096 3472 5157 Manifestum
3494 5109 3577 5158 est
3592 5101 3699 5169 quia
3718 5110 3795 5152 non

2251 5196 2521 5266 imperat,
2566 5194 2661 5251 sed
2692 5194 3057 5261 exhortatur;
3099 5204 3157 5249 ut
3203 5195 3482 5265 penuriam
3519 5191 3795 5264 patientibus

2250 5290 2467 5346 mittant
2487 5299 2762 5360 sumptus,
2791 5298 2846 5346 et
2876 5289 3121 5345 relevent
3144 5288 3572 5346 Sollicitudinem
3601 5288 3791 5343 illorum.

2249 5384 2450 5439 bonum
2472 5384 2711 5439 animum
2734 5400 2892 5440 suum
2916 5383 3030 5439 Deo
3052 5392 3107 5439 et
3128 5382 3443 5440 hominibus
3465 5382 3789 5440 ostendentcS.

2250 5492 2348 5547 pro
2378 5492 2483 5548 qua
2507 5494 2569 5533 re
2596 5480 2715 5534 sine
2734 5478 2903 5534 dubio
2931 5477 3238 5533 mercedem
3263 5478 3554 5547 accipient.

2323 5570 2343 5642 (
2372 5571 2524 5628 Vcrs.
2548 5572 2597 5627 9.
2622 5571 2645 5641 )
2671 5570 2851 5627 Nostis
2875 5573 3007 5627 enim
3030 5569 3251 5644 gratiam
3273 5570 3488 5625 Domini
3508 5570 3655 5629 nostri
3671 5565 3787 5621 lm-

2236 5759 2270 5812 ά
2307 5687 2713 5812 οΙΜςεὶϐοι-ὺη
2748 5688 2810 5743 ab
2837 5690 2915 5745 Itis
2942 5689 3141 5744 actibus
3162 5689 3349 5758 abfuit,
3379 5689 3471 5758 qui
3496 5690 3781 5760 prius”

2272 5776 2339 5812 an
2364 5776 2436 5812 es.
2460 5776 2490 5812 e
2520 5775 2567 5812 c.

2272 5771 2436 5825 antes,
2460 5770 2567 5816 etc.

2308 5829 2336 5869 ἀ
2376 5831 2535 5888 Rom.
2564 5834 2723 5899 edit.,
2756 5844 2803 5887 et
2827 5834 2923 5917 illa
2947 5848 3063 5917 qure
3086 5848 3151 5917 ea:
3176 5832 3321 5917 vobis
3345 5833 3407 5917 in.
3429 5848 3525 5887 nos
3547 5842 3634 5917 est.
3678 5825 3778 5893 Qui-

2246 5903 2368 5960 dam
2402 5921 2533 5964 mss.
2564 5922 2678 5978 quae
2700 5922 2764 5963 ea:
2789 5906 2931 5962 vobis
2953 5903 3006 5961 in
3027 5904 3191 5973 nobis,
3227 5904 3355 5960 utin
3386 5905 3501 5975 hac,
3530 5915 3624 5961 etc.

545 5204 602 5247 ut
637 5191 985 5257 hominibus,
1015 5188 1109 5245 sed
1136 5197 1196 5245 ut
1220 5190 1329 5244 Deo
1357 5188 1660 5261 placerent.

616 5285 817 5355 (Vere.
847 5284 951 5353 '5.)
1001 5281 1139 5349 Quia
1186 5283 1476 5339 testimonio
1518 5283 1627 5338 illis
1678 5299 1820 5350 sum,
1870 5282 2010 5353 quod
2052 5299 2146 5355 pro

540 5378 763 5444 viribus,
796 5390 843 5433 et
885 5394 1047 5442 supra
1094 5378 1224 5431 vires
1272 5376 1548 5431 voluntarii
1593 5376 1820 5443 fuerunt.
1868 5358 2141 5444 Quantum

543 5467 759 5539 dignum
782 5469 903 5536 fuit,
925 5479 981 5527 et
1002 5470 1115 5527 Deo
1135 5469 1416 5542 placitum,
1436 5470 1526 5541 qui
1548 5467 1691 5522 vires
1706 5468 1923 5525 illorum
1953 5469 2138 5533 scivit,

542 5562 595 5619 in
624 5562 965 5621 facultatibus
990 5566 1287 5632 dederant,
1321 5564 1385 5620 ad
1410 5563 1794 5620 ministerium.
1826 5563 1893 5620 Et
1922 5565 2046 5635 quia
2076 5580 2139 5619 ex

612 5689 638 5716 ⁸
678 5677 1021 5745 Cnd.Corb.,
1050 5682 1116 5734 ad
1140 5699 1224 5736 eos
1254 5683 1341 5750 qui
1388 5681 1442 5734 in
1484 5678 1808 5747 correptione
1860 5684 2131 5738 dumtaxat

540 5749 916 5824 proﬁciebant“
1029 5751 1079 5824 si
1099 5769 1213 5821 qua:
1232 5749 1542 5824 arguuntur.
1571 5752 1825 5824 incipiunt
1847 5754 2126 5809 emendari.

608 5820 642 5861 Β
673 5822 803 5896 Mss.
839 5820 1493 5896 nonnulli.detinuissentj
1515 5823 1870 5878 substantiam.
1904 5826 2042 5896 Lege
2073 5828 2136 5881 de

539 5892 685 5949 tenui
707 5902 876 5949 essent
901 5892 1206 5962 substantia,
1239 5905 1345 5949 etc.
