3978 6310
129 293 234 350 509

881 289 1380 348 COMMENTABIA
1421 289 1488 347 ΙΝ
1529 291 1748 348 EPIST.
1794 291 1886 348 AD
1921 290 2244 348 CORIN'I'II.
2287 293 2689 352 SECUNDAM.

3330 295 3437 350 510

128 408 360 475 Christi;
381 409 509 478 quia
540 419 751 482 propter
777 425 862 463 nos
893 424 1089 478 pauper
1116 409 1283 479 factus
1307 419 1412 472 est,
1439 425 1555 463 cum
1589 411 1728 466 diues
1759 413 1806 470 Α
1833 409 2042 464 artibus
2076 419 2168 468 aut
2212 411 2444 479 ttegotils
2477 413 2733 468 insistunt
2756 454 2768 476 ,
2801 420 2896 468 aut
2942 420 3094 471 certe
3141 412 3434 470 facultates

125 511 257 556 esset
277 512 334 556 ut
355 503 500 558 illius
516 503 694 572 inopia
712 519 796 557 vos
812 503 990 557 diuites
1018 503 1212 556 essetis.
1238 501 1538 572 Panperem
1571 501 1729 558 Chri-

125 601 268 649 stum
287 593 422 649 dicit
445 592 650 650 factum
667 611 682 659 ;
700 594 818 662 quia
843 593 982 648 Deus
997 595 1144 649 nasci
1159 594 1414 664 dignatus
1434 603 1517 649 est
1540 597 1725 660 homo,

125 682 386 739 virtutem
446 685 733 752 potestatis
779 700 889 742 sua:
939 684 1262 750 humilians,
1310 695 1366 743 ut
1414 685 1728 743 hominibus

122 774 430 832 divinitatis
459 775 681 832 divitias
708 777 1055 846 acquireret;
1089 787 1145 834 ut
1184 780 1325 834 sicut
1362 776 1496 836 dicit
1534 778 1727 835 Petrus

121 869 450 939 apostolus(
477 867 521 924 II
568 867 713 926 Petr.
764 884 799 931 ι.
846 867 925 939 4)
963 869 1162 924 divinae
1211 878 1398 926 essent
1443 878 1727 926 consortes

123 968 351 1016 nsturce.
390 960 566 1016 llomo
594 975 725 1031 ergo
757 959 927 1016 factus
951 967 1065 1026 est,
1091 969 1149 1014 ut
1171 959 1446 1018 hominem
1474 959 1528 1015 in
1552 960 1723 1016 Deum

121 1065 462 1118 assumeret,
508 1054 652 1110 sicut
699 1053 958 1124 scriptum
1004 1064 1087 1110 est
1121 1072 1133 1108 :
1167 1053 1277 1124 Ego
1303 1055 1414 1112 dixi
1452 1071 1469 1108 :
1499 1054 1576 1110 dii
1605 1054 1726 1110 estis

120 1146 294 1215 (Psal.
330 1162 514 1213 um,
539 1146 634 1215 6).
664 1147 775 1206 lloc
797 1147 960 1208 modo
988 1146 1335 1214 exhortatur.
1369 1156 1426 1204 ut
1448 1147 1726 1220 largiendo

117 1242 271 1311 quasi
308 1257 578 1312 pauperes
608 1241 777 1309 ﬁant;
809 1242 978 1312 prosit
1005 1253 1298 1314 paupertas
1337 1258 1556 1308 eorum,
1585 1244 1727 1304 sicut

118 1333 324 1396 Christi
365 1347 658 1407 paupertas
689 1336 893 1406 profuit
922 1338 1082 1398 nobis
1107 1357 1118 1394 :
1143 1348 1199 1394 et
1230 1339 1481 1400 Christus
1503 1339 1722 1409 quidem

117 1429 327 1498 nostri,
365 1448 472 1488 non
498 1430 584 1488 sui
617 1447 782 1489 causa
810 1447 1016 1503 pauper
1045 1432 1220 1491 lactus
1246 1442 1360 1500 est,
1388 1448 1490 1490 nos
1515 1443 1720 1502 autem,

121 1531 180 1580 ut
209 1525 374 1581 nobis
403 1526 672 1596 proﬁciat.

187 1617 205 1685 ζ
232 1616 391 1674 Vers.
427 1619 515 1683 10,
554 1619 640 1674 ll.
671 1621 687 1687 )
717 1619 782 1674 Et
808 1621 1082 1676 consilium
1120 1621 1174 1676 in
1203 1622 1298 1676 hoc
1322 1621 1426 1686 do;
1467 1621 1564 1677 hoc
1590 1622 1725 1678 enim

118 1709 256 1766 vobis
298 1711 429 1766 utile
469 1719 577 1776 est,
624 1712 711 1781 qui
744 1728 846 1768 non
872 1722 1072 1768 tantum
1123 1714 1322 1783 facere,
1370 1714 1460 1770 sed
1505 1724 1552 1770 et
1595 1715 1726 1771 uelle

1833 510 2089 570 paternas
2120 502 2354 572 habent,
2386 507 2705 566 ministrent
2753 517 3067 564 sanctorum
3111 507 3347 577 inopiis:
3383 516 3440 564 et

1831 592 2027 649 iterum
2071 597 2241 652 sancti
2274 597 2389 653 illic
2417 598 2509 654 ubi
2548 599 2750 655 divites
2795 610 2952 668 sunt,
2999 609 3055 659 et
3081 600 3173 656 isti
3206 601 3396 671 inopes
3418 641 3435 670 ,

1829 691 2516 762 communicenteis,quasi
2543 693 2714 750 vicem
2741 695 3102 765 rependentes
3123 694 3431 751 ministerio

1829 781 2070 851 illorum,
2093 785 2231 840 sicut
2260 785 2392 840 dicit
2425 787 2684 844 Dominus
2712 806 2725 842 :
2763 789 3007 855 Quandiu
3030 793 3228 863 fecistis
3259 791 3348 848 uni
3373 807 3436 845 ea?

1828 877 2054 932 minimis
2081 880 2215 943 istis,
2241 880 2371 934 mihi
2403 883 2602 950 fecistis
2639 883 2656 954 (
2683 881 2875 938 Matth.
2909 901 3034 948 xxv,
3068 885 3159 941 ιιι.
3188 886 3208 957 )

1904 969 1972 1025 Ut
1999 973 2092 1040 fiat
2120 974 2413 1044 «qualitas,
2439 976 2570 1030 sicut
2593 978 2846 1048 scriptunt
2867 987 2962 1033 est.
2998 978 3124 1034 Haec
3147 991 3232 1036 est
3257 995 3442 1052 mqua-

1828 1061 1988 1129 litas,
2013 1071 2074 1118 ut
2096 1065 2222 1134 quia
2248 1065 2336 1120 isti
2369 1066 2422 1122 in
2448 1066 2551 1122 hoc
2579 1075 2828 1138 tempore
2858 1070 3173 1126 ministrant
3201 1077 3406 1128 sanctis
3425 1116 3438 1138 ,

1827 1154 2130 1211 reddantur
2155 1157 2261 1212 illis
2302 1158 2452 1218 vices
2485 1159 2542 1214 in
2573 1158 2756 1216 futuro
2787 1177 2802 1227 ;
2835 1161 3114 1218 debitores
3158 1165 3301 1220 enim
3331 1165 3436 1220 sibi

1827 1245 2032 1303 faciunt
2058 1258 2302 1306 sanctos.

1897 1340 1916 1410 (
1945 1341 2098 1397 Vers.
2133 1341 2262 1413 l5.)
2297 1342 2400 1411 Qui
2422 1344 2640 1400 multum
2663 1345 2843 1401 habuit
2884 1361 2985 1401 non
3031 1347 3311 1404 abundavit
3333 1365 3351 1402 :
3381 1360 3427 1403 et

1821 1433 1907 1502 qui
1947 1432 2225 1496 modicum,
2268 1452 2370 1490 non
2407 1437 2701 1494 minorauit.
2749 1437 2862 1492 Hoc
2912 1439 2964 1493 in
2997 1438 3188 1494 Exodo
3228 1440 3427 1511 legitur

1827 1525 2036 1595 (Exod.
2064 1543 2184 1594 xvr,
2213 1527 2326 1600 18).
2352 1529 2480 1583 Plus
2503 1531 2836 1586 enintsancti
2859 1531 3056 1588 habent
3074 1532 3125 1587 in
3150 1546 3247 1603 spe
3264 1531 3430 1588 futuri

1827 1619 2008 1674 srcculi
2029 1662 2043 1688 ,
2063 1629 2118 1675 et
2142 1621 2488 1692 Inagisqnam
2511 1623 2580 1688 ii,
2604 1622 2763 1692 quiin
2785 1627 2887 1678 hoc
2906 1633 3156 1694 tempore
3180 1624 3435 1686 videntur

1826 1712 2020 1770 divites
2048 1731 2062 1778 ;
2090 1724 2145 1770 et
2177 1723 2356 1772 tamen
2389 1717 2752 1786 :eqnahuntnr
2775 1715 2890 1774 illic
2923 1719 3180 1789 utrique;
3209 1727 3267 1773 ut
3292 1719 3436 1774 sicut

115 1803 339 1871 coepistis
366 1803 432 1858 ab
455 1819 592 1858 anno
617 1805 790 1876 priore
817 1822 836 1860 :
868 1823 1005 1860 nunc
1037 1822 1158 1877 ergo
1203 1808 1359 1862 etiam
1391 1807 1564 1876 facere
1593 1825 1717 1862 con-
1756 1815 1797 1876 Β
1827 1805 2096 1862 beneﬁcio
2137 1808 2326 1866 hornnt
2371 1817 2690 1866 sanctorum
2736 1809 2921 1878 inopia
2963 1817 3332 1874 sustentatur,
3367 1812 3437 1866 ita

116 1908 410 1963 summate;
442 1908 497 1952 ut
538 1899 974 1968 quemadmodum
1003 1911 1243 1970 prompta
1274 1911 1347 1956 est
1390 1902 1626 1958 uoluntas
1668 1904 1720 1958 in

117 1989 252 2049 vobis
285 1992 440 2058 uelle,
473 1992 546 2052 ita
584 1994 652 2046 sit
691 2001 738 2048 et
782 1995 1086 2066 perﬁciendi
1115 2011 1178 2049 ea:
1216 2011 1276 2051 eo
1314 1995 1454 2066 quod
1501 1995 1716 2052 habetis.

121 2084 227 2139 lloc
257 2083 430 2153 dicit,
461 2095 523 2141 ut
565 2087 821 2142 voluntas
854 2088 1071 2143 illorum
1114 2089 1166 2144 in
1207 2103 1375 2161 opere
1421 2101 1716 2160 appareat,

121 2179 161 2233 si
195 2194 320 2235 vera
350 2189 472 2248 est,
505 2181 806 2242 secundum
839 2187 1024 2248 vires;
1065 2192 1122 2238 nt
1152 2192 1358 2240 tantum
1387 2183 1516 2250 det,
1549 2200 1720 2256 quan-

121 2282 227 2328 tum
248 2284 431 2346 potest
447 2285 502 2329 et
518 2275 630 2330 vult
652 2277 870 2332 animus
888 2317 901 2340 ,
930 2288 988 2332 ut
1011 2277 1208 2334 munda
1236 2277 1324 2331 ﬁat
1344 2279 1676 2336 conscientia
1702 2296 1715 2332 :

120 2385 223 2424 non
247 2369 674 2428 insimulatione
693 2412 707 2435 ,
732 2381 790 2427 ut
821 2371 1136 2428 hominibus
1162 2373 1404 2443 placeat,
1430 2381 1484 2428 et
1510 2388 1719 2429 merce-

120 2459 238 2516 dent
269 2459 414 2530 apud
444 2461 614 2518 Deum
647 2478 754 2519 non
790 2461 1006 2520 habeat.

187 2553 208 2623 (
229 2553 383 2610 Vers.
414 2553 503 2612 li.
530 2554 548 2626 )
571 2554 630 2610 Si
643 2557 777 2612 enim
798 2556 1037 2614 voluntas
1059 2565 1298 2625 prompta
1319 2565 1416 2621 est,
1437 2559 1718 2614 secundum

123 2648 422 2717 facultatem
448 2650 780 2718 acceptabilis
825 2659 938 2714 est,
987 2667 1089 2708 non
1121 2650 1397 2706 secundum
1437 2651 1573 2720 quod
1617 2666 1718 2706 non

119 2741 557 2810 habet.0uoniam
573 2742 841 2800 Corinthii
862 2744 929 2803 ad
946 2744 1049 2798 hoc
1060 2757 1198 2812 Opus
1213 2744 1501 2804 ministerii
1527 2759 1718 2814 provo-

122 2843 334 2904 cantur,
364 2839 469 2892 hoc
492 2835 572 2892 eis
595 2835 878 2902 indicitur,
905 2846 1089 2892 utnon
1116 2837 1236 2906 plus
1260 2838 1532 2904 tribuant,
1555 2853 1715 2906 quam

125 2939 342 2994 possunt
371 2944 388 2998 ;
422 2943 489 2986 ne
514 2929 635 2998 plus
662 2927 801 2986 forte
831 2929 1124 2988 oll'erentes
1154 2931 1365 2996 coacti,
1399 2945 1504 2986 non
1528 2932 1718 2990 volon-

123 3022 239 3078 tarii
261 3062 277 3088 ,
315 3023 529 3094 gravati
564 3023 881 3080 viderentur
911 3025 1030 3078 sine
1059 3024 1314 3082 mercede
1344 3024 1506 3082 futuri
1535 3042 1549 3090 ;
1591 3025 1718 3095 quia

124 3113 206 3182 qui
233 3126 456 3174 coactus
483 3115 686 3187 aliquid
720 3117 879 3184 facit,
918 3116 1228 3175 mercedem
1261 3134 1366 3173 non
1401 3117 1585 3176 habet.
1614 3118 1718 3175 Ec-

1823 1909 1876 1954 et
1902 1899 2167 1956 beneﬁcio
2197 1911 2508 1958 sanctorum
2537 1901 2736 1958 divites
2766 1902 2900 1956 ﬁant
2933 1901 2987 1960 hi
3023 1901 3078 1958 in
3109 1903 3290 1960 loturo
3325 1920 3435 1962 sae-

1824 1991 1981 2059 cnlo,
2015 1993 2070 2050 in
2099 2009 2207 2064 quo
2235 1993 2490 2052 videntur
2519 2010 2809 2066 pauperes.
2855 1994 2974 2051 Non
3007 1996 3153 2052 enim
3199 2004 3343 2052 totos
3375 2011 3433 2052 se

1823 2084 2097 2142 dederunt
2143 2086 2279 2154 Deo,
2316 2089 2474 2160 ιθ,
2511 2099 2569 2146 ιιι
2601 2088 2690 2144 hic
2736 2103 3038 2158 pauperes,
3081 2088 3201 2146 illic
3244 2099 3432 2146 essent

1821 2177 2018 2236 divites
2043 2195 2058 2244 ;
2081 2179 2176 2238 sed
2205 2196 2273 2236 es
2307 2182 2406 2236 hac
2436 2188 2588 2250 parte
2620 2183 2744 2252 quia
2773 2181 2860 2238 hic
2891 2181 3093 2242 divites
3123 2191 3282 2246 sunt,
3316 2183 3431 2238 illic

1825 2284 2132 2339 pauperes,
2180 2280 2490 2330 sanctorum
2530 2272 2813 2348 suffragio,
2846 2273 2938 2344 qui
2973 2273 3064 2332 hic
3107 2273 3294 2344 positi,
3324 2274 3434 2343 jatn

1824 2361 1936 2416 illic
1964 2372 2146 2420 mente
2167 2374 2324 2430 sunt,
2359 2364 2695 2424 ditabumur.
2723 2364 2840 2424 Non
2867 2366 3014 2422 enim
3036 2367 3442 2437 qualecumque

1825 2455 2080 2515 ineritum
2112 2466 2194 2512 est
2223 2455 2291 2512 de
2316 2455 2478 2526 jttstis
2529 2456 2807 2518 laboribus
2838 2458 3157 2522 ministrare
3203 2461 3431 2516 sanctis.

1893 2546 1913 2618 (
1940 2547 2078 2606 Vers
2111 2548 2198 2617 l6,
2239 2550 2324 2606 l7.
2351 2547 2370 2620 )
2400 2547 2610 2612 Gratias
2636 2560 2808 2610 autem
2830 2548 2962 2618 Deo,
3003 2552 3091 2620 qui
3116 2550 3259 2608 dedit
3301 2554 3436 2608 hanc

1823 2644 1988 2714 ipsam
2027 2643 2424 2702 sollicitudinem
2455 2661 2548 2715 pro
2577 2645 2716 2702 nobis
2742 2647 2798 2700 in
2823 2645 2977 2706 corde
3011 2645 3136 2714 Titi,
3183 2648 3429 2716 quoniam

1829 2747 1849 2774 ο
1877 2737 2279 2794 consolationem
2315 2737 2525 2809 quidem
2555 2739 2772 2809 accepit.
2809 2739 2953 2798 Deus
2979 2741 3068 2808 qui
3096 2739 3282 2810 justus
3313 2751 3428 2806 est,

1822 2834 2003 2893 sciens
2039 2831 2354 2891 Corinthios
2397 2833 2538 2890 velle
2571 2834 2864 2904 prolicere,
2907 2833 3016 2892 Titi
3046 2835 3302 2896 allectum
3353 2837 3436 2890 in-

1822 2924 2004 2980 cendit
2032 2924 2178 2980 circa
2225 2940 2364 2991 eos;
2418 2936 2474 2984 ut
2525 2925 2855 2998 adimpleret
2897 2927 3286 2986 exhortatione
3335 2944 3432 2988 sua

1823 3018 2386 3078 voluntatemillorum
2416 3021 2469 3076 in
2490 3036 2659 3092 opere
2683 3021 2865 3082 bono:
2904 3023 2998 3093 qui
3021 3022 3216 3083 videns
3253 3025 3437 3096 prole-

1825 3121 1968 3164 ctntn
1998 3109 2216 3165 illorum
2247 3112 2567 3168 consolatus
2594 3121 2706 3178 est,
2733 3112 3060 3185 ltetatusque
3091 3113 3146 3172 in
3167 3115 3270 3174 eis.
3303 3115 3432 3174 Cum

125 3207 300 3264 clesize
328 3209 482 3268 enim
515 3209 848 3268 Macedonite
880 3210 1023 3270 ultro
1049 3210 1367 3268 obtulerunt
1391 3225 1512 3272 cum
1538 3210 1718 3282 proci-
1745 3218 1789 3279 ρ
1821 3205 1888 3266 sit
1916 3215 2087 3264 autem
2113 3205 2406 3275 sollicitior,
2449 3208 2774 3266 uoluntarius
2817 3212 3078 3280 profectus
3099 3219 3176 3266 est
3215 3211 3284 3266 ad
3321 3225 3434 3266 vos.

128 3298 254 3368 bus,
284 3312 341 3358 ut
376 3302 678 3372 probarent
727 3312 837 3360 tota
871 3319 930 3360 se
978 3303 1254 3362 voluntate
1286 3303 1387 3360 hoc
1417 3303 1632 3368 facere,
1662 3311 1722 3362 ut

127 3393 237 3462 plus
264 3394 564 3464 om-rrent,
598 3413 758 3467 quant
802 3407 1088 3467 poterant;
1131 3397 1360 3468 ideoque
1389 3397 1724 3468 acceptabile

128 3487 239 3544 fuit.
280 3491 505 3558 Quanto
547 3489 690 3550 cnim
735 3492 972 3561 amplius
1006 3491 1356 3557 obtulerunt,
1402 3501 1554 3546 tanto
1597 3490 1717 3562 plus

131 3589 152 3615 ⁸
176 3583 455 3654 accepturi
485 3595 634 3642 sunt.
668 3584 802 3642 Nam
834 3586 877 3640 si
925 3595 1133 3644 tantum
1161 3584 1281 3653 quis
1302 3585 1430 3647 det.
1459 3595 1721 3652 quantum

130 3677 269 3746 vult,
291 3689 391 3735 aut
415 3689 623 3749 potest,
652 3692 938 3749 acceptum
962 3690 1046 3735 est
1075 3679 1318 3749 ;jndicio
1338 3679 1484 3742 enim
1507 3679 1724 3738 videtur

131 3771 226 3827 hoc
253 3771 438 3834 facere
463 3790 477 3826 :
509 3790 572 3828 ac
603 3790 698 3844 per
730 3774 830 3836 hoc
860 3783 1066 3834 tantum
1095 3773 1225 3838 det,
1255 3783 1515 3842 quantum
1545 3783 1727 3844 potest

133 3874 182 3918 et
230 3867 338 3920 vult
391 3866 646 3932 animus;
702 3878 757 3924 ιιι
811 3868 888 3924 rei
939 3868 1103 3936 hujus
1137 3866 1307 3936 possit
1338 3866 1541 3924 habere
1583 3883 1726 3926 mer-

133 3956 332 4018 cedem.

199 4051 216 4121 (
245 4051 404 4112 Vers.
435 4053 524 4117 13,
551 4055 635 4114 li.
663 4054 683 4127 )
714 4054 836 4114 Non
862 4056 998 4114 enim
1021 4065 1074 4110 ut
1095 4055 1212 4112 aliis
1235 4053 1262 4094 δ
1281 4055 1614 4126 refrigerium
1636 4058 1722 4124 sit,

136 4143 265 4206 vobis
307 4154 485 4200 autem
526 4148 787 4218 angustia.
817 4147 1020 4206 Verum
1065 4155 1184 4211 est,
1217 4147 1343 4216 quia
1371 4147 1450 4202 sic
1489 4147 1726 4206 dandum

137 4245 244 4303 est,
300 4245 356 4294 ut
410 4252 515 4294 non
564 4248 860 4309 egestatem
911 4249 1137 4309 praestet
1180 4239 1459 4300 dantibus.
1513 4241 1621 4298 Sed
1665 4259 1729 4300 ea:

136 4331 426 4398 wquulitats
453 4333 506 4387 in
551 4335 647 4387 hoc
693 4344 937 4406 tempore.
983 4335 1122 4392 Dicit
1171 4337 1307 4403 hoc,
1361 4345 1421 4392 ut
1467 4347 1729 4407 quantum

139 4418 321 4488 habet,
354 4423 424 4482 ad
472 4434 683 4496 tempus
713 4426 917 4483 dividat
956 4442 1079 4482 cum
1132 4429 1376 4494 sanctis;
1431 4446 1533 4484 non
1581 4429 1728 4488 enim

141 4516 252 4582 plus
266 4517 526 4589 exigitur,
544 4535 704 4590 quant
728 4521 832 4578 sibi
856 4519 1019 4578 debet
1042 4521 1299 4578 retinere.
1323 4523 1481 4588 Quia,
1497 4519 1727 4594 Diliges,

1826 3297 1938 3354 Hoc
1967 3307 2074 3362 est,
2108 3297 2300 3354 videns
2344 3298 2612 3370 proﬁcere
2643 3299 2766 3360 illos
2812 3301 2958 3358 circa
3011 3300 3188 3360 bonos
3235 3311 3392 3360 actus
3421 3339 3438 3364 ν

1823 3389 2114 3448 sollicitior
2151 3390 2327 3448 factos
2367 3399 2453 3448 est
2480 3392 2625 3448 circa
2665 3392 2917 3452 allectum
2962 3393 3179 3454 illorum
3211 3411 3225 3460 ;
3269 3393 3340 3456 ita
3376 3404 3436 3454 ιιι

1825 3484 2168 3542 voluntarius
2201 3486 2641 3554 proﬁcisceretur
2679 3488 2744 3544 ad
2791 3502 2908 3555 eos,
2942 3489 3036 3559 qui
3079 3489 3231 3559 prius
3269 3488 3434 3552 etiam

1823 3586 2050 3648 rogatus
2078 3592 2137 3634 se
2161 3587 2452 3636 excusarat
2480 3579 2548 3635 ab
2577 3579 2657 3636 eis
2687 3589 2912 3650 propter
2939 3581 3066 3640 vitia
3098 3580 3338 3642 illorum.

1898 3670 2102 3742 (γεγε.
2157 3671 2241 3736 18,
2277 3670 2409 3742 l9.)
2444 3670 2687 3730 Misimus
2725 3682 2896 3728 autem
2935 3688 3054 3730 cum
3091 3671 3185 3728 illo
3221 3676 3435 3743 fratrem

1825 3773 2077 3828 nostrum,
2104 3767 2253 3837 cujus
2286 3765 2403 3820 laus
2444 3774 2518 3820 est
2559 3766 2612 3824 in
2657 3763 2944 3835 Evangelia
2985 3780 3077 3837 per
3116 3779 3292 3822 omnes
3337 3763 3440 3824 Ec-

1829 3857 2016 3911 clesius
2041 3873 2057 3910 :
2086 3872 2191 3910 non
2213 3857 2381 3914 solum
2425 3867 2619 3925 autem,
2646 3857 2735 3911 sed
2775 3857 2929 3910 etiam
2954 3856 3229 3914 ordinatus
3267 3865 3341 3912 est
3375 3857 3438 3912 ab

1831 3947 2078 4004 Ecclesiis
2103 3965 2273 4008 comes
2296 3949 2728 4020 peregrinationis
2751 3959 2940 4006 nostra:
2960 3949 3014 4004 in
3036 3949 3169 4004 hanc
3191 3949 3436 4019 gratiam.

1829 4057 1944 4110 qua:
1965 4041 2289 4097 ministratur
2312 4058 2344 4100 a
2375 4041 2520 4096 nobis
2542 4038 2566 4078 ἀ
2600 4057 2690 4112 per
2713 4040 2925 4098 Dontini
2950 4042 3198 4114 gloriam,
3224 4052 3271 4098 et
3293 4041 3440 4100 solli-

1830 4137 2106 4191 citudinem
2138 4148 2385 4192 nostram.
2418 4137 2583 4196 Istum
2606 4135 3026 4201 commendant,
3052 4137 3178 4208 quia
3213 4137 3434 4208 ignora-

1833 4230 1992 4286 batur
2034 4229 2103 4286 ab
2149 4230 2231 4286 his
2257 4248 2272 4298 ;
2303 4239 2361 4288 ut
2385 4231 2593 4290 scirent
2622 4229 2676 4286 in
2721 4237 2918 4300 quanta
2946 4229 3057 4300 jam
3089 4240 3276 4292 essent
3303 4231 3431 4288 boni

1833 4327 2088 4398 opinione
2112 4367 2128 4393 ,
2159 4325 2226 4384 ad
2251 4342 2387 4398 quos
2411 4325 2550 4384 tales
2572 4326 2668 4382 viri
2692 4324 3048 4390 mittebantur
3073 4341 3087 4392 ;
3115 4334 3174 4384 ut
3197 4341 3436 4398 congau-

1833 4420 2028 4480 derent
2056 4435 2183 4476 curn
2231 4421 2348 4487 eis,
2402 4427 2668 4490 augentes
2696 4432 2793 4474 eos
2841 4418 2892 4476 in
2940 4417 3050 4474 lide
3104 4419 3444 4492 operationis

1835 4515 1955 4582 Dei,
1986 4514 2055 4572 ad
2085 4515 2240 4586 cujus
2269 4513 2501 4585 gloriam
2541 4511 2784 4570 sollicite
2828 4513 2932 4572 hoc
2980 4512 3216 4586 agebant
3248 4512 3440 4574 vicarii

141 4611 327 4682 inquit,
349 4613 643 4684 proximum
665 4623 812 4670 tuum
833 4615 964 4670 sicut
980 4624 1029 4668 te
1047 4616 1219 4687 ipsum
1239 4613 1257 4686 (
1277 4613 1442 4670 Leuit.
1461 4631 1574 4680 stt.
1603 4617 1670 4674 18
1688 4615 1728 4688 ).
1761 4622 1812 4684 1')
1836 4609 2071 4677 Christi,
2097 4619 2153 4666 ιιι
2175 4608 2426 4670 conditor
2451 4608 2592 4670 Deus
2615 4607 2739 4664 coeli
2772 4615 2827 4666 et
2856 4617 3016 4664 terra:
3039 4615 3438 4680 agnosceretur

145 4700 290 4760 Unde
345 4703 683 4764 Zacohaans:
738 4707 870 4774 Ecce
907 4708 1199 4776 dimidium,
1243 4709 1440 4779 inquit,
1487 4708 1732 4764 bonorum

143 4809 361 4854 ineorum
381 4797 446 4858 do
473 4799 787 4870 pauperibus
817 4800 836 4872 (
864 4799 988 4854 Luc.
1019 4817 1130 4866 χιιι,
1167 4803 1195 4856 8
1221 4799 1263 4871 ).

213 4889 280 4946 Ut
308 4903 472 4950 vestra
497 4894 812 4952 abundantia
838 4896 906 4949 ad
934 4896 1142 4950 illorum
1163 4894 1413 4965 inopiam,
1446 4904 1493 4950 et
1525 4893 1737 4948 illorum

143 4983 455 5044 abundantia
474 4987 565 5058 fiat
584 4988 652 5042 ad
674 4997 892 5046 uestram
916 4989 1165 5056 inopiam.
1191 4987 1304 5046 Hoc
1324 4989 1566 5070 estquod
1587 4987 1738 5054 dicit,

147 5086 200 5132 ιιι
223 5079 345 5150 quia
366 5079 516 5150 juxta
540 5090 754 5153 tempus
780 5083 955 5138 sancti
985 5083 1222 5153 inopiam
1255 5083 1731 5150 patinnlttr,dese-

146 5183 325 5231 rentes
351 5176 532 5232 omnia
572 5177 759 5236 mundi
779 5219 793 5243 .
827 5187 882 5234 et
909 5191 968 5234 se
997 5178 1048 5234 in
1079 5177 1279 5234 divinis
1309 5177 1447 5236 solis
1476 5178 1736 5248 Operibus

147 5270 559 5340 constituentes,
594 5283 649 5326 ιιι
681 5271 946 5328 doctrinae
976 5283 1140 5343 atque
1162 5273 1399 5330 orationi
1423 5273 1738 5330 insisterent

149 5361 209 5414 ad
239 5361 536 5431 profectum
565 5365 862 5422 multorum
892 5381 906 5431 ;
937 5366 974 5421 ii
1017 5366 1108 5434 qui
1139 5365 1507 5434 crediderint,
1538 5367 1740 5438 quique

221 5506 247 5533 ἰ
284 5498 417 5554 Cod.
463 5500 660 5565 ϐοτη,
691 5502 952 5574 accepturi
1001 5512 1137 5556 sunt.
1197 5502 1255 5556 Si
1306 5503 1442 5557 enim
1498 5505 1737 5560 voluntas

157 5581 387 5638 prompta
409 5582 500 5634 est,
525 5575 807 5627 secundum
832 5575 885 5627 id
911 5577 1245 5645 quodhabet.
1276 5585 1484 5645 acrepla
1515 5587 1612 5642 est,
1638 5590 1741 5629 non

158 5645 434 5696 secundum
485 5645 624 5714 quod
678 5662 778 5700 non
819 5646 992 5701 habet.
1040 5644 1162 5715 Ipse
1210 5662 1388 5699 sensus
1431 5648 1669 5714 est,quia
1700 5647 1743 5700 si

160 5723 355 5789 tantum
383 5717 461 5789 del
499 5728 743 5789 quantum
769 5719 876 5772 uult
908 5728 953 5771 et
976 5729 1162 5789 potest,
1208 5728 1474 5787 acceptum
1514 5728 1610 5773 est.
1656 5717 1748 5771 .lu-

163 5785 297 5861 dicio
327 5786 458 5839 enim
495 5788 694 5861 uidetur
716 5790 810 5843 hoc
834 5785 1024 5860 facere,
1053 5807 1112 5844 ac
1141 5806 1235 5861 per
1254 5785 1351 5843 hoc
1374 5791 1450 5843 rei
1483 5791 1638 5859 huius
1659 5791 1751 5842 ha-

169 5855 281 5910 bere
310 5858 601 5912 mercedem.

1837 4704 1888 4760 itt
1924 4703 2026 4759 Itis.

1909 4801 1928 4872 (
1957 4797 2110 4854 Vers.
2141 4795 2234 4853 20.
2263 4796 2282 4868 )
2316 4794 2609 4852 Devitantes
2639 4796 2768 4860 hoc,
2801 4810 2864 4850 ne
2908 4794 3024 4866 quis
3064 4809 3158 4850 nos
3186 4794 3439 4866 vituperet

1839 4894 1894 4947 in
1919 4893 2018 4946 hac
2043 4889 2395 4962 plenitudine,
2425 4903 2543 4958 qua!
2569 4887 2893 4944 ministratur
2917 4903 2950 4942 a
2975 4885 3141 4944 nobis.
3171 4885 3436 4954 Quoniam

1839 4985 1908 5042 de
1930 4983 2236 5041 ministerio
2263 4982 2553 5053 agebatur,
2584 4981 2706 5036 ideo
2734 4981 2838 5038 hoc
2860 4980 3093 5052 subjecit
3117 4996 3132 5046 ;
3165 4995 3232 5034 ne
3263 4977 3440 5048 negli—

1839 5093 1975 5149 gens
1987 5077 2132 5136 circa
2145 5091 2329 5136 curam
2345 5090 2407 5146 pa
2419 5091 2449 5130 ιι
2457 5090 2645 5146 perum
2660 5074 2744 5128 vel
2757 5083 3070 5130 sanctorum
3080 5069 3439 5143 judicaretur.

1841 5174 1887 5230 si
1917 5173 2021 5229 hoc
2049 5172 2270 5243 segnius
2300 5181 2506 5242 ageret.
2537 5169 2614 5226 De
2647 5171 2748 5228 hac
2770 5169 2918 5226 enim
2963 5183 3021 5224 re
3047 5163 3445 5228 constituerant

1844 5269 1985 5325 inter
2034 5282 2094 5322 se
2139 5266 2405 5336 apostoli,
2450 5274 2511 5324 ut
2555 5280 2832 5326 memores
2873 5271 3058 5322 essent
3098 5273 3398 5330 pauperum
3427 5299 3443 5325 ,

1843 5362 1986 5433 quod
2020 5360 2087 5416 ad
2114 5359 2334 5418 Galatas
2361 5358 2649 5430 signiﬁcat.
2684 5355 2823 5416 Cum
2852 5367 2983 5422 ergo
3005 5349 3443 5419 invituporabilis

1912 5497 1940 5536 ι’
1981 5498 2140 5553 Rom.
2181 5496 2338 5564 edit.,
2397 5494 2649 5550 relaxatio
2684 5493 2807 5564 sit.“
2835 5490 3017 5564 Tertio
3074 5496 3255 5564 autem
3281 5502 3439 5542 versu

1843 5581 1954 5627 vet.
1989 5571 2119 5624 odit.
2151 5584 2273 5623 cum
2304 5557 2434 5623 mss.
2471 5563 2736 5627 nonnulli,
2772 5562 2878 5617 Sed
2907 5577 2970 5614 ex
2997 5557 3257 5631 aequitate.

1925 5654 1944 5681 ο
1989 5642 2147 5696 Rom.
2174 5640 2332 5702 edit.,
2362 5635 2768 5693 exhortatione»:
2797 5633 3004 5702 quidem
3034 5633 3251 5699 accepit.

1920 5712 1942 5749 ἀ
1986 5713 2189 5768 Eadem
2220 5711 2378 5775 edit.,
2410 5706 2618 5763 Domini
2640 5705 2880 5774 gloriam,
2914 5713 2961 5758 et
2988 5703 3446 5776 promptitudinem

1853 5797 2067 5842 uestram
2079 5825 2090 5838 .
