3978 6310
581 287 676 342 511

1515 282 1606 336 AD
1644 278 1874 337 OPERA
1913 278 2162 337 SANCTI
2200 277 2528 336 AMBROSII
2571 275 2938 334 APPENDIX.
3738 280 3809 332 Fili

574 411 723 459 esset
767 403 820 458 in
851 402 1104 458 omnibus
1151 399 1445 470 Apostolus
1467 400 1486 472 (
1507 397 1682 454 Galat.
1718 415 1779 464 ll,
1813 398 1967 471 10);
2005 413 2076 454 ne
2125 397 2178 454 in
2208 399 2262 458 A
2283 412 2387 470 gna
2417 412 2478 454 se
2509 411 2632 452 cum
2659 397 2936 469 diligentia
2958 395 3160 454 debere
3186 409 3403 462 curare,
3438 392 3576 465 quod
3615 393 3812 465 frequen-

579 495 683 550 hac
734 509 902 551 causa
954 493 1241 565 indiligens
1294 492 1671 564 judicaretur;
1723 490 1932 548 idcirco
1978 491 2082 546 hoc
2125 505 2185 546 se

581 604 926 660 praemonere
944 588 1213 660 significat
1236 630 1251 654 ,
1273 597 1332 643 ut
1349 586 1456 643 hoc
1469 602 1636 656 opere
1654 586 1876 655 impleto
1897 628 1911 652 ,
1936 585 1989 640 in
2011 585 2187 641 omni-

580 681 680 737 bus
711 681 1024 737 sollicitudo
1053 679 1175 751 ejus
1203 689 1259 736 et
1285 679 1627 751 providentia
1654 686 1962 749 appareret.

652 774 856 850 (νει-8.
909 775 1050 847 21.)
1103 773 1449 829 Providemus
1502 773 1638 827 enim
1687 772 1819 827 bona
1876 787 1979 825 non
2019 771 2186 825 solum

581 887 758 926 coram
802 870 940 936 Deo,
984 885 1159 925 verum
1199 869 1354 923 etiam
1376 883 1552 922 coram
1579 865 1894 920 hominibus.
1928 861 2187 918 Providet

577 965 717 1019 bona
743 977 928 1018 coram
957 962 1070 1018 Deo
1088 1004 1102 1029 ,
1136 960 1264 1017 dum
1291 960 1435 1032 quod
1459 959 1616 1030 jubet
1647 961 1786 1014 Deus
1814 959 1961 1014 circa
1998 956 2188 1012 minis-

577 1056 775 1111 terium
803 1065 1119 1112 sanctorum
1148 1055 1234 1110 vel
1261 1069 1590 1124 pauperum,
1623 1052 1740 1108 fieri
1767 1053 1962 1106 docet:
2002 1065 2183 1105 coram

586 1151 900 1206 hominibus
949 1164 1080 1206 vero
1108 1147 1359 1219 providet
1387 1149 1561 1212 bona;
1601 1146 1730 1216 quia
1762 1146 1901 1200 tales
1927 1145 2093 1199 mittit
2123 1143 2187 1198 ad

581 1244 684 1300 hoc
699 1260 835 1315 opus
847 1243 1250 1299 exhortandum
1274 1284 1289 1309 ,
1322 1244 1413 1314 qui
1439 1241 1710 1313 probitate
1734 1255 1833 1296 sua
1855 1255 1962 1294 non
1988 1239 2188 1294 faciant

581 1338 663 1392 eis
686 1337 1002 1393 scandalum
1031 1355 1043 1389 :
1078 1335 1172 1392 sed
1200 1346 1500 1407 provocent
1521 1349 1652 1401 eos,
1685 1350 1754 1390 ne
1772 1333 1911 1389 bona
1941 1333 2186 1388 doctrina.

585 1427 835 1498 Apostoli
870 1444 966 1500 per
1013 1428 1345 1500 improvidos
1383 1428 1666 1484 ministros
1713 1427 1832 1498 ejus
1880 1427 1935 1482 in
1979 1427 2189 1496 vitupe-

581 1521 853 1576 rationem
882 1521 1124 1576 caderet.

661 1617 681 1686 (
704 1615 862 1671 Vers.
888 1615 981 1682 22,
1010 1615 1100 1671 25.
1125 1613 1144 1687 )
1177 1613 1416 1670 Misimus
1441 1622 1611 1668 autem
1632 1630 1749 1668 cum
1774 1612 1879 1668 illis
1899 1623 1947 1668 et
1975 1615 2186 1686 fratrem

583 1719 849 1776 nostrum,
897 1725 1047 1776 quem
1091 1709 1418 1780 probavimus
1444 1708 1498 1760 in
1534 1709 1710 1762 multis
1739 1723 1874 1778 swpe
1903 1707 2185 1762 sollicitum

2287 501 2370 548 ter
2413 491 2718 547 mandatur.
2773 491 3028 558 Quoniam
3077 491 3272 545 Achaia
3310 499 3497 562 parata
3551 489 3813 542 estaltaimo

2285 589 2472 657 priore.
2507 587 2634 642 Post
2657 587 2983 643 Macedones
3008 585 3234 651 Achaia,
3260 586 3313 641 id
3336 597 3441 650 est,
3470 583 3709 639 Ecclesiae
3729 600 3817 654 pro—

2285 681 2478 737 vincia:
2507 680 2726 737 Achaiae
2753 681 2887 755 (non
2914 695 3128 748 omnes,
3159 679 3284 752 quia
3315 689 3371 735 et
3394 678 3652 734 Corinthii
3673 677 3817 733 Achai-

2284 774 2333 830 ci
2357 771 2506 845 sunt)
2534 783 2974 844 praeparaverant
3001 788 3061 829 se
3083 772 3437 828 aemulatione
3459 770 3604 826 ducti
3633 769 3819 827 Macedo-

2288 885 2440 937 num,
2470 883 2526 925 ut
2566 870 2943 926 ministrarent
2971 871 3199 926 sanctis.
3225 869 3346 937 Quo
3375 867 3523 923 dicto
3545 867 3658 938 plus
3676 865 3819 922 exhor-

2286 973 2432 1020 tatur
2478 964 2816 1031 Corintltios,
2876 980 2997 1020 cum
3053 965 3186 1020 dicit
3236 964 3358 1019 illos
3403 970 3614 1032 paratos
3638 961 3697 1016 ab
3717 977 3817 1016 anno

2287 1058 2487 1128 priore,
2510 1058 2606 1113 sed
2633 1069 2952 1129 exspectare
2972 1058 3084 1128 jam
3112 1059 3215 1114 hoc
3235 1101 3248 1124 ,
3296 1067 3355 1112 ut
3393 1057 3713 1112 divideretur
3753 1059 3820 1112 mi-

2288 1152 2571 1208 nisterium
2605 1154 2822 1208 illorum
2851 1168 2950 1224 pro
2980 1153 3411 1222 uniuscujusque
3439 1150 3755 1206 necessitate.
3780 1148 3819 1205 Et

2286 1256 2455 1300 vestra
2505 1247 2769 1302 wmnlatio
2815 1249 3105 1318 provocavit
3161 1248 3361 1319 plures.
3411 1245 3541 1301 Post
3569 1243 3822 1301 Macedones

2289 1337 2547 1394 Achaiam
2579 1350 2820 1409 paratam
2844 1339 2997 1406 dicit,
3028 1339 3228 1395 deinde
3260 1346 3317 1392 ut
3359 1348 3415 1393 et
3445 1337 3698 1392 Corinthii
3735 1335 3822 1390 ﬁant

2289 1431 2464 1501 parati
2495 1431 2788 1486 secundum
2820 1432 3147 1501 promissum
3179 1445 3360 1492 suum,
3394 1437 3606 1485 caetera:
3629 1443 3738 1483 vero
3757 1427 3823 1482 Ec-

2287 1522 2474 1579 clesia:
2492 1524 2844 1579 aemulatione
2869 1523 3301 1589 Corinthiorum,
3328 1523 3457 1578 dum
3507 1521 3767 1577 audierunt
3785 1522 3822 1574 il-

2291 1615 2374 1670 los
2396 1616 2546 1686 prius
2566 1617 2754 1671 multis
2777 1617 3058 1672 erroribus
3088 1615 3257 1671 fuisse
3285 1615 3609 1686 implicatos,
3636 1624 3738 1687 post
3760 1632 3822 1668 au-

2291 1720 2399 1766 tem
2430 1711 2768 1782 corrigentes
2789 1723 2887 1766 sec
2917 1711 3077 1766 home
3096 1710 3391 1766 voluntatis
3422 1709 3658 1775 effectos,
3676 1710 3824 1764 incitati

579 1819 711 1868 esse,
735 1818 872 1856 nunc
895 1817 1014 1856 vero
1038 1802 1200 1856 multo
1221 1801 1600 1865 sollicitiorem,
1620 1801 1785 1854 multa
1801 1800 1995 1870 ﬁducia
2011 1802 2185 1869 vestri,
2224 1806 2268 1866 Β
2294 1811 2418 1857 sunt
2465 1801 2534 1856 ad
2565 1803 2766 1857 bonum
2795 1819 2966 1873 opus;
3000 1803 3122 1874 quia
3147 1802 3193 1856 si
3220 1803 3255 1856 ii
3305 1802 3397 1873 qui
3450 1812 3572 1872 post
3613 1812 3823 1870 acceptam

579 1895 685 1950 sive
704 1911 796 1965 per
819 1892 993 1948 Titum
1025 1894 1113 1964 qui
1138 1904 1215 1948 est
1241 1894 1409 1948 socius
1440 1909 1609 1958 meus,
1634 1901 1682 1946 et
1707 1893 1921 1965 adjutor
1942 1893 1996 1946 in
2023 1894 2186 1959 vobis,

578 1988 684 2041 sive
713 2004 803 2059 per
833 1987 1024 2057 fratres
1059 1995 1262 2040 nostros
1305 1986 1568 2058 apostolos
1605 1984 1964 2040 Ecclesiarum
2010 1987 2191 2056 gloria:

581 2077 799 2136 Christi.
827 2081 1009 2136 Titum
1043 2079 1170 2137 ideo
1195 2081 1403 2137 socium
1429 2096 1588 2137 suum
1609 2088 1798 2148 vocat,
1829 2082 1955 2151 quia
1985 2090 2042 2137 et
2071 2081 2189 2152 ipse

579 2176 870 2246 cpiscopus
895 2185 1044 2244 erat,
1074 2177 1162 2231 cui
1192 2177 1505 2231 ministrum
1537 2174 1690 2231 dedit
1719 2185 1909 2230 notum
1933 2175 1986 2230 in
2015 2175 2190 2231 omni-

577 2271 680 2327 bus
737 2271 999 2328 Ecclesiis
1056 2273 1228 2343 ipsius
1283 2272 1620 2344 provincim:
1678 2271 1878 2343 quibus
1935 2270 2088 2326 addit
2134 2279 2190 2328 et

577 2363 820 2421 Tertium
849 2365 1104 2432 fratrem,
1137 2367 1426 2437 probatum
1456 2365 1511 2420 in
1534 2365 1719 2421 multis
1741 2365 2000 2437 Operibus
2031 2365 2190 2421 bonis

579 2466 744 2530 atque
781 2460 1100 2516 sollicitum.
1137 2469 1162 2496 α
1191 2459 1297 2516 Per
1335 2459 1442 2516 Titi
1473 2470 1655 2516 autem
1687 2461 2012 2515 relationem
2042 2459 2188 2516 relc-

573 2553 744 2606 rentis
770 2551 969 2606 bonam
989 2553 1330 2608 voluntatem
1351 2552 1766 2608 Corinthiorum
1790 2561 1844 2608 et
1861 2561 2187 2608 creterorum

577 2642 870 2698 missorum
889 2685 904 2709 ,
929 2659 1067 2714 quos
1090 2645 1370 2714 apostolos
1390 2644 1759 2700 Ecclesiarum
1777 2645 1966 2715 glorim
1987 2643 2187 2701 Christi

572 2735 851 2804 appellat,
907 2735 1291 2790 sollicitiorem
1337 2751 1397 2790 se
1431 2737 1630 2791 factum
1680 2736 1922 2792 ostendit
1970 2737 2186 2794 videndi

577 2827 741 2896 illos,
770 2837 826 2884 et
872 2828 1202 2884 exhortandi
1236 2827 1304 2883 ad
1332 2829 1693 2884 ministerium
1725 2840 2059 2886 sanctorum.
2093 2830 2186 2886 Fi-

578 2921 794 2977 duciam
822 2923 969 2978 enim
1013 2923 1260 2994 accepit,
1294 2922 1525 2978 audiens
1557 2922 1810 2978 meliores
1848 2938 1970 2980 esse
2016 2923 2189 2980 factos

576 3015 920 3072 Corinthios.
953 3015 1108 3073 Unde
1128 3017 1409 3088 satagebat
1430 3019 1494 3071 ad
1522 3030 1645 3082 eos,
1671 3025 1853 3072 certus
1876 3017 1998 3088 quia
2020 3018 2187 3072 obau-

580 3109 766 3166 dirent
792 3110 938 3166 bona
966 3124 1134 3180 opera
1161 3108 1366 3165 facere.

655 3202 861 3275 (Vers.
894 3203 984 3258 9.4.
1012 3203 1031 3274 )
1070 3201 1479 3258 Ostentationem
1524 3219 1642 3276 ergo
1673 3203 1942 3260 charitatis
1967 3213 2174 3273 vestra},
2213 3205 2259 3269 C

576 3306 625 3351 et
652 3306 843 3353 nostra:
905 3315 1002 3368 pro
1030 3297 1170 3352 vobis
1196 3298 1562 3353 exsultationis
1593 3298 1939 3355 demonstrate
1965 3300 2020 3354 in
2057 3299 2186 3371 ipsis

575 3391 631 3446 in
659 3391 796 3463 facie
822 3390 1195 3447 Ecclesiarnm.
1229 3391 1554 3448 Commonet
1587 3408 1682 3449 eos
1704 3435 1720 3461 ,
1749 3402 1808 3449 ut
1846 3392 1901 3449 in
1933 3393 2018 3448 his
2047 3409 2186 3464 quos

577 3483 773 3551 mittit,
806 3483 1154 3540 dilectionem
1179 3499 1332 3540 suam
1357 3485 1647 3541 ostendant
1673 3503 1688 3551 ;
1713 3496 1771 3541 ut
1800 3487 1940 3542 bona
1970 3502 2092 3557 qum
2115 3487 2184 3543 de

575 3577 709 3647 ipsis
733 3577 1055 3648 audierant,
1082 3594 1211 3636 vera
1241 3580 1561 3651 probarent.
1612 3579 1701 3637 Sic
1731 3581 1875 3637 enim
1923 3581 2181 3637 ostende-

575 3670 706 3728 bant
737 3672 1033 3743 profecisse
1063 3688 1124 3729 se
1152 3675 1374 3730 monitis
1398 3673 1678 3746 Apostoli,
1713 3676 1756 3730 si
1789 3676 1986 3731 missos
2016 3676 2084 3732 ab
2114 3692 2181 3732 eo

573 3781 694 3824 cum
714 3767 923 3825 honore
945 3770 1290 3841 exciperent;
1313 3778 1373 3826 ut
1393 3778 1606 3826 caetera;
1629 3769 1891 3826 Ecclesiae
1919 3785 2182 3841 agnosce-

568 3870 695 3917 rent
747 3877 873 3918 vera
924 3878 1050 3920 esse
1097 3863 1274 3931 bona,
1329 3878 1450 3934 quae
1499 3862 1569 3920 dc
1599 3863 1680 3919 eis
1726 3862 1833 3918 dici
1873 3872 2175 3933 casperant.

571 3951 842 4008 Provocat
887 3969 1022 4025 ergo
1068 3955 1282 4010 animos
1330 3969 1553 4020 eorum,
1601 3955 1727 4024 quia
1766 3953 1835 4010 de
1881 3969 1992 4024 quo
2039 3953 2178 4010 bene

571 4048 838 4116 sentitur,
869 4047 896 4085 δ
929 4049 1069 4105 solet
1100 4064 1161 4105 se
1195 4049 1480 4104 meliorem
1513 4049 1776 4118 praebere.

1197 4141 1432 4199 CAPUT
1472 4141 1563 4198 IX.

645 4235 826 4306 (Vers.
860 4238 912 4304 1,
938 4238 1020 4308 2.)
1053 4236 1195 4291 Nam
1220 4237 1283 4292 de
1317 4237 1602 4291 ministerio
1628 4238 1766 4307 quod
1794 4238 1849 4307 ﬁt
1872 4240 1925 4291 in
1943 4249 2170 4306 sanctos,

573 4344 942 4400 supervacuum
965 4338 1036 4384 est
1049 4329 1174 4385 mihi
1193 4329 1414 4384 scribere
1429 4329 1707 4396 robis;scio
1727 4331 1859 4385 enim
1880 4343 2174 4401 promptam

571 4422 884 4476 voluntatem
906 4431 1146 4488 vestram,
1172 4437 1265 4490 pro
1295 4438 1396 4490 qua
1417 4421 1481 4474 de
1505 4421 1644 4474 vobis
1665 4421 1863 4493 glorior
1891 4422 2033 4492 apud
2056 4421 2176 4478 Ma-

566 4513 809 4569 cedones.
840 4515 907 4569 Et
944 4514 1061 4571 haec
1082 4515 1406 4571 oblectantis
1446 4514 1608 4570 verba
1649 4523 1796 4570 sunt.
1825 4514 2170 4585 Superﬂuum

2295 1895 2456 1952 ﬁdem
2481 1897 2624 1952 male
2643 1897 2842 1953 versati
2867 1906 3017 1963 sunt,
3048 1896 3187 1952 hanc
3234 1907 3520 1967 coeperant
3565 1895 3740 1950 habere
3763 1910 3824 1950 re

2293 1989 2595 2058 luntatcm;
2637 2001 2842 2064 quanto
2882 1993 3053 2063 magis
3107 1991 3218 2059 isti,
3254 1992 3306 2046 in
3358 1991 3558 2061 quibus
3599 1991 3703 2048 haec
3735 1991 3822 2044 vitii

2294 2097 2401 2138 non
2433 2095 2560 2140 sunt
2590 2095 2826 2156 reperta.

2364 2175 2544 2248 (Vera.
2577 2176 2658 2248 5.)
2695 2175 2819 2230 Misi
2865 2187 3036 2230 autem
3082 2177 3310 2246 fratres;
3365 2193 3429 2232 ne
3474 2178 3638 2249 gloria
3665 2185 3823 2238 nostra,

2290 2284 2393 2340 qua
2421 2284 2506 2323 vos
2527 2269 2881 2339 praeferimus,
2912 2269 3086 2325 inanis
3112 2271 3205 2339 ﬁat
3232 2271 3286 2325 in
3309 2271 3410 2324 hac
3437 2281 3616 2341 parte;
3641 2279 3687 2323 ut
3705 2285 3826 2338 quaa-

2291 2363 2575 2418 adntodum
2621 2364 2754 2432 dixi,
2789 2365 2962 2435 parati
3011 2366 3142 2419 sitis.
3195 2365 3304 2420 Hos
3354 2365 3552 2420 fratres
3592 2372 3824 2419 memorat.

2291 2474 2428 2530 quos
2458 2474 2646 2530 supra,
2679 2460 2730 2515 id
2758 2470 2862 2528 est,
2893 2461 3098 2528 Titum,
3132 2471 3186 2516 et
3216 2477 3354 2532 quos
3383 2463 3434 2518 ei
3461 2459 3824 2531 adjunxitadju-

2291 2562 2471 2620 tores,
2503 2554 2597 2626 qui
2644 2555 2945 2626 impensius
2973 2555 3408 2611 exhortareutur
3441 2569 3536 2611 eos
3568 2554 3632 2609 ad
3662 2552 3827 2625 promis-

2291 2646 2501 2702 sionem
2533 2647 2862 2718 implendam
2893 2650 2946 2704 in
2982 2649 3286 2704 ministerio
3323 2658 3662 2713 sanctorum;
3688 2656 3824 2702 utnon

2291 2738 2466 2794 solum
2515 2738 2751 2806 litteris,
2786 2739 2882 2796 sed
2915 2751 2968 2796 et
3017 2741 3156 2798 facie
3201 2741 3268 2796 ad
3316 2741 3514 2797 faciem
3553 2741 3824 2796 oblectarent

2289 2848 2384 2889 eos
2412 2833 2624 2889 crebris
2654 2833 3119 2891 admonitionibus
3144 2852 3158 2900 ;
3187 2850 3258 2892 ne
3289 2835 3580 2891 exsultatio
3622 2833 3823 2905 apostoli.

2291 2942 2397 3000 qua
2434 2928 2486 2983 in
2520 2929 2813 3000 splendore
2855 2929 3021 2986 animi
3052 2946 3240 2986 eorum
3280 2930 3630 3001 gloriabatur,
3660 2943 3824 2984 evacua-

2290 3031 2463 3078 retur.
2498 3022 2709 3094 Saepius
2747 3038 2878 3094 ergo
2905 3023 3007 3078 hoc
3057 3039 3408 3090 memorans,
3461 3021 3821 3079 sollicitudinem

2289 3130 2444 3171 suam
2474 3117 2619 3173 circa
2647 3131 2742 3174 eos
2771 3117 3029 3184 ostendit,
3062 3117 3256 3173 nolens
3289 3117 3411 3172 illos
3437 3116 3698 3173 confundi.

2364 3210 2547 3283 (Vers.
2578 3211 2662 3284 4.)
2691 3211 2772 3267 Ne
2811 3229 2926 3266 cum
2973 3213 3201 3266 venerint
3234 3227 3434 3266 mecum
3468 3209 3772 3270 Macedones,
3794 3216 3822 3258 rt

2288 3304 2574 3359 invenerint
2603 3321 2690 3360 vos
2716 3306 3019 3374 imparatos,
3053 3306 3413 3361 erubescamus
3441 3323 3532 3361 nos
3549 3346 3565 3373 ,
3592 3316 3646 3360 ut
3666 3320 3747 3358 non
3767 3302 3820 3354 diu

2289 3416 2402 3453 cam
2428 3416 2606 3455 onmes
2633 3416 2743 3466 vos,
2770 3402 2824 3454 in
2872 3401 2971 3455 hac
3000 3409 3168 3468 parte.
3205 3400 3550 3455 Manifestum
3575 3407 3652 3454 est
3679 3396 3775 3469 quia
3792 3396 3820 3448 si

2286 3509 2395 3548 non
2440 3492 2544 3548 hoc
2588 3492 2869 3550 inventum
2913 3492 3115 3560 fuerit,
3148 3492 3295 3564 quod
3334 3491 3649 3548 testificatus
3688 3485 3820 3546 estde

2286 3585 2392 3654 his,
2422 3595 2479 3643 et
2527 3586 2647 3658 ipse
2667 3587 2973 3654 erubescat,
3003 3586 3071 3642 de
3099 3587 3232 3657 ipsis
3269 3595 3326 3642 et
3356 3587 3461 3658 ipsi
3492 3586 3711 3657 amplius
3732 3596 3818 3637 con-

2282 3679 2608 3748 fundantur;
2639 3683 2730 3753 qni
2758 3697 2858 3737 nec
2888 3690 3179 3753 propterea
3209 3681 3355 3752 quod
3393 3681 3550 3738 testis
3578 3681 3650 3737 eis
3670 3675 3818 3734 exstitit

2282 3772 2598 3843 Apostolus,
2625 3773 2676 3828 id
2703 3789 2868 3845 agere
2893 3775 2994 3829 nisi
3018 3782 3168 3839 sunt,
3199 3789 3311 3844 quo
3341 3789 3528 3832 verum
3569 3771 3688 3828 illud
3720 3769 3818 3824 lace

2281 3876 2406 3924 rent
2432 3867 2518 3923 vel
2547 3877 2770 3939 propter
2793 3868 2926 3923 tanti
2957 3867 3058 3922 viri
3083 3882 3406 3938 personam.

2357 3959 2540 4030 (Vers.
2567 3960 2648 4031 5.)
2680 3958 3043 4015 Necessarium
3069 3977 3193 4032 ergo
3235 3960 3527 4016 existimavi
3551 3972 3711 4030 rogare
3746 3953 3819 4023 [rl-

2282 4065 2404 4119 tres,
2439 4063 2493 4107 ut
2524 4053 2872 4122 prtccederent
2899 4053 2967 4107 ad
2994 4070 3103 4119 vos,
3129 4063 3177 4109 et
3194 4063 3550 4126 prtepararent
3571 4049 3811 4125 promissam

2281 4146 2308 4182 ει
2337 4145 2736 4201 benedictionem
2782 4146 2918 4201 hanc
2945 4156 3168 4202 vestram
3211 4158 3453 4218 paratam
3499 4163 3603 4203 esse
3628 4161 3644 4200 :
3670 4141 3747 4198 sed
3765 4140 3814 4191 sit

2279 4239 2428 4309 quasi
2455 4238 2896 4307 benedictionem,
2933 4256 3034 4295 non
3084 4242 3232 4312 quasi
3278 4230 3814 4296 circumventionem.“

2277 4332 2702 4388 sollicitudinem
2757 4348 2909 4388 suam
2948 4333 3128 4399 adhuc
3173 4335 3528 4402 manifestet,
3572 4342 3756 4404 rogasse
3776 4337 3816 4378 se

2277 4424 2414 4480 dixit
2446 4426 2659 4492 fratres,
2688 4443 2786 4496 per
2831 4443 2969 4499 quos
2997 4428 3265 4484 admoniti
3311 4429 3690 4502 adimplerent,
3714 4418 3815 4492 (ιιιθά

2277 4519 2662 4591 promiserant,
2712 4528 2771 4577 et
2813 4536 2920 4577 non
2952 4521 3275 4592 implebant.
3321 4523 3460 4578 Cum
3507 4537 3659 4593 supra
3683 4517 3814 4573 Titum

564 4606 714 4661 enim
744 4620 867 4662 esse
888 4606 1019 4663 dicit
1040 4608 1284 4664 scribere
1311 4622 1373 4664 se
1399 4607 1469 4663 de
1496 4608 1827 4677 ministerio,
1849 4609 1994 4679 quod
2027 4610 2086 4664 lit
2115 4601 2168 4665 in
2199 4608 2252 4668 D
2277 4613 2421 4669 dicat
2439 4615 2816 4671 voluntarium
2841 4615 3171 4687 profectum,
3197 4623 3301 4673 hoc
3329 4629 3436 4684 est,
3472 4634 3576 4674 non
3603 4617 3671 4672 illi
3693 4609 3815 4668 fuisse

571 4707 815 4764 sanctos,
849 4708 909 4754 ut
930 4699 998 4754 de
1024 4697 1113 4755 his
1143 4699 1284 4755 bene
1319 4699 1476 4772 193
1502 4700 1710 4756 sentire
1752 4700 2007 4755 videatur
2038 4719 2051 4756 :
2084 4716 2176 4756 su-

568 4791 839 4862 perﬂuum
877 4801 959 4847 est
983 4791 1127 4846 enim
1157 4792 1200 4847 si
1226 4806 1580 4847 commoneas
1617 4807 1768 4859 eum,
1820 4807 1982 4862 quem
2030 4793 2174 4848 scias

563 4887 861 4942 facturum.
887 4884 995 4941 Sed
1020 4894 1077 4939 ttt
1097 4885 1432 4955 diligentiam
1456 4899 1609 4938 suam
1629 4883 1902 4950 ostendat,
1920 4899 2176 4939 necessa-

561 4979 704 5034 rium
727 4988 811 5033 est
828 4979 1125 5043 utscribat,
1139 4985 1193 5032 et
1210 4986 1269 5032 ut
1286 4977 1386 5032 hos
1399 4977 1764 5047 promptiores
1781 4975 1961 5043 iaciat,
1976 4977 2170 5046 etquid

559 5072 629 5127 de
656 5073 737 5128 eis
760 5071 977 5127 caeteris
1003 5069 1292 5141 praedicet,
1327 5071 1662 5126 manifestet.
1691 5069 1976 5140 Superllua
2022 5075 2168 5128 enim

556 5163 742 5219 solent
771 5162 1032 5233 majorem
1057 5177 1250 5232 parere
1275 5161 1730 5228 sollicitudinem;
1765 5178 1890 5216 nam
1913 5173 1966 5216 et
1987 5163 2169 5219 Domi-

561 5269 664 5310 nus
699 5269 806 5310 non
842 5254 1096 5310 dubitans
1128 5253 1199 5309 de
1231 5269 1423 5308 amore
1469 5269 1595 5325 erga
1645 5267 1704 5309 se
1742 5253 1882 5308 Petri
1935 5254 2170 5324 apostoli

561 5350 724 5403 tertio
775 5349 908 5404 dicit
947 5348 998 5404 ei
1029 5366 1043 5402 :
1069 5347 1254 5404 Simon
1290 5345 1539 5414 Joannis,
1570 5363 1717 5400 amas
1742 5363 1824 5400 me
1843 5344 2025 5415 (Joan.
2051 5364 2164 5416 χιιι,

568 5441 702 5511 17)ἳ
725 5442 854 5507 Qua:
882 5443 1020 5497 trina
1046 5441 1304 5513 repetitio
1329 5439 1772 5511 quasisuperﬂua
1803 5439 2038 5507 videtur,
2067 5442 2163 5497 sed

566 5531 788 5600 prodest
815 5533 880 5587 ad
907 5534 1302 5602 perfectionem
1356 5532 1719 5597 munitionis;
1753 5538 1814 5585 ut
1857 5533 1994 5586 sciat
2043 5547 2163 5588 ma-

633 5697 659 5725 α
697 5685 947 5742 Nonnulli
971 5703 1127 5753 mss.,
1153 5687 1257 5742 Per
1275 5686 1381 5742 Titi
1399 5696 1569 5740 autem
1593 5686 1971 5742 reuelationem.

633 5758 658 5794 ι’
698 5759 861 5813 Cori).
893 5758 1042 5825 cod.,
1065 5775 1174 5813 sese
1200 5761 1467 5814 meliorem
1491 5758 1638 5812 debet
1659 5757 1902 5824 prmbere.

637 5841 657 5866 ἰ
697 5827 924 5899 Quidam
947 5843 1102 5888 mss”
1131 5829 1276 5884 bonae
1304 5829 1585 5884 voluntatis
1615 5826 1896 5894 affectibus.

2275 4716 2573 4772 extortum,
2595 4707 2689 4764 sed
2722 4724 2847 4763 mox
2880 4719 2937 4764 ut
2962 4709 3192 4776 audivit,
3212 4709 3450 4766 libenter
3477 4711 3726 4781 amplexus
3740 4712 3811 4760 est:

2276 4809 2336 4854 ut
2366 4799 2616 4858 videatur
2661 4803 3002 4857 voluntarius
3051 4803 3118 4858 ad
3160 4804 3288 4859 illos
3337 4805 3612 4875 profectus
3650 4805 3813 4873 propter

2276 4907 2428 4960 spem
2454 4893 2670 4948 illorum
2701 4909 2715 4948 :
2749 4909 2893 4950 nunc
2923 4911 3031 4950 nun
3072 4895 3198 4952 ideo
3240 4911 3300 4952 se
3329 4912 3555 4969 rogasse
3583 4896 3672 4950 hos
3690 4887 3813 4960 signi-

2279 4984 2435 5049 ﬁcat,
2464 4985 2616 5055 quasi
2645 4985 2893 5042 nolentes
2921 4987 3028 5055 ire;
3065 4988 3161 5042 sed
3194 5005 3352 5043 suum
3401 4988 3640 5044 affectum
3667 4981 3812 5054 ρτοὺιι

2276 5076 2419 5135 circa
2462 5076 2618 5141 illos,
2652 5078 2868 5148 quando
2917 5079 3168 5136 volentes
3215 5080 3299 5136 ire
3350 5081 3572 5152 insuper
3597 5079 3809 5148 rogaui"

2277 5169 2396 5223 sine
2417 5168 2597 5238 aliqua
2623 5184 2777 5225 mora
2807 5169 2917 5237 fiat,
2948 5170 3091 5240 quod
3119 5181 3176 5226 ct
3202 5171 3283 5227 illi
3308 5173 3528 5239 volunt,
3554 5180 3604 5226 et
3631 5169 3702 5224 hic
3721 5177 3809 5234 pre
3845 5207 3847 5210 ι

2273 5267 2450 5316 catur.
2485 5261 2599 5316 Hoc
2625 5277 2755 5333 ergo
2784 5264 2898 5333 agit
2923 5279 3046 5318 cum
3074 5264 3180 5331 his,
3217 5273 3279 5319 ut
3305 5265 3360 5320 in
3393 5262 3722 5337 promissione
3739 5266 3807 5309 sua

2275 5351 2466 5407 fideles
2510 5353 2650 5421 sint,
2678 5363 2735 5409 et
2759 5369 2818 5409 se
2854 5355 2976 5410 ideo
3020 5371 3377 5413 commonere
3423 5366 3632 5429 prepter
3665 5346 3808 5407 existi-

2273 5445 2562 5501 mationem
2592 5446 2825 5513 illorum,
2856 5462 2964 5503 non
2993 5449 3424 5517 circumvenire;
3452 5451 3543 5505 sed
3571 5456 3622 5502 ut
3645 5452 3804 5499 tantum

2268 5532 2522 5602 offerant,
2552 5546 2813 5607 quantum
2845 5555 2952 5595 non
2979 5544 3266 5610 poeniteat.

2331 5692 2358 5730 ἀ
2397 5693 2556 5751 Rom.
2583 5697 2743 5765 edit.,
2773 5700 3176 5759 benedictionem
3216 5706 3352 5760 hanc
3380 5688 3586 5760 vestram
3614 5699 3728 5755 ειεό
3747 5696 3802 5751 si!

2255 5780 2368 5818 eant
2400 5778 2634 5834 paratam
2663 5785 2788 5836 esse,
2818 5775 2998 5840 quasi,
3026 5786 3134 5830 etc.
