3978 6310
89 267 197 328 315

849 275 1352 336 COMMENTARIA
1391 276 1458 336 lN
1502 272 1723 334 EPIST.
1767 276 1864 334 AD
1898 278 2227 338 CORINTH.
2267 280 2667 341 SECUNDAM.

3290 284 3391 343 3H

163 393 353 465 (Vers.
381 396 437 466 6,
467 397 544 471 7.)
576 398 689 454 Hoc
731 411 900 456 autem
947 402 1062 457 dico
1087 418 1106 456 :
1134 403 1256 469 quia
1285 402 1372 472 qui
1418 417 1568 472 parce
1601 414 1685 453 se-
1713 401 2088 462 Acernuntur
2150 400 2218 456 ab
2272 401 2395 467 his;
2429 401 2552 471 quia
2601 399 2656 456 hi
2705 401 2848 458 servi
2908 399 3002 458 Dei
3040 408 3200 469 sunt,
3262 401 3390 458 insi-

93 489 276 556 minat,
313 509 469 559 parce
491 507 541 551 et
573 504 734 550 metet.
760 497 990 554 Parcum
1013 503 1254 554 avarum
1281 496 1570 570 significat,
1603 495 1692 552 cui

94 593 476 653 extorquetur.
512 600 566 643 ut
595 589 812 656 inferat;
846 593 1071 662 pmnitet
1091 591 1237 648 enim
1260 593 1386 664 quia
1419 590 1690 662 promisit.

93 674 211 730 Hoc
239 677 311 733 de
338 680 588 736 tarditate
636 683 848 738 illorum
897 684 1138 754 colligit,
1181 683 1270 755 qui
1315 683 1442 740 olim
1487 683 1692 754 promi-

93 781 311 836 serant,
339 783 394 827 et
418 773 508 828 diu
555 775 948 832 deliberabant.
980 778 1116 833 lluic
1143 793 1308 849 parco
1340 793 1503 846 parva
1548 792 1690 833 mes—

91 863 166 916 sis
196 872 319 928 est;
349 865 471 936 quia
503 881 624 922 cum
652 868 992 926 dubitatione
1033 872 1298 938 seminat;
1330 873 1505 927 nescit
1541 873 1686 927 enim

88 955 352 1026 prodesse
379 960 522 1029 quod
570 961 722 1018 facit.
756 963 862 1029 Qui
908 973 1081 1019 autem
1127 966 1181 1019 in
1231 965 1582 1020 benedictione
1608 981 1689 1019 se-

88 1050 251 1104 minat
284 1052 349 1106 de
389 1054 736 1110 benedictione
790 1067 837 1110 et
866 1065 1035 1111 metet.
1070 1056 1170 1112 llic
1219 1057 1274 1112 in
1306 1056 1689 1114 benedictione

88 1143 352 1211 seminat,
398 1147 489 1218 qui
535 1148 677 1206 bona
717 1151 998 1209 voluntate
1026 1154 1128 1209 sub
1165 1169 1263 1224 spe
1303 1153 1495 1211 futura:
1523 1155 1689 1211 retri-

86 1235 330 1293 butionis
357 1239 457 1296 hoc
483 1242 614 1312 agit.
648 1242 1012 1317 Unusquisque
1035 1248 1320 1302 secundum
1362 1249 1686 1320 propositum

88 1332 286 1397 cordis,
320 1349 421 1388 non
464 1351 528 1389 ea:
557 1337 770 1392 tristitia
814 1350 902 1394 aut
931 1343 1270 1409 necessitate;
1299 1343 1520 1398 hilarem
1549 1343 1686 1398 enim

87 1426 323 1479 datorem
351 1427 518 1498 diligit
561 1427 722 1485 Deus.
759 1433 924 1488 Docet
954 1435 1076 1490 illos
1108 1445 1236 1491 tunc
1277 1435 1543 1507 prodesse
1585 1439 1686 1492 hoc

85 1518 138 1572 in
171 1517 434 1583 futurum.
466 1524 509 1576 si
542 1523 664 1581 lzcto
693 1527 875 1583 animo
903 1529 1014 1584 liat.
1047 1531 1124 1585 Ex
1159 1530 1242 1584 his
1268 1535 1414 1586 enim
1447 1532 1539 1602 qui
1591 1534 1682 1586 in-

84 1613 286 1680 ferunt,
314 1614 458 1671 hunc
484 1617 644 1690 elegit
678 1619 844 1684 Deus.
873 1622 958 1678 cui
986 1625 1340 1691 retribuatur,
1365 1625 1456 1696 qui
1481 1625 1685 1680 devoto

81 1707 246 1764 corde
267 1719 560 1780 operatur,
595 1714 751 1784 quasi
783 1714 1153 1772 thesaurizans
1184 1717 1326 1788 apud
1363 1718 1529 1773 Deum
1558 1717 1682 1788 quia

1795 502 2002 550 stentes
2029 493 2366 550 orationibus
2389 504 2444 551 et
2466 494 2714 566 jejuniis,
2743 511 2929 566 puram
2951 496 3120 552 vitam
3145 505 3389 568 agentes,

1793 589 1932 645 sicut
1962 598 2016 645 et
2043 590 2195 645 Anna
2221 588 2563 660 prophetissa
2593 588 2744 661 (Luc.
2775 607 2836 657 tt,
2861 592 2978 664 '57),
3003 607 3123 664 qua:
3146 608 3252 648 non
3281 591 3392 649 dis-

1792 682 2020 739 cedebat
2050 683 2121 738 dc
2148 684 2383 754 templo,
2406 683 2629 754 jejuniis
2669 695 2725 740 et
2770 686 3108 743 orationibus
3154 688 3399 744 serviens

1792 777 1881 833 die
1909 793 1971 832 ac
2001 788 2183 844 nocte,
2212 793 2428 834 omnem
2452 776 2655 847 :mundi
2677 793 2865 834 curam
2905 789 3262 852 postponens.
3294 781 3398 836 Mi-

1791 862 2091 927 sericordia
2132 886 2262 942 ergo
2314 871 2466 935 hate,
2515 870 2724 941 justitia
2769 872 3041 943 appellata
3096 882 3216 937 est;
3268 875 3394 944 quia

1791 965 1969 1022 sciens
1999 966 2090 1037 qui
2123 965 2371 1036 largitur,
2393 964 2577 1021 omnia
2609 965 2778 1020 Deum
2819 967 3189 1022 communiter
3217 965 3395 1022 omni-

1791 1058 1892 1115 bus
1921 1058 2084 1124 dare,
2114 1058 2236 1129 quia
2267 1059 2345 1113 sol
2376 1057 2494 1128 ejus
2521 1057 2776 1112 omnibus
2807 1059 3004 1123 oritur,
3035 1066 3091 1113 et
3117 1058 3253 1129 pluit
3281 1073 3398 1114 om-

1790 1152 1982 1217 nibus,
2032 1159 2090 1207 et
2138 1160 2336 1206 terram
2390 1149 2646 1206 omnibus
2693 1148 2844 1205 dedit
2886 1166 2902 1204 :
2951 1149 3156 1207 idcirco
3206 1151 3402 1205 dividit

1790 1259 1913 1300 cum
1943 1244 2029 1312 iis,
2055 1246 2145 1316 qui
2172 1244 2386 1314 copiam
2415 1251 2578 1299 terra:
2605 1259 2716 1298 non
2749 1243 2980 1308 habent;
3022 1259 3091 1299 ne
3117 1244 3396 1299 beneﬁciis

1791 1337 1889 1394 Dei
1917 1338 2115 1409 privati
2140 1338 2445 1394 videantur.
2469 1336 2498 1376 ι)
2521 1336 2710 1393 Justus
2735 1352 2867 1409 ergo
2897 1349 3006 1404 est,
3045 1339 3135 1409 qui
3164 1337 3264 1392 sibi
3293 1338 3394 1393 soli

1788 1447 1896 1487 non
1925 1431 2154 1497 detinet,
2186 1431 2330 1502 quod
2355 1431 2459 1486 scit
2481 1431 2734 1487 omnibus
2760 1431 2944 1486 datum
2971 1448 2984 1484 :
3008 1441 3062 1487 et
3084 1432 3264 1500 justus
3288 1445 3394 1486 non

1789 1523 1967 1580 solum
2015 1524 2121 1579 hoc
2163 1524 2217 1578 in
2250 1534 2518 1594 tempore,
2547 1523 2643 1580 sed
2673 1533 2728 1579 et
2757 1524 2808 1580 in
2854 1532 3120 1579 internum
3144 1540 3160 1588 ;
3186 1523 3312 1594 quia
3340 1523 3394 1578 in

1788 1619 1993 1676 sarculo
2019 1619 2204 1674 futuro
2233 1621 2372 1674 hanc
2404 1618 2625 1674 habebit
2653 1633 2842 1675 secum
2871 1619 2924 1674 in
2958 1627 3302 1688 perpetuum.

1861 1712 2045 1786 (Vcrs.
2078 1712 2165 1780 10,
2202 1713 2317 1783 ll.)
2347 1712 2448 1780 Qui
2495 1722 2667 1768 autem
2697 1712 3054 1767 subministrat
3099 1727 3271 1767 semen
3311 1727 3396 1766 se-

79 1800 171 1870 qui
217 1801 420 1858 invitus
466 1803 592 1859 facit
642 1818 866 1877 propter
913 1818 1238 1879 praesentem
1271 1809 1567 1881 pudorem,
1613 1827 1680 1866 ne
1710 1803 1759 1866 B
1787 1805 2004 1860 minanti
2038 1816 2128 1860 :et
2161 1823 2347 1876 panem
2377 1805 2446 1859 ad
2477 1804 2727 1860 edendum
2751 1803 3063 1860 ministrabit
3093 1819 3111 1858 :
3139 1814 3188 1857 et
3220 1803 3396 1857 multi—

78 1892 198 1947 aliis
241 1893 608 1953 inferentibus
658 1899 829 1970 turpis
862 1901 1198 1970 inveniatur,
1231 1902 1538 1959 mercedem
1574 1918 1680 1958 non

82 1982 262 2042 habet.

147 2081 336 2151 (Vers.
368 2081 450 2155 8.)
488 2081 680 2140 Potens
727 2102 801 2141 est
843 2085 981 2142 Deus
1023 2105 1220 2143 omnem
1251 2091 1476 2159 gratiam
1517 2091 1683 2144 abun-

79 2175 200 2230 dare
227 2179 405 2248 facere
429 2177 484 2232 in
511 2178 671 2234 vobis.
707 2179 868 2253 195
896 2181 993 2236 Dei
1035 2185 1331 2252 potentiam
1357 2183 1552 2240 adesse
1575 2184 1685 2240 illis

79 2276 340 2337 exaptat,
367 2277 426 2323 ut
470 2273 613 2326 sicut
663 2272 715 2326 in
747 2273 1104 2330 emendandis
1132 2275 1277 2331 vitiis
1321 2274 1391 2332 et
1421 2276 1686 2332 doctrinae

77 2365 313 2416 veritate
343 2364 659 2434 compungit
707 2367 872 2421 corda
907 2367 1152 2434 illorum;
1189 2369 1260 2422 ita
1288 2377 1343 2424 et
1390 2371 1440 2424 in
1468 2369 1571 2424 hoc
1599 2369 1676 2423 fa-

77 2464 203 2511 veat
226 2456 422 2526 emptis
445 2459 682 2528 illorum,
709 2469 767 2515 ιιι
787 2461 1064 2517 abundent
1088 2461 1143 2517 in
1171 2463 1319 2516 mnui
1352 2478 1517 2533 opere
1542 2464 1687 2517 bono

81 2565 180 2620 per
207 2552 434 2621 gratiam
469 2551 584 2607 Dei.
619 2551 689 2608 Ut
736 2554 789 2607 in
817 2555 1053 2609 omnibus
1091 2571 1287 2627 semper
1314 2571 1516 2610 omnem
1542 2556 1685 2626 sufﬁ-

82 2645 321 2700 cientiam
350 2645 616 2715 habentes,
645 2648 919 2704 abundetis
959 2651 1012 2703 in
1044 2650 1184 2705 omni
1210 2667 1362 2721 apere
1388 2650 1540 2704 bono.
1572 2650 1688 2706 lloc

82 2739 213 2796 dicit
239 2750 296 2796 et
321 2749 506 2812 optat,
537 2752 594 2797 ut
623 2743 674 2797 in
702 2744 850 2798 omni
879 2759 937 2799 re
964 2759 1182 2813 semper
1210 2742 1543 2799 sullicieutes
1586 2744 1688 2799 sibi

84 2834 190 2888 sint
240 2836 337 2890 Dei
390 2845 556 2902 nutu,
594 2851 695 2892 nec
724 2835 1000 2908 indigeant
1027 2837 1127 2904 iis,
1170 2853 1292 2908 quae
1335 2838 1403 2892 ad
1454 2838 1686 2893 salutem

85 2932 396 2987 necessaria
450 2941 601 2986 sunt.
649 2932 706 2987 Si
757 2948 884 3004 ergo
935 2934 1314 2990 sufﬁcientiam
1367 2935 1539 2990 solam
1581 2934 1687 2988 sibi

85 3025 304 3093 eligant,
341 3033 602 3095 poterunt
627 3025 682 3080 in
722 3027 812 3082 Dei
843 3042 1009 3097 opere
1034 3027 1345 3095 abundare;
1379 3027 1511 3082 illud
1541 3029 1686 3083 enim

83 3117 185 3174 sibi
213 3118 503 3174 retinendo
547 3119 692 3191 quod
735 3120 936 3177 suflicit
956 3163 972 3188 ,
995 3133 1194 3177 cmtera
1224 3123 1278 3177 in
1310 3137 1442 3178 usus
1469 3134 1687 3179 sancto-

85 3230 199 3270 rum
246 3219 336 3273 vel
394 3233 692 3288 pauperum
742 3218 1058 3290 impendant
1086 3235 1311 3276 necesse
1337 3232 1420 3277 cst
1452 3240 1464 3275 :
1496 3232 1551 3277 et
1583 3223 1685 3278 hoc

84 3311 182 3365 erit
209 3311 494 3367 abundare
523 3314 576 3367 in
603 3313 751 3367 omni
797 3327 965 3383 opere
1017 3315 1179 3369 bono.
1215 3313 1370 3370 Licet
1397 3318 1540 3370 enim
1571 3318 1686 3372 exi-

83 3405 168 3475 gui
199 3404 440 3461 hominis
490 3422 717 3476 parvum
758 3407 861 3473 sit,
893 3407 1033 3477 quod
1065 3408 1272 3474 tribuit,
1315 3409 1554 3464 abundat
1600 3418 1684 3464 ta-

84 3513 226 3565 men,
254 3498 388 3570 quia
417 3508 568 3554 recto
603 3499 808 3568 judicio
838 3500 921 3567 lit,
956 3509 1013 3555 et
1050 3517 1158 3555 non
1191 3503 1367 3556 solum
1415 3504 1681 3573 quzeritur

83 3602 379 3661 quantum;
431 3591 525 3648 sed
558 3601 614 3648 et
660 3592 726 3647 de
753 3603 993 3664 quanto,
1035 3601 1091 3648 et
1119 3609 1227 3664 quo
1275 3594 1459 3649 animo
1505 3594 1686 3650 detur.

88 3684 324 3759 Denique
373 3687 469 3742 illa
509 3687 669 3742 vidua
718 3688 771 3742 iu
826 3688 1122 3758 Evangelio
1171 3687 1340 3760 (Luc.
1378 3703 1494 3754 xxx,
1527 3689 1689 3760 5)de

86 3793 247 3848 parvo
276 3781 508 3837 laudata
535 3792 613 3837 est
639 3821 656 3848 ,
685 3790 738 3836 ct
764 3781 854 3850 qui
907 3781 1074 3836 multa
1123 3781 1449 3848 mittebant,
1483 3782 1687 3838 laudati

89 3888 189 3928 non
219 3883 367 3929 sunt.
403 3873 551 3929 Illius
579 3877 721 3929 enim
754 3890 976 3946 parvum
1003 3875 1230 3930 multum
1263 3885 1382 3940 est;
1408 3877 1533 3945 quia
1567 3875 1690 3946 plus

86 3966 251 4034 misit,
286 3981 453 4036 quam
484 3975 693 4038 poterat
727 3986 740 4023 :
775 3967 970 4023 divites
991 3980 1170 4022 autem
1200 3967 1376 4022 minus
1401 3968 1688 4036 miserunt,

89 4075 204 4116 cum
239 4063 364 4134 plus
400 4073 663 4133 possent;
693 4078 756 4118 ac
793 4079 889 4134 per
919 4062 1024 4117 hoc
1052 4062 1324 4118 modicum
1352 4063 1531 4130 illius,
1567 4078 1688 4135 qua:

87 4154 221 4211 ultra
272 4157 424 4212 vires
475 4172 602 4212 suas
656 4157 846 4224 misit,
880 4157 1002 4228 plus
1033 4158 1320 4212 inventum
1350 4168 1432 4212 est
1459 4201 1472 4223 ,
1519 4173 1680 4230 quam

86 4248 308 4306 divitum
355 4251 620 4317 multum;
666 4251 793 4323 quia
842 4251 911 4307 de
949 4265 1016 4306 eo
1043 4251 1188 4322 quod
1219 4251 1532 4306 abundabat
1573 4254 1686 4321 eis,

85 4345 374 4402 miserunt.
404 4347 507 4414 Qui
547 4363 676 4418 ergo
725 4358 932 4401 tantum
982 4347 1106 4412 dat,
1159 4357 1414 4417 quantum
1465 4357 1685 4417 potest,

88 4448 227 4494 recte
257 4440 391 4496 facit
419 4458 432 4495 :
464 4439 684 4496 viduam
717 4450 894 4496 tamen
919 4441 1063 4495 illam
1093 4452 1222 4496 ante
1253 4456 1313 4496 se
1340 4442 1536 4507 habet;
1562 4443 1686 4513 quia

86 4532 198 4589 inec
224 4549 394 4609 omne
421 4535 568 4605 quod
600 4535 808 4599 habuit,
840 4535 1011 4590 misit.

150 4627 334 4698 (Vers.
366 4629 447 4700 9.)
477 4629 631 4686 Sicut
653 4631 902 4701 scriptum
931 4639 1003 4683 est
1037 4647 1048 4681 :
1082 4629 1355 4700 Dispersit,
1387 4629 1525 4684 dedit
1549 4647 1682 4699 pau-

85 4721 310 4791 peribus,
338 4724 545 4792 jttstitia
584 4725 698 4794 ejus
734 4733 905 4777 manet
933 4724 984 4776 in
1015 4733 1280 4778 retentum.
1313 4724 1425 4779 Hoc
1458 4725 1510 4778 in
1545 4725 1687 4794 psal-

90 4828 173 4868 mo
205 4816 469 4884 scriptum
519 4825 604 4871 est
645 4816 948 4871 centesimo
977 4815 1189 4872 decimo
1238 4818 1446 4886 primo,
1492 4829 1544 4872 et
1590 4833 1688 4888 per

86 4907 396 4978 exemplum
442 4909 592 4963 addit
635 4909 702 4963 ad
752 4924 941 4964 curam
990 4924 1320 4979 pauperum;
1350 4918 1408 4966 ιιι
1455 4910 1507 4965 in
1538 4911 1686 4966 omni

87 5013 248 5064 opere
281 5001 428 5054 bono
456 5001 757 5057 abundent.
792 5002 848 5058 Si
871 5002 1017 5057 enim
1051 5002 1212 5070 hujus
1238 5003 1328 5073 qui
1357 5004 1686 5075 pauperibus

89 5089 312 5162 largitur
337 5135 354 5161 ,
403 5094 612 5162 justitia
663 5106 843 5151 manet
878 5097 929 5150 in
961 5105 1260 5161 :eternum;
1291 5105 1494 5167 quanto
1521 5099 1690 5168 magis

89 5183 223 5252 ejus,
252 5187 346 5256 qui
373 5190 644 5243 ministrat
671 5189 912 5244 sanctis?
955 5188 1228 5258 Pauperes
1268 5189 1413 5244 enim
1443 5191 1692 5258 {possunt

90 5276 226 5343 dici,
277 5279 425 5350 qui'
474 5282 690 5352 publice
748 5282 907 5354 egeni
956 5290 1086 5336 sunt
1127 5284 1345 5337 :sancti
1388 5283 1534 5336 enim
1577 5283 1690 5337 dis-

161 5489 184 5514 “
223 5479 430 5552 Omnes
447 5479 664 5552 edit.,et
700 5478 919 5552 quidam
953 5494 1108 5544 mss.,
1132 5480 1218 5550 qui
1247 5476 1507 5548 publicani
1530 5476 1679 5546 egeni

92 5560 201 5623 sunt
230 5568 248 5604 :
277 5551 481 5606 rectius
506 5551 597 5604 alii
629 5567 783 5623 mss.,
813 5552 1153 5623 qui'publice,
1177 5561 1284 5605 etc.

158 5622 186 5694 Ρ
226 5623 356 5676 Mss.
393 5623 636 5676 nonnulli
665 5641 678 5677 :
718 5622 827 5677 Isle
853 5620 972 5694 ergo
1003 5633 1096 5690 est,
1128 5623 1309 5693 φάη..
1340 5630 1386 5675 et
1422 5621 1571 5675 istius
1591 5620 1682 5690 ju-

95 5693 200 5746 titia
223 5711 324 5746 non
349 5695 518 5747 solum
539 5695 590 5746 in
618 5705 842 5762 tempore
867 5693 1056 5748 manet.

163 5776 184 5837 ξ
213 5764 339 5837 god
374 5763 538 5837 Vall.,
568 5766 794 5834 additur,
821 5775 881 5834 ut
927 5767 1099 5837 egenis
1119 5765 1368 5837 amplius,
1393 5774 1498 5837 etc.

161 5831 184 5865 δ
213 5833 328 5890 Non
355 5835 514 5905 pauci
543 5841 754 5904 tnss.,si
777 5831 1236 5904 futuris'speciebus
1251 5854 1269 5904 5
1289 5833 1480 5903 Laud.,
1509 5831 1673 5898 rebus;

1713 4549 1766 4610 D

1789 1901 1995 1972 plicabit
2023 1917 2192 1955 semen
2219 1909 2438 1956 vestrum
2457 1941 2472 1967 ,
2501 1910 2545 1954 et
2564 1898 2902 1971 amplificabit
2929 1899 3158 1967 fructum
3170 1897 3396 1969 justitiaz

1785 2003 1999 2060 vestrae;
2030 2003 2084 2048 nt
2116 1995 2169 2048 in
2215 1992 2456 2049 omnibus
2509 1992 2892 2062 locupletemini
2933 1992 2990 2046 in
3017 1992 3158 2045 omni
3185 1990 3396 2060 simpli-

1786 2093 1959 2146 citate.
1987 2091 2175 2146 Omnia
2211 2091 2303 2146 Dei
2354 2099 2518 2156 sunt,
2548 2100 2601 2146 et
2626 2090 2832 2145 semina
2874 2099 2930 2145 et
2980 2089 3263 2145 nascentia
3298 2087 3394 2142 Dei

1789 2193 1924 2239 ιιιιιιι
1944 2193 2220 2251 crescunt,
2249 2192 2304 2238 et
2331 2182 2759 2252 multiplicantur
2797 2181 2864 2237 ad
2898 2197 3028 2237 usus
3069 2181 3350 2236 hominum
3382 2198 3396 2235 :

1791 2279 1934 2333 Deus
1972 2293 2104 2347 ergo
2131 2278 2222 2348 qui
2265 2277 2378 2332 haec
2417 2276 2527 2342 dat,
2559 2277 2676 2347 ipse
2697 2285 2751 2332 et
2776 2276 2930 2345 jubet
2956 2276 3024 2332 de
3045 2276 3129 2332 his
3150 2289 3398 2332 commu-

1789 2371 1958 2426 nicari
1982 2370 2084 2436 eis,
2106 2372 2196 2440 qui
2235 2370 2515 2440 indigent;
2556 2385 2620 2424 ac
2663 2385 2760 2440 per
2783 2370 2883 2423 hoc
2917 2384 3024 2424 non
3051 2369 3276 2438 poterit,
3301 2369 3397 2438 qui

1791 2465 2150 2536 tribuitjuxta
2197 2465 2288 2520 Dei
2317 2464 2688 2528 voluntatem,
2740 2463 2832 2519 Dei
2881 2472 3016 2518 nutu
3063 2478 3172 2518 non
3203 2462 3392 2532 augeri

1789 2562 2141 2618 incrementis
2186 2560 2494 2629 hujusmodi
2543 2559 2607 2612 ad
2667 2557 3111 2628 ampliﬁcandum
3157 2555 3391 2612 fructum

1785 2657 2048 2729 justitiac;
2073 2656 2218 2711 danti
2264 2657 2408 2709 enim
2437 2665 2458 2690 "-
2484 2654 2654 2720 addit,
2702 2662 2760 2708 ut
2792 2668 2858 2709 eo
2885 2652 3117 2724 amplius
3159 2651 3392 2718 haheat,

1791 2750 1934 2806 unde
1980 2749 2162 2820 largiri
2207 2748 2396 2818 possit.
2430 2746 2554 2801 llzcc
2600 2755 2684 2800 est
2728 2745 2964 2816 justitia,
3013 2756 3070 2800 ut
3095 2746 3220 2815 quia
3250 2744 3395 2800 Deus

1789 2841 1904 2910 dat,
1931 2841 2196 2896 retribuat
2219 2855 2293 2897 ex
2321 2855 2386 2895 eo
2408 2848 2462 2894 ct
2493 2839 2656 2894 homo
2684 2840 2755 2903 ei,
2789 2839 2875 2894 cui
2903 2837 3078 2894 deest.
3104 2837 3216 2893 Hos
3244 2837 3392 2892 enim

1790 2938 1905 2994 vult
1930 2937 2209 2992 ministros
2235 2950 2356 2991 esse
2381 2950 2594 3002 eorum,
2625 2934 2713 3004 qui
2744 2933 2956 3005 potiora
2982 2933 3273 3003 eligentes,
3300 2945 3394 2986 co-

1787 3033 1904 3105 pias
1934 3031 2221 3104 praesentis
2252 3031 2510 3103 temporis
2532 3037 2820 3100 spernunt,
2851 3037 2996 3082 totos
3023 3042 3084 3083 se
3104 3027 3200 3082 Dei
3229 3025 3394 3081 rebus

1790 3127 2112 3198 obligantes.
2141 3125 2444 3197 Unicuique
2473 3125 2618 3180 enim
2650 3121 2948 3179 secundum
2976 3121 3174 3176 bonam
3205 3120 3396 3174 volun-

1796 3230 1958 3277 tatem
1988 3222 2130 3276 Dcus
2160 3228 2382 3291 praestat
2411 3219 2671 3273 auxilium
2701 3233 2716 3283 ;
2750 3216 2922 3272 sancti
2955 3214 3099 3270 enim
3137 3213 3227 3284 qui
3259 3213 3393 3267 nihil

1788 3314 1980 3369 volunt
2006 3313 2092 3368 hic
2120 3311 2423 3383 possidere,
2456 3309 2559 3366 nisi
2583 3309 2784 3364 vietum
2811 3307 3013 3362 habere
3033 3315 3087 3361 et
3114 3303 3392 3372 vestitum,

1791 3407 1889 3462 bos
1935 3408 2027 3478 qui
2078 3407 2193 3461 haec
2232 3405 2435 3461 habere
2479 3403 2702 3470 volunt,
2748 3411 2954 3456 tutores
3003 3400 3218 3455 illorum
3250 3399 3397 3455 Deus

1790 3517 1914 3559 esse
1939 3501 2240 3570 disposuit;
2274 3509 2333 3554 ut
2358 3499 2449 3569 qui
2478 3497 2618 3554 bene
2659 3507 2713 3550 et
2750 3493 3072 3562 simpliciter
3111 3492 3190 3548 cis
3233 3492 3392 3547 mini-

1789 3598 2065 3664 straverit,
2093 3597 2457 3670 amplilicetur
2477 3593 2574 3650 Dei
2605 3603 2770 3658 nutu;
2800 3600 2858 3646 ut
2877 3590 3094 3656 habeat,
3118 3587 3262 3642 unde
3290 3586 3396 3640 lar-

1789 3694 1968 3764 giatur
2005 3706 2241 3761 semper,
2268 3698 2322 3745 et
2347 3688 2412 3743 ad
2437 3701 2680 3757 praesens
2722 3685 3104 3754 locupletatus,
3133 3691 3187 3736 et
3230 3681 3284 3735 in
3313 3679 3394 3733 fu-

1793 3796 1993 3841 turum.
2023 3784 2202 3840 Semel
2253 3783 2397 3838 enim
2447 3781 2759 3842 seminans,
2794 3777 2878 3832 bis
2927 3782 3132 3839 metet;
3161 3772 3233 3828 ita
3263 3779 3321 3826 ut
3348 3771 3393 3823 si

1792 3876 1817 3915 ιι
1843 3878 2040 3933 futuris
2069 3875 2302 3933 consulit
2329 3874 2552 3946 spebus,
2581 3873 2715 3927 nolit
2743 3885 2839 3926 eos
2864 3867 3142 3937 subjectos
3170 3864 3394 3929 habere,

1791 3970 1886 4027 sed
1917 3970 2087 4041 magis
2113 3985 2172 4025 se
2203 3968 2284 4022 eis
2310 3967 2570 4030 inclinet;
2601 3965 2729 4035 quia
2754 3978 2783 4016 a
2813 3962 2927 4017 Deo
2959 3958 3119 4029 hujus
3146 3957 3224 4012 rei
3253 3955 3396 4010 acci-

1795 4070 1911 4138 piet
1942 4064 2276 4120 mercedem.
2324 4063 2380 4120 Si
2411 4062 2556 4118 enim
2609 4058 2675 4113 ad
2721 4070 2961 4128 praesens
2999 4050 3270 4108 humiliari
3303 4063 3399 4104 eos

1791 4161 1893 4216 sibi
1926 4158 2158 4214 voluerit
2182 4199 2198 4222 ,
2233 4171 2385 4226 spem
2437 4151 2605 4208 futuri
2647 4150 2877 4213 amittit;
2909 4147 2994 4201 hic
3025 4144 3171 4202 cnim
3200 4140 3398 4212 accipit

1794 4251 2102 4308 mercedem
2151 4250 2334 4320 operis
2378 4247 2493 4312 sui,
2529 4246 2632 4300 hoc
2662 4259 2768 4300 non
2825 4240 3148 4311 simpliciter
3190 4249 3392 4308 agens.

1791 4347 1934 4402 sicut
1979 4344 2107 4399 dicit
2137 4343 2436 4398 Dominus:
2471 4338 2633 4393 Amen
2676 4337 2794 4390 dico
2837 4334 3006 4399 t'obt's,
3059 4339 3396 4400 perceperunt

1793 4440 2078 4495 mercedem
2107 4453 2255 4492 suam
2281 4434 2495 4506 (Matth.
2529 4448 2602 4495 νι,
2631 4428 2742 4499 ιο).

1865 4531 2048 4606 (Vere.
2084 4531 2174 4596 ιιι,
2205 4527 2322 4600 15.)
2352 4538 2375 4564 θ
2407 4526 2537 4594 Quae
2556 4525 2818 4596 {operatur
2846 4537 2936 4593 per
2963 4535 3057 4573 nos
3108 4517 3396 4590 gratiarum

1796 4629 2048 4682 actionem
2078 4623 2210 4679 Deo.
2248 4622 2506 4691 Quoniam
2551 4618 2890 4672 ministerium
2918 4614 3064 4685 ofﬁcii
3094 4613 3253 4684 hujus
3294 4627 3399 4664 non

1795 4720 1965 4776 solum
1995 4719 2201 4791 supplet
2221 4733 2302 4780 ea,
2333 4730 2450 4787 quat
2476 4713 2657 4767 desunt
2695 4711 2886 4764 sanctis
2931 4723 2950 4763 :
2979 4708 3070 4762 sed
3093 4717 3139 4762 et
3167 4704 3401 4760 abunda-

1794 4813 1865 4866 bit
1898 4828 1988 4881 per
2013 4809 2298 4864 multorum
2327 4806 2613 4878 gratiarum
2649 4803 2877 4857 actiones
2902 4802 2957 4854 in
2988 4798 3122 4865 Deo,
3152 4814 3242 4869 per
3273 4812 3399 4868 pro-

1795 4909 2050 4963 bationem
2082 4905 2354 4959 ministerii
2377 4903 2552 4970 hujus,
2587 4899 2976 4970 magniﬁcantes
3003 4895 3166 4949 Deum
3193 4894 3245 4946 in
3276 4890 3394 4944 sub-

1786 5000 2016 5073 jectioue
2061 4995 2395 5065 confessionis
2418 5005 2598 5048 uestra:
2624 4992 2678 5046 in
2711 4989 2990 5062 Evangelia
3029 4985 3240 5047 Christi.
3268 4995 3316 5036 et
3342 4984 3395 5034 in

1790 5091 2121 5162 simplicitate
2150 5087 2168 5127 ί
2207 5086 2686 5144 communicationis
2709 5085 2760 5138 in
2782 5083 2924 5150 illos,
2953 5090 3002 5135 et
3023 5081 3252 5150 ipsorum
3275 5089 3368 5126 ora

1793 5187 1954 5240 tiones
1985 5201 2078 5254 pro
2100 5184 2242 5238 vobis
2270 5181 2671 5236 desiderantium
2693 5195 2778 5232 vos
2804 5177 2995 5240 videre,
3022 5177 3226 5243 propter
3245 5181 3398 5234 supc~

1793 5281 2169 5337 rabundantem
2207 5279 2431 5351 gratiam
2465 5275 2621 5348 195
2644 5271 2741 5329 Dei
2764 5274 2816 5326 in
2838 5269 2996 5323 vobis.
3021 5263 3202 5319 Gratia
3224 5270 3393 5314 autem

1785 5476 2049 5602 “initiati.
2079 5547 2212 5601 edit.
2268 5555 2322 5600 et
2370 5558 2502 5600 mss.
2540 5537 2824 5604 nonnulli,
2877 5535 2921 5588 si
2969 5534 3082 5605 quis
3111 5545 3344 5605 operatur
3377 5553 3396 5600 ,-

1788 5618 1946 5672 Rom.
1974 5619 2104 5672 edit.
2136 5633 2257 5672 cum
2282 5617 2493 5670 caeteris
2525 5629 2683 5677 mss.,
2711 5625 2826 5679 qua:
2851 5617 3117 5679 operatur.
3147 5607 3286 5679 Atin
3307 5621 3392 5679 se

1786 5693 1969 5761 queuti
1997 5703 2291 5761 versutus.
2324 5687 2485 5740 Carn.
2519 5676 3071 5761 solus,‘ministerium
3093 5676 3358 5761 sacriﬁcii.

1863 5760 1882 5799 τ
1925 5760 2084 5816 Rom.
2116 5759 2272 5821 edit.,
2319 5755 2692 5810 communionis
2731 5759 2914 5806 vestra?
2943 5755 2995 5803 in
3027 5755 3167 5820 ipsos
3196 5789 3212 5814 ,
3259 5757 3303 5800 et
3341 5755 3390 5797 in

1787 5839 1982 5900 omnes,
2008 5839 2053 5885 et
2079 5831 2134 5885 in
2157 5831 2387 5900 ipsorum
2405 5826 2654 5882 oratione.
2689 5832 2795 5878 etc.
