3978 6310
586 263 694 321 313
1510 263 1605 320 AD
1640 261 1875 320 OPERA
1931 261 2182 319 SANC'N
2222 261 2549 320 AMBROSII
2589 259 2959 318 APPENDIX.
3763 261 3851 316 316

590 384 698 437 Deo
726 399 885 452 super
908 381 1241 437 inenarrabili
1271 383 1406 438 dono
1429 383 1558 448 eius.
1596 382 1708 438 lloc
1741 382 1874 437 dicit
1901 383 2027 454 quia
2056 382 2180 454 qui-
2205 392 2261 455 Α
2286 381 2425 438 hanc
2451 398 2573 438 esse
2612 381 2997 440 conﬁdentiam
3019 423 3033 446 ,
3076 396 3239 453 quam
3287 381 3376 437 hic
3419 380 3662 436 fiduciam
3704 379 3847 445 dixit,

585 495 820 547 cumque
883 487 1138 548 operatur
1187 493 1283 547 per
1324 477 1732 546 dispensatores
1775 478 1901 531 doni
1946 477 2040 532 Dei
2081 476 2184 531 hoc
2287 474 2426 530 datae
2453 474 2556 530 sibi
2604 476 2886 547 potestatis
2920 492 2950 531 ιι
2977 471 3214 537 Christo.
3244 474 3403 544 cujus
3436 473 3664 529 vicarius
3684 484 3852 536 est;ut

587 588 724 643 opus
749 571 888 627 unde
911 571 1096 642 gratiae
1126 581 1356 642 agantur
1381 571 1510 636 Deo,
1538 570 1607 626 ab
1633 571 1698 626 iis
1720 571 1811 641 qni
1844 569 2184 626 necessarios
2287 569 2523 625 vindicet
2552 570 2603 625 in
2634 585 2752 637 eos,
2777 571 2868 642 qui
2892 571 2992 626 sub
3030 569 3253 628 nomine
3275 568 3478 623 Christi
3503 577 3741 637 agentes,
3765 581 3852 621 nos

585 676 834 737 sumptus
882 665 1156 734 accipiunt
1202 666 1301 719 sub
1334 667 1552 722 nomine
1582 663 1800 730 Christi,
1837 681 1942 720 non
1977 664 2185 720 mendi-
2283 664 2601 729 obaudiunt,
2646 675 2701 719 ut
2741 665 3015 734 corrigunt
3062 665 3113 718 in
3157 663 3356 734 quibus
3392 660 3851 731 reprehenduntur.

582 762 729 816 citati
755 759 1006 830 subjecti,
1034 759 1129 818 sed
1159 760 1291 828 Deo,
1319 759 1386 816 de
1411 759 1565 830 cujus
1589 759 1747 814 bonis
1769 759 1840 814 ali
1864 774 1923 815 se
1945 767 2141 813 norunt
2166 776 2179 811 :
2287 755 2396 811 Hos
2426 756 2556 811 dicit
2579 756 2670 827 qui
2699 770 2810 812 non
2838 755 3148 827 recipiendo
3179 754 3472 826 spiritalia,
3495 769 3615 825 qua:
3644 753 3710 808 ab
3733 755 3855 822 Lpo-

590 870 697 910 non
728 863 934 910 tantum
964 853 1034 909 ab
1055 854 1133 910 eis
1163 853 1353 924 gratia}
1378 853 1483 909 illis
1515 851 1842 918 referuntur,
1874 851 1968 907 sed
2000 867 2028 904 a
2057 852 2184 907 reli-
2283 849 2426 906 stolo
2453 849 2794 917 dicebantur,
2822 852 2901 907 sic
2923 865 3048 906 eum
3072 850 3480 913 existimabant,
3511 849 3661 920 quasi
3685 863 3853 903 carna-

584 947 706 1019 quis
750 947 1043 1012 fratribus,
1073 947 1166 1016 qui
1218 962 1314 1016 pro
1341 947 1427 1001 his
1463 946 1666 1018 gratias
1705 954 1865 1016 agant
1893 945 2004 1001 Deo
2029 959 2182 1000 com-
2285 943 2355 999 lia
2385 943 2718 1014 loqueretur,
2738 959 2857 1015 quae
2881 942 3190 1013 recipienda
3217 957 3322 998 non
3345 953 3551 998 essent.
3571 940 3695 998 Ideo
3712 941 3850 996 dicit:

591 1040 907 1098 mendantes
948 1039 1146 1096 factum
1179 1041 1415 1111 ipsorum
1467 1041 1721 1105 Domino;
1751 1049 1810 1094 ut
1863 1042 2047 1110 paucis
2087 1040 2181 1095 tri-
2288 1037 2390 1104 Qui
2421 1039 2737 1093 arbitrantur
2760 1055 2850 1093 nos
2882 1038 3164 1094 secundum
3193 1056 3400 1093 carnem
3446 1037 3850 1106 ambulare;qaia

582 1135 810 1191 buentes
832 1177 847 1201 ,
882 1136 1174 1190 multorum
1217 1135 1686 1191 obsecrationibus
1744 1137 1875 1200 Deo,
1903 1149 2184 1192 commeo-
2283 1132 2374 1203 qui
2404 1131 2606 1202 spernit
2633 1132 2919 1202 spiritalia,
2951 1143 2972 1171 ε
3000 1141 3150 1202 putat
3171 1131 3262 1187 illa
3293 1132 3558 1186 carnalia.

579 1228 801 1284 dentur.
828 1228 1130 1284 Probantes
1152 1228 1294 1282 enim
1321 1236 1555 1284 mentem
1578 1242 1768 1284 eorum
1792 1229 1844 1282 in
1869 1227 1971 1286 hoc
1991 1243 2178 1297 Opere,
2357 1225 2538 1298 (Vera.
2569 1224 2652 1297 ὅ.)
2684 1226 2825 1282 Nam
2846 1227 2900 1282 in
2923 1242 3079 1282 carne
3105 1227 3451 1292 ambulantes,
3475 1243 3576 1281 non
3602 1227 3850 1281 secundu-

585 1320 928 1390 magnillcant
961 1322 1012 1375 in
1041 1320 1122 1376 eis
1153 1320 1460 1387 Dominum,
1493 1320 1645 1390 cujus
1677 1335 1772 1391 spe
1802 1320 2021 1383 firmati,
2052 1321 2182 1376 obe-
2285 1335 2496 1376 corneus
2523 1319 2829 1378 militamus.
2860 1319 2973 1376 Hoc
3000 1329 3106 1386 est,
3135 1321 3189 1376 in
3216 1335 3451 1390 corpore
3477 1321 3633 1390 positi
3661 1321 3850 1390 spirits.

580 1415 736 1470 diunt
783 1414 1079 1485 Evangelio
1123 1413 1322 1470 Christi
1373 1416 1425 1470 in
1457 1415 1794 1485 subiectione
1844 1416 2078 1471 mentis:
2111 1432 2179 1473 ne
2286 1413 2409 1468 liter
2437 1414 2704 1477 vivimus;
2735 1413 3056 1484 spiritaliter
3080 1414 3228 1470 enim
3265 1413 3420 1480 vivit,
3449 1414 3539 1485 qui
3571 1413 3693 1469 facit
3727 1416 3850 1486 quod

582 1508 751 1562 velint
778 1521 873 1563 eos
895 1506 998 1562 sibi
1030 1506 1320 1575 humiliari,
1346 1517 1399 1561 ut
1429 1507 1707 1578 praebeant
1730 1523 1850 1579 qua:
1873 1509 2178 1563 necessaria
2285 1506 2460 1576 placet
2488 1506 2618 1562 Deo.
2644 1505 2742 1564 Hie
2771 1521 2901 1577 ergo
2928 1506 3225 1563 secundum
3262 1521 3483 1562 carnem
3530 1507 3754 1570 militat,
3776 1508 3848 1575 qui

581 1611 706 1658 sunt
731 1603 954 1658 sanctis.
986 1602 1052 1662 Et
1080 1602 1182 1657 hoc
1209 1604 1314 1657 erit
1345 1603 1398 1656 in
1422 1602 1771 1672 simplicitate
1791 1604 1992 1673 gratias
2016 1618 2178 1674 agere
2281 1601 2567 1658 desideriis
2595 1603 2777 1658 carnis
2802 1601 3174 1674 obtemperat;
3208 1603 3391 1658 omnis
3412 1603 3557 1658 enim
3583 1617 3730 1657 error
3745 1615 3849 1657 caro

579 1696 1088 1753 communicationis
1120 1699 1332 1752 illorum
1355 1739 1369 1763 ,
1400 1697 1847 1754 commendantes
1886 1715 1946 1753 se
1977 1699 2174 1754 oratio-
2280 1696 2497 1753 dicitur.
2521 1696 2738 1753 Christo
2783 1707 2964 1753 autem
3013 1698 3129 1768 ipse
3164 1697 3399 1765 militat,
3436 1697 3527 1767 qui
3573 1697 3779 1752 obsedit
3811 1698 3847 1751 ei

577 1791 735 1847 nibus
764 1791 980 1846 illorum
1005 1834 1018 1857 ,
1064 1800 1117 1846 ct
1161 1791 1447 1847 desideriis
1487 1807 1698 1846 eorum.
1733 1793 1865 1858 Quis
1893 1792 2036 1847 enim
2069 1808 2174 1848 non
2211 1808 2257 1869 Β
2284 1793 2337 1848 in
2367 1792 2470 1848 fide
2494 1803 2549 1847 et
2575 1791 2880 1862 disciplina.

576 1885 756 1954 cupiat
804 1886 979 1940 oculis
1007 1883 1190 1940 videre
1233 1886 1648 1940 necessitatibus
1675 1886 1788 1940 suis
1828 1895 2049 1956 promer
2085 1886 2178 1942 Dei
2353 1887 2536 1960 (Vera.
2563 1886 2646 1958 4.)
2682 1889 2835 1942 Arma
2884 1888 3020 1942 enim
3067 1887 3266 1942 militiai
3294 1896 3485 1942 nostra
3514 1902 3614 1941 non
3638 1885 3842 1939 cmslis

582 1993 776 2033 nomen
805 1977 1125 2047 subjectos?
1157 1977 1394 2048 Denique
1423 1979 1514 2034 Dei
1557 1978 1700 2033 dona
1742 1989 2037 2045 vocantur;
2071 1979 2181 2034 Deo
2281 1992 2420 2044 sunt,
2473 1980 2563 2035 sed
2610 1981 2765 2051 fortia
2811 1979 2942 2035 Deo.
2973 1981 3098 2036 Ideo
3137 1979 3296 2035 fortia
3322 2023 3339 2048 ,
3366 1980 3492 2052 quia
3537 1981 3844 2050 incorrupta:

579 2071 720 2125 cnim
745 2070 857 2134 dat,
876 2071 969 2140 qui
995 2071 1078 2126 his
1105 2071 1370 2126 ministrat
1396 2088 1410 2135 ;
1445 2073 1568 2143 quia
1593 2071 1684 2142 qui
1726 2072 1880 2140 jubet
1904 2073 2043 2139 fieri,
2078 2072 2180 2143 ipsi
2282 2075 2460 2128 omnia
2490 2074 2636 2129 enim
2659 2072 2898 2132 carnalia
2921 2083 3177 2145 corrupta
3203 2083 3354 2130 sunt.
3382 2075 3547 2130 Arma
3577 2088 3698 2145 ergo
3723 2073 3843 2136 ideo,

581 2165 898 2234 imputatur,
927 2163 1071 2235 quod
1123 2164 1302 2219 datur.
1330 2175 1354 2202 ο
1387 2163 1606 2221 Gratias
1646 2177 1826 2222 autem
1863 2165 1971 2220 Deo
2001 2167 2054 2220 in
2096 2165 2181 2221 his
2281 2167 2405 2236 quia
2461 2177 2765 2237 repugnant
2796 2166 2940 2224 vitiis
2964 2209 2980 2234 ,
3009 2168 3222 2239 signum
3251 2167 3507 2224 habentia
3538 2167 3846 2238 imperatoris

581 2266 825 2329 agentes,
856 2268 911 2314 et
942 2273 1108 2329 super
1133 2259 1390 2315 ineffabili
1435 2260 1580 2316 dono
1610 2262 1752 2330 ejus.
1802 2261 2007 2316 Donum
2034 2262 2178 2317 enim
2280 2261 2362 2314 sui
2407 2257 2629 2324 Christi,
2666 2261 2754 2330 qui
2783 2259 2958 2315 hostis
2998 2272 3083 2315 est
3109 2261 3407 2326 vitiorum;
3439 2263 3577 2316 sicut
3606 2263 3738 2316 enim
3769 2261 3847 2313 ita-

581 2353 673 2408 Dei
703 2361 807 2420 est,
839 2353 982 2424 quod
1014 2354 1202 2408 incitat
1229 2353 1479 2410 homines
1518 2355 1584 2409 ad
1617 2356 1816 2409 bonum
1843 2371 2017 2425 opus:
2052 2369 2180 2425 spes
2283 2364 2503 2424 perator
2527 2369 2623 2425 per
2651 2355 2849 2409 milites
2876 2369 3006 2410 suos
3032 2355 3276 2412 vindicat
3322 2369 3480 2411 suum
3512 2371 3725 2426 regntnn
3752 2373 3764 2408 :
3790 2356 3843 2408 its

574 2448 720 2503 enim
755 2447 1021 2518 promissa
1051 2448 1268 2504 lacessit
1287 2449 1352 2503 ad
1378 2447 1738 2504 ministerium
1765 2464 1924 2520 supra
1947 2448 2176 2506 dictum.
2279 2457 2333 2502 et
2375 2447 2622 2502 Salvator
2667 2463 2762 2516 per
2790 2461 2888 2501 nos
2927 2461 3116 2502 servos
3143 2462 3272 2504 suos
3322 2446 3564 2504 defendit
3592 2449 3739 2502 unius
3767 2447 3839 2501 Dei

1198 2541 1428 2598 CAPUT
1461 2542 1526 2597 Χ.
2282 2539 2672 2610 professionem
2703 2552 2756 2596 et
2780 2541 3147 2610 disciplinam.

646 2636 828 2705 (Vers.
863 2634 944 2706 1.)
967 2634 1089 2708 Ipse
1135 2646 1309 2690 autem
1351 2653 1443 2707 ego
1492 2635 1690 2690 Paulus
1727 2635 1936 2692 obsecro
1972 2651 2061 2690 uos
2089 2653 2180 2707 per
2354 2636 2536 2708 (Vers.
2563 2636 2644 2705 5.)
2677 2635 2752 2689 Ad
2782 2635 3176 2691 destructionem
3214 2637 3580 2699 munitionum,
3607 2636 3844 2708 cogitetis-

576 2731 1024 2786 mansuetudinem
1069 2740 1116 2785 et
1164 2731 1465 2786 modestiam
1515 2729 1743 2795 Christi,
1767 2730 1853 2800 qui
1897 2729 1966 2783 ad
1993 2731 2178 2797 [aciem
2280 2746 2370 2786 nes
2395 2730 2729 2794 dcstruentes,
2769 2740 2815 2783 et
2851 2745 3052 2783 omnem
3091 2729 3422 2784 altitudinem
3460 2728 3772 2784 extollente.
3807 2745 3846 2783 se

569 2825 776 2894 quidem
823 2823 1033 2877 humilis
1076 2839 1189 2876 sum
1217 2823 1270 2876 in
1293 2821 1474 2876 vobis:
1513 2822 1694 2877 absens
1738 2839 1855 2877 vero
1884 2823 2094 2890 confido
2115 2823 2170 2876 in
2282 2825 2524 2879 aduersus
2560 2825 2903 2894 cognitionem
2948 2823 3066 2879 Dei.
3100 2825 3266 2880 Arma
3317 2825 3580 2894 spiritalia
3631 2823 3752 2878 ﬁdes
3783 2835 3847 2879 est

575 2916 737 2970 vobis.
770 2916 882 2971 Hoc
913 2923 1030 2980 est,
1059 2913 1205 2986 quod
1256 2930 1398 2970 nunc
1436 2915 1606 2981 dicit,
1634 2915 1758 2986 quia
1790 2915 1911 2970 talis
1960 2923 2047 2971 est
2083 2917 2179 2970 ab—
2283 2919 2608 2990 incorrupta:
2639 2918 3061 2990 praedicatiOnis.
3095 2920 3197 2974 Per
3229 2921 3347 2975 hrcc
3373 2920 3520 2975 Deus
3545 2919 3847 2989 vincitprin-

575 3025 724 3075 sens,
756 3009 935 3080 qualis
976 3019 1032 3064 et
1081 3023 1342 3080 prznseus.
1374 3007 1482 3064 Nec
1521 3010 1666 3064 enim
1709 3008 1929 3065 humilis
1965 3017 2084 3066 erat
2108 3009 2176 3066 ad
2281 3012 2430 3081 cipes
2471 3020 2528 3068 et
2575 3020 2904 3083 potestates,
2949 3026 3087 3082 quos
3131 3021 3350 3068 constat
3395 3021 3454 3067 ut
3491 3012 3595 3069 sibi
3629 3021 3849 3084 usurpem

577 3101 770 3157 faciem
823 3100 1136 3156 adulatione
1178 3111 1271 3156 aut
1307 3101 1644 3171 subjectione
1671 3102 1901 3172 alicujus
1943 3103 2021 3159 rei
2044 3143 2060 3169 ,
2085 3105 2175 3174 qui
2281 3105 2602 3178 imperiunm,
2631 3105 2816 3161 extolli
2845 3115 3033 3161 contra
3076 3105 3236 3162 fidem
3265 3104 3512 3171 Christi,
3543 3105 3850 3176 cogitationi-

576 3195 936 3250 constantiam
983 3209 1134 3250 suam
1159 3195 1236 3251 sic
1261 3196 1537 3252 zelabatur
1563 3237 1577 3262 ,
1604 3204 1665 3251 ut
1685 3197 1977 3266 aliquando
2011 3197 2175 3255 etiam
2209 3211 2253 3274 ρ
2287 3199 2386 3254 bus
2443 3214 2505 3255 se
2533 3197 2814 3254 hominum
2865 3201 3172 3256 inserentes
3196 3239 3211 3264 ,
3244 3210 3303 3253 ut
3329 3207 3566 3254 avocent
3607 3213 3697 3254 eos
3721 3213 3746 3250 τι
3775 3198 3850 3252 Dei

577 3305 606 3342 a
640 3289 804 3344 licitis
837 3297 1203 3359 temperaret,
1238 3305 1306 3344 ne
1339 3289 1712 3346 inclinaretur.
1745 3290 1896 3347 Unde
1939 3293 2069 3348 dicit
2118 3293 2170 3349 in
2283 3292 2442 3364 ιω
2483 3292 2752 3355 dominio,
2805 3307 2939 3362 quas
2991 3291 3356 3364 cogitationes
3401 3291 3634 3347 destruit
3685 3291 3849 3346 veritas

578 3383 681 3437 alia
715 3384 939 3452 epistola
978 3403 990 3438 :
1023 3385 1210 3438 Omnia
1239 3385 1364 3438 milii
1395 3385 1579 3452 licent,
1607 3388 1697 3440 sed
1727 3403 1818 3458 ego
1863 3386 1954 3440 sub
1982 3388 2174 3442 nullius
2279 3385 2422 3440 fidei.
2501 3383 2827 3441 Munitiones
2894 3401 3025 3455 ergo
3089 3386 3364 3453 principes
3437 3386 3566 3440 dicit
3636 3395 3688 3440 et
3724 3396 3847 3454 pow-

576 3476 785 3548 redignr
815 3487 1081 3548 potestate.
1117 3477 1254 3532 Esca
1303 3480 1464 3533 ventri
1491 3520 1506 3543 ,
1531 3488 1579 3533 et
1624 3489 1795 3536 uenter
1835 3480 2006 3536 escis:
2037 3479 2175 3537 Deus
2277 3488 2468 3542 states,
2509 3490 2564 3538 et
2619 3479 2884 3548 spiritalia
2931 3480 3213 3550 nequitiae,
3250 3481 3342 3550 qui
3392 3494 3453 3534 se
3493 3479 3764 3542 extollunt,
3807 3487 3851 3532 et

575 3579 744 3624 autem
788 3572 924 3625 hunc
967 3580 1014 3625 et
1044 3573 1136 3626 has
1161 3572 1388 3626 destruet
1409 3572 1452 3642 (l
1493 3573 1612 3628 Cor.
1641 3589 1715 3639 νι,
1745 3575 1856 3640 ιδ).
1888 3573 2014 3629 Ideo
2043 3589 2174 3645 ergo
2278 3581 2489 3628 armant
2528 3571 2825 3627 infidelium
2852 3572 3062 3628 animos
3109 3572 3174 3625 ad
3215 3572 3694 3628 coutradiceudum
3717 3570 3848 3626 Chri-

577 3665 776 3720 abst'ns
805 3667 1141 3728 obsecratnr,
1172 3678 1219 3721 et
1256 3667 1570 3721 modestiam
1604 3669 1806 3724 Christi
1839 3669 2172 3738 interponit;
2279 3675 2363 3721 sto
2406 3683 2418 3718 :
2460 3675 2648 3721 contra
2693 3680 2829 3736 quos
2883 3675 3079 3736 pugnat
3123 3665 3214 3720 llei
3259 3666 3381 3732 les,
3431 3666 3700 3736 dissipans
3741 3679 3846 3719 cum

578 3773 644 3813 ne
675 3772 917 3828 praesens
942 3759 1130 3814 durior
1154 3760 1463 3816 inveniatur
1484 3776 1648 3816 causa
1678 3763 1918 3818 virorum
1947 3777 2136 3819 eorum
2158 3805 2173 3830 ,
2279 3759 2402 3813 silia
2425 3774 2633 3814 eorum.
2673 3759 2734 3813 Et
2767 3760 3113 3830 captivitatem
3139 3758 3434 3830 redigentes
3460 3776 3660 3816 antnens
3679 3757 3704 3796 ἀ
3731 3760 3854 3813 intel-

571 3866 732 3920 qnam
761 3862 847 3907 est
874 3853 929 3907 in
960 3853 1186 3923 epistola
1211 3870 1226 3920 ;
1262 3863 1319 3908 ut
1347 3863 1739 3926 componentes
1769 3871 1848 3923 se,
1878 3858 1967 3927 qui
1998 3857 2177 3915 adhuc
2280 3854 2483 3916 lectum,
2512 3864 2558 3907 et
2591 3853 2919 3918 perducentes
2965 3851 3032 3906 ad
3065 3852 3409 3913 obedientiam
3451 3850 3666 3908 Christi.
3697 3850 3854 3921 Capti-

575 3958 682 3998 non
711 3944 1160 4012 emandaverant,
1189 3947 1464 4005 mollirent
1492 3949 1592 4003 sibi
1623 3949 1858 4020 rigorem
1886 3950 2172 4020 Apostoli;
2280 3956 2369 4002 vat
2395 3948 2745 4015 intellectum,
2775 3949 2902 4005 dum
2932 3950 3398 4007 contradicentem
3428 3953 3639 4009 ratione
3674 3950 3849 4013 vincit;

577 4044 634 4089 ιιι
665 4035 979 4093 moderatos
1005 4052 1100 4092 eos
1131 4038 1433 4103 inveniens,
1468 4057 1650 4111 pressa
1684 4045 1977 4099 severitate
2022 4044 2174 4099 laeta.
2277 4050 2331 4096 et
2355 4040 2422 4096 ad
2445 4040 2603 4097 fidem
2629 4041 2846 4111 Christi,
2874 4045 2962 4099 cui
2994 4045 3144 4115 prius
3165 4057 3588 4116 repugnaverat,
3617 4047 3845 4104 humilem

579 4140 728 4186 retur
758 4132 810 4186 in
853 4132 956 4186 eis.
989 4131 1382 4189 Conlidemiam
1417 4137 1598 4207 itaque
1635 4138 1882 4194 fiduciam
1911 4144 2176 4196 severita—
2279 4143 2336 4188 θῑ
2365 4145 2702 4190 mansuetum
2733 4137 2958 4192 inducit.

577 4222 645 4276 tis
671 4223 1020 4294 significavit,
1047 4239 1208 4294 quam
1239 4225 1378 4283 forte
1400 4229 1452 4284 in
1484 4230 1712 4301 epistola
1745 4242 1950 4288 tantum
1977 4234 2148 4290 haberi

2350 4225 2532 4298 (Vers.
2562 4228 2640 4300 6.)
2669 4226 2737 4283 Et
2780 4230 2949 4298 parati
3001 4231 3058 4285 in
3098 4231 3338 4287 omnibus
3383 4234 3649 4289 uindicare
3683 4248 3850 4289 eiusat

579 4317 887 4386 putabatur,
920 4331 1030 4372 non
1061 4326 1240 4372 tamen
1290 4335 1526 4388 pmsens
1558 4323 1720 4391 facie;
1747 4328 1869 4396 quia
1915 4327 1968 4380 in
2002 4328 2177 4396 prima
2279 4322 2698 4390 inobedientiam,
2732 4340 2848 4378 cum
2900 4325 3114 4392 impleta
3139 4328 3303 4396 fuerit
3331 4337 3355 4365 ε
3381 4328 3651 4384 obeuditio
3695 4339 3851 4382 cum.

583 4410 816 4480 epistola
864 4428 1111 4478 severus,
1143 4423 1198 4471 et
1252 4417 1412 4473 nimis
1443 4417 1649 4489 rigidus
1684 4418 1896 4476 videtur
1926 4438 1938 4472 :
1972 4430 2026 4476 ct
2053 4421 2178 4476 ideo
2283 4414 2626 4472 Manifestum
2673 4427 2758 4472 est
2806 4418 2930 4488 quia
2985 4417 3222 4474 vindicat
3267 4420 3711 4487 inobedentiam;
3750 4434 3849 4476 cata

579 4516 891 4560 commonet
919 4522 990 4564 ne
1017 4509 1206 4566 eadem
1230 4512 1519 4570 severitate
1546 4528 1787 4584 plangens
1814 4522 2011 4580 utatur,
2039 4514 2178 4572 sicut
2284 4507 2426 4562 illam
2457 4508 2782 4564 condemnat
2833 4527 2928 4581 per
2981 4511 3346 4568 obedientiam
3373 4557 3389 4581 ,
3440 4525 3567 4571 tunc
3618 4515 3752 4572 illam
3777 4515 3852 4569 de-

582 4612 688 4651 non
717 4601 1026 4669 sperabant.
2204 4612 2255 4672 ι)
2282 4605 2752 4673 struens,quando
2770 4619 2865 4662 eos
2895 4607 2982 4675 qui
3014 4606 3298 4672 resistunt,
3324 4609 3574 4678 perducit
3600 4610 3664 4665 ad
3683 4610 3844 4669 fidem;

652 4689 838 4760 (Vers.
869 4692 952 4765 2.)
982 4694 1126 4767 Rogo
1156 4709 1327 4753 autem
1350 4711 1406 4754 ut
1436 4719 1537 4756 non
1570 4717 1796 4773 promus
1826 4701 2040 4756 audeam
2086 4718 2177 4771 per
2287 4706 2345 4752 ut
2374 4699 2598 4768 perﬁdia
2629 4699 2698 4755 ab
2736 4699 2802 4754 iis
2830 4716 2858 4755 a
2890 4701 3082 4770 quibus
3113 4702 3541 4767 defendebatur,
3575 4705 3843 4760 damnetur.

583 4799 693 4836 eam
744 4784 987 4852 ﬁduciam
1011 4830 1025 4851 ,
1054 4805 1157 4858 qua
1201 4793 1463 4848 existimor
1490 4797 1682 4850 audere
1710 4796 1761 4848 in
1788 4797 2059 4865 quosdam,
2087 4794 2176 4864 qui
2357 4792 2536 4866 (Vers.
2573 4795 2655 4866 7.)
2684 4795 2813 4861 Quae
2837 4795 3119 4850 secundum
3147 4797 3331 4868 faciem
3358 4808 3501 4865 sunt,
3534 4799 3706 4852 ridete.
3724 4796 3846 4851 Nunc

583 4879 900 4937 arbitrantur
949 4900 1042 4938 nos
1095 4888 1372 4944 secundum
1423 4907 1627 4946 carnem
1680 4891 1962 4944 ambulare.
2029 4891 2174 4946 Idem
2285 4887 2400 4941 vult
2429 4902 2524 4942 eos
2552 4903 2671 4958 quat
2702 4891 2877 4960 palam
2899 4898 3045 4956 sunt,
3069 4890 3444 4955 considerare,
3471 4891 3524 4946 id
3555 4901 3655 4956 est,
3677 4906 3730 4944 ea
3750 4903 3846 4959 qua

582 4988 778 5029 sensus
823 4986 939 5043 est,
987 4994 1147 5048 quem
1197 4990 1252 5036 ut
1302 4982 1578 5050 dilucidet,
1611 4985 1839 5051 repetit;
1870 4994 1990 5040 orat
2027 4987 2172 5042 enim
2285 4983 2528 5040 dicturus
2557 4996 2668 5050 cst;
2703 4986 2826 5056 quia
2849 4994 3178 5054 suntaperta
3202 4985 3532 5056 dijudicare.
3562 4987 3844 5054 Dicitergo:

585 5081 641 5125 ut
687 5071 825 5126 tales
868 5071 992 5128 illos
1015 5074 1272 5139 inveniat,
1304 5092 1368 5132 ne
1407 5089 1634 5149 cogatur
1659 5079 1844 5143 irasci,
1877 5079 1970 5134 sed
2002 5088 2060 5134 ut
2089 5094 2178 5135 re-
2287 5080 2349 5135 Si
2377 5080 2534 5150 quis‘
2567 5080 2780 5150 conﬁdit
2821 5098 2874 5136 se
2911 5097 3021 5136 esse
3064 5097 3263 5136 servum
3289 5080 3521 5147 Christi,
3565 5085 3655 5136 hoc
3691 5080 3844 5150 cogitet

583 5167 826 5236 quiescat
872 5183 994 5225 cum
1045 5171 1145 5226 eis.
1172 5171 1199 5210 ι’
1242 5173 1338 5228 Hic
1381 5190 1511 5247 ergo
1552 5175 1795 5246 aperuit,
1823 5176 1967 5247 quod
2015 5192 2178 5248 supra
2285 5176 2468 5228 iterum
2506 5179 2646 5242 apud
2677 5192 2752 5236 se,
2775 5176 2898 5242 quia
2932 5175 3066 5230 sicut
3100 5177 3214 5246 ipse
3241 5174 3440 5230 Christi
3471 5186 3568 5243 est,
3595 5177 3663 5229 ita
3684 5184 3725 5228 et
3746 5185 3838 5223 nos.

582 5261 924 5333 significavit,
951 5275 1006 5322 et
1028 5266 1206 5322 adhuc
1229 5268 1280 5322 in
1310 5269 1569 5339 subjectis
1601 5270 1813 5338 plenius
1843 5270 2176 5337 manifestat,
2288 5269 2357 5324 lis
2386 5269 2642 5339 loquitur,
2695 5284 2924 5338 quorum
2971 5270 3139 5340 tangit
3189 5269 3500 5340 superbiam
3528 5311 3542 5334 ,
3587 5268 3668 5337 qui
3696 5264 3754 5319 de
3790 5276 3838 5315 se

659 5429 683 5457 ⁸
726 5422 880 5497 Rom.
907 5425 1060 5493 edit.,
1123 5424 1307 5481 Gratia
1355 5436 1522 5481 autem
1569 5423 1680 5479 Deo
1727 5441 1878 5494 super
1923 5426 2175 5497 ineﬂ‘abili
2286 5422 2599 5497 Vall.._dum
2629 5424 2958 5497 contradicit,
2985 5423 3110 5486 dum
3137 5425 3390 5497 rationem
3418 5424 3590 5497 uincit.

589 5490 980 5565 donotDonum
1006 5490 1160 5565 enim,
1189 5508 1296 5555 etc.
1790 5490 1800 5494 ⁷
1928 5491 1933 5496 ”
2137 5490 2144 5494 ⁷
2360 5505 2381 5530 υ
2428 5493 2543 5547 Vet.
2577 5495 2685 5548 edit
2738 5511 2801 5560 ac
2854 5490 2984 5556 mss.
3024 5513 3128 5560 non
3161 5495 3352 5562 pauci,
3393 5491 3648 5549 obauditio
3667 5499 3833 5565 nostra;

660 5557 686 5642 β
744 5564 995 5626 Nonnulli
1041 5557 1170 5628 mss.
1201 5613 1216 5637 ,
1277 5571 1410 5627 hanc
1461 5586 1569 5626 esse
1635 5567 2000 5638 conﬁdentiam
2045 5571 2176 5634 dixit
2282 5565 2436 5642 Quod
2460 5580 2588 5622 vero
2611 5557 2877 5642 sequitur,
2895 5567 2954 5642 Δἱιι
2979 5557 3106 5642 cod.
3132 5557 3299 5642 Corn.
3331 5569 3412 5636 sic
3434 5565 3619 5642 legitur
3649 5587 3660 5619 :
3692 5559 3838 5642 Nonio

592 5632 745 5696 datm,
777 5647 860 5689 etr
1203 5632 1212 5637 ⁷
1735 5632 1746 5638 ⁷
2137 5632 2144 5634 '
2289 5632 2472 5706 festum
2511 5647 2622 5703 est,
2666 5632 2752 5706 qui
2784 5637 3006 5694 vindicat
3031 5632 3393 5706 obedientiam,
3443 5632 3836 5696 cdttdemnaliso-

669 5715 694 5786 εξ
735 5707 834 5786 bis.
864 5713 1050 5786 Corb.,
1083 5726 1226 5784 putat
1255 5717 1332 5778 illi
1353 5715 1589 5778 ramalia
1620 5714 1860 5786 placere.
1994 5784 2008 5786 ξ
2290 5708 2617 5786 bedientiam.

671 5775 696 5814 ά
737 5779 891 5854 Rom.
921 5775 1092 5848 edit.,'
1128 5775 1432 5849 intellectum
1466 5775 1563 5853 ad
1605 5775 1946 5849 obedientiam
1977 5784 2186 5852 Christi.
2367 5778 2384 5817 ί
2420 5778 2577 5838 Rom.
2618 5780 2774 5854 edit.,
2800 5781 3015 5852 conﬁdll
3042 5798 3095 5840 se
3115 5799 3227 5850 esse
3253 5780 3467 5852 Christi.

607 5847 838 5920 Coptivat
868 5847 1196 5914 intellectum.
1224 5863 1292 5916 At
1311 5847 1567 5918 continuo
1592 5847 1945 5931 thSthabetur
1971 5847 2024 5913 in
2065 5847 2188 5915 eod.
