3978 6310
126 313 227 368 517

888 302 1394 365 COMMENTARIA
1436 301 1503 360 IN
1545 300 1766 360 EPIST.
1813 301 1903 357 AD
1940 300 2267 361 CORINTH.
2308 302 2705 365 SECUNDAM.

3318 305 3424 364 δῖε

128 434 538 498 pra-sumentes
585 423 854 480 inllatione
885 421 1080 484 animi,
1117 420 1295 475 minus
1320 434 1485 490 quam
1511 418 1733 491 dignum
1763 421 1808 481 Α
1910 418 2092 490 (Vera.
2119 418 2235 491 l3.)
2263 419 2371 475 Sed
2393 423 2498 491 ipsi
2525 424 2578 477 in
2600 425 2744 478 nobis
2759 426 3096 494 nosmetipsos
3124 441 3434 481 mensuraru-

126 530 265 585 erat,
298 521 375 577 de
395 518 657 591 Apostolo
674 516 997 578 sentiebam,
1026 514 1179 585 quasi
1208 529 1313 569 non
1340 522 1563 586 egerent
1591 528 1729 583 prat-

124 614 301 683 ceptis
335 614 480 683 ejus.
512 610 657 680 Quos
702 616 1039 674 commouet;
1083 618 1140 662 ut
1186 607 1231 661 si
1273 607 1341 663 de
1382 621 1444 663 se
1484 605 1732 664 conﬁde-

124 709 341 773 derent,
372 707 502 779 quia
531 715 683 763 erant
702 704 846 760 servi
873 702 1095 767 Christi,
1121 716 1231 758 non
1259 705 1445 773 utique
1466 700 1731 757 deberent

122 800 193 857 de
220 800 488 871 Apostolo
514 797 793 863 dubitare;
820 795 916 853 sed
955 804 1010 852 et
1037 795 1109 852 de
1135 810 1223 860 eo,
1268 794 1516 867 quamvis
1554 795 1729 865 impar

124 895 216 961 sit,
247 893 337 950 vel
366 892 615 949 similiter
636 890 874 957 sentire;
904 905 1025 947 cum
1055 890 1238 960 utique
1272 888 1447 961 magis
1468 889 1728 960 przelerre

122 988 227 1044 sibi
286 987 551 1044 deberent
598 986 913 1057 magistrum
955 984 1215 1057 gentium.
1282 983 1391 1040 Sed
1463 983 1550 1039 hic
1599 982 1724 1041 illos

124 1082 487 1137 humilitatem
518 1080 569 1136 in
598 1096 658 1136 se
702 1080 882 1147 docet,
910 1094 1131 1150 aaquans
1152 1094 1213 1134 se
1243 1079 1350 1133 illis
1374 1095 1389 1144 ;
1419 1093 1543 1135 cum
1572 1086 1725 1134 esset

120 1191 217 1232 vas
246 1176 554 1242 electionis,
585 1186 639 1231 et
680 1176 937 1248 magister
986 1177 1230 1247 gentium
1272 1174 1326 1230 in
1369 1174 1473 1230 lidc
1515 1182 1570 1230 et
1628 1188 1721 1231 ve-

118 1270 303 1325 ritate.
358 1269 469 1325 lloc
499 1270 617 1324 vult
667 1284 799 1340 ergo
855 1269 978 1324 illos
1017 1267 1387 1335 considerare,
1431 1270 1573 1340 quod
1610 1268 1719 1324 uti-

115 1380 224 1437 que
250 1365 401 1422 clara
430 1365 548 1420 luce
579 1364 827 1431 videtur;
856 1365 980 1436 quia
1009 1363 1076 1419 de
1115 1363 1381 1437 Apostolo
1418 1378 1577 1419 nemo
1603 1377 1723 1419 cre-

112 1461 359 1517 dentium
389 1474 494 1515 non
518 1458 637 1531 plus
663 1459 914 1525 testimet,
946 1472 1109 1530 quam
1140 1458 1208 1513 de
1225 1473 1285 1513 se
1322 1473 1337 1512 :
1366 1466 1571 1527 quanto
1605 1471 1718 1511 ma-

110 1556 189 1628 gis
214 1569 378 1611 nemo
418 1554 594 1611 minus
637 1568 799 1625 quam
841 1553 911 1610 de
948 1567 1010 1609 se
1044 1552 1239 1608 debeat
1262 1551 1575 1608 testimare?
1606 1550 1718 1607 Hec

109 1665 240 1720 ergo
271 1654 616 1705 contestatur
636 1657 692 1703 et
729 1647 921 1715 docet;
960 1663 1028 1702 ne
1071 1646 1307 1704 elatione
1336 1646 1533 1701 mentis
1559 1645 1715 1701 bona:

110 1746 235 1800 vitae
261 1744 519 1799 meritum
573 1742 883 1814 perderent.
934 1742 1035 1812 Qui
1077 1741 1220 1798 enim
1264 1742 1367 1797 scit
1409 1755 1467 1796 se
1510 1739 1711 1811 aliquid

109 1854 252 1906 esse,
279 1838 531 1895 humiliet
569 1852 648 1905 se,
676 1845 734 1892 ut
761 1837 990 1908 amplior
1019 1835 1131 1891 ﬁat.

176 1932 364 2007 (Vers.
392 1930 474 2003 8.)
510 1930 648 1985 Nam
678 1931 774 1986 etsi
802 1931 1003 2001 aliquid
1033 1930 1259 1998 amplius
1285 1928 1536 1998 gloriatus
1564 1928 1713 1999 fuero

105 2029 166 2082 de
193 2034 444 2100 potestate
465 2033 665 2091 nostra,
690 2037 847 2095 quam
876 2022 1019 2078 dedit
1046 2022 1190 2077 nobis
1218 2020 1469 2077 Dominus
1496 2022 1548 2075 in
1585 2022 1714 2076 ardi-

105 2122 437 2190 ﬁcationem,
486 2134 589 2173 non
633 2118 690 2172 in
730 2116 1346 2185 destructionem-uestri,
1382 2131 1486 2170 non
1532 2115 1713 2171 erube-

103 2230 261 2271 scant.
296 2213 451 2268 Nunc
486 2208 799 2283 signiﬁcat,
846 2209 971 2281 quia
1002 2210 1253 2281 superius
1279 2224 1340 2266 se
1363 2210 1667 2265 ltumiliavit
1692 2252 1707 2278 ,

103 2308 234 2380 ipsis
274 2320 336 2363 se
373 2303 775 2376 comparando;
802 2312 973 2359 l'enm
1024 2303 1071 2359 si
1102 2318 1162 2359 se
1184 2303 1390 2374 erigat,
1434 2318 1541 2359 non
1582 2318 1710 2359 eru-
1771 2372 1775 2376 _

102 2402 294 2457 bescat
310 2417 324 2465 ;
343 2398 466 2470 quia
485 2414 512 2452 a
532 2398 764 2453 Domino
779 2396 988 2467 accepit
1018 2405 1339 2467 potestatem
1359 2395 1707 2468 prmdicandi,

102 2501 160 2549 ut
187 2493 402 2558 solvet,
430 2507 537 2547 non
573 2498 633 2546 ut
682 2490 872 2561 perdat
917 2489 1297 2546 obaudientes.
1332 2489 1389 2546 Si
1443 2504 1573 2561 ergo
1624 2488 1713 2545 hic

100 2590 191 2661 qui
233 2603 261 2642 a
298 2588 534 2643 Domino
565 2586 764 2641 missus
802 2594 922 2652 est,
959 2584 1183 2641 inclinat
1220 2598 1309 2649 se,
1343 2594 1622 2656 comparat
1650 2599 1710 2642 se

102 2679 486 2746 inferioribus;
515 2687 723 2750 quanto
750 2678 924 2749 magis
952 2679 1013 2744 ii,
1053 2678 1145 2748 qui
1179 2677 1379 2733 nullius
1422 2687 1579 2733 erant
1630 2688 1712 2734 te-

101 2776 366 2844 stimonii,
383 2788 706 2843 comparare
725 2788 785 2830 se
808 2788 915 2828 non
940 2772 1227 2840 deberent,
1248 2786 1353 2827 non
1375 2770 1552 2827 dicam
1570 2787 1709 2843 pra:-

100 2868 261 2937 l‘erre,
297 2869 641 2941 majoribus?

170 2961 351 3031 (Vere.
385 2961 468 3033 9.)
503 2960 573 3017 Ut
597 2970 767 3016 autem
809 2978 910 3015 non
952 2962 1302 3017 existimemur
1344 2963 1487 3033 quasi
1518 2971 1709 3019 terrere

102 3073 183 3112 ros
210 3073 301 3125 per
327 3059 595 3127 epistolas.
629 3057 727 3113 llle
758 3064 938 3127 potest
974 3056 1145 3113 videri
1192 3065 1403 3113 terrere
1451 3073 1547 3129 per
1593 3056 1706 3127 epi-

100 3152 264 3209 stolas
289 3195 303 3219 ,
356 3152 450 3224 qui
492 3166 668 3221 neque
698 3152 1041 3207 auctoritatis
1091 3151 1321 3223 alicujus
1369 3161 1491 3216 est,
1528 3166 1706 3221 neque

1834 525 1908 571 tes
1932 557 1947 584 ,
1980 523 2027 569 et
2054 525 2411 585 comparantes
2438 519 2778 589 nosmetipsos
2817 520 2982 587 nobis,
3002 536 3104 575 non
3125 520 3433 578 immensum

1831 608 2171 680 gloriabimur
2192 626 2213 664 :
2242 610 2333 664 sed
2352 612 2634 665 secundum
2668 628 2963 668 mensuram
3016 614 3241 685 regulae,
3273 631 3430 685 quam

1833 704 2059 773 partitus
2088 713 2161 757 est
2188 702 2331 758 nobis
2361 702 2503 758 Deus
2525 748 2539 768 ,
2570 722 2863 760 mensuram
2907 707 3230 779 pertingendi
3268 726 3433 779 usque

1830 795 1901 850 ad
1919 811 2026 850 vos.
2052 796 2225 852 Tanta
2254 811 2313 852 se
2336 798 2412 852 uti
2439 796 2569 852 dicit
2601 806 2867 868 potestate
2892 840 2906 865 ,
2939 811 3138 870 quanta
3168 816 3431 859 concessa

1829 900 1915 946 est
1948 891 2017 944 ab
2044 890 2284 947 Auctore
2314 930 2330 958 ,
2378 908 2480 948 nec
2508 907 2818 949 mensuram
2840 894 3046 965 egredi.
3074 895 3281 952 Idcirco
3320 912 3431 953 non

1828 983 2058 1053 superba
2082 983 2222 1049 erit,
2252 983 2458 1054 inquit,
2506 985 2761 1055 gloriatio
2799 996 3015 1052 nostra;
3057 989 3273 1058 quando
3317 1007 3425 1046 non

1828 1078 2260 1147 transgretlimur
2316 1078 2604 1134 terminum
2645 1078 2785 1133 datae
2832 1083 3137 1149 potestatis.
3187 1083 3427 1142 Gloriam

1827 1185 1924 1240 pro
1945 1172 2267 1227 auctoritate
2294 1173 2505 1242 posuit,
2553 1187 2659 1243 qua
2701 1172 2957 1228 utebatur
2985 1173 3038 1228 in
3068 1178 3429 1247 correptioni-

1825 1266 1923 1321 bus
1960 1266 2113 1339 197
2139 1272 2519 1337 peccatorum;
2549 1274 2607 1321 ut
2656 1266 2839 1321 salvos
2885 1281 2982 1323 eos
3028 1266 3251 1325 laceret.
3308 1270 3420 1327 Nec

1826 1371 2007 1415 tamen
2031 1361 2251 1431 gloriari
2275 1376 2335 1416 se
2362 1360 2494 1417 dicit
2524 1362 2577 1415 in
2608 1360 2926 1417 extollentia
2961 1363 3242 1431 potestatis
3267 1406 3280 1430 ,
3325 1365 3422 1422 sed

1822 1454 1887 1506 ad
1912 1452 2327 1509 aediﬁcationem
2355 1453 2593 1508 illorum.
2622 1452 2873 1509 Ostendit
2898 1453 3043 1509 enim
3069 1464 3419 1525 potestatem,

1821 1546 1890 1600 de
1916 1560 2019 1616 qua
2048 1546 2093 1601 si
2120 1546 2339 1617 gloriari
2367 1546 2563 1613 vellet,
2589 1542 2617 1583 ἀ
2650 1562 2758 1601 non
2788 1546 2939 1601 illum
2974 1549 3239 1615 puderet;
3293 1551 3417 1620 quia

1819 1639 1945 1696 data
1965 1650 2049 1695 est
2071 1640 2149 1695 illi
2180 1656 2207 1695 a
2232 1640 2481 1696 Domino.
2508 1638 2616 1697 Sed
2662 1639 2755 1697 hic
2775 1640 2853 1695 sic
2878 1640 2965 1695 illa
2994 1642 3187 1708 utitur,
3227 1652 3418 1701 utnon

1815 1734 2103 1805 glorietur,
2152 1735 2257 1790 nisi
2309 1736 2362 1790 in
2392 1733 2639 1806 proiectu
2691 1734 3064 1801 credentium,
3114 1737 3420 1807 corripiens

1746 1829 1795 1889 B
1820 1837 2141 1886 constanter
2176 1830 2435 1895 vitiosos;
2484 1838 2546 1885 ut
2574 1829 2838 1899 glorietur
2866 1829 2919 1884 in
2948 1830 3121 1884 salute
3164 1830 3380 1887 illorum
3403 1875 3418 1900 ,

1818 1931 1878 1978 ttt
1901 1922 2278 1993 potestasdata
2299 1922 2459 1977 saluti
2485 1921 2759 1992 proﬁciat,
2794 1938 2900 1978 non
2924 1921 3168 1978 elationi.
3205 1923 3416 1993 Duplici

1815 2030 1947 2088 ergo
1970 2031 2174 2087 genere
2198 2032 2305 2071 non
2333 2031 2393 2071 se
2440 2016 2495 2070 in
2521 2017 2843 2072 immensum
2867 2017 3091 2088 gloriari
3150 2027 3413 2085 testatur;

1814 2122 1869 2167 et
1894 2114 2017 2185 quia
2046 2114 2343 2168 secundum
2368 2112 2550 2167 datam
2579 2120 2937 2184 potestatem,
2967 2112 3107 2166 sicut
3136 2111 3271 2167 dixit
3300 2154 3313 2177 ,
3361 2121 3418 2168 et

1814 2209 1938 2278 quia
1964 2223 2071 2263 non
2100 2207 2241 2262 ultra
2269 2206 2412 2277 quod
2435 2206 2749 2275 prmdicatio
2771 2206 2893 2275 ejus
2917 2214 3207 2276 personet,
3235 2204 3417 2260 vindi-

1813 2301 1965 2357 cabat
1991 2301 2094 2356 sibi
2117 2300 2518 2355 auctoritatem.
2544 2300 2617 2355 De
2648 2299 2730 2353 his
2752 2299 2896 2353 enim
2922 2298 3254 2366 conﬁdebat,
3276 2312 3413 2369 quos

1813 2395 1933 2465 ipse
1974 2392 2292 2448 fundaverat
2326 2393 2376 2446 iu
2413 2391 2520 2446 ﬁde
2547 2388 2773 2446 Christi.
2799 2390 3059 2445 Partitnm
3099 2392 3242 2445 enim
3282 2392 3415 2449 dicit

1812 2487 2103 2555 unicuique
2129 2527 2144 2551 ,
2194 2483 2264 2540 ad
2289 2498 2428 2555 quos
2454 2484 2507 2539 in
2536 2482 2924 2555 praedicatione
2953 2482 3309 2553 dirigeretur;
3354 2494 3414 2542 ut.

1812 2578 2011 2649 singuli
2044 2578 2290 2648 proprias
2318 2576 2528 2648 aliquas
2558 2577 2811 2632 civitates
2841 2576 3103 2633 baberent
3130 2617 3147 2644 ,
3175 2578 3242 2633 de
3274 2595 3413 2649 quo-

1813 2688 1930 2727 rum
1965 2670 2070 2727 lide
2100 2669 2483 2740 gloriarentur.
2545 2669 2641 2726 Dei
2669 2670 2813 2725 enim
2865 2680 2996 2725 nutu
3026 2670 3415 2730 Macedonibus

1813 2764 2107 2835 pradicare
2133 2764 2431 2820 advocatus
2466 2772 2549 2819 est
2577 2764 2665 2818 hic
2692 2763 2982 2833 Apostolus
3016 2781 3029 2817 :
3062 2773 3114 2819 et
3138 2776 3197 2819 ut
3220 2764 3414 2821 Corin-

1812 2858 1941 2916 tltiis
1984 2858 2421 2929 evangelizaret,
2471 2872 2500 2910 a
2554 2856 2781 2913 Domino
2829 2856 3140 2914 admonitus
3186 2868 3291 2915 est.
3340 2859 3413 2918 lis

1810 2967 1943 3021 ergo
1986 2950 2251 3008 audenter
2284 2950 2541 3021 loquitur,
2584 2965 2720 3021 quos
2770 2951 2885 3021 ipse
2935 2952 3207 3013 fundavit.
3263 2964 3315 3009 et
3344 2954 3410 3010 ad

1808 3044 2056 3115 quosDei
2080 3055 2215 3099 nutu
2244 3044 2521 3113 pervenit:
2551 3043 2765 3100 caeteris
2788 3060 2893 3099 tton
2925 3046 3012 3099 tali
3038 3045 3260 3112 ﬁducia;
3286 3048 3409 3117 quia

1810 3140 1864 3195 in
1893 3139 2073 3195 aliena
2126 3138 2309 3210 regula
2356 3147 2551 3205 erant,
2610 3137 2713 3194 hoc
2754 3148 2866 3205 est,
2921 3140 2973 3194 in
3006 3150 3157 3208 parte
3185 3140 3411 3196 alterius

101 3258 340 3313 praesens
375 3222 640 3300 ﬁduciam
696 3245 857 3299 liabet
916 3244 1173 3315 arguendi
1227 3222 1243 3298 :7
1273 3246 1470 3300 absens
1520 3252 1699 3299 autem

1816 3232 2194 3304 Evangelistte.

100 3338 217 3394 ideo
244 3338 444 3406 audet,
478 3340 602 3409 quia
640 3354 881 3410 praesens
919 3340 1094 3394 timet.

166 3432 350 3501 (Vera.
392 3432 480 3496 l0,
509 3431 626 3503 ll.)
663 3432 799 3500 Quia
824 3432 1055 3501 epistola?
1076 3431 1278 3502 quidem
1315 3446 1493 3504 graves
1521 3440 1571 3487 et
1595 3434 1699 3503 for—

98 3536 167 3580 tes
194 3537 335 3589 sunt,
368 3528 645 3598 praesentia
693 3535 867 3581 autem
900 3527 1129 3598 corporis
1171 3527 1400 3595 inﬁrma,
1436 3539 1481 3580 et
1532 3542 1700 3580 sermo

96 3619 516 3687 contemptibilis.
573 3618 685 3674 Hoc
729 3620 946 3673 (estlmet
994 3620 1083 3686 qui
1129 3620 1385 3693 ejusmodi
1412 3628 1517 3683 rst,
1569 3620 1697 3688 quia

95 3712 267 3781 quales
293 3726 477 3767 sumus
500 3711 651 3764 uerbo
678 3726 770 3780 per
794 3712 1037 3782 epistolas
1064 3711 1315 3776 absentes,
1349 3712 1481 3764 tales
1513 3726 1692 3767 sumus

95 3813 140 3856 et
170 3810 447 3873 praesentes
471 3803 525 3856 in
554 3818 725 3873 opere.
759 3802 884 3858 Ideo
912 3818 1018 3858 non
1047 3818 1106 3860 se
1145 3804 1307 3857 alium
1351 3816 1471 3857 esse
1501 3802 1699 3858 absen-

95 3909 221 3961 tem,
255 3912 423 3967 quam
450 3911 691 3967 praesens
722 3906 826 3960 est,
857 3895 1089 3967 probat;
1116 3898 1239 3968 quia
1273 3912 1377 3951 non
1410 3907 1524 3952 erat
1559 3913 1700 3968 prm-

94 4001 358 4061 sumptor.
395 3993 438 4046 Α
472 3992 702 4047 Domino
730 3995 874 4047 enim
906 4001 1228 4063 potestatem
1262 4002 1581 4063 acceperat;
1610 3994 1696 4049 cui

94 4085 232 4140 enim
262 4099 375 4141 non
403 4091 488 4141 est
525 4084 649 4139 data
704 4092 943 4155 potestas
964 4126 978 4150 ,
1009 4085 1206 4140 absens
1238 4092 1415 4154 potest
1454 4085 1660 4141 audere
1680 4128 1694 4153 ,

98 4192 339 4246 presens
367 4189 547 4235 autem
584 4179 846 4250 pudorem
879 4179 1099 4250 patitur.
1130 4177 1254 4235 Ideo
1278 4177 1569 4249 Apostolus
1588 4195 1695 4235 non

96 4273 401 4341 erubescit,
431 4274 559 4331 dum
586 4275 845 4346 corripit;
877 4277 1001 4347 quia
1033 4275 1230 4331 ﬁducia
1261 4277 1547 4346 potestatis
1594 4276 1698 4333 hoc

93 4364 218 4434 agit.
256 4364 385 4422 Hae
411 4375 632 4438 propter
660 4368 760 4423 ltos
793 4368 1050 4438 loquitur,
1084 4369 1176 4439 qui
1217 4383 1324 4423 non
1366 4369 1515 4423 missi
1557 4383 1697 4439 prte-

89 4458 341 4517 dicabant
369 4461 688 4529 adulantes;
717 4462 841 4533 quia
869 4476 931 4518 se
957 4463 1105 4533 ipsos
1130 4462 1519 4520 commendare
1550 4464 1697 4519 volo.

93 4552 232 4609 bant.

1875 3325 2068 3400 (Vers.
2100 3325 2227 3395 M.)
2261 3324 2381 3380 Non
2409 3327 2541 3381 enim
2571 3327 2717 3396 quasi
2746 3343 2847 3381 non
2878 3328 3222 3399 pertingentes
3254 3342 3413 3397 usque

1804 3420 1873 3474 ad
1911 3435 2029 3485 vos,
2073 3418 2554 3490 superextendimus
2592 3436 2682 3474 nos
2711 3436 2730 3473 :
2764 3422 2864 3473 hoc
2898 3429 3013 3487 est,
3051 3431 3071 3457 θ
3110 3436 3215 3474 non
3256 3421 3410 3490 quasi

1807 3530 1913 3569 non
1961 3513 2367 3584 pervencrimus
2408 3527 2579 3582 usque
2620 3512 2686 3567 ad
2727 3528 2858 3578 vos,
2899 3513 3409 3582 superextentlimus

1806 3624 1906 3663 nos
1956 3609 2005 3661 in
2058 3606 2474 3675 praedicatione,
2527 3604 2623 3659 sed
2669 3604 2953 3671 destinati,
3007 3605 3120 3660 Deo
3160 3606 3409 3662 mittente

1806 3719 1941 3767 nos,
1990 3701 2054 3755 ad
2101 3716 2196 3754 vos
2239 3699 2607 3770 pervenimus.
2650 3698 3046 3767 Supercxtendi
3091 3709 3270 3752 autem
3322 3708 3410 3752 est

1803 3798 1940 3852 ultra
1971 3796 2211 3859 extendi,
2245 3810 2405 3865 quam
2437 3794 2780 3857 conceditur,
2811 3792 2905 3847 sed
2941 3806 3045 3846 non
3076 3793 3245 3855 ultra;
3277 3792 3406 3861 quia

1805 3904 2113 3946 mensuram
2151 3888 2303 3944 dedit
2335 3888 2504 3954 Deus,
2544 3904 2703 3957 quam
2740 3898 3023 3943 servarent
3058 3886 3405 3957 evangelista:

1800 3983 1941 4053 ejus,
1973 3998 2135 4054 quam
2165 3982 2255 4039 hic
2286 3997 2347 4038 se
2379 3982 2655 4037 custodire
2687 3990 2933 4038 testatur.
2970 3981 3098 4037 ideo
3126 3980 3269 4036 enim
3304 3981 3405 4036 hoc

1800 4078 2077 4143 ostendit,
2124 4088 2179 4135 ut
2216 4078 2390 4132 sciant
2428 4078 2685 4148 quoniam
2717 4093 2745 4133 a
2782 4078 2892 4132 Deo
2922 4076 2987 4131 ad
3033 4076 3133 4130 hos
3158 4076 3401 4133 directus

1801 4182 1915 4237 est;
1954 4187 2018 4226 ac
2055 4188 2149 4240 per
2178 4169 2280 4225 hoc
2313 4170 2575 4227 obaudire
2615 4170 2738 4225 illos
2777 4171 2980 4225 debere
3010 4171 3211 4223 monita
3246 4169 3398 4238 ejus;

1800 4284 1871 4324 ne
1897 4274 2315 4322 contemnentes
2336 4308 2349 4331 ,
2396 4264 2506 4320 Deo
2540 4279 2571 4318 a
2602 4279 2709 4335 quo
2742 4264 2936 4318 tnissus
2976 4270 3093 4329 est,
3144 4264 3403 4318 resistere

1799 4362 2133 4419 viderentur.

1874 4456 2070 4527 (Vers.
2126 4453 2257 4527 15.)
2312 4454 2455 4509 Nam
2513 4470 2670 4521 usque
2716 4455 2785 4507 ad
2835 4467 2922 4507 vos
2975 4452 3300 4522 pervenimus
3346 4452 3401 4506 in

1802 4550 2082 4622 Evangelia
2132 4548 2361 4614 Christi,
2417 4565 2520 4602 non
2563 4549 2617 4601 in
2666 4550 2967 4601 immensum
3024 4545 3302 4616 gloriantes
3349 4546 3403 4598 in

157 4645 344 4717 (Vere.
380 4648 495 4719 12.)
564 4646 685 4702 Non
732 4649 867 4704 enim
907 4648 936 4689 δ
977 4649 1225 4703 audemus
1278 4650 1588 4721 conjungere
1607 4657 1696 4702 aut
1719 4624 1773 4687 Ῑ)
1798 4646 1982 4700 alienis
2022 4644 2309 4699 laboribus.
2343 4642 2441 4699 Hic
2477 4641 2814 4697 manifestius
2848 4652 3103 4711 apparet,
3137 4638 3281 4709 quod
3313 4638 3400 4692 di-

91 4754 389 4811 romparare
420 4756 514 4797 tros
538 4742 678 4810 ipsos
703 4741 1005 4811 quibusdam
1026 4782 1040 4808 ,
1072 4743 1162 4813 qui
1184 4757 1239 4797 se
1264 4743 1406 4813 ipsos
1428 4757 1688 4796 commen-

91 4832 231 4887 dant.
263 4832 332 4889 ﬂi
362 4844 487 4889 sunt
516 4875 533 4901 ,
589 4835 679 4905 qui
728 4851 787 4891 se
817 4836 965 4906 ipsos
992 4836 1409 4901 commendant,
1462 4835 1556 4906 qui
1584 4850 1691 4891 non

90 4935 305 4997 accepta
334 4936 631 4996 potestate,
656 4926 924 4984 dominari
956 4930 1173 4994 volunt,
1209 4928 1415 4983 nomini
1438 4942 1538 4984 suo
1565 4930 1687 4983 vin-

89 5015 340 5075 dicantes
364 5023 768 5076 auctoritatem.
792 5020 897 5090 Qui
931 5023 1074 5078 enim
1107 5023 1362 5089 mittitur,
1394 5036 1502 5077 non
1536 5022 1637 5079 sibi
1667 5064 1682 5088 ,

90 5111 178 5165 sed
202 5115 249 5165 ei
274 5125 305 5165 a
330 5126 440 5183 quo
466 5113 732 5181 mittitur,
761 5114 1006 5170 vindicat
1027 5124 1351 5184 potestatem
1377 5132 1390 5170 :
1420 5130 1520 5187 per
1544 5116 1690 5186 quod

90 5205 249 5261 etiam
281 5207 527 5264 ostendit
553 5223 616 5264 se
639 5223 668 5263 a
698 5208 928 5265 Domino
967 5209 1397 5278 dispensatorem
1426 5210 1682 5266 electum.

92 5296 178 5353 Sic
202 5315 339 5372 ergo
365 5317 469 5358 non
490 5303 776 5374 conjungit
801 5318 884 5370 se,
908 5313 998 5359 aut
1024 5312 1305 5386 comparat
1332 5304 1416 5370 iis,
1448 5306 1539 5378 qui
1580 5321 1685 5369 non

91 5390 234 5449 missi
263 5394 606 5467 praedicant,
637 5395 764 5455 dum
796 5396 927 5453 nihil
954 5407 976 5437 ο
1001 5396 1137 5452 ultra
1184 5412 1504 5455 concessum
1546 5414 1684 5471 prae-

90 5484 270 5543 sumit.

122 5676 185 5749 ,α
225 5664 638 5752 Eadem‘Bom.
682 5669 835 5739 edit.,
890 5669 1047 5725 cursi
1082 5687 1137 5726 se
1160 5670 1356 5747 erigat;
1386 5686 1525 5741 unus
1551 5688 1680 5744 ms.,

91 5747 131 5789 si
152 5754 202 5793 se
227 5747 480 5809 corrigat.

160 5809 185 5847 δ
226 5809 389 5887 llum.
438 5809 600 5887 edit.,
628 5813 876 5887 audemus
905 5817 1158 5885 conferre,
1183 5825 1271 5870 aut
1292 5830 1608 5887 comparare.

169 5894 188 5920 ε
235 5881 360 5937 Mss.
395 5882 634 5951 aliquot,
662 5886 798 5941 ultra
817 5881 1121 5943 consensum
1147 5881 1429 5944 ura’sumit'.

1795 4740 1891 4805 cit,
1922 4741 2045 4810 quia
2078 4739 2196 4809 ipse
2226 4737 2347 4793 illos
2380 4737 2719 4792 fundaverat.
2757 4735 2887 4791 Ideo
2916 4744 3065 4791 tanta
3096 4734 3292 4788 ﬁducia
3329 4733 3398 4790 ad

1796 4832 1895 4887 hos
1949 4833 2227 4903 loquitur;
2286 4848 2387 4888 nec
2442 4834 2588 4888 enim
2639 4832 2826 4887 labore
2872 4831 3099 4886 alterius
3146 4828 3397 4901 acquisiti

1792 4926 2011 4984 fuerant
2056 4928 2121 4982 ad
2174 4926 2369 4990 ﬁdem,
2420 4927 2561 4983 sicut
2609 4927 2662 4981 in
2712 4926 2817 4981 alia
2868 4925 3095 4997 epistola
3145 4925 3220 4979 ait
3270 4942 3281 4977 :
3326 4923 3394 4978 In

1791 5022 1997 5077 Christo
2024 5022 2158 5077 enim
2187 5039 2278 5094 per
2298 5022 2627 5092 Evangilium
2653 5038 2748 5095 ego
2778 5038 2862 5076 vos
2891 5022 3042 5093 genui
3075 5020 3125 5093 (l
3155 5019 3281 5074 Cor.
3319 5034 3389 5084 tv,

1793 5118 1919 5191 15.)
1964 5117 2081 5173 Νοη
2128 5132 2258 5188 ergo
2306 5125 2457 5172 extra
2500 5130 2811 5171 mensuram
2856 5116 3151 5186 gloriatur,
3197 5112 3288 5182 qui
3339 5112 3439 5168 in-

1790 5210 1975 5267 labore
2002 5226 2101 5267 suo
2131 5210 2414 5281 gloriatur.

1864 5304 2021 5375 Spem
2048 5320 2169 5358 vero
2199 5301 2439 5369 habentes
2467 5302 2740 5357 crescentis
2784 5300 2907 5370 ﬁdei
2942 5308 3120 5353 vestra:
3160 5300 3215 5352 in
3255 5298 3393 5351 vobis

1791 5396 2136 5469 magniﬁcari.
2174 5394 2308 5465 Quia
2340 5395 2571 5449 fructum
2607 5393 2806 5449 laboris
2837 5399 3020 5465 sperat
3051 5390 3292 5461 qnmsitm
3326 5390 3389 5444 li-

1790 5488 1876 5547 dei
1916 5505 2142 5551 eorum.
2191 5488 2396 5547 idcirco
2445 5503 2552 5542 non
2600 5485 2937 5556 negligenter
2977 5483 3077 5538 hoc
3124 5499 3289 5554 agere
3330 5500 3389 5543 se

1863 5671 1890 5711 ἀ
1921 5671 2175 5747 Nonnulli
2199 5686 2359 5740 mss.,
2384 5688 2485 5725 non
2513 5669 2681 5747 solum
2704 5667 2942 5747 puderet.

1885 5755 1907 5783 ε
1933 5745 2056 5815 Yet.
2082 5742 2213 5811 edit.
2242 5737 2361 5800 cum
2392 5757 2523 5799 mss.
2552 5737 2922 5815 quibusdam,
2958 5757 3059 5796 non
3102 5745 3246 5815 quasi
3293 5760 3395 5815 non

1811 5817 1957 5890 missi
1979 5812 2294 5890 peruenimus
2323 5815 2391 5868 ad
2422 5830 2508 5890 nos
2543 5814 2593 5866 in
2618 5812 3007 5890 prmdicationr,
3042 5812 3129 5873 sed
3160 5812 3401 5873 destinati

1811 5832 1955 5889 missi
1979 5832 2294 5890 pm'entmus
2323 5832 2389 5868 aa
2422 5832 2508 5867 1’08
2543 5832 2593 5866 m
2656 5832 3007 5883 ταιαισαιιρηρ,
3042 5832 3128 5873 πα

1811 5908 1842 5945 a
1867 5882 1977 5945 Deo
2003 5888 2231 5942 mittente
2256 5904 2348 5942 nos
2375 5886 2443 5939 ad
2469 5901 2575 5939 ros.
2607 5832 3004 5956 guperextendi,
3038 5899 3144 5944 etc.
