3978 6310
577 274 686 335 519
1530 273 1623 331 AD
1658 271 1895 331 OPERA
1921 273 2170 333 SANCTI
2206 273 2534 335 AMBROSll
2573 277 2946 337 APPENDIX.
3763 288 3835 342 520

583 398 895 470 proﬁtetur,
930 411 998 454 ne
1028 395 1204 454 taediis
1229 403 1287 452 et
1322 393 1588 452 molestiis
1624 394 1875 461 cederet;
1923 396 2047 466 quia
2080 409 2194 450 ma-
2221 403 2273 462 Α
2297 404 2652 467 corruptores
2672 395 2796 452 ﬁdei
2813 397 3226 465 zelaturabhis,
3251 399 3381 456 utin
3395 398 3837 472 diejudiciiiucoa-

584 491 834 562 gniﬁcari
860 506 919 549 se
945 489 1177 547 credidit
1199 487 1343 560 apud
1369 489 1535 545 Deum
1557 531 1571 554 ,
1600 489 1645 544 si
1674 500 1978 560 augeantur
2005 488 2058 542 in
2087 487 2191 544 ﬁde
2292 491 2584 546 taminatos
2605 505 2703 547 eos
2727 492 3151 563 assignetiudici
3179 494 3421 549 Christo.
3464 494 3602 550 Hinc
3619 505 3711 560 est,
3737 498 3840 554 unde

583 585 867 642 auditores
895 585 1034 656 ejus,
1067 584 1207 640 sicut
1234 583 1369 640 dicit
1402 585 1663 640 Dominus
1696 602 1710 640 τ
1741 583 1901 640 Pater
1926 585 2060 640 sicut
2089 585 2187 640 mi-
2291 591 2349 639 et
2376 585 2426 638 in
2449 583 2780 658 Apocalypsi
2809 584 3040 642 Joannis
3065 587 3283 657 legitur:
3319 587 3392 642 Hi
3418 600 3563 651 sunt,
3585 591 3763 660 inquit,
3783 595 3841 659 qui

585 681 699 738 sisti
731 697 811 736 me
842 681 896 736 in
935 681 1072 735 hunc
1109 679 1399 748 mundum,
1447 690 1494 735 et
1541 695 1634 753 ego
1674 679 1793 734 misi
1833 695 1919 733 eos
1961 680 2016 733 in
2057 679 2192 735 hunc
2291 679 2718 735 cummulieribus
2743 697 2846 736 non
2865 692 2985 736 sunt
3015 683 3744 754 coinquinati;virginesenim
3759 702 3842 757 per-

586 776 857 840 mundum,
874 786 921 830 et
940 771 2188 846 proeissanctiﬁcomeipsum(Joan.xvu,i8.)
2294 786 2614 830 ntanserunt.
2663 776 2740 830 Hi
2786 787 3069 848 sequuntur
3115 779 3345 849 Agnum,
3390 795 3703 847 quocumque
3742 781 3844 834 radit

587 869 705 927 Hoc
735 869 888 933 dicit,
917 869 1040 940 quia
1073 867 1445 924 testimonium
1477 865 1722 938 magistri
1750 877 1834 923 est
1866 868 1918 922 in
1949 867 2191 939 discipu-
2293 868 2494 941 (Apoc.
2519 868 2708 935 χιι).
2729 869 2784 924 1η
2807 870 3128 927 mulieribus
3143 887 3388 927 errorem
3407 871 3844 944 signiﬁcavit;quit

588 963 656 1020 lis
683 961 1134 1028 obaudientibus;
1166 961 1308 1016 unde
1335 961 1450 1015 ait:
2295 975 2453 1018 error
2475 977 2571 1032 per
2596 961 2879 1018 mulierem
2906 964 3092 1034 cmpit,
3119 964 3260 1020 sicut
3288 974 3345 1021 et
3365 964 3594 1021 Iezabel
3623 966 3844 1023 mulierem

663 1055 856 1127 (Vers.
893 1054 1021 1128 16.)
1065 1053 1131 1109 In
1173 1055 1312 1109 vobis
1349 1053 1676 1126 magniﬁcari
1716 1053 2000 1108 secundum
2039 1070 2194 1126 regu-
2297 1054 2432 1110 dicit
2484 1066 2711 1127 pr0pter
2767 1071 2992 1113 uxorem
3045 1057 3255 1127 Achab,
3302 1075 3423 1129 quae
3464 1059 3589 1114 zelo
3640 1058 3751 1113 Baal
3783 1059 3846 1114 Dei

587 1149 695 1206 iam
726 1159 960 1205 nostram
990 1150 1043 1203 in
1071 1149 1420 1213 abundantia,
1460 1157 1505 1200 et
1534 1155 1587 1200 ut
1617 1148 1768 1201 etiam
1793 1147 1848 1202 in
1877 1148 2194 1222 regionibus,
2299 1149 2595 1219 prOphetas
2637 1150 2840 1206 occidit
2907 1151 3005 1221 (ΙΙΙ
3043 1151 3170 1225 Reg.
3196 1167 3332 1208 xvm
3357 1194 3373 1216 ,
3404 1152 3476 1209 40
3500 1151 3519 1222 )
3541 1170 3556 1215 ;
3580 1167 3696 1207 cum
3739 1152 3850 1209 intel-

589 1258 705 1314 quaz
732 1243 870 1297 ultra
897 1258 987 1296 vos
1013 1252 1164 1309 sunt,
1203 1241 1567 1312 evangelium.
1611 1239 1816 1296 Laetior
1849 1239 1919 1295 de
1961 1240 2066 1296 ﬁde
2104 1256 2199 1297 eo-
2299 1241 2498 1310 ligatur
2547 1242 2888 1312 idololatria,
2943 1262 3046 1316 qua
3101 1256 3536 1316 corrumpuntur
3583 1260 3777 1312 mores,
3819 1258 3852 1300 et

591 1350 744 1404 rum,
778 1335 918 1391 ultra
953 1351 1049 1391 eos
1083 1333 1508 1405 prtedicaturum
1545 1347 1604 1389 se
1632 1335 1944 1389 necessario
1978 1334 2201 1404 proﬁte—
2304 1336 2426 1391 ﬁdei
2473 1337 2697 1393 veritas.
2747 1338 2879 1393 Nam
2927 1341 2973 1394 si
3025 1341 3290 1397 mulieres
3337 1341 3646 1412 intelligas,
3692 1349 3742 1395 ut
3773 1340 3852 1397 idm

594 1438 684 1485 tur
709 1428 778 1484 ad
810 1427 1113 1501 augendam
1148 1428 1374 1500 gloriam
1414 1426 1851 1498 prmdicationis;
1894 1428 1986 1482 ubi
2023 1427 2200 1483 adhuc
2307 1438 2462 1500 putes
2505 1431 2744 1502 virgines
2778 1431 2982 1500 dictas,
3029 1435 3152 1505 quia
3198 1450 3429 1506 corpora
3462 1450 3563 1490 sua
3597 1435 3855 1491 incontami-

593 1537 703 1579 non
738 1522 914 1579 fuerat
939 1522 1316 1594 praedicatum.
1355 1521 1424 1577 Ut
1452 1537 1553 1575 non
1581 1522 1636 1575 in
1664 1521 1837 1576 aliena
1863 1522 2046 1595 regula
2069 1538 2204 1593 prw-
2307 1529 2432 1578 n‘ata
2472 1533 2867 1592 servaverunt,
2898 1526 3141 1583 excludis
3181 1529 3249 1583 ab
3293 1528 3394 1582 hac
3445 1527 3622 1599 gloria
3670 1536 3854 1591 sanctos;

595 1621 792 1692 paratis
834 1619 1134 1692 gloriemur.
1178 1617 1516 1673 Manifestum
1551 1627 1636 1673 est
1673 1618 1797 1689 quia
1838 1619 1920 1674 vir
1963 1619 2202 1688 prudens
2306 1616 2432 1686 quia
2484 1631 2674 1672 omnes
2734 1620 3012 1687 apostoli,
3068 1621 3313 1690 exceptis
3358 1619 3578 1676 Joanne
3622 1631 3677 1675 et
3714 1620 3857 1678 Paulo.

595 1730 705 1770 non
740 1716 791 1769 in
822 1715 906 1769 bis
935 1713 1198 1779 conﬁdit,
1227 1727 1404 1784 neque
1431 1711 1660 1783 gloriam
1691 1720 1911 1784 sperat,
1943 1721 1967 1748 ³
1995 1729 2116 1784 qua:
2149 1713 2202 1767 in
2309 1724 2507 1764 uxores
2554 1709 2880 1765 habuerunt.
2932 1711 3002 1766 Et
3046 1712 3169 1768 vide
3214 1728 3280 1766 an
3323 1711 3625 1767 conveniat
3668 1725 3859 1766 accusare

595 1806 830 1863 aliormn
850 1806 1131 1862 laboribus
1151 1805 1569 1862 constant.ldeo
1586 1806 1949 1876 etApostolus
1970 1822 2074 1862 non
2108 1823 2205 1862 au-
2234 1805 2282 1864 B
2308 1801 2528 1858 Petrum
2570 1804 2874 1875 apostolum
2898 1849 2912 1871 ,
2959 1807 3049 1877 qui
3082 1808 3290 1877 primus
3325 1807 3474 1863 inter
3504 1807 3766 1879 apostolos
3787 1816 3857 1864 est.

598 1899 691 1956 det
709 1901 762 1956 in
786 1899 1018 1972 hos,qui
1045 1900 1170 1956 aliis
1199 1900 1625 1970 praedicantibus
1652 1899 2033 1966 crediderunt;
2055 1915 2122 1956 ne
2153 1900 2206 1956 in
2311 1906 2516 1969 quanto
2546 1901 2720 1969 magis
2748 1901 2892 1956 inter
2915 1903 3186 1956 caeteros?

595 1990 792 2048 alienis
815 1991 1098 2048 laboribus
1126 1993 1344 2064 gloriari
1376 1992 1680 2060 videretur;
1701 1989 1918 2048 sedhoc
1938 1993 2208 2061 innititur,
2383 1990 2568 2059 (Vers.
2597 1994 2680 2058 5.)
2715 1992 2890 2048 Timeo
2918 2003 3124 2062 autem,
3158 2011 3222 2050 ne
3247 1995 3382 2050 sicut
3412 2011 3632 2064 serpens
3659 1993 3794 2049 Evam
3815 2011 3862 2047 se-

597 2093 658 2141 ut
687 2086 768 2142 eis
806 2086 1343 2158 prmdicet,-quibus
1385 2101 1492 2142 non
1537 2097 1658 2143 erat
1695 2087 2107 2156 annuntiatum,
2151 2096 2212 2144 ut
2311 2082 2462 2138 duxit
2489 2085 2680 2140 astutia
2707 2102 2840 2152 sua,
2883 2087 2958 2140 sic
2997 2103 3183 2142 sensus
3222 2089 3379 2142 vestri
3413 2097 3435 2126 ο
3467 2097 3863 2158 corrumpant!”

597 2179 831 2249 gloriam
859 2178 888 2218 δ
922 2180 1112 2236 labore
1140 2195 1242 2236 suo
1272 2191 1504 2252 qumrat.
2312 2179 2568 2244 castitate,
2600 2195 2714 2246 qua:
2727 2189 2800 2234 est
2829 2180 2881 2233 in
2911 2178 3117 2235 Christo
3141 2177 3292 2234 Iesu.
3325 2178 3587 2236 Ostendit
3637 2195 3729 2250 qua
3753 2194 3862 2233 causa

675 2273 858 2347 (Vers.
892 2275 1005 2349 17.)
1040 2276 1146 2343 Qui
1173 2287 1346 2332 autem
1373 2278 1662 2350 gloriatur,
1693 2278 1746 2333 in
1776 2277 2001 2334 Domino
2029 2277 2212 2350 glorie-
2313 2274 2525 2344 cogitur
2554 2290 2681 2329 vera
2723 2273 2793 2330 de
2833 2289 2891 2330 se
2924 2275 3245 2343 protestari;
3289 2273 3357 2330 ad
3387 2276 3494 2330 hoc
3523 2274 3668 2329 enim
3695 2273 3860 2344 gloriam

601 2378 704 2424 tur.
754 2369 869 2426 Hoc
919 2370 1066 2428 dicto
1117 2372 1451 2445 signiﬁcavit
1501 2375 1673 2444 ipsam
1723 2375 2107 2431 conﬁdentiam
2155 2384 2211 2431 et
2313 2368 2417 2422 sibi
2450 2367 2631 2423 datam
2663 2367 2978 2438 proﬁtetur,
3009 2383 3114 2422 non
3149 2376 3204 2422 ut
3233 2383 3294 2423 se
3322 2367 3517 2423 laudet
3547 2385 3562 2421 :
3590 2365 3684 2423 sed
3707 2375 3756 2420 ut
3784 2365 3861 2418 illos

597 2461 826 2533 gloriam
861 2461 1093 2520 Domino
1114 2464 1374 2532 dandam,
1402 2467 1560 2539 cujus
1586 2469 1766 2539 gratia
1794 2477 1908 2534 est;
1941 2479 1999 2525 ut
2029 2470 2120 2540 qui
2154 2470 2208 2525 in
2315 2461 2586 2518 deiormet
2611 2504 2626 2528 ,
2669 2461 2766 2533 qui
2809 2461 2912 2517 sub
2948 2462 3168 2517 nomine
3199 2461 3406 2516 Christi
3436 2469 3631 2517 contra
3659 2458 3858 2516 Cbriswn

599 2567 873 2628 potestate
900 2563 1218 2634 evangelica
1246 2563 1500 2629 conﬁdit,
1538 2564 1651 2620 Deo
1680 2573 1904 2621 auctore
1933 2565 2204 2632 confidat;
2315 2555 2724 2628 praedicabant,
2768 2571 2797 2609 a
2843 2555 3041 2622 quibus
3085 2553 3353 2610 Corinthii
3401 2554 3804 2613 seducebantur;
3830 2560 3860 2603 et

599 2662 659 2709 ut
687 2667 934 2726 quzestus
970 2659 1150 2714 omnis
1195 2659 1399 2730 negoﬁi
1440 2659 1608 2715 divini
1652 2659 1881 2715 Domino
1912 2660 1966 2715 in
1999 2660 2208 2715 lucrum
2313 2650 2516 2704 veritas
2549 2649 2662 2704 hmc
2691 2647 2775 2703 his
2806 2647 3000 2718 magis,
3024 2662 3184 2719 quam
3207 2647 3257 2702 ei
3287 2647 3618 2718 proﬁceret.
3649 2645 3746 2700 HOC
3767 2643 3859 2699 enim

600 2749 804 2802 veniat.
838 2747 944 2804 Sed
981 2753 1073 2820 qui
1106 2767 1213 2807 non
1250 2752 1451 2822 accipit
1490 2761 1816 2822 potestatem
1855 2769 1883 2807 a
1918 2753 2064 2822 Deo,
2103 2770 2171 2808 no

2313 2743 2445 2816 egit,
2479 2758 2547 2800 ne
2570 2743 2862 2798 audiantur
2888 2741 3206 2798 seductores
3227 2785 3243 2809 ,
3289 2757 3430 2814 quos
3459 2741 3680 2798 diabolo
3707 2754 3858 2807 compa-

600 2848 783 2909 potest
806 2841 860 2895 in
884 2841 1119 2899 Domino
1138 2844 1398 2915 gloriari;
1423 2846 1543 2915 quia
1566 2847 1796 2916 gloriam
1821 2861 1971 2902 suam
1995 2847 2163 2918 qumri

2314 2839 2453 2893 ravit
2469 2845 2690 2907 pr0pter
2702 2837 2954 2891 astutiam
2969 2835 3190 2890 malitiae
3201 2849 3416 2901 eorum;
3438 2835 3570 2905 quia
3587 2844 3859 2902 corrumpere

681 2932 871 3002 (Vers.
908 2935 1032 3007 18.)
1066 2935 1190 2991 Non
1217 2939 1353 2992 enim
1383 2941 1472 3008 qui
1498 2956 1550 2992 se
1579 2940 1748 3012 ipsum
1779 2942 2131 3007 commendat,
2166 2951 2214 2996 ει
2315 2932 2558 2987 ﬁdelium
2591 2931 2756 2986 corda
2788 2948 2818 2987 a
2852 2932 3080 2986 veritate
3111 2929 3315 2986 Christi
3341 2941 3642 2986 conantur.
3669 2929 3764 2984 [loc
3778 2940 3861 2994 ergo

607 3025 860 3097 probatus
897 3037 972 3083 est
1003 3045 1023 3084 :
1053 3031 1144 3085 sed
1172 3047 1320 3102 quem
1347 3031 1603 3088 Dominus
1631 3035 1974 3089 commendat.
2009 3033 2207 3090 Verum
2315 3031 2539 3093 timens,
2591 3043 2810 3098 semper
2850 3026 3119 3082 sollicitus
3147 3025 3218 3082 de
3245 3026 3327 3082 eis
3359 3034 3482 3094 cst,
3525 3041 3597 3082 ne
3641 3022 3860 3079 violentur-

599 3128 714 3183 est,
749 3121 870 3189 quia
904 3121 1058 3177 illum
1095 3123 1359 3179 Dominus
1393 3124 1772 3192 commendat,
1809 3135 1865 3181 et
1892 3125 1982 3183 ille
2010 3126 2210 3196 proba-
2388 3122 2582 3193 (Vers.
2614 3120 2706 3193 4.)
2741 3120 2881 3175 Nam
2906 3121 2952 3175 si
2975 3122 3019 3175 is
3041 3121 3128 3190 qui
3154 3121 3311 3188 venit,
3335 3121 3502 3174 alium
3530 3119 3767 3175 Christum
3786 3128 3862 3183 pm-

605 3221 695 3266 tus
723 3220 838 3279 est,
869 3229 1033 3286 quem
1064 3215 1284 3285 dignum
1322 3217 1516 3284 habet,
1546 3234 1610 3274 ac
1638 3220 1830 3284 mittit,
1865 3231 1923 3276 ut
1951 3221 2212 3292 praedicet
2238 3205 2283 3268 C
2317 3219 2483 3284 dicat,
2533 3233 2681 3288 quem
2725 3234 2828 3271 non
2869 3216 3263 3288 praedicavimus
3292 3233 3310 3271 :
3344 3225 3434 3270 aut
3479 3216 3643 3270 alium
3681 3210 3862 3285 Spiritus

604 3305 809 3361 donum
856 3307 1005 3378 ejus;
1047 3325 1211 3381 quem
1281 3320 1460 3367 autem
1507 3328 1615 3368 non
1663 3313 1856 3380 mittit,
1904 3329 2009 3370 non
2060 3315 2210 3370 illum
2319 3314 2577 3385 accipitis,
2609 3331 2756 3385 quem
2787 3329 2890 3368 non
2918 3313 3192 3383 accepistis
3222 3329 3242 3367 :
3272 3321 3362 3366 aut
3388 3311 3543 3366 aliud
3573 3307 3863 3379 Evangelitm.

604 3399 973 3456 commendat.
1028 3402 1149 3473 lpse
1194 3411 1375 3460 autem
1427 3420 1488 3461 se
1529 3405 1914 3472 commendat,
1962 3406 2058 3478 qui
2103 3423 2210 3462 non
2317 3407 2452 3478 quod
2501 3422 2602 3460 non
2643 3405 2942 3475 recepistis;
2972 3400 3161 3458 ‘recte
3205 3403 3532 3471 pateremini.
3588 3401 3751 3471 Quare
3785 3396 3862 3450 ait:

608 3492 806 3548 missus
837 3495 1123 3565 prmdicat;
1170 3513 1234 3554 ac
1271 3515 1369 3571 per
1403 3499 1508 3556 hoc
1551 3500 1778 3558 idoneus
1810 3517 1918 3557 non
1949 3511 2032 3558 est
2053 3544 2068 3570 ,
2115 3503 2210 3558 sed
2318 3499 2478 3554 Recte
2505 3498 2809 3570 pateremini
2830 3539 2844 3563 ,
2890 3498 2939 3552 si
2969 3497 3109 3552 alius
3135 3495 3292 3552 vobis
3319 3495 3583 3551 Christus
3617 3491 3865 3566 praediatus

605 3597 970 3658 praesumptor
997 3597 1053 3645 et
1079 3591 1368 3662 reprobus.
2319 3592 2639 3657 l‘uisset,aut
2653 3593 2701 3648 si
2738 3593 2882 3648 alius
2901 3592 3138 3661 Spiritus
3157 3591 3246 3646 vel
3265 3590 3412 3645 aliud
3435 3588 3774 3660 Evangelium
3798 3595 3865 3637 trs-

1223 3685 1454 3746 CAPUT
1503 3688 1594 3745 ΧΙ.
2321 3685 2492 3741 dilttm
2523 3684 2676 3739 vobis
2691 3684 2884 3740 fuisset
2905 3699 3030 3739 cum
3046 3682 3416 3739 dicatGalatis
3433 3700 3448 3736 ε
3468 3681 3528 3737 Si
3547 3682 3664 3752 quis
3683 3678 3864 3733 vobiscu-

683 3773 873 3846 (Vers.
914 3775 998 3849 1.)
1039 3776 1252 3833 Utinam
1281 3782 1604 3838 sustineretis
1633 3785 1882 3854 pusillum
1909 3786 2214 3858 impruden-

2322 3779 2660 3844 nuntiaverit,
2705 3788 3046 3850 prceterquam
3091 3777 3231 3848 quod
3269 3777 3577 3845 accepistis,
3610 3785 3633 3812 ε
3662 3773 3863 3858 anatth

607 3869 733 3923 tiam
762 3871 963 3924 meum!
990 3871 1082 3926 sed
1108 3883 1156 3927 et
1182 3875 1419 3944 patimini
1457 3892 1558 3931 me.
1592 3876 1864 3947 Incipiens
1892 3855 2019 3934 vera
2057 3879 2126 3934 de
2156 3895 2215 3934 se
2322 3873 2388 3926 sit
2438 3871 2651 3942 (Galat.
2686 3888 2741 3934 ι,
2774 3871 2888 3942 9)?
2916 3869 2972 3926 Si
3005 3869 3211 3925 Galatis
3257 3882 3581 3938 perversum
3629 3875 3733 3921 erat
3769 3855 3863 3915 aliud

607 3960 728 4029 ipso
759 3977 1016 4031 narrare,
1055 3965 1215 4038 198
1264 3969 1610 4036 insipientem
1649 3985 1713 4026 se
1753 3971 1923 4038 dicit;
1965 3974 2088 4043 quia
2145 3973 2212 4028 ad
2323 3964 2602 4035 accipere,
2651 3979 2812 4034 quam
2845 3963 2913 4020 ab
2940 3963 3205 4034 apostolis
3247 3961 3423 4016 fuerat
3472 3960 3747 4020 traditum;
3781 3965 3866 4022 quir

609 4051 825 4108 laudem
847 4054 972 4124 ejus
1009 4056 1228 4111 videtur
1270 4060 1561 4128 pertinere.
1580 4061 1813 4131 Pr0pter
1843 4064 1987 4134 quod
2009 4063 2216 4120 dictum
2323 4059 2485 4115 modo
2511 4059 2809 4114 Corinthiis
2851 4066 3059 4114 rectum
3089 4065 3208 4112 erat
3228 4100 3242 4123 ,
3280 4059 3322 4111 si
3351 4057 3494 4112 alius
3519 4055 3756 4111 Christus
3777 4061 3866 4118 prr-

611 4150 696 4196 est
726 4161 739 4197 :
775 4141 897 4197 Non
921 4153 970 4198 te
994 4145 1205 4200 laudent
1229 4147 1366 4202 labia
1389 4160 1514 4215 tua,
1543 4151 1636 4205 sed
1682 4153 1908 4222 proximi
1932 4155 2006 4209 tui
2018 4152 2040 4228 (
2059 4152 2216 4210 Prov.
2323 4152 2534 4208 dicatus
2567 4152 2672 4207 illis
2701 4151 2924 4206 fuisset?
2965 4150 3070 4206 Sed
3105 4149 3286 4204 sciens
3316 4149 3618 4219 Apostolus
3647 4154 3866 4213 numquam

617 4247 803 4301 xsvn,
829 4234 928 4307 2).
963 4234 1072 4292 Sed
1103 4237 1191 4292 hic
1231 4238 1421 4296 dolore
1449 4242 1793 4312 compellitur
1836 4257 2059 4317 propter
2088 4247 2216 4316 hos,
2324 4249 2489 4304 alium
2538 4246 2816 4304 Christum
2865 4260 3028 4317 quam
3080 4251 3256 4311 hunc,
3315 4245 3408 4316 qui
3466 4242 3756 4299 cruciﬁxus
3790 4241 3866 4293 est.

614 4325 707 4396 qui
739 4340 860 4382 cum
891 4327 960 4384 de
995 4343 1064 4384 eo
1101 4329 1240 4387 bene
1282 4348 1395 4403 pra:
1435 4337 1654 4391 caeteris
1690 4338 1895 4393 sentire
1924 4339 2218 4409 deberent,
2327 4340 2652 4412 praedicari;
2696 4339 2904 4396 idcirco
2942 4339 3021 4394 ait
3054 4355 3068 4392 :
3105 4339 3261 4394 Recte
3307 4336 3647 4408 pateremini,
3695 4333 3736 4388 si
3767 4325 3869 4383 vobis

613 4418 835 4489 indiSne
864 4422 1195 4478 sentiebant.
2323 4437 2468 4491 alius
2499 4436 2680 4508 potior
2709 4437 2960 4492 Christus
2985 4434 3176 4502 abiis,
3208 4433 3302 4504 qui
3332 4432 3583 4500 veniunt,
3615 4427 3870 4503 praedictius

693 4513 882 4585 (Vers.
915 4515 1010 4589 ‘2.)
1053 4517 1243 4574 Zelans
1270 4523 1405 4576 enim
1437 4539 1524 4578 vos
1557 4524 1654 4580 Dei
1685 4527 1829 4594 zelo;
1866 4528 2043 4596 paravi
2086 4528 2222 4582 enim
2328 4525 2543 4584 fuisset.
2588 4526 2798 4583 Galatis
2828 4537 3012 4582 autem
3047 4525 3340 4581 anathema
3367 4524 3545 4592 dixit,
3592 4524 3637 4579 si
3666 4518 3788 4576 aliud
3810 4528 3868 4568 atl-

614 4624 702 4664 uos
731 4612 824 4665 uni
849 4614 958 4667 uiro
985 4614 1234 4685 virginem
1273 4628 1466 4673 castam
1511 4622 1783 4693 assignare
1820 4620 2046 4678 Christo.
2085 4623 2218 4691 Quae
2245 4621 2300 4680 D
2323 4620 2541 4687 dirent,
2575 4620 2718 4692 quod
2759 4634 2869 4676 non
2907 4620 3096 4690 utique
3127 4618 3304 4687 majus
3344 4628 3524 4686 esset,
3573 4616 3666 4674 sed
3706 4617 3869 4669 contra-

617 4700 895 4758 locuturus
919 4717 1032 4771 est,
1062 4721 1250 4764 amore
1277 4725 1467 4766 eorum
1495 4712 1770 4768 dicturum
1789 4728 1848 4769 se
1863 4713 2134 4780 ostendit;
2157 4725 2216 4770 ut
2329 4717 2492 4772 rium.
2522 4716 2692 4771 Porro
2721 4725 2931 4782 autem,
2954 4715 3153 4786 inquit,
3178 4714 3226 4768 si
3247 4713 3364 4784 ipse
3391 4711 3645 4768 Christus
3670 4705 3868 4781 prarditi-

614 4811 723 4852 non
744 4799 914 4869 magis
940 4800 1006 4854 ad
1032 4800 1243 4857 laudem
1275 4804 1393 4875 ejus
1413 4808 1685 4877 proliciat,
1715 4807 1812 4864 sed
1831 4809 1897 4864 ad
1917 4809 2218 4880 profectum
2325 4817 2416 4864 tur
2437 4809 2506 4863 ab
2534 4809 2630 4876 iis,
2667 4809 2762 4877 qui
2793 4823 2823 4862 a
2851 4807 3011 4864 nobis
3047 4807 3441 4871 annuutiatur,
3474 4814 3532 4860 et
3557 4804 3661 4858 hoc
3692 4801 3870 4863 Evange-

618 4888 810 4948 ltorum
869 4911 882 4946 :
936 4903 995 4948 ut
1041 4893 1254 4952 discant
1297 4899 1758 4968 quemadmodum
1794 4905 2007 4972 parenti
2035 4917 2137 4958 suo
2166 4903 2220 4958 in
2321 4900 2487 4967 lium;
2526 4901 2616 4970 qui
2647 4915 2827 4955 causae
2863 4907 2988 4965 est,
3031 4909 3091 4955 ut
3133 4913 3234 4954 nos
3278 4898 3573 4954 interiores
3602 4896 3867 4952 habeam".

614 4988 913 5060 Evangelio
949 4988 1203 5058 faveant;
1246 4995 1371 5064 quia
1393 4995 1724 5065 vituperatio
1759 4999 1929 5068 patris
1958 4998 2222 5055 detractio
2325 5008 2448 5048 cum
2490 4991 2622 5047 nihil
2654 4992 2890 5061 amplius
2933 4991 3002 5044 ab
3039 4989 3150 5045 illis
3184 4989 3537 5045 addiscatur?
3573 4986 3807 5058 Superius
3827 4975 3868 5029 dt‘

565 5123 576 5136 .
615 5079 852 5136 ﬁliorum
885 5091 992 5149 est,
1016 5092 1071 5137 et
1095 5082 1212 5138 laus
1235 5084 1467 5140 ﬁliorum
1495 5088 1668 5156 gloria
1717 5090 1886 5159 patris
1935 5088 2216 5162 est(Eccl.
2324 5085 2800 5159 pseudoapostolis
2854 5084 3100 5155 loquitur
3146 5083 3274 5138 ﬁdei
3324 5082 3760 5154 corruptoribus,
3803 5071 3867 5162 δεῖ

613 5174 828 5246 ιιι,15).
857 5173 1105 5244 Virgines
1129 5189 1259 5246 ergo
1284 5178 1400 5232 vult
1430 5194 1525 5234 eos
1551 5195 1676 5237 esse
1704 5181 1758 5236 in
1790 5180 1926 5250 ﬁde;
1993 5160 2136 5238 unde
2163 5193 2216 5240 et
2324 5180 2447 5237 loco
2493 5187 2677 5233 autem
2724 5177 2794 5233 de
2841 5178 2987 5233 veris
3039 5175 3534 5249 praedicatoribus;
3596 5173 3712 5244 quia
3763 5160 3867 5238 pleh“

688 5347 714 5411 ξι
740 5336 925 5394 Codex
948 5337 1138 5403 Corb.,
1171 5338 1357 5402 quibus
1387 5341 1608 5394 aliorum
1632 5342 1778 5397 labor
1796 5352 2014 5398 constat.
2317 5343 2495 5396 dicat:
2526 5340 2585 5396 Si
2616 5340 2732 5411 quis
2760 5338 2924 5411 vobis,
2955 5347 3064 5395 etc.

687 5408 945 5486 b_0mttes
964 5411 1096 5486 edit.
1129 5419 1185 5465 et
1221 5425 1353 5486 mss.
1397 5413 1626 5486 aliquot,
1650 5415 1815 5469 labori
1853 5432 1947 5468 suo
1974 5425 2206 5486 quierat;

2389 5424 2413 5451 ο
2455 5413 2598 5467 Idem
2629 5407 2761 5486 cod.
2797 5409 3000 5486 Corb.,
3045 5410 3322 5486 anathema
3357 5409 3444 5463 sit.
3478 5407 3593 5486 Hoc
3618 5411 3686 5486 est
3711 5408 3863 5486 cutting"

613 5479 804 5546 Corb.,
836 5482 1004 5536 labori
1049 5498 1146 5537 suo
1192 5483 1462 5554 acquirat;
1491 5476 1696 5557 'reliqui
1741 5476 1996 5549 demum;
2029 5476 2208 5540 labore
2321 5486 2472 5541 Recte
2503 5482 2806 5557 pateremini
2827 5483 2910 5557 ,_si
2932 5483 3084 5557 aliud
3101 5481 3488 5557 audistis_quod
3507 5477 3689 5534 anobis
3713 5476 3857 5557 dictaui

617 5567 710 5605 suo
729 5563 950 5620 quterat.
1269 5550 1279 5554 ⁷
1445 5550 1448 5551 ⁷
1623 5550 1637 5557 ’
2319 5575 2421 5612 non
2451 5566 2559 5610 est:
2587 5567 2678 5608 aut
2710 5555 2754 5608 si
2783 5554 2922 5608 alius
2959 5550 3198 5608 Christus
3229 5550 3397 5621 major
3426 5552 3492 5606 ab
3519 5569 3576 5605 eo
3597 5591 3609 5612 .
3636 5561 3766 5621 qnth
3796 5553 3862 5621 μω

693 5632 716 5702 εξ
743 5613 999 5702 genuum
1020 5640 1182 5702 _mss.,
1205 5637 1609 5702 corrumpuntur
1631 5628 2064 5702 agcastitateDei.
2205 5700 2212 5702 _
2317 5629 2694 5702 pradicamus,
2729 5625 3130 5702 annuntiaretur
3168 5613 3351 5702 nobis:
3378 5633 3468 5676 aut
3498 5613 3661 5693 potior

690 5690 717 5729 ά
749 5695 878 5772 Μῦς»ἶ
908 5695 1100 5772 Corb.,
1119 5682 1257 5772 recte
1283 5682 1604 5772 pateremini.
1632 5682 1763 5772 Non,
1786 5682 1881 5754 hoc
1905 5682 2052 5766 dicit,
2076 5700 2213 5771 quod
2318 5682 2476 5772 datus
2501 5682 2830 5772 erat__c'olore
2854 5696 3241 5772 peptmsiom's,‘
3268 5705 3322 5769 ut
3362 5682 3732 5765 prtep'oneretis
3755 5682 3858 5738 nolit

616 5775 811 5843 rectum
835 5767 1087 5843 sit_alium
1115 5766 1397 5843 Christum,
1421 5782 1512 5826 aut
1539 5773 1700 5839 alium
1731 5771 1992 5843 Spiritum
2008 5766 2216 5843 recipe-
2321 5771 2449 5827 tales
2482 5766 2869 5833 praedicatores.
2907 5766 3075 5822 Porro
3099 5767 3303 5834 autem,
3334 5776 3441 5822 etc-

614 5835 688 5906 δν,
724 5846 814 5891 aut
841 5835 1002 5891 aliam
1026 5835 1437 5897 prmdicationent
1463 5858 1480 5900 :
1510 5835 1697 5909 quippe
1729 5835 1853 5897 dum
1894 5841 1962 5898 ad
1993 5835 2211 5898 Galatas
