3978 6310
135 300 228 357 521

847 279 1352 342 COMMENTARIA
1391 279 1455 338 IN
1498 277 1719 340 EPIST.
1761 276 1854 337 AD
1889 276 2214 336 CORINTH.
2259 278 2649 341 SECUNDAM.

3296 284 3412 341 522

134 407 520 469 Corinthiorum
553 399 714 455 variis
750 401 1031 456 erroribus
1075 398 1413 465 tiuctuabat,
1452 407 1510 454 ut
1539 397 1708 469 aliqui
1736 398 1780 460 Α
1813 393 1939 449 dm"
1962 394 2299 464 Ῑυάίεπθῐηὲ
2331 399 2456 468 quia
2490 399 2614 456 inde
2639 397 2776 456 mihi
2805 399 3120 468 ίτθευίηιίηίο
3150 415 3271 458 cum
3303 401 3408 458 hoc

129 492 877 567 larerentpseudoapostolis,
910 491 1127 563 quidam
1159 492 1242 547 eis
1267 507 1296 546 a
1327 491 1526 562 quibus
1559 507 1710 548 com-

132 592 308 664 positis
337 588 510 644 verbis
552 587 739 642 eadem
789 585 1114 650 audiebant,
1155 600 1279 657 qua:
1330 586 1398 641 ab
1440 584 1705 655 Apostolo

129 685 397 741 audierant
427 700 442 737 :
471 681 560 736 alii
590 692 770 736 autem
812 679 1077 750 apostolis
1104 677 1392 745 favebant,
1422 679 1546 747 quia
1579 692 1703 734 cum

127 776 344 835 Domino
385 776 627 841 fuerant,
675 773 985 844 apostolum
1032 787 1188 828 suum
1244 771 1473 827 Paulum
1519 770 1704 828 defor-

125 880 351 937 rnantes,
381 869 501 941 quia
528 867 585 922 in
612 881 777 923 carne
815 883 926 922 non
955 865 1152 922 viderit
1178 865 1488 921 Dominum.

188 962 371 1036 (Vers.
403 961 498 1030 5.)
542 959 800 1015 Existimo
845 960 982 1014 enim
1019 976 1099 1012 me
1129 959 1182 1013 in
1217 959 1362 1013 nullo
1403 957 1704 1030 inferiorem

123 1060 269 1130 fuisse
295 1058 390 1124 iis,
429 1056 516 1126 qui
551 1055 702 1109 valde
729 1065 848 1111 sunt
878 1056 1121 1128 apostoli.
1159 1055 1276 1110 Non
1315 1056 1430 1110 vult
1466 1055 1701 1126 gratiam

125 1151 206 1206 Dei
247 1148 554 1205 inferiorem
596 1147 650 1202 in
697 1163 756 1203 se
794 1147 1004 1214 videri;
1051 1149 1178 1220 quia
1206 1148 1456 1204 similiter
1485 1149 1700 1216 docuit,

122 1256 171 1301 et
195 1244 372 1302 eadem
417 1244 579 1311 fecit,
619 1259 741 1315 quae
785 1242 1059 1300 faciebant
1099 1244 1370 1314 apostoli,
1399 1253 1424 1280 ⁸
1456 1244 1549 1316 qui
1579 1258 1704 1314 pro-

120 1338 382 1410 pensiores
405 1337 759 1404 videbantur;
789 1338 917 1408 quia
943 1339 1152 1408 priores
1171 1349 1454 1410 coeperant
1476 1337 1697 1406 docere,

121 1442 168 1487 et
195 1432 396 1487 fuerant
435 1448 556 1487 cum
601 1431 832 1487 Domino
865 1449 877 1485 :
913 1433 1059 1489 unde
1100 1433 1323 1504 majoris
1360 1432 1703 1489 auctoritatis

118 1539 228 1579 esse
263 1525 621 1594 putabantur;
664 1539 790 1580 cum
823 1524 982 1597 hujus
1013 1527 1248 1597 apostoli
1278 1526 1304 1566 ι’
1335 1527 1530 1584 eleCIio
1570 1527 1703 1582 insi-

121 1618 197 1688 gui
219 1618 430 1688 probata
458 1618 624 1675 fuerit
648 1619 990 1686 testimonio,
1015 1631 1072 1677 et
1091 1620 1208 1691 ipse
1230 1621 1464 1690 amplius
1485 1619 1700 1676 caeteris

120 1711 472 1781 laboraverit,
517 1724 572 1771 et
606 1715 894 1772 Dominum
938 1717 991 1771 in
1036 1717 1236 1787 templo
1271 1730 1436 1772 orans
1464 1715 1699 1784 viderit,

119 1813 168 1858 et
194 1805 392 1862 locutus
421 1808 494 1863 sit
524 1808 594 1864 ei.

182 1899 361 1967 (Vers.
394 1900 482 1972 ὁ.)
523 1901 630 1958 Sed
655 1903 717 1972 ζει
748 1904 794 1958 si
832 1904 1098 1975 imperitus
1136 1920 1372 1960 sermone
1407 1921 1556 1971 sum,
1598 1921 1701 1961 non

121 2001 272 2045 tamen
296 1993 528 2048 scientia.
567 1996 727 2069 199
753 1996 867 2052 Hoc
894 2012 1000 2053 non
1029 1997 1096 2052 ad
1125 1999 1404 2068 apostolos
1429 1999 1700 2071 pertinet;

120 2082 230 2151 quia
276 2101 378 2140 non
419 2098 578 2143 erant
625 2089 986 2160 eloquentes,
1033 2100 1090 2145 ut
1131 2099 1254 2162 pote
1293 2092 1412 2148 sine
1458 2092 1700 2159 litteris,

121 2174 250 2244 pleni
295 2186 472 2236 tamen
506 2181 714 2252 Spiritu
761 2191 953 2238 sancto
988 2200 1002 2237 :
1036 2183 1132 2240 sed
1174 2183 1273 2240 hos
1316 2185 1524 2257 tangit,
1566 2200 1706 2256 quos

120 2269 460 2337 pra-ferebant
480 2275 774 2344 Corinthii,
789 2291 954 2333 causa
983 2277 1219 2332 accurati
1245 2279 1548 2343 sermonis;
1577 2271 1701 2332 cum

120 2362 170 2416 in
195 2363 442 2434 religione
464 2368 546 2424 vis
573 2369 844 2424 sermonis
871 2370 1180 2424 necessaria
1207 2370 1310 2437 sit,
1346 2382 1368 2410 ο
1396 2386 1504 2426 ιιοη
1537 2385 1705 2426 sonus

120 2452 299 2510 dulcis.
331 2459 615 2525 Quomodo
661 2469 841 2516 tamen
885 2476 946 2517 se
974 2461 1260 2527 bumiliat,
1294 2471 1353 2517 ut
1392 2461 1702 2533 imperitum

119 2560 174 2601 se
199 2561 309 2602 esse
351 2550 494 2608 dicat
535 2554 590 2608 in
639 2556 930 2610 sermone?
973 2555 1038 2609 Et
1080 2554 1171 2612 ubi
1215 2564 1303 2611 est
1349 2556 1516 2622 illud,
1559 2556 1704 2628 quod

120 2637 297 2696 Festus
325 2643 396 2697 ait
429 2661 442 2697 :
476 2645 675 2711 Paule,
707 2647 909 2718 inquit,
950 2645 1116 2701 Paule
1137 2689 1152 2713 ,
1183 2648 1360 2702 multa:
1387 2649 1576 2704 littera:
1599 2646 1626 2685 τί
1659 2659 1708 2704 tc

121 2733 300 2800 facium
326 2738 597 2794 excordem
626 2739 779 2810 (Act.
805 2755 936 2796 xxvr
957 2781 972 2806 ,
1002 2739 1146 2812 24)?
1175 2740 1287 2797 Hoc
1311 2757 1444 2813 ergo
1477 2742 1668 2798 dicens
1686 2782 1702 2806 ,

123 2838 218 2878 non
255 2840 311 2881 se
354 2829 502 2901 loqui
547 2829 766 2887 nescire
805 2832 982 2888 voluit
1025 2831 1262 2904 intelligi
1294 2851 1307 2888 :
1341 2833 1437 2890 sed
1483 2844 1708 2906 propter

124 2930 208 2971 eos
234 2919 318 2990 qui
348 2938 454 2978 non
499 2939 599 2994 per
641 2923 839 2993 Iidem,
887 2925 985 2980 sed
1026 2941 1122 2996 per
1161 2925 1527 2998 eloquentiam
1559 2943 1710 2983 com-

125 3013 348 3070 mendari
377 3017 656 3075 volebant.
693 3021 757 3074 Et
789 3020 842 3074 in
881 3035 950 3076 eo
989 3033 1166 3076 tamen
1211 3037 1270 3079 se
1308 3021 1446 3078 dixit
1483 3024 1709 3095 imperi-

127 3111 259 3170 tum,
298 3109 436 3177 quod
468 3125 581 3166 non
626 3110 790 3167 habet
823 3112 1033 3168 crimen
1067 3128 1081 3166 :
1115 3115 1165 3168 in
1196 3129 1264 3170 eo
1290 3123 1471 3170 autem
1506 3126 1530 3154 θ
1559 3117 1702 3188 quod

1810 503 1916 542 non
1959 490 2167 558 peccati
2211 490 2313 554 sit,
2351 492 2444 545 sed
2475 491 2704 562 gloriae?
2744 491 2928 563 Itaque
2955 494 3032 548 sic
3060 509 3120 549 se
3154 492 3410 548 humilia-

1807 581 1912 645 vit,
1945 597 2069 636 cum
2100 581 2153 637 id
2185 582 2327 653 quod
2365 582 2467 640 sibi
2498 583 2834 652 debebatur,
2869 601 2976 642 non
3005 588 3206 658 exegit.
3243 587 3408 642 Debi-

1808 679 1919 727 tum
1952 674 2098 728 enim
2129 682 2280 741 erat,
2317 683 2377 730 ut
2407 686 2655 747 sumptus
2685 677 2753 732 ab
2780 678 2846 732 iis
2874 680 3180 751 acciperet,
3213 678 3408 751 quibus

1809 766 2142 837 praedicabat
2164 768 2518 839 Evangelium
2550 771 2666 836 Dei,
2695 772 2837 827 sicut
2860 772 3120 829 Dominus
3151 774 3406 842 instituit,

1805 857 1994 914 dicens
2019 876 2034 914 :
2057 858 2262 932 Dignus
2281 870 2357 914 est
2379 863 2651 933 aperarius
2678 864 2910 919 mercede
2931 884 3024 921 sua
3045 866 3199 935 (Luc.
3226 883 3280 934 ιι,
3307 864 3409 938 7):

1803 950 1900 1006 sed
1951 959 2009 1007 ut
2061 951 2130 1007 ad
2177 953 2470 1010 utilitatem
2519 970 2707 1011 eorum
2758 957 3078 1027 proliceret,
3131 957 3407 1015 reintavit.

1804 1041 2025 1099 Duabus
2047 1043 2191 1101 enim
2222 1060 2288 1101 ex
2311 1046 2491 1102 causis
2514 1047 2724 1103 oblatos
2751 1056 3001 1120 sumptus
3023 1049 3308 1118 relutavit;
3340 1067 3410 1110 ne

1803 1143 1859 1188 et
1891 1137 2363 1207 pseudoapostolis
2406 1139 2602 1195 similis
2633 1141 3002 1210 inveniretur,
3051 1143 3143 1214 qui
3177 1159 3294 1201 non
3338 1143 3411 1202 ad

1802 1226 2030 1297 gloriam
2063 1229 2178 1295 Dei,
2209 1229 2306 1286 sed
2333 1229 2401 1286 ad
2432 1246 2589 1288 suam
2611 1232 2900 1290 utilitatem
2924 1233 3322 1306 praedicabant,
3350 1245 3414 1295 ut

1804 1335 1911 1376 non
1945 1323 2288 1382 occasionem
2331 1326 2644 1398 acciperent
2682 1327 3065 1402 deprzedandi,
3112 1329 3221 1387 alio
3262 1332 3410 1388 enim

1804 1431 1912 1473 non
1941 1418 2280 1490 accipiente,
2329 1435 2437 1476 non
2469 1429 2648 1492 potest
2682 1422 2824 1478 alter
2851 1422 3079 1479 multum
3109 1434 3409 1496 expetere:

1801 1519 1860 1566 et
1896 1527 1966 1566 ne
1995 1513 2149 1584 vigor
2194 1515 2528 1587 evangelica:
2571 1517 2859 1587 potestatis
2904 1526 3275 1590 torpesceret;
3321 1519 3414 1592 qui

1799 1605 1946 1661 enim
1991 1621 2020 1660 a
2072 1609 2424 1678 peccantibus
2455 1609 2691 1680 accipit,
2733 1611 2998 1682 arguendi
3032 1612 3413 1671 auctoritatem

1799 1700 2024 1754 amittit.
2057 1699 2149 1756 Sic
2185 1717 2316 1772 ergo
2361 1701 2712 1770 exaltantur,
2760 1720 2886 1761 cum
2934 1704 3058 1762 ideo
3084 1705 3154 1761 ab
3181 1707 3264 1763 eis
3301 1722 3410 1763 non

1725 1806 1776 1867 Β
1800 1790 2099 1862 accipitur,
2127 1802 2186 1848 ut
2205 1795 2447 1865 correpti
2488 1796 2880 1865 emendentur,
2923 1813 2954 1853 a
3003 1808 3180 1856 morte
3217 1799 3415 1858 elcvati

1804 1885 1872 1942 ad
1899 1889 2087 1942 vitam.

1877 1979 2061 2052 (Vers.
2094 1981 2178 2053 8.)
2223 1982 2368 2037 Alias
2397 1981 2665 2040 Ecclesias
2707 1986 3024 2059 exspoliari,
3073 1997 3280 2060 accepto
3321 1989 3417 2044 sti-

1806 2071 1994 2142 pendio
2031 2073 2101 2127 ad
2141 2074 2487 2130 ministerium
2517 2087 2762 2132 vestrum.
2806 2075 2878 2133 Et
2906 2095 3021 2133 cum
3047 2080 3189 2152 apud
3213 2097 3302 2136 vos
3329 2097 3414 2136 es-

1803 2180 1931 2234 sem,
1961 2176 2008 2221 et
2035 2183 2256 2239 egerem,
2288 2170 2420 2224 nulli
2449 2172 2621 2242 gravis
2647 2171 2746 2242 fui.
2781 2172 2986 2228 Onerat
3014 2189 3142 2242 eos;
3175 2175 3419 2234 ostendit

1805 2262 1950 2316 enim
1980 2279 2088 2317 non
2137 2265 2314 2320 solum
2345 2265 2592 2323 noluisse
2618 2282 2678 2322 se
2707 2269 2957 2340 accipere
2985 2270 3055 2326 ab
3083 2272 3164 2328 eis
3185 2312 3202 2340 ,
3234 2272 3333 2329 sed
3358 2283 3418 2332 et

1805 2355 1877 2412 ab
1903 2354 2026 2411 aliis
2051 2357 2331 2428 accepisse
2351 2399 2366 2424 ,
2403 2368 2457 2414 et
2482 2359 2563 2414 eis
2589 2359 2956 2418 ministrasse.
2987 2361 3057 2418 Et
3082 2372 3141 2418 ut
3181 2365 3412 2424 multum

1808 2448 1912 2503 hoc
1940 2451 2193 2504 ostendat
2220 2449 2410 2515 fuisse,
2437 2466 2548 2508 non
2579 2467 2792 2523 parum,
2825 2455 2902 2510 ait
2927 2471 2940 2508 :
2964 2454 3108 2511 Alias
3131 2460 3418 2530 exspoliari

1807 2538 2072 2596 Ecclesias
2115 2542 2185 2596 ad
2232 2543 2574 2599 ministerium
2620 2557 2865 2602 vestrum.
2911 2546 3032 2604 Non
3082 2564 3242 2620 parva
3281 2567 3416 2625 ergo

1808 2637 2080 2707 signiﬁcat
2124 2653 2186 2695 se
2231 2641 2284 2695 in
2336 2656 2432 2698 eos
2479 2641 2842 2714 impendisse;
2889 2660 3011 2700 cum
3052 2645 3197 2701 enim
3239 2644 3417 2715 dicit,

1809 2733 2125 2799 exspoliari,
2153 2735 2322 2791 multa
2349 2746 2569 2806 accepta
2599 2745 2655 2792 et
2695 2737 2821 2793 data
2847 2737 3145 2810 signiﬁcat,
3185 2753 3294 2795 non
3322 2754 3422 2796 ex-

1810 2831 1972 2878 torta.
2008 2823 2160 2882 Unde
2187 2825 2423 2898 subjecit
2452 2843 2468 2882 :
2499 2828 2724 2899 Accepto
2752 2830 3043 2901 stipendio;
3089 2830 3419 2901 stipendium

1810 2927 1891 2971 est
1921 2917 2104 2983 enim,
2150 2919 2296 2990 quod
2328 2920 2567 2978 militans
2616 2922 2820 2990 accipit
2866 2924 2936 2980 ad
2965 2935 3251 2996 sumptus,
3301 2926 3422 2984 vice

1809 3011 2101 3069 mercedis.
2149 3013 2422 3070 ltuborem
2459 3031 2591 3088 ergo
2622 3016 2848 3073 incussit
2870 3017 2982 3086 eis;
3025 3019 3150 3091 quia
3180 3036 3286 3076 non
3316 3020 3422 3077 uti-

1809 3123 1914 3177 que
1943 3107 2070 3163 dolo
2099 3109 2382 3177 rel‘utavit,
2418 3111 2639 3182 quando
2679 3113 2919 3186 ispejeis
2955 3115 3321 3185 ministravit,
3364 3125 3422 3174 et

126 3202 338 3270 acquirit
365 3206 599 3263 salutem
619 3247 634 3274 ,
668 3217 727 3264 et
752 3208 912 3278 cujus
945 3210 1250 3280 ignorantia
1279 3229 1385 3268 non
1412 3227 1562 3269 caret
1595 3215 1704 3270 cri-

1826 3214 1871 3258 ιι
1902 3219 1998 3274 per
2030 3204 2133 3260 hoc
2161 3205 2554 3275 ministerium,
2598 3208 2742 3279 quod
2773 3210 3166 3280 promiserant,
3208 3211 3422 3268 laeilius

127 3293 296 3363 mine,
348 3314 454 3356 non
507 3317 571 3357 se
618 3303 924 3374 imperitum
980 3306 1390 3375 pronuntiavit;
1445 3309 1569 3380 quia
1620 3309 1715 3380 qui

130 3386 392 3458 imperitus
417 3404 506 3451 est
531 3395 585 3450 in
613 3411 902 3466 sermone,
936 3414 1062 3454 reus
1090 3416 1198 3454 non
1227 3411 1314 3458 est
1336 3402 1478 3471 apud
1505 3401 1672 3458 Deum
1699 3421 1715 3460 :

128 3482 214 3551 qui
236 3496 410 3543 autem
441 3490 730 3546 scientiam
761 3492 857 3548 Dei
895 3507 1004 3548 non
1051 3492 1243 3560 habet,
1290 3509 1417 3550 reus
1455 3504 1542 3550 est
1567 3495 1716 3567 igno-

130 3579 338 3646 rantiae;
399 3584 530 3655 quia
587 3600 695 3641 non
751 3585 878 3642 licet
929 3587 1226 3656 ignorare,
1281 3587 1521 3644 maxime
1574 3588 1719 3660 quod

1815 3299 2142 3370 implerent,
2174 3301 2411 3357 scientes
2438 3317 2499 3358 se
2526 3317 2650 3359 esse
2677 3303 2986 3373 debitores;
3032 3315 3093 3362 ut
3125 3322 3232 3362 non
3264 3305 3427 3364 valde

1815 3389 2114 3463 gloriosum
2142 3391 2254 3462 jam
2278 3395 2350 3448 sit
2380 3393 2744 3452 ministerium
2768 3411 2957 3454 eorum
2976 3439 2991 3465 ,
3022 3397 3122 3455 sed
3143 3397 3424 3470 debitum;

1821 3501 1888 3542 ne
1914 3487 2000 3544 vel
2031 3485 2156 3542 inde
2184 3502 2244 3542 se
2267 3487 2558 3557 iactarent.

1895 3581 2077 3654 (Vcrs.
2107 3581 2188 3653 9.)
2220 3580 2286 3636 Et
2311 3599 2428 3637 cum
2451 3585 2596 3652 apud
2624 3601 2710 3640 vos
2739 3601 2930 3652 essem,
2960 3595 3009 3641 et
3034 3602 3264 3660 egerem,
3297 3589 3432 3644 nulli

131 3673 347 3740 pertinet
375 3677 443 3732 ad
471 3679 726 3736 salutem.
767 3679 1136 3750 Quamobrem
1169 3683 1496 3752 Apostolus,
1538 3694 1716 3753 spreta

1826 3675 1991 3744 gravis
2019 3673 2116 3743 fui.
2147 3673 2203 3729 In
2239 3683 2447 3729 tantum
2477 3677 2558 3731 eis
2591 3677 2858 3744 prolicere
2884 3678 3089 3747 voluit,
3130 3687 3192 3736 ut
3219 3690 3432 3752 egesta-

133 3763 448 3838 eloquentia,
485 3771 539 3827 id
569 3774 783 3844 agebat,
814 3782 872 3829 ut
901 3773 1036 3831 ﬁdes
1067 3784 1202 3832 teste
1231 3781 1435 3833 virtute
1473 3787 1726 3849 accepta-

134 3855 246 3914 bilis
292 3873 479 3930 esset;
511 3874 568 3920 ut
595 3882 702 3921 non
732 3865 896 3922 ﬁdem
921 3867 1228 3938 eloquentia
1273 3870 1721 3937 commendaret,

136 3955 219 4010 sed
254 3959 445 4025 virtus,
481 3964 569 4018 cui
602 3963 750 4019 cedit
795 3964 1130 4035 eloquentia.
1172 3963 1237 4020 In
1268 3966 1503 4020 omnibus
1554 3977 1726 4021 autem

137 4052 422 4124 manifestus
450 4073 570 4110 sum
591 4056 754 4111 vobis.
777 4057 1118 4114 Manifestum
1151 4073 1210 4113 se
1230 4057 1366 4112 dicit
1385 4073 1508 4114 esse
1535 4059 1731 4115 Corin-

140 4140 255 4199 thiis
275 4145 328 4202 iu
351 4149 638 4208 omnibus:
662 4149 784 4222 quia
816 4165 920 4206 non
951 4149 1272 4221 ignorabant
1290 4151 1450 4208 etiam
1474 4152 1731 4224 loquendi

1826 3776 1934 3822 tem
1989 3780 2143 3822 suam
2196 3767 2577 3824 consolaretur
2626 3779 2858 3840 propter
2914 3787 3105 3830 eorum
3173 3773 3427 3831 salutem.

1826 3860 2026 3917 Passus
2055 3863 2201 3918 enim
2230 3869 2532 3933 egestatem
2575 3875 2868 3921 contentus
2914 3867 3048 3932 iuit,
3095 3884 3164 3925 ne
3211 3868 3294 3924 illi
3333 3869 3435 3925 aii-

1827 3956 1968 4027 quod
1997 3955 2316 4012 scandalum
2349 3965 2688 4028 paterentur.
2719 3960 2821 4027 Qui
2853 3960 3002 4016 enim
3029 3962 3158 4028 dat,
3197 3971 3347 4034 putat
3374 3979 3436 4022 se

1827 4049 2095 4118 exaltari;
2134 4050 2154 4089 τ
2184 4060 2239 4106 et
2265 4050 2378 4122 jam
2405 4067 2464 4108 se
2508 4068 2618 4108 non
2646 4056 2852 4124 patitur
2885 4057 3060 4128 argui.
3112 4056 3254 4114 Nam
3299 4059 3440 4116 indi-

1829 4145 2055 4214 gentiam
2094 4161 2263 4200 meam
2303 4147 2672 4219 suppleverunt
2717 4151 2938 4221 fratres,
2985 4152 3076 4224 qui
3118 4162 3365 4213 uenerunt
3409 4174 3441 4210 a

141 4233 329 4296 habere
353 4243 506 4298 illum
531 4245 806 4314 peritiam,
835 4253 890 4299 et
914 4244 1019 4300 hoc
1032 4245 1269 4300 scientes
1289 4246 1378 4300 alii
1402 4245 1651 4302 favebant
1674 4247 1716 4302 ir

1835 4239 2166 4296 Macedonia.
2219 4242 2266 4298 Δ
2311 4241 2700 4301 Macedonibus
2747 4261 2966 4318 semper
3015 4249 3260 4320 accepit;
3317 4250 3444 4320 quia

141 4343 358 4403 eo,quo
387 4336 551 4391 istum
594 4335 906 4393 inferiorem
937 4337 1547 4411 nesciebant:ideoque
1586 4355 1736 4395 corn-
1833 4333 1985 4405 prius
2023 4334 2151 4390 vitia
2198 4350 2296 4390 sua
2343 4348 2720 4394 correxerunt.
2770 4340 2838 4395 Et
2884 4341 3026 4397 sicut
3068 4357 3097 4395 a
3145 4341 3449 4403 Corinthiis

145 4432 312 4481 mOtus
339 4427 604 4500 loquitur,
633 4430 753 4500 quia
786 4428 891 4484 hoc
921 4429 1075 4501 pejus
1107 4439 1257 4496 erat;
1291 4445 1351 4486 ut
1379 4447 1500 4488 cum
1532 4433 1736 4490 scirent
1835 4426 2210 4498 accipiendum
2245 4442 2356 4486 non
2385 4437 2505 4486 erat
2525 4472 2541 4496 ,
2579 4445 2650 4487 ne
2679 4431 2789 4487 illis
2821 4432 2875 4488 in
2906 4433 3224 4490 scandalum
3271 4435 3446 4508 protl-

143 4513 352 4575 illumin
384 4521 533 4576 nullo
552 4520 768 4588 deesse,
795 4521 1146 4578 humiliarent
1166 4523 1316 4580 illum
1338 4526 1582 4591 ueteris;
1611 4543 1733 4583 cum
1836 4531 2023 4586 ceret:
2065 4522 2160 4592 sic,
2181 4523 2376 4579 iterum
2407 4539 2436 4580 a
2467 4523 2856 4582 Macedonibus
2882 4529 3261 4598 accipiendum
3289 4540 3407 4588 erat
3424 4569 3446 4602 ,

146 4610 398 4671 vidissent
427 4632 524 4687 per
545 4633 669 4672 eum
698 4631 807 4673 non
833 4617 1010 4672 solum
1033 4617 1245 4687 impleri
1265 4619 1733 4688 praedicationem;
1761 4608 1817 4669 D
1841 4628 1911 4670 ne
1939 4614 2076 4670 bene
2103 4616 2438 4674 Seminanles
2463 4617 2699 4675 fructum
2727 4619 3059 4677 amitterent.

150 4703 235 4759 sed
265 4716 318 4761 et
345 4709 502 4779 signa
535 4717 592 4765 et
621 4709 865 4781 prodigia
917 4710 1030 4766 lieri
1059 4710 1378 4781 apostolica.

1914 4706 2096 4778 (Vers.
2135 4707 2248 4779 l0.)
2297 4708 2364 4764 Et
2410 4710 2465 4764 in
2511 4711 2750 4766 omnibus
2793 4713 2904 4768 sine
2947 4730 3105 4770 onere
3150 4727 3320 4774 ucstra
3366 4733 3447 4776 me

213 4797 396 4869 (Vers.
429 4803 522 4875 7.)
566 4803 667 4858 Aut
695 4804 950 4876 numquid
992 4815 1250 4873 peccatum
1282 4806 1419 4876 feci,
1454 4823 1535 4862 me
1568 4809 1742 4877 ipsum
1842 4801 2010 4870 ipsum
2037 4801 2260 4868 servavi.
2283 4811 2334 4857 et
2363 4803 2596 4862 servabo.
2616 4804 2674 4861 In
2700 4820 2768 4860 eo
2793 4821 3012 4879 semper
3037 4823 3096 4864 se
3126 4823 3451 4879 permansu-

153 4890 454 4964 humilians,
485 4905 538 4950 ut
566 4911 654 4950 vos
682 4897 1017 4961 exaltcmini;
1041 4898 1284 4967 quoniam
1318 4899 1480 4968 gratis
1512 4898 1747 4972 Evange-

156 4981 272 5039 lium
299 4983 400 5042 Dei
433 4989 712 5056 prmdicaui
739 4989 794 5044 in
823 4988 986 5043 vobis.
1021 4988 1289 5057 Quoniam
1337 4989 1506 5046 inﬂati
1547 5002 1745 5062 erant,

157 5090 218 5132 eo
246 5079 390 5148 quod
420 5089 670 5152 sumptus
699 5081 769 5138 ab
796 5080 876 5138 eis
909 5080 1159 5151 accipere
1193 5082 1400 5148 noluit,
1436 5092 1495 5140 et
1522 5093 1747 5155 propter

159 5166 255 5227 hoc
281 5171 421 5229 alios
449 5174 498 5228 ei
538 5174 944 5246 proponebant;
989 5174 1192 5230 idcirco
1221 5176 1468 5246 numquid
1503 5178 1706 5248 peccari
1728 5219 1746 5246 ,

159 5264 260 5334 ait;
285 5267 416 5339 quia
437 5284 523 5325 me
548 5268 850 5337 bumiliavi,
877 5276 936 5324 ut
964 5283 1052 5325 me
1079 5268 1361 5340 indignum
1388 5269 1456 5325 ad
1486 5271 1752 5342 accipien-

227 5400 412 5476 figam
441 5405 574 5459 edit.
611 5445 628 5472 ,
656 5405 744 5476 qui
769 5403 996 5472 potiores
1032 5401 1355 5476 ridebantur.

232 5469 259 5510 ι)
296 5473 420 5529 ναι.
438 5476 570 5530 edit.
593 5469 648 5532 et
669 5469 807 5532 'mss.
840 5476 1068 5547 aliquot,
1099 5474 1281 5531 electio
1310 5489 1428 5528 cum
1460 5473 1749 5531 testimonio

171 5543 260 5611 sit,
291 5549 612 5618 eramplius,
635 5560 741 5605 etc.

241 5627 263 5654 ο
305 5615 622 5676 Νοηέυιιιιε
649 5620 834 5676 dulcis.
867 5618 936 5675 In
978 5617 1213 5674 omnibus
1261 5625 1450 5672 autem.
1498 5618 1572 5673 lla
1620 5634 1754 5674 mss.

171 5684 338 5766 Corb._
364 5689 418 5743 in
447 5706 558 5761 quo
587 5691 843 5766 quidquid
867 5694 1010 5750 inter
1037 5691 1152 5747 bzec
1187 5693 1349 5746 verba
1378 5690 1616 5746 medium
1647 5699 1760 5760 cst,

173 5761 456 5816 omittitur.

240 5828 265 5867 ἀ
306 5829 427 5889 Vet.
463 5833 594 5891 edit.
632 5852 750 5893 cum
796 5853 927 5894 mss.
964 5853 1067 5893 non
1109 5835 1289 5906 paucis
1316 5875 1332 5901 ,
1367 5844 1414 5889 te
1440 5835 1639 5908 faciunt
1675 5853 1765 5903 ex:

1844 4907 1964 4947 rum
1993 4891 2146 4957 dicit,
2180 4901 2239 4948 ut
2266 4892 2346 4952 sic
2376 4909 2440 4951 se
2467 4895 2772 4970 corrigunt,
2836 4907 3059 4970 propter
3109 4901 3451 4971 pseudoapo-

1845 4985 2050 5052 stolos,
2082 4986 2174 5057 qui
2203 4988 2550 5048 occasionem
2578 4989 2898 5060 quaerebant
2925 4991 3270 5062 depraedandi
3303 5008 3420 5048 eos.

1922 5080 2083 5153 200
2111 5077 2206 5136 Est
2230 5081 2421 5137 veritas
2445 5080 2642 5138 Christi
2667 5083 2722 5137 in
2743 5098 2844 5148 nte,
2878 5085 3123 5155 quoniam
3148 5083 3314 5156 gloria
3340 5081 3451 5136 Itwc

1851 5189 1954 5228 non
1976 5174 2290 5245 tnfringetur
2331 5174 2387 5229 in
2429 5177 2588 5230 main
2615 5174 2912 5253 regionibus
2933 5175 3162 5232 Achaia.
3195 5173 3452 5230 Hortatur

1854 5281 2076 5322 omnem
2102 5265 2366 5322 Achaiam
2386 5309 2402 5335 ,
2433 5275 2495 5324 ut
2517 5268 2834 5325 ministrent
2863 5268 3066 5326 sanctis
3095 5283 3110 5322 :
3137 5266 3243 5330 sibi
3268 5275 3452 5327 autem

1854 5409 2064 5456 torrem.

1932 5481 1957 5550 _°
1997 5471 2074 5526 ita
2121 5471 2468 5550 edit._Rom.
2511 5483 2568 5530 et
2610 5488 2762 5550 _mss._
2795 5471 3086 5550 nonnulli:
3129 5483 3240 5550 vet.
3272 5483 3453 5534 autem

1861 5544 1997 5601 edit.
2031 5558 2154 5598 cum
2195 5545 2320 5599 aliis
2349 5560 2482 5601 mss.
2513 5544 2684 5599 multo
2713 5542 2958 5612 pluribus
2977 5585 2995 5612 ,
3024 5545 3164 5612 quod
3191 5563 3291 5602 non
3316 5559 3458 5605 curet

1864 5616 2113 5687 crimine,
2156 5624 2200 5669 et
2232 5618 2449 5687 acquirit
2495 5612 2992 5687 salutem:_rectius
3037 5612 3211 5677 Laud.
3247 5620 3459 5682 sublata

1867 5686 2154 5768 negatione
2184 5683 2337 5768 legit,
2371 5686 2508 5768 quod
2531 5694 2670 5768 caret
2699 5683 2935 5768 critttitte,
2966 5696 3075 5768 etc:

1949 5755 1966 5795 ῗ
1997 5759 2181 5816 Codex
2216 5755 2374 5825 νειμ,
2401 5770 2448 5813 et
2471 5759 2590 5812 inde
2616 5773 2670 5811 se
2699 5755 2896 5824 patitur
2919 5763 3092 5834 argui.
