3978 6310
538 296 646 357 525

1455 286 1547 344 ΑΙ)
1582 283 1812 343 ΟΡΕΒΔ
1850 279 2099 341 SANCTI
2136 280 2464 342 AMBROSII
2502 279 2873 342 APPENDIX.

539 430 646 472 non
688 414 1029 485 permittere,
1072 426 1141 467 ne
1172 417 1407 481 coptam
1439 408 1665 481 gloriam
1705 422 1812 463 non
1852 406 2131 477 impleret;
2164 408 2211 468 Α
2239 419 2370 477 ergo
2397 420 2561 476 supra
2592 404 2878 477 proposuit
2902 445 2917 472 ,
2965 402 3133 461 modo
3162 402 3663 475 incipitenarrare,
3714 420 3824 462 na-

534 509 707 581 gloria
738 516 821 564 est
845 507 992 563 enim
1022 520 1052 560 a
1085 504 1246 559 licitis
1276 504 1556 559 abstinere
1576 540 1593 569 ,
1639 501 1877 556 maxime
1906 499 1971 554 ad
2002 498 2137 553 alio-

536 616 652 656 rum
684 602 934 656 salutem.
977 596 1033 653 In
1067 596 1285 653 Achaia:
1314 611 1448 666 ergo
1484 594 1797 667 regionibus
1826 591 2000 648 uoluit
2028 591 2134 656 uti,

535 695 588 749 in
619 695 833 750 caeteris
865 707 992 749 usus
1022 702 1107 748 est
1139 708 1153 745 :
1188 702 1241 745 et
1268 690 1505 761 amplius
1536 688 1805 759 promittit
1831 687 1935 743 sub
1979 685 2132 740 testi-

534 786 715 841 monio
746 784 979 851 Christi,
1020 784 1208 840 dicens
1240 784 1294 839 in
1338 798 1407 839 eo
1437 799 1497 837 se
1527 795 1881 845 mansurum;
1926 794 1998 835 ne
2039 780 2139 832 ali-

531 879 748 951 quando
776 879 846 933 ab
874 878 1092 934 Achaia:
1124 878 1440 948 regionibus
1466 878 1760 946 acciperet.

602 973 788 1046 (Vers.
817 974 933 1044 1i.)
955 974 1132 1041 Quare
1150 974 1176 1027 ?
1209 973 1346 1041 Quia
1376 988 1479 1027 non
1501 972 1666 1043 diligo
1692 970 1823 1025 eos?
1852 968 1995 1023 Deus
2021 969 2137 1022 scit.

531 1065 764 1121 Reddita
794 1066 1008 1122 ratione
1037 1066 1199 1121 etiam
1234 1066 1331 1122 Dei
1372 1066 1659 1121 scientiam
1696 1071 1892 1119 testem
1922 1062 2018 1117 dat
2052 1059 2136 1115 di-

530 1160 781 1216 lectionis
808 1175 942 1226 saaz,
973 1177 1133 1232 quam
1162 1160 1396 1217 habebat
1424 1174 1553 1232 erga
1585 1173 1712 1225 eos;
1734 1158 1859 1229 quia
1891 1170 2002 1212 non
2018 1154 2143 1211 ideo

533 1256 757 1314 nolebat
783 1257 1065 1327 accipere,
1107 1257 1233 1327 quia
1264 1271 1369 1311 non
1405 1257 1528 1312 illos
1554 1253 1848 1326 diligebat;
1890 1251 1989 1307 sed
2020 1248 2145 1305 ideo

532 1350 727 1420 magis,
753 1350 884 1421 quia
906 1348 1121 1404 amabat
1142 1363 1259 1419 eos,
1285 1360 1345 1405 ut
1367 1350 1468 1404 hor.
1494 1349 1671 1419 ipsum
1699 1345 1985 1417 prodesset
2013 1343 2140 1408 illis,

534 1442 679 1499 sicut
703 1442 837 1498 dixi.

603 1536 787 1609 (νει-ε.
818 1538 932 1609 19.)
975 1537 1131 1606 Quod
1180 1546 1353 1592 autem
1397 1538 1572 1609 facio,
1624 1546 1671 1590 et
1723 1536 1955 1605 {acturus
1996 1546 2146 1596 sunt;

536 1640 593 1685 ut
619 1640 883 1701 amputem
911 1632 1235 1685 occasionem
1262 1645 1463 1695 eorum,
1486 1632 1574 1699 qui
1598 1627 1776 1682 solum
1799 1626 2144 1686 occasionem,

2241 516 2371 557 vera
2394 500 2654 567 dicturus,
2686 500 2836 557 teiut
2862 499 3213 573 insipientem
3232 516 3295 557 se
3308 501 3471 569 dicit,
3502 504 3627 574 quia
3655 502 3828 559 viden-

2241 603 2332 651 tur
2356 595 2423 652 ad
2448 596 2664 651 laudem
2682 595 2800 665 ejus
2838 596 3133 667 pertinere.
3168 595 3235 652 Ut
3255 606 3306 651 et
3325 613 3422 671 ego
3450 597 3729 663 modicum,
3754 597 3827 652 ia-

2241 690 2381 761 quit,
2412 690 2628 762 glorier.
2663 688 2935 745 Modicum
2988 689 3094 747 hoc
3129 690 3295 758 dixit,
3339 690 3472 762 quia
3526 691 3580 745 in
3636 688 3823 755 verbis,

2242 801 2351 842 non
2379 786 2433 841 in
2482 800 2649 841 sensu
2679 796 2785 841 est.
2817 784 2935 842 Non
2974 799 3111 857 ergo
3158 800 3287 842 vere
3318 785 3386 842 ad
3423 782 3656 859 gloriam
3684 796 3826 841 non

2246 877 2360 934 haec
2394 879 2652 949 loquitur,
2685 877 2781 935 sed
2805 878 2926 934 vult
2944 877 3056 934 illis
3078 878 3399 945 ostendere,
3424 879 3555 949 quia
3581 892 3719 951 quos
3742 893 3830 950 pn-

2245 982 2364 1028 tant
2389 972 2688 1045 gloriosos,
2713 974 2852 1030 nihil
2878 974 2999 1046 plus
3028 973 3102 1030 ab
3122 974 3228 1030 hoc
3255 974 3461 1031 habent
3489 992 3504 1029 :
3534 988 3599 1031 ac
3617 988 3717 1044 per
3743 975 3829 1029 hoc

2243 1067 2290 1121 si
2321 1076 2582 1137 putantur
2607 1067 2660 1122 hi
2683 1067 2937 1138 gloriosi,
2966 1075 3025 1123 et
3043 1082 3147 1139 ego
3178 1065 3373 1138 inquit.
3422 1067 3552 1123 idco

2246 1161 2315 1216 tis
2338 1161 2445 1218 hoc
2475 1175 2601 1217 esse
2621 1160 2778 1227 dicit,
2816 1170 2878 1216 nt
2907 1162 2975 1216 ad
3016 1161 3234 1217 laudem
3286 1175 3441 1217 suam
3489 1160 3690 1230 aliquid
3721 1176 3827 1231 pro

2245 1265 2525 1326 sequatur,
2558 1272 2620 1311 se
2654 1265 2838 1311 antem
2882 1264 3134 1311 coactum
3162 1256 3269 1312 hoc
3298 1254 3473 1327 loqui.
3514 1253 3673 1311 Dolet
3696 1256 3827 1312 enim

2245 1350 2319 1412 ei.
2359 1359 2420 1405 ut
2440 1350 2563 1406 illos
2593 1360 2617 1388 λ
2660 1359 2919 1422 putarent
2945 1351 3212 1408 sublimes
3235 1349 3340 1407 hoe
3364 1359 3720 1421 contempto,
3753 1351 3831 1420 qui

2248 1444 2380 1499 nihil
2415 1444 2538 1515 plus
2558 1444 2629 1500 ab
2655 1460 2721 1499 eo
2745 1444 3029 1501 haberent.

2318 1535 2502 1603 (Verr.
2549 1536 2666 1607 17.)
2726 1535 2881 1605 Quod
2921 1537 3126 1608 loquor,
3167 1552 3269 1591 non
3330 1537 3515 1608 loquor
3560 1536 3829 1591 secundum

2250 1626 2440 1683 Deum.
2472 1626 2785 1682 Secundum
2830 1627 3000 1684 Deum
3032 1643 3139 1684 non
3172 1628 3441 1699 loquitur;
3467 1628 3594 1700 quia
3623 1627 3691 1683 ad
3731 1642 3832 1685 car—

537 1732 592 1777 ut
620 1724 675 1776 iu
696 1740 755 1777 eo
777 1725 914 1794 quod
929 1724 1614 1795 gloriantur,inueniantur,
1646 1723 1778 1777 sicut
1806 1730 1852 1775 et
1880 1736 1991 1775 nos.
2021 1719 2151 1775 Glo—
2251 1720 2333 1774 nis
2358 1730 2624 1777 tumorem
2664 1722 2780 1777 haec
2827 1724 3123 1795 pertinent,
3154 1738 3254 1779 nec
3275 1723 3347 1779 de
3384 1722 3669 1779 inﬂatione
3708 1723 3831 1793 apud

534 1817 613 1872 ria
646 1816 1225 1887 pseudoapostolorum
1264 1817 1317 1872 in
1346 1818 1595 1887 pecuniis
1623 1823 1743 1872 erat
1789 1813 2145 1886 accipiendis.
2179 1809 2227 1870 Β
2256 1814 2422 1869 Deum
2453 1817 2623 1887 surgit
2659 1816 2861 1888 gloria;
2896 1817 3016 1887 quia
3046 1817 3185 1885 apud
3220 1817 3386 1873 Deum
3434 1817 3707 1871 humilitas
3726 1816 3831 1889 glo-

536 1910 662 1965 ldeo
690 1913 981 1981 Apostolus
1010 1911 1115 1967 hoc
1142 1911 1437 1977 relntavit,
1473 1928 1542 1967 ne
1574 1911 1681 1966 illis
1713 1911 1908 1965 similis
1933 1909 2147 1965 videro

535 2012 652 2070 tur;
690 2009 818 2076 quia
845 2006 946 2060 nisi
978 2005 1081 2060 hoc
1110 2008 1179 2061 ab
1206 2004 1475 2075 Apostolo
1505 2003 1699 2059 luisset
1730 2005 1961 2058 vitatum
1986 2043 2001 2070 ,
2035 2016 2147 2057 ma-

528 2096 618 2167 jor
672 2100 889 2153 occasio
935 2099 1043 2153 illis
1082 2098 1208 2153 data
1256 2097 1453 2154 fuisset
1478 2097 1818 2167 accipiendi,
1850 2108 1941 2151 aut
1973 2096 2146 2166 magis

534 2190 922 2260 extorquendi;
952 2190 1170 2262 quando
1203 2191 1255 2245 in
1289 2191 1391 2245 hac
1420 2204 1482 2245 re
1512 2190 1741 2244 formam
1782 2188 1852 2243 ab
1879 2188 2146 2258 Apostolo

536 2284 717 2339 datam
751 2284 1128 2341 ostenderent.

604 2377 798 2450 (Vers.
835 2376 950 2451 13.)
982 2378 1307 2452 Hujusmodi
1353 2379 1491 2433 enim
1543 2376 1971 2450 pseudoapostoii
2027 2384 2146 2430 sunt

531 2474 796 2543 speraris',
860 2472 1067 2527 subdoli
1096 2513 1110 2539 ,
1164 2474 1595 2545 trausﬁgurantes
1654 2489 1709 2528 se
1769 2474 1825 2527 in
1880 2474 2145 2541 apostolos

531 2565 741 2621 Clu-isti.
774 2566 1005 2622 Subdoli
1032 2577 1181 2635 sunt,
1214 2569 1339 2638 quia
1384 2568 1635 2621 avaritiae
1658 2579 1855 2631 eausa,
1902 2580 2014 2621 non
2052 2579 2143 2619 re—

531 2658 725 2730 ligiosa
750 2669 934 2714 mente
955 2675 1133 2729 neque
1151 2660 1306 2713 missi
1328 2658 1703 2730 praedicabant
1726 2657 2029 2723 Christum,
2047 2671 2145 2711 no-

533 2768 657 2809 men
685 2752 789 2807 sibi
819 2753 1183 2824 apostolicum
1214 2759 1566 2823 usurpantes.

603 2847 794 2919 (Vers.
827 2846 944 2918 14.)
977 2844 1089 2900 Nec
1135 2847 1312 2915 utique
1344 2846 1563 2911 mirum,
1602 2847 1719 2916 ipse
1756 2844 1896 2899 enim
1934 2852 2145 2898 satanas

532 2941 941 3011 transﬁguratur
979 2941 1115 2995 velut
1152 2938 1387 3011 Angelus
1418 2938 1652 2994 luminis.
1685 2938 2030 2993 Manifestum
2061 2945 2147 2992 est

532 3036 659 3105 quia
692 3036 1010 3105 trequeuter
1040 3032 1241 3087 multos
1282 3032 1419 3087 fallit
1444 3032 1680 3088 Satanas
1700 3075 1713 3099 ,
1750 3029 2055 3087 ostendens
2084 3044 2144 3084 se

533 3125 641 3182 illis
680 3130 835 3199 quasi
860 3127 1115 3198 angelum
1140 3126 1236 3183 Dei
1262 3142 1277 3193 ;
1311 3135 1371 3181 ut
1398 3126 1639 3197 decipiat
1658 3140 1775 3180 eos.
1802 3124 1958 3181 Unde
1984 3124 2145 3180 Jesus

2252 1907 2392 1962 riosa
2421 1916 2528 1965 est.
2560 1908 2671 1965 Sed
2697 1911 2848 1980 quasi
2871 1911 2927 1963 in
2964 1910 3265 1981 insipientia
3316 1911 3369 1965 in
3415 1912 3515 1965 Itac
3566 1910 3830 1965 substantia

2250 2000 2597 2071 gloriatiossis.
2640 1999 2757 2056 Non
2786 2001 3006 2072 plenam
3045 2000 3195 2056 dixit
3228 2001 3627 2071 insipientiam,
3664 2000 3757 2057 sed
3778 2015 3830 2055 es

2253 2103 2407 2164 parte
2426 2109 2443 2158 ;
2461 2094 2667 2149 veritas
2695 2095 2841 2150 enim
2861 2105 2966 2149 est.
2987 2094 3095 2152 Sed
3126 2095 3252 2166 quia
3280 2096 3517 2151 eieratio
3537 2095 3731 2151 vitiosa
3761 2108 3832 2151 res

2252 2195 2369 2253 est;
2408 2188 2530 2243 ideo
2556 2189 2813 2260 quamvis
2844 2205 3036 2245 verum
3066 2189 3173 2255 sit,
3222 2188 3367 2261 quod
3412 2188 3653 2257 dicitur;
3697 2188 3831 2260 quasi

2250 2280 2559 2352 insipientia
2580 2292 2763 2339 tamen
2784 2295 2866 2339 est
2886 2298 3328 2355 unumquemque
3344 2283 3571 2339 laudare
3590 2299 3669 2339 se.
3687 2282 3833 2338 Pleas

2249 2385 2429 2432 autem
2473 2378 2783 2448 insipientia
2829 2388 2931 2443 est,
2962 2377 2991 2418 ι’
3014 2380 3060 2433 si
3086 2394 3147 2434 se
3172 2378 3328 2434 falsis
3350 2378 3478 2449 quis
3503 2377 3725 2433 laudet:
3754 2377 3832 2430 ille

2249 2472 2396 2527 enisa
2442 2472 2715 2542 superbus
2754 2473 2823 2528 de
2860 2486 2995 2529 vero
3034 2481 3155 2539 est,
3192 2472 3293 2527 hie
3327 2474 3528 2527 stultus
3568 2473 3639 2528 de
3676 2471 3831 2535 falso;

2249 2565 2553 2621 substantia
2588 2575 2767 2622 tamen
2796 2565 3145 2636 gloriationis
3167 2567 3223 2622 in
3258 2565 3361 2620 hac
3412 2580 3579 2622 causa
3612 2567 3829 2622 carnalis

2249 2667 2362 2724 est;
2386 2659 2512 2729 quia
2544 2660 2683 2714 sicut
2707 2659 2809 2715 ﬂos
2838 2658 2975 2724 feni,
3008 2659 3079 2715 ita
3105 2658 3315 2715 decidit
3348 2660 3525 2731 gloria
3559 2659 3684 2715 ista.

2319 2754 2501 2821 (Vers.
2528 2754 2648 2826 18.)
2670 2754 2807 2822 Quia
2832 2755 2980 2809 multi
2999 2755 3291 2827 gloriantur
3312 2757 3602 2811 secundm
3623 2771 3829 2819 cmest,

2249 2858 2297 2903 et
2323 2865 2416 2919 ego
2446 2848 2733 2922 gloriabor.
2763 2848 2877 2905 Hoc
2897 2849 3050 2913 dicit,
3082 2849 3339 2919 quoniam
3366 2849 3531 2919 aliqui
3554 2864 3622 2905 ex
3649 2847 3829 2905 ludatis

2247 2940 2537 2996 credentes
2558 2941 2960 3011 pmumebant
2973 2942 3099 3008 sibi,
3118 2941 3262 3012 quod
3284 2951 3471 2999 essent
3492 2943 3581 2997 lilii
3598 2940 3825 2999 Δίῃ-³1η.

2250 3034 2364 3090 Hoc
2394 3045 2481 3091 est
2507 3035 2806 3091 secundum
2845 3049 3067 3091 carnem
3099 3037 3351 3107 gloriari,
3382 3037 3716 3094 nobilitatem
3742 3036 3827 3091 sibi

2248 3128 2430 3184 carnis
2473 3128 2772 3184 vindicare.
2824 3129 2954 3186 Inde
2983 3131 3134 3185 enim
3160 3130 3264 3187 sibi
3292 3129 3596 3187 delendum!
3631 3132 3827 3202 generis

532 3223 684 3278 Nave
709 3222 999 3288 sollicitus,
1030 3236 1153 3291 quae
1178 3221 1449 3293 sivitquis
1476 3228 1647 3285 esset,
1682 3219 1842 3290 quiei
1866 3218 2138 3289 apparuit.
2170 3211 2216 3275 C
2249 3224 2697 3294 praerogativam;
2724 3224 2851 3293 quia
2872 3223 2965 3279 lilii
2988 3224 3405 3295 ejusdieuntur,
3436 3226 3527 3295 qui
3556 3226 3713 3299 201
3734 3226 3827 3281 Deo

535 3317 746 3392 (Iosue,
775 3334 849 3383 ιι,
874 3317 955 3390 5).
1000 3317 1070 3372 Et
1123 3317 1371 3387 Apostoli
1423 3317 1477 3370 in
1519 3316 1643 3369 navi
1682 3314 1955 3384 perterriti
1988 3320 2142 3383 puta-

537 3413 667 3469 bant
700 3411 1023 3482 phantasma
1050 3426 1199 3466 esse.
1226 3409 1381 3467 Unde
1399 3409 1595 3465 Petrus
1621 3409 1910 3479 apostolus
1934 3405 2140 3461 dicenti

535 3505 798 3560 Domino:
831 3502 1017 3558 Nolite
1049 3506 1245 3569 timere,
1275 3518 1369 3574 ego
1395 3518 1511 3557 sum
1534 3500 1748 3571 (Matth.
1783 3514 1896 3561 xlv,
1918 3498 1996 3571 7);
2030 3515 2139 3554 non

534 3602 698 3657 facile
726 3602 978 3667 credens,
1011 3601 1086 3656 ait
1116 3617 1129 3653 :
1162 3599 1225 3655 Si
1250 3610 1302 3653 tu
1330 3615 1406 3665 es,
1432 3598 1561 3672 λιφε
1584 3613 1663 3652 me
1700 3596 1872 3651 venire
1896 3594 1968 3649 ed
1984 3602 2034 3650 te
2054 3611 2142 3649 su-

532 3714 627 3768 per
653 3713 811 3769 aquas
842 3694 1034 3769 (Ibid.,
1064 3696 1180 3765 '28),
1217 3703 1274 3748 ut
1302 3694 1347 3747 si
1379 3692 1609 3748 lirmiter
1635 3692 1914 3760 posuisset
1942 3688 2138 3759 pedem

533 3807 701 3861 super
728 3808 920 3862 aquas,
950 3791 1120 3845 sciret
1150 3803 1341 3844 verum
1369 3800 1492 3843 esse
1519 3786 1647 3857 quia
1680 3800 1788 3841 non
1821 3792 1939 3840 erat
1972 3784 2141 3854 phan-

538 3896 713 3942 tasma
732 3927 748 3953 ,
779 3886 923 3955 quod
949 3882 1271 3955 apparebat.

612 3978 797 4051 (Vers.
834 3976 947 4050 15.)
984 3975 1106 4030 Non
1137 3992 1261 4047 ergo
1294 3989 1575 4046 maguum,
1603 3974 1645 4027 si
1687 3980 1733 4026 et
1764 3970 1988 4025 ministri
2026 3973 2140 4043 ejus

2244 3315 2581 3372 crediderint
2603 3334 2616 3369 :
2639 3314 2771 3371 Cum
2788 3318 2964 3372 animo
2986 3333 3102 3389 qua
3122 3319 3434 3391 peccaverit,
3460 3320 3576 3392 ipsa
3601 3321 3827 3373 moriatur

2244 3405 2459 3480 (Esses.
2490 3424 2642 3473 xvut,
2667 3408 2787 3481 90).
2817 3408 2873 3466 Si
2897 3424 3028 3479 ergo
3055 3411 3171 3466 haec
3194 3412 3371 3482 gloria
3398 3421 3487 3468 est
3507 3456 3521 3475 ,
3553 3412 3723 3485 inquit
3741 3454 3756 3477 ,
3780 3420 3825 3467 et

2244 3517 2347 3574 ego
2375 3503 2689 3574 gloriabor;
2714 3505 2836 3575 quia
2874 3513 2931 3560 et
2960 3520 3063 3575 ego
3096 3503 3237 3560 illius
3276 3521 3401 3562 sum
3430 3506 3683 3563 Abrahae.
3731 3504 3823 3562 Sed

2245 3596 2381 3650 nihil
2414 3595 2640 3667 prodest
2665 3595 2836 3650 tilium
2882 3612 3006 3654 esse
3036 3597 3279 3655 Abrahte
3306 3599 3452 3670 apud
3486 3600 3693 3665 Deum;
3718 3599 3824 3670 quia

2247 3686 2384 3743 ﬁdes
2413 3696 2499 3743 est
2530 3702 2653 3758 qua:
2678 3688 2893 3756 salvat,
2927 3704 3037 3746 non
3065 3705 3309 3763 propago
3344 3692 3567 3763 generis
3589 3694 3823 3749 Abt-alie.

2246 3780 2479 3852 Ideoque
2502 3781 2676 3853 gloria
2700 3781 2818 3838 lucc
2841 3784 3031 3839 carnis
3059 3794 3145 3840 est
3182 3786 3384 3855 gloria,
3420 3795 3480 3842 ut
3520 3795 3648 3858 puta
3681 3788 3729 3843 si
3758 3786 3825 3843 tli-

2245 3886 2423 3944 catar,
2453 3876 2654 3932 nobilis
2676 3877 2823 3932 ﬁlius
2852 3878 3109 3934 hominis.

2316 3968 2495 4041 (Vers.
2518 3969 2607 4035 19,
2622 3969 2742 4040 20.)
2768 3969 3007 4027 Libenter
3026 3973 3163 4028 easint
3183 3982 3208 4013 ο
3225 3975 3510 4041 sustinetis,
3526 3976 3821 4043 insipientes.

542 4074 1004 4143 transﬁgurantur,
1051 4072 1185 4125 sicut
1235 4070 1461 4123 ministri
1501 4068 1749 4141 justitiw.
1790 4065 2024 4120 Ministri
2054 4065 2143 4134 ju-
2240 4078 2363 4116 cum
2386 4064 2503 4117 sitis
2538 4064 2642 4136 ipsi
2667 4064 2951 4135 sapientes.
2980 4064 3313 4135 lnsipientes
3334 4070 3581 4140 appellat
3604 4112 3620 4136 ,
3646 4070 3737 4141 qui
3768 4070 3823 4125 de

540 4169 707 4225 stitia:
734 4166 970 4238 apostoli
985 4174 1143 4231 sunt,
1169 4179 1403 4235 quorum
1430 4178 1493 4218 se
1507 4163 1565 4217 hi
1596 4162 1780 4217 socios
1798 4160 2144 4217 mentieban-
2240 4155 2857 4215 camiscircumcisioue
2871 4160 3826 4234 gloﬁabanturzetquiaacmis

541 4272 665 4325 tur,
705 4269 765 4315 ut
807 4259 1129 4329 deciperent
1157 4257 1471 4313 audientes.
1514 4254 1751 4319 Quorum
1782 4252 1903 4320 ﬁnis
1928 4254 2029 4308 erit
2050 4268 2132 4309 ss-
2244 4250 2629 4319 portabantur,
2654 4262 2716 4307 ut
2734 4252 2969 4323 gloriosi
2995 4253 3317 4312 viderentur
3345 4272 3360 4323 ;
3406 4257 3532 4312 ideo
3556 4256 3826 4329 Apostolus

540 4355 770 4411 cundum
799 4369 959 4423 opera
982 4368 1180 4407 eorum.
1209 4350 1342 4407 Sine
1368 4349 1559 4412 dubio,
1585 4346 1718 4419 quia
1746 4346 2139 4417 iudicabuntur
2238 4345 2406 4400 etiam
2433 4360 2495 4401 se
2520 4346 2781 4403 sustineri
2808 4348 2877 4403 ab
2904 4348 2993 4404 his
3022 4350 3173 4416 vult;
3200 4361 3263 4405 ut
3284 4360 3343 4407 et
3367 4352 3487 4423 ipse
3514 4352 3619 4409 hoc
3642 4368 3698 4410 se
3720 4364 3825 4409 esst

544 4448 856 4521 huiusmodi
882 4446 1184 4504 secundum
1212 4446 1382 4501 animi
1405 4444 1488 4499 sui
1504 4443 1804 4515 nequitiam
1829 4458 1845 4507 ;
1876 4443 2003 4512 quia
2027 4456 2138 4498 non
2238 4438 2588 4509 ostenderet,
2613 4441 2760 4511 quod
2785 4450 2947 4497 erant
2974 4441 3030 4498 hi
3050 4485 3064 4509 ,
3091 4453 3149 4498 et
3171 4458 3282 4500 non
3316 4454 3500 4501 tamen
3526 4446 3742 4518 gloriari
3768 4460 3823 4501 ex

542 4552 767 4616 propter
799 4544 987 4607 Deum,
1012 4542 1109 4598 sed
1132 4551 1359 4613 propter
1386 4553 1545 4594 suum
1580 4548 1825 4594 ventrem
1877 4536 2141 4591 simulant
2242 4533 2345 4587 hac
2374 4540 2530 4602 parte
2553 4533 2856 4589 secundum
2886 4536 3085 4601 Deum;
3114 4536 3260 4593 unde
3285 4537 3519 4608 gloriam
3550 4540 3685 4596 hanc
3712 4538 3824 4594 imi-

539 4654 600 4695 se
636 4639 917 4693 ministros
970 4636 1087 4693 Dei.
1131 4634 1319 4691 Finem
1346 4644 1533 4689 tamen
1578 4632 1795 4687 illorum
1836 4629 2136 4686 secundum
2165 4616 2221 4677 D
2240 4623 2502 4694 pientiam
2526 4636 2706 4681 vocat.
2732 4626 2973 4683 Gloriari
2996 4627 3146 4684 enim
3168 4641 3232 4685 se
3252 4629 3385 4686 dicit
3411 4632 3704 4688 secundum
3721 4645 3827 4687 ατ-
3916 4620 3919 4657 ’3

536 4747 705 4803 opera
752 4731 964 4787 illorum
1003 4730 1175 4786 dicit:
1221 4738 1285 4785 ut
1320 4728 1465 4783 sicut
1488 4740 1652 4797 opera
1683 4732 1738 4780 et
1765 4738 1896 4780 cura
1938 4722 2145 4778 ventris
2246 4737 2369 4776 nem
2397 4738 2411 4788 ;
2444 4721 2539 4777 sed
2573 4722 2675 4779 hoc
2701 4724 2929 4779 stultum
2957 4737 3083 4780 esse
3108 4724 3425 4796 proﬁtetur,
3455 4736 3514 4781 ut
3538 4737 3595 4783 et
3616 4723 3822 4799 gloriam
3918 4792 3919 4795 η

534 4829 767 4896 interit,
802 4830 874 4883 ita
906 4837 964 4883 et
992 4826 1049 4882 bi
1072 4827 1300 4882 interire
1328 4822 1726 4894 intelligantur.
2240 4816 2385 4873 hanc
2413 4816 2683 4884 inaniret,
2718 4824 2776 4873 et
2810 4833 2872 4875 se
2892 4826 3143 4875 eoactum
3168 4820 3225 4875 in
3264 4818 3485 4876 laudem
3511 4822 3687 4877 carnis
3713 4836 3821 4877 esu-

613 4924 793 4996 (Vers.
825 4923 941 4995 16.)
967 4921 1167 4977 lterum
1202 4920 1323 4974 dico
1352 4936 1416 4975 ne
1454 4920 1571 4989 quis
1599 4916 1854 4971 existimet
1883 4929 1963 4969 me
2005 4915 2138 4969 insi-

541 5022 781 5091 pientem,
821 5017 1053 5089 alioquin
1080 5015 1216 5069 velut
1247 5014 1571 5085 insipientem
1608 5010 1827 5081 accipite
1850 5024 1974 5072 me;
2014 5016 2140 5062 utet

537 5128 630 5185 ego
657 5112 917 5167 modicum
944 5109 1149 5180 aliquid
1172 5107 1387 5181 glorier.
1421 5105 1604 5176 Supra
1635 5102 1796 5177 (Cap.
1826 5118 1888 5170 n,
1919 5117 2050 5156 vers.
2079 5098 2135 5171 1)

536 5210 645 5280 iam
682 5208 821 5265 dixit
854 5226 866 5262 ε
898 5205 1115 5263 (Hirrum
1158 5204 1482 5259 aestimetis
1528 5199 1783 5271 pusillum
1820 5195 2135 5269 impruden-

530 5302 659 5357 tiam
684 5318 875 5366 meam,
907 5300 1011 5355 hoe
1029 5311 1180 5353 nunc
1208 5296 1433 5367 repetit;
1457 5308 1678 5363 semper
1701 5292 1851 5347 enim
1875 5290 2134 5361 proponit

538 5393 680 5465 quod
722 5405 905 5464 postea
951 5392 1133 5447 multis
1180 5387 1521 5459 interpositis
1554 5394 1942 5457 prosequatur.
1972 5380 2133 5453 Quod

2236 5001 2534 5072 prudentes
2579 5012 2738 5068 sunt,
2782 5004 2875 5075 qui
2918 5020 3069 5078 saepe
3108 5006 3625 5077 reprehendimur?
3655 5019 3820 5062 nam

2237 5099 2361 5169 plus
2403 5098 2548 5168 sapit
2592 5097 2905 5167 insipientia
2948 5100 3237 5169 Apostoli,
3284 5115 3450 5171 quam
3483 5100 3673 5157 borum
3696 5112 3819 5173 pru-

2236 5190 2466 5247 dentia?
2506 5188 2611 5246 Hie
2654 5190 2805 5247 enim
2860 5192 3087 5262 sapiens
3130 5196 3371 5250 sustinet
3430 5194 3814 5268 imprudentes.

2236 5395 2305 5437 ne
2347 5393 2653 5451 provocans
2691 5394 2823 5445 eos,
2859 5388 2956 5436 aut
2995 5380 3299 5451 abjiciens,
3342 5380 3558 5455 pejores
3595 5380 3713 5436 illos
3746 5375 3808 5431 la-

611 5592 638 5619 ι
669 5584 794 5639 Mss.
816 5584 1045 5655 aliquot.
1072 5585 1313 5654 putarent
1335 5572 1579 5631 sublimes
1598 5569 1697 5623 hoc
1718 5576 1982 5638 concepto,
2000 5565 2126 5635 quia
2239 5636 2248 5645 ,
2309 5572 2334 5646 ἦ
2373 5557 2643 5655 Quidqui?
2667 5558 2994 5655 ,ξῐιξθξςξδάξξ
3015 5555 3809 5655 ῖηξθΐμιξξξτθιζδθλῃξιεξξξίδ

542 5629 1044 5717 ηίιιίι’ζ’ἒῖὲῖ”“””
1341 5629 1376 5631 ἠέ
1544 5716 1548 5717 ί
1648 5714 1658 5717 _
1781 5709 1798 5717 _
1877 5629 1887 5638 ’
1972 5629 2027 5635 ”
2228 5629 2631 5717 έρηερξεηιεεροι
2667 5630 2774 5686 alia
2806 5631 3376 5698 iuno-auinam,
3428 5632 3481 5686 in
3510 5630 3626 5686 cod.
3653 5629 3805 5684 Corb.

612 5704 834 5787 ἱξίξοῖξινί
865 5728 1017 5791 edit.,
1046 5726 1094 5781 si
1121 5740 1175 5780 se
1219 5722 1351 5793 falso
1380 5717 1492 5790 quis
1533 5714 1727 5771 laudet.
1779 5709 1985 5793 iterum
2019 5721 2126 5793 non
2232 5704 2632 5793 desiderantur;
2656 5789 2764 5793 WA
2920 5776 2931 5788 .

542 5774 1169 5874 ...u|{6"5(3si'?.'5n{piiiti'
1194 5774 1563 5874 misszlégunt,
1610 5782 1892 5841 carnalitas
1913 5790 2005 5848 est,
2038 5778 2130 5835 ubi
2305 5774 2331 5814 (ι
2373 5776 2628 5832 Nonnulli
2655 5789 2813 5842 mss.,
2844 5776 2931 5846 qui
2956 5776 3214 5847 sapientia
3230 5790 3347 5830 sua.

533 5878 647 5946 alii,
675 5882 725 5933 et
756 5866 947 5931 omnes
970 5868 1128 5936 edit.,
1154 5866 1382 5922 carnalis
1408 5870 1501 5918 est.

2238 4910 2387 4980 pisse
2424 4910 2604 4966 docet.
2644 4909 2816 4981 igitur
2847 4912 3024 4969 ironia
3070 4922 3157 4970 est
3202 4912 3346 4969 hcc.
3398 4912 3534 4969 Nam
3576 4912 3822 4986 quomodo
3918 4932 3919 4969 ;

3910 4992 3919 5061 ἵ,

3914 5078 3917 5123 l

2234 5283 2265 5324 ἀ
2293 5285 2388 5357 qui
2408 5286 2784 5357 patientiasna
2802 5287 2994 5343 sull‘ert
3027 5296 3238 5355 eos,nt
3270 5286 3493 5359 possint
3529 5289 3813 5361 prolicere;
3916 5286 3917 5289 “
