3978 6310
835 326 1332 387 COMMENTARIA
1371 318 1436 385 1N
1482 321 1705 380 EPIST:
1742 317 1837 380 AD
1872 317 2201 378 comma.
2240 318 2630 380 sscuunsn.
3274 323 3379 383 δίο

159 342 192 396 5

92 342 192 400 325
835 342 1332 387 L‘UMMEL‘I‘MHA
1371 342 1436 385 tu
1482 342 1700 380 ul'tat.
1742 342 1837 380 Αυ
1872 342 2201 378 humus".
2240 342 2630 380 ouhuuuant.
3275 342 3379 383 διο

89 458 226 520 ciat,
266 460 360 508 aut
397 457 553 507 certe
600 449 645 505 si
685 448 741 504 in
782 446 890 502 illis
937 446 1203 517 proﬁcere
1243 459 1351 499 non
1395 441 1672 512 potuerit,
1703 455 1757 518 Α
1852 436 2034 508 )Vers.
2067 437 2187 509 22.)
2225 436 2438 494 Ηώνωί
2464 452 2586 495 sunt
2611 479 2626 505 ,
2657 448 2707 495 et
2735 455 2872 513 ego:
2905 440 3163 498 Israelita:
3189 454 3307 499 sunt
3335 453 3384 498 et

87 562 230 605 suam
258 545 584 601 modestiam
611 540 871 598 ουειοαίι,
901 539 1108 596 Horum
1138 541 1190 594 ίη
1215 537 1515 594 Corinthii;
1541 536 1678 593 nihil
1783 542 1917 599 ego:
1956 544 2126 584 semen
2165 528 2387 585 Abrahae
2430 541 2586 597 sunt,
2629 542 2676 586 et
2715 548 2829 604 ego.
2874 533 2930 589 ln
2975 535 3058 590 bis
3111 551 3296 606 parcnt
3327 551 3387 592 se

88 653 186 699 est.
219 639 509 706 Quomodo
539 653 669 710 ergo
701 637 932 693 libenter
962 636 1225 691 sufferunt
1267 634 1640 704 imprudentes
1660 674 1675 697 .

87 749 203 792 cum
235 732 336 802 ipsi
375 732 493 787 sint
528 732 841 803 sapientes;
886 728 991 784 nisi
1018 729 1140 798 quia
1179 741 1285 782 non
1325 727 1406 783 sit:
1446 728 1559 783 vult
1597 728 1676 782 iu-

87 825 248 896 telligi
267 865 284 892 ,
315 825 458 881 sicut
484 831 681 880 sonant
709 821 870 878 verba
892 823 914 875 ?
944 821 1059 877 Hoc
1086 822 1138 876 in
1166 828 1332 877 sensu
1355 833 1411 878 et
1439 837 1678 892 pronun-

83 918 304 977 tiatione
328 927 449 984 est;
478 917 607 988 quia
632 915 824 973 eadem
851 915 1068 986 quidem
1098 918 1261 970 verba
1291 931 1397 969 nou
1423 915 1674 971 eumdem

86 1024 114 1056 ιι
143 1014 344 1070 habent
378 1027 602 1070 sensum
626 1053 642 1076 ,
685 1012 848 1067 aliter
888 1011 1242 1082 pronuntiat;
1289 1021 1344 1066 ut
1382 1011 1676 1082 aliquando

81 1105 361 1162 conﬁrmet
381 1141 395 1168 .
428 1103 726 1174 aliquando
755 1111 949 1172 neget,
983 1102 1128 1172 quod
1158 1101 1313 1158 dicit.
1346 1103 1409 1156 lli
1441 1103 1586 1158 enim
1617 1114 1678 1158 ιιι

82 1198 372 1269 prudentes
393 1239 409 1264 ,
451 1196 771 1267 insipientes
801 1193 1140 1252 sull‘erebant
1168 1194 1335 1252 falsos
1367 1197 1672 1267 apostolus.

82 1291 357 1349 Sustinetis
382 1293 518 1347 enim
538 1335 551 1359 ,
586 1293 633 1346 si
661 1292 774 1363 quis
799 1307 886 1347 eos
913 1291 968 1346 in
993 1292 1291 1347 seruitutem
1319 1291 1532 1364 redigit.
1563 1291 1677 1347 Hoc

80 1399 260 1442 verum
301 1395 422 1448 est;
466 1386 592 1455 quia
631 1383 1023 1455 redigebantur
1060 1385 1114 1439 in
1151 1385 1475 1441 servitutem
1507 1426 1522 1450 ,
1564 1399 1672 1440 non

80 1494 170 1550 per
200 1478 576 1550 prodendam;
610 1477 707 1534 sed
738 1493 839 1550 per
875 1479 1205 1547 stultitiam;
1247 1488 1306 1534 ut
1345 1479 1675 1537 famularen-

80 1582 159 1629 tur
189 1573 684 1644 pseudoapostolis.
716 1572 778 1628 Si
807 1574 920 1644 quis
945 1573 1179 1628 devorat.
1209 1572 1319 1628 Nec
1345 1573 1452 1630 hoc
1477 1574 1670 1630 falsum

79 1675 194 1733 est;
224 1667 353 1738 quia
391 1667 640 1722 contenti
681 1675 843 1722 erant
882 1666 1133 1722 devorari
1177 1681 1264 1723 res
1305 1680 1433 1722 snas
1460 1682 1489 1722 a
1521 1666 1672 1724 falsis

81 1761 407 1817 doctoribus.
459 1759 524 1816 Si
571 1760 689 1828 quis
736 1760 944 1832 accipit.
997 1762 1258 1830 Accipere
1305 1770 1389 1816 est
1433 1763 1668 1834 aliquem

1783 634 2005 685 eorum,
2049 621 2120 678 de
2159 623 2358 693 quibus
2399 637 2566 694 supra
2609 625 2966 697 significavit,
3011 630 3290 694 ostendit;
3326 639 3383 684 ut

1781 714 2149 771 detractiones
2179 731 2366 772 eorum
2386 755 2404 784 ,
2435 718 2634 788 quibus
2672 719 2925 790 indignus
2951 723 3020 775 ab
3057 721 3142 778 bis
3176 723 3386 794 judica-

1782 808 1962 874 batur,
1999 808 2161 865 falsas
2189 810 2529 866 ostenderet.

1854 901 2034 972 (Vers.
2066 899 2183 973 25.)
2214 900 2444 957 Hinistri
2473 902 2666 959 Christi
2694 915 2848 972 sunt,
2879 915 2928 962 et
2953 923 3048 979 ego
3077 908 3214 963 velut
3253 909 3381 963 insi—

1780 995 1923 1066 ρὶιοιιι
1955 996 2093 1062 dico,
2119 997 2239 1068 plus
2265 1013 2380 1070 ego.
2420 996 2564 1052 Vera
2591 996 2660 1053 de
2687 1012 2746 1053 se
2779 998 3000 1066 dicens,
3036 1001 3379 1071 insipientem

1778 1102 1839 1142 se
1862 1089 2197 1158 pronuntiat,
2221 1098 2278 1144 ut
2304 1089 2639 1162 intelligatur
2653 1101 2876 1148 coactus
2901 1093 2956 1148 in
2979 1092 3196 1149 laudem
3218 1109 3372 1150 suam

1779 1181 2117 1251 prorupisse.
2150 1179 2282 1236 Nam
2312 1182 2402 1252 qui
2431 1193 2626 1252 sponte
2656 1198 2719 1239 ea
2747 1181 2950 1251 refert,
2977 1185 3139 1258 202
3167 1202 3286 1256 quae
3312 1187 3379 1242 ad

1779 1275 1994 1332 laudent
2033 1276 2154 1347 ejus
2189 1276 2511 1348 proﬁciant,
2546 1277 2951 1348 imprudentem
2986 1294 3047 1334 se
3079 1295 3186 1334 non
3225 1280 3378 1335 dicit.

1777 1369 2029 1427 Ostendit
2067 1385 2200 1442 ergo
2237 1387 2361 1442 quas
2418 1371 2562 1438 sint,
2603 1387 2726 1441 qua:
2766 1371 2967 1428 faciant
3023 1373 3177 1428 illum
3221 1374 3383 1428 mini-

1777 1473 1948 1521 strum
1981 1463 2184 1521 Christi
2215 1466 2384 1536 magis
2413 1479 2558 1532 esse,
2590 1481 2754 1536 quam
2797 1475 2925 1522 sunt
2959 1466 3158 1538 reliqui
3185 1468 3382 1539 pra-di-

1777 1570 2012 1614 catorcs.
2063 1558 2364 1615 Occasione
2414 1559 2559 1615 enim
2610 1561 2867 1628 iuventa,
2916 1561 3160 1617 omnium
3209 1563 3384 1634 tangit

1778 1670 2041 1726 personas
2061 1694 2076 1722 ,
2109 1665 2274 1710 etiam
2303 1657 2674 1725 apostolorum
2698 1695 2714 1724 ,
2747 1657 2937 1714 dolens
2975 1659 3101 1729 quin
3137 1658 3231 1715 Dei
3260 1673 3384 1728 gra-

1776 1748 1845 1800 tia
1877 1747 2056 1802 minor
2087 1749 2140 1802 iu
2172 1746 2275 1802 hoc
2308 1747 2693 1818 judicabatur;
2726 1765 2848 1804 cum
2891 1751 3080 1806 eadem
3121 1765 3381 1820 operare-

79 1853 198 1909 dolo
225 1867 458 1924 capere;
491 1852 724 1922 ideoque
767 1851 1040 1922 signiﬁcat
1087 1854 1185 1908 bos
1227 1855 1346 1924 capi
1387 1869 1417 1908 a
1461 1854 1669 1910 dolosis
1702 1864 1745 1924 Β
1775 1851 1884 1906 tur,
1910 1857 2031 1912 qum
2053 1843 2240 1898 caeteri
2267 1844 2536 1915 apostoli,
2566 1852 2618 1899 ct
2647 1844 2768 1899 ﬁdei
2796 1859 2960 1899 causa
2989 1844 3194 1914 majora
3218 1845 3384 1899 exitia

81 1946 346 2016 magi~tris
367 1985 384 2013 ,
417 1943 444 1983 δ
471 1953 530 2001 et
565 1944 711 2000 ferre
751 1943 898 2015 quod
940 1961 1044 2000 non
1074 1945 1315 2016 expedit.
1347 1946 1410 2002 Si
1433 1947 1553 2016 quis
1577 1963 1668 2002 eo;-

87 2041 299 2095 tollitur.
341 2039 677 2095 Extollentia
706 2037 959 2108 superbia
995 2047 1102 2094 est.
1147 2038 1257 2094 Hos
1293 2054 1428 2110 ergo
1456 2041 1666 2112 tangit,

79 2135 162 2204 qui
191 2134 412 2203 superbi
441 2144 633 2200 erant,
665 2133 812 2188 male
836 2143 1086 2188 laxantes
1113 2133 1430 2204 Apostolutn
1453 2151 1471 2199 ;
1497 2142 1557 2190 et
1584 2134 1672 2190 bis

77 2241 177 2280 non
207 2225 598 2293 displicebant.
638 2223 698 2280 Si
727 2226 844 2294 quis
873 2225 929 2279 in
961 2225 1149 2297 faciem
1175 2241 1265 2280 vos
1294 2226 1465 2281 cedit.
1501 2226 1556 2280 In
1587 2225 1668 2280 fa-

76 2316 205 2371 cient
256 2316 509 2383 caeditur,
548 2315 602 2371 in
646 2315 801 2388 cujus
839 2331 900 2371 os
941 2315 1136 2386 injuria
1179 2318 1474 2389 irrogatur.
1517 2317 1671 2373 Nunc

75 2404 172 2463 bos
208 2407 470 2478 signiﬁcat
489 2448 508 2474 .
539 2410 631 2479 qui
671 2424 738 2464 eo
769 2409 911 2479 quod
951 2418 1134 2466 essent
1162 2410 1231 2465 de
1263 2426 1471 2481 genere
1501 2411 1672 2467 Abra-

76 2498 159 2556 bm
179 2541 193 2568 ,
225 2501 602 2558 obtrectabant
631 2502 747 2566 eis,
786 2502 931 2572 quod
960 2512 1146 2558 essent
1175 2502 1544 2560 incircumcisi
1565 2547 1578 2570 ,
1610 2519 1673 2561 se

77 2592 423 2663 praeferentes
445 2635 461 2663 ,
491 2594 595 2650 bos
627 2596 994 2651 liumiliantes.

141 2686 321 2758 (Vers.
354 2686 474 2760 Si.)
507 2688 811 2745 Secundum
833 2690 1215 2763 ignobilitatem
1243 2691 1379 2746 dico.
1413 2690 1675 2763 lgoobili-

79 2788 232 2837 tatem
271 2782 408 2838 dicit
445 2783 580 2846 hoc.
609 2785 756 2856 quod
795 2799 959 2855 supra
996 2786 1109 2840 ait:
1160 2784 1229 2841 Et
1273 2803 1368 2859 ego
1408 2788 1674 2860 gloriabor

78 2873 352 2929 secundum
377 2891 587 2930 carnem
612 2875 682 2938 ut
709 2875 828 2933 Cor.
861 2894 914 2933 at
933 2919 949 2946 ,
978 2877 1093 2950 18).
1123 2877 1239 2934 Non
1266 2881 1415 2936 enim
1443 2881 1578 2938 dicit
1600 2882 1671 2938 ad

78 2964 280 3023 laudem
319 2968 640 3038 pertinere,
679 2972 804 3042 quia
843 2971 1094 3028 inﬁrmus
1131 2989 1239 3028 non
1280 2984 1430 3041 erat,
1469 2976 1524 3031 in
1561 2991 1673 3046 quo

78 3077 134 3118 se
159 3063 436 3132 jactabant
456 3105 472 3128 ,
503 3081 639 3135 quas
671 3067 887 3122 occulte
922 3068 1113 3136 tangit.
1146 3067 1300 3124 Unde
1337 3079 1390 3125 et
1429 3069 1669 3140 adjecit:

80 3155 232 3222 Quasi
268 3175 364 3213 nos
392 3159 591 3229 inﬁrmi
624 3161 872 3231 fuerimus
901 3163 957 3216 in
987 3163 1082 3216 hac
1119 3173 1284 3235 parte.
1327 3162 1669 3220 Manifestum

78 3261 154 3307 est
179 3253 303 3325 quia
335 3269 446 3310 non
472 3266 594 3310 erat
619 3255 675 3310 iu
705 3254 805 3312 hac
825 3255 1002 3326 gloria
1034 3257 1282 3313 inﬁrmus
1301 3299 1316 3324 ,
1346 3269 1370 3299 ο
1399 3259 1451 3313 in
1478 3274 1584 3330 qua
1608 3274 1670 3316 se
1699 3259 1744 3324 C

79 3346 428 3412 praferebant
466 3347 752 3404 credentes
787 3347 962 3404 Judaei
986 3391 1001 3414 ,
1031 3365 1166 3420 quos
1207 3350 1260 3405 bi
1303 3351 1667 3422 patiebantur.

79 3438 217 3506 quasi
257 3441 560 3510 Apostolus
596 3455 790 3496 eorum
832 3442 887 3496 in
931 3442 1031 3498 hac
1070 3457 1134 3498 re
1169 3452 1317 3497 esset
1344 3443 1668 3509 dissimilis;

78 3533 190 3602 quia
232 3545 288 3590 et
329 3536 447 3606 ipse
489 3545 608 3591 erat
639 3537 706 3591 de
736 3538 952 3591 semine
979 3537 1243 3593 Abrahae.
1279 3535 1305 3574 ἀ
1335 3553 1401 3594 ac
1441 3555 1538 3607 per
1569 3541 1673 3596 hoc

77 3624 314 3684 inﬁrmus
363 3645 476 3684 non
507 3639 629 3684 erat
658 3630 716 3683 in
750 3630 850 3685 hae
876 3630 1051 3700 gloria
1089 3630 1297 3686 carnis.
1343 3631 1547 3687 Inﬁrmi
1577 3648 1671 3686 au—

79 3727 174 3774 tem
227 3720 280 3776 bi
329 3721 742 3792 judicabantur,
794 3725 887 3794 qui
925 3723 1185 3793 .applicati
1231 3723 1445 3779 fuerant
1479 3725 1669 3796 generi

75 3813 320 3871 Abrahae.
357 3815 450 3871 Isti
479 3817 626 3873 enim
668 3815 827 3884 quasi
862 3818 1064 3872 inﬁrmi
1103 3819 1156 3873 in
1195 3831 1264 3874 eo
1301 3818 1446 3889 quod
1489 3819 1583 3874 ille
1609 3835 1671 3876 se

73 3909 432 3976 praeferebant
453 3951 468 3974 ,
497 3925 568 3965 eo
595 3911 744 3980 quod
775 3918 963 3966 essent
990 3909 1286 3979 lsraelitse,
1321 3913 1373 3966 in
1408 3912 1510 3968 hoc
1551 3913 1670 3984 ipso

76 3999 254 4054 volunt
281 4015 345 4058 se
375 4000 614 4057 sufferri.
651 4001 716 4058 Ut
751 4012 774 4040 ο
796 4002 1113 4058 ostenderet
1142 4009 1193 4058 in
1223 4004 1326 4060 bac
1345 4005 1523 4074 gloria
1551 4020 1670 4061 car-

73 4091 150 4144 nis
179 4105 285 4147 non
317 4109 379 4148 se
409 4107 531 4149 esse
571 4093 870 4151 dissimiles
907 4107 963 4152 et
1004 4095 1289 4164 inﬁrmos,
1318 4113 1442 4154 cum
1473 4100 1542 4154 de
1571 4113 1668 4155 sua

73 4197 222 4239 causa
272 4186 539 4258 loquitur,
593 4189 908 4245 subinducit
957 4199 1016 4246 et
1060 4191 1322 4248 Barnabas
1374 4209 1666 4263 personam

73 4279 197 4334 socii
229 4281 338 4337 sui.
389 4281 546 4339 Unde
585 4293 642 4339 et
681 4283 735 4338 in
777 4283 949 4353 prima
977 4285 1110 4340 dicit
1135 4286 1406 4357 epistola:
1437 4288 1544 4342 Λα
1575 4303 1668 4360 ego

71 4372 206 4426 solus
245 4384 296 4428 et
339 4373 612 4431 Barnabas
652 4393 756 4431 non
795 4377 1042 4433 tabanus
1087 4388 1390 4449 potestatem
1417 4381 1516 4436 Itur
1541 4397 1670 4453 cpe—

71 4464 214 4518 raudi
246 4466 290 4539 (l
320 4466 444 4522 Cor.
467 4484 522 4524 ιι
545 4509 559 4532 ,
586 4469 648 4540 6)
670 4471 694 4524 ἲ
719 4468 838 4524 -Νοιι
868 4485 1002 4541 ergo
1027 4473 1266 4529 minores
1295 4485 1451 4530 erant
1477 4477 1531 4530 in
1564 4477 1670 4532 bac

69 4556 269 4624 gloria,
319 4562 372 4615 in
413 4576 522 4631 qua
565 4578 629 4617 se
673 4562 846 4618 Judaei
885 4563 1199 4634 jactabant,
1237 4570 1336 4622 sed
1385 4583 1492 4622 non
1541 4569 1668 4625 inde

1775 1934 2054 1991 toleraret.
2096 1935 2255 1992 Unde
2291 1946 2347 1993 et
2385 1936 2438 1991 in
2477 1935 2580 1992 alia
2622 1937 2852 2006 epistola
2897 1937 3067 1992 dicit:
3099 1935 3234 1993 Plus
3275 1937 3383 1992 illis

1772 2030 2010 2085 omnibus
2039 2031 2272 2086 laboravi
2302 2031 2345 2102 (l
2375 2030 2496 2087 Cor.
2528 2047 2618 2096 xv,
2655 2031 2766 2103 l0).

1847 2121 1912 2179 In
1939 2125 2204 2180 littoribus
2232 2125 2498 2189 plurimis.
2531 2125 2661 2181 ideo
2691 2126 2745 2181 in
2779 2126 3024 2197 pluribus
3063 2127 3137 2183 ait
3176 2127 3381 2185 labori-

1775 2215 1872 2271 bus
1895 2253 1910 2280 ,
1941 2217 2069 2287 quia
2095 2225 2154 2272 et
2182 2217 2261 2272 illi
2290 2217 2718 2286 laboraverunt,
2745 2219 2843 2275 sed
2873 2233 2982 2275 non
3016 2229 3246 2276 tantum.
3281 2223 3380 2277 llic

1772 2308 1918 2362 enim
1949 2324 1978 2360 a
2011 2323 2172 2365 mane
2199 2324 2377 2379 usque
2406 2309 2473 2365 ad
2512 2309 2759 2380 quintam
2801 2310 2997 2367 boratn
3032 2313 3230 2368 victum
3263 2329 3373 2368 ma-

1775 2403 1932 2458 nibus
1971 2404 2287 2474 quaerebat,
2328 2413 2384 2461 et
2422 2405 2494 2460 ita
2536 2407 2742 2462 exinde
2782 2421 2955 2477 usque
2997 2407 3065 2462 ad
3106 2408 3374 2464 decimam

1774 2496 1967 2553 borum
1994 2498 2308 2569 disputabat
2338 2499 2556 2570 publice
2595 2510 2746 2555 tanto
2788 2500 3010 2568 labtre,
3054 2512 3114 2558 ut
3151 2513 3371 2560 contra-

1773 2589 2083 2648 dicentibus
2109 2593 2390 2649 suaderet.
2419 2594 2482 2648 lu
2506 2596 2794 2650 carceribus
2811 2595 3182 2651 abuitdautius.
3207 2596 3376 2668 Aper-

1776 2693 1889 2740 tum
1919 2695 2010 2742 est
2039 2684 2380 2758 frequentius
2405 2689 2570 2744 istum
2612 2688 2840 2743 missum
2881 2689 3052 2746 fuisse
3093 2689 3148 2746 in
3191 2705 3377 2748 carce-

1774 2794 1924 2847 rem,
1953 2795 2113 2850 quam
2145 2781 2292 2835 illos.
2323 2780 2392 2836 In
2413 2783 2586 2854 plagis
2611 2799 2772 2854 supra
2800 2783 3030 2838 modum.
3062 2783 3191 2840 ldeo
3217 2801 3380 2855 supra

1774 2871 1998 2928 modum
2022 2912 2036 2937 ,
2063 2873 2191 2943 quia
2211 2873 2354 2930 ultra
2390 2889 2555 2944 quam
2586 2876 2852 2946 oportuit.
2885 2875 3022 2932 Nam
3054 2885 3111 2933 et
3141 2878 3219 2933 illi
3250 2881 3376 2934 Cat-si

1773 2977 1938 3037 sunt,
1967 2969 2065 3026 sed
2093 2985 2204 3026 non
2244 2979 2476 3026 tantum.
2527 2970 2594 3026 In
2636 2974 2890 3028 moi-tilias
2933 2975 3130 3042 sepius.
3177 2975 3376 3031 Vetutn

1774 3070 1896 3128 est,
1925 3063 2050 3134 quia
2082 3063 2170 3118 hic
2201 3062 2545 3134 frequentius
2583 3066 2826 3136 pericula
2868 3067 3130 3122 sustinuit
3155 3110 3171 3134 ,
3213 3083 3377 3139 quam

1767 3156 1981 3210 caeteri.

1847 3247 2030 3318 (Vers.
2062 3248 2181 3321 24.)
2209 3249 2254 3303 Α
2281 3248 2487 3306 Iudaeis
2531 3253 2802 3325 quinquies
2841 3257 3194 3328 quadraginta
3215 3300 3230 3324 ,
3275 3276 3381 3315 una

1774 3343 1944 3398 "tinus
1969 3345 2168 3416 accepi.
2218 3344 2332 3400 Hoc
2358 3345 2524 3410 dicit,
2571 3348 2696 3416 quia
2741 3349 3032 3420 quinquies
3074 3351 3382 3423 ﬂagellatus

1771 3443 1856 3490 est
1880 3450 1910 3488 a
1937 3434 2142 3490 Judaais
2169 3437 2466 3492 secundum
2489 3437 2663 3509 legem
2690 3439 2894 3512 Moysis
2913 3484 2930 3510 ,
2960 3444 3232 3515 accipiens
3257 3447 3380 3515 pla.

1771 3545 1868 3601 gas
1893 3531 2114 3601 triginta
2145 3547 2339 3586 norem
2362 3574 2378 3597 ,
2413 3534 2556 3588 sicut
2584 3535 2849 3602 scriptum
2890 3546 2973 3591 est
3016 3538 3069 3592 io
3112 3539 3378 3596 Deutero-

1773 3625 1960 3678 nomio
1991 3622 2174 3696 (Deut.
2205 3641 2338 3690 xxv,
2366 3626 2448 3696 5).
2481 3626 2634 3695 Quod
2669 3643 2766 3698 per
2793 3629 3037 3701 quinque
3063 3647 3196 3703 ergo
3229 3635 3379 3691 vires

1771 3714 1973 3772 factum
2001 3731 2086 3774 est
2107 3759 2124 3785 ,
2157 3719 2249 3774 bic
2279 3723 2590 3775 summatim
2621 3721 2815 3778 refert.

1843 3811 2024 3885 (νει-8.
2052 3812 2173 3881 25.)
2217 3812 2318 3868 Ter
2356 3815 2512 3886 virgis
2550 3831 2717 3870 cursus
2754 3834 2892 3872 sunt.
2923 3817 3041 3874 Hoc
3068 3833 3100 3874 a
3125 3822 3380 3892 gentibus

1772 3921 1968 3976 passus
1994 3914 2099 3962 est.
2132 3906 2306 3962 Semel
2335 3907 2602 3978 lapidatus
2625 3926 2764 3964 sum.
2799 3912 2845 3967 Α
2871 3911 3080 3968 Judeis
3105 3913 3378 3982 lapidatus

1770 4000 1939 4056 estin
1967 3999 2186 4056 civitate
2214 3999 2486 4072 Lycaonia
2523 4002 2682 4073 (Act.
2717 4019 2834 4068 xiv,
2867 4006 2934 4062 18
2957 4009 2996 4077 ).
3026 4004 3131 4061 Ter
3156 4011 3375 4080 naufra-

1770 4096 1911 4166 gitth
1939 4097 2060 4167 feci.
2088 4095 2192 4162 Qui
2220 4099 2371 4152 intorti
2405 4107 2652 4167 tempore
2687 4099 2887 4172 legitur
2913 4101 3200 4174 navigasse
3224 4142 3240 4170 ,
3274 4103 3372 4160 ad-

1772 4188 1942 4244 versis
1985 4189 2248 4259 puicellis
2289 4190 2450 4246 facile
2497 4190 2603 4247 fuit
2651 4201 2736 4249 ter
2783 4194 3129 4264 naufragium
3167 4197 3374 4254 facere.

1773 4281 1944 4338 Nocte
1968 4295 2016 4338 et
2043 4284 2132 4339 die
2155 4284 2211 4338 in
2239 4286 2500 4356 profunde
2529 4288 2687 4341 maris
2729 4290 2826 4360 fui.
2869 4287 2985 4346 Hoc
3022 4292 3227 4346 factum
3252 4302 3340 4348 est
3362 4335 3378 4363 ,

1769 4375 1988 4446 quando
2027 4375 2228 4430 missus
2258 4387 2342 4432 est
2370 4376 2598 4433 Romam
2617 4420 2636 4444 ,
2667 4394 2792 4434 cum
2821 4381 3160 4452 appellasset
3185 4381 3374 4441 Caesa-

1768 4483 1908 4523 rem.
1939 4470 2079 4541 (Act.
2106 4485 2240 4538 xxv,
2267 4470 2378 4541 li).
2411 4469 2565 4527 Tunc
2587 4472 2974 4544 desperatione
3005 4478 3128 4532 vita:
3158 4479 3210 4533 in
3241 4479 3375 4546 alto,

1769 4563 1874 4621 hoc
1903 4575 2021 4634 est,
2057 4569 2110 4622 in
2144 4567 2422 4639 profundo
2453 4571 2622 4626 maris
2655 4571 2754 4626 fuit
2773 4615 2789 4640 ,
2825 4582 3056 4630 mortem
3087 4585 3216 4631 ante
3239 4589 3375 4632 ocu-

67 4650 413 4719 plaudebant.
443 4656 688 4726 Denique
717 4655 868 4712 dicit.
901 4655 967 4711 In
996 4675 1098 4728 quo
1117 4659 1238 4730 quis
1265 4659 1469 4715 audet!
1492 4659 1559 4716 In
1579 4663 1668 4716 ia—
1693 4658 1748 4720 D
1772 4661 1852 4716 los
1884 4661 2108 4718 habens.
2141 4664 2230 4720 Sic
2259 4666 2404 4721 enim
2436 4667 2698 4738 scriptum
2725 4675 2812 4723 est
2840 4668 2893 4723 in
2933 4669 3055 4739 ipso
3092 4671 3216 4727 loco
3243 4688 3257 4726 :
3289 4670 3376 4726 Ita

69 4747 359 4814 sipiemiam
385 4750 532 4818 dico,
565 4751 737 4807 audeo
775 4762 825 4806 et
861 4768 998 4822 ego:
1039 4752 1143 4808 lane
1183 4763 1304 4816 est,
1345 4767 1456 4810 non
1495 4755 1670 4812 inisse

69 4839 337 4900 inﬁrmum
368 4846 421 4900 in
445 4847 622 4918 gloria
642 4887 658 4916 ,
687 4862 800 4918 qua
837 4863 902 4903 se
926 4847 1207 4918 iactabant
1233 4849 1493 4906 lsraelita
1518 4867 1532 4917 ;
1563 4866 1668 4908 nec

67 4935 279 5003 quidem
305 4938 360 4992 in
381 4938 487 4996 hac
510 4954 570 4996 re
595 4939 918 5009 prudentem
940 4941 1170 4997 indicari
1193 4958 1210 5006 ;
1237 4942 1497 5013 praeferre
1519 4946 1664 5000 enim

70 5040 126 5082 se
165 5030 358 5086 nolunt
399 5032 716 5103 prudentes.
761 5033 817 5088 In
858 5035 1226 5106 insipientiam
1268 5053 1404 5108 ergo
1445 5053 1508 5093 se
1535 5038 1670 5094 dicit

69 5118 264 5176 audere
309 5123 368 5177 in
402 5137 474 5177 eo
513 5124 659 5193 quod
701 5125 909 5180 audeat
951 5127 1022 5193 ii,
1063 5128 1162 5197 qui
1197 5143 1265 5184 se
1307 5129 1551 5200 jae'taut,
1599 5146 1666 5186 eo

69 5213 208 5280 quod
238 5214 352 5270 sint
379 5216 475 5272 lilii
505 5217 778 5283 Abrabc;
817 5229 880 5273 ut
915 5220 1152 5290 gloriam
1187 5237 1380 5277 αιηιιι
1417 5223 1667 5281 insaniat:

71 5299 467 5372 imprudentem
500 5323 560 5364 se
591 5313 941 5377 pronuntiat;
977 5329 1043 5368 Ite
1074 5313 1149 5368 illi
1183 5314 1478 5385 prudentes
1521 5318 1670 5374 vidc-

71 5405 255 5452 rcntur
283 5398 342 5453 in
379 5402 669 5472 mpme
694 5447 708 5472 ,
735 5413 834 5458 aut
862 5404 1093 5462 nobiles.

139 5545 161 5617 ξι
202 5535 331 5617 llas.
357 5539 584 5617 aliquot,
613 5541 798 5598 habent
823 5559 1027 5598 seruum
1057 5546 1206 5600 aliter
1223 5550 1578 5617 pronuntiata.

141 5604 177 5688 ί).
204 5606 279 5662 lta
312 5621 418 5692 vet.
451 5604 590 5664 'edit.
625 5625 682 5692 et
718 5631 847 5692 mss.
879 5626 1108 5692 excepto
1143 5604 1306 5692 corb.
1333 5620 1388 5676 in
1438 5604 1576 5692 quo,
1608 5636 1652 5677 et

71 5675 494 5819 gg,em¢noa
523 5688 704 5753 expetit
728 5687 928 5742 :llont.
952 5675 1087 5743 edit.
1114 5689 1256 5760 sola,
1279 5675 1347 5746 at
1379 5675 1530 5764 ferri,

143 5795 520 5906 ἶῖεῗῖἷέξοά-
535 5826 622 5906 en
643 5844 745 5906 ei
773 5795 1194 5906 enormia»:
1217 5830 1442 5903 metu.
1460 5837 1584 5906 quia
1605 5848 1657 5893 et

1769 4765 1827 4809 ut
1851 4756 2255 4828 desperuranua
2281 4776 2375 4814 nos
2401 4762 2555 4815 etiam
2585 4762 2751 4816 viuere
2777 4761 2854 4831 (11
2886 4761 3008 4820 Cor.
3039 4781 3088 4832 1-,
3115 4764 3194 4837 8).

1841 4850 2026 4922 (Vers.
2051 4853 2172 4921 26.)
2204 4851 2270 4906 In
2300 4854 2568 4911 itineribus
2597 4872 2753 4926 stupe.
2785 4856 2941 4913 Nunc
2961 4859 3073 4914 alia
3103 4867 3377 4917 memorat

1767 4945 2006 5016 pericula
2027 4988 2042 5013 ,
2073 4954 2134 5001 ut
2159 4954 2308 5003 terra
2339 4948 2587 5019 marique
2614 4965 2718 5022 pro
2754 4951 2977 5008 Christo
3011 4965 3267 5010 vexatum
3311 4970 3374 5011 se

1767 5039 2064 5094 secundum
2085 5053 2308 5097 carnem
2335 5042 2612 5099 ostendat.
2643 5043 2922 5112 Perit-alis,
2947 5046 3045 5109 ait,
3073 5048 3366 5116 ﬂuminum.

1766 5133 1820 5187 Si
1855 5132 2105 5188 itinerum
2133 5135 2375 5206 pericula
2401 5138 2628 5202 recitat,
2663 5138 2793 5207 quid
2814 5149 2907 5194 est
2932 5148 2993 5192 ut
3020 5137 3184 5192 dicat.
3216 5136 3370 5193 Peri-

1768 5225 1900 5280 culis
1919 5227 2200 5295 ﬂuminum
2214 5229 2241 5283 ἵ
2268 5229 2374 5286 Sed
2401 5231 2601 5303 hyeme
2621 5233 2725 5288 iter
2747 5233 2956 5290 faciens
2981 5249 2996 5299 ;
3021 5233 3151 5302 quia
3181 5234 3370 5306 utique

1770 5319 1973 5375 imbres
1996 5321 2198 5378 assidui
2223 5335 2384 5392 sunt,
2409 5326 2821 5397 egredientibus
2842 5327 3160 5384 fluminibus
3183 5329 3368 5384 incur~

1770 5414 1925 5470 rebat
1951 5415 2280 5486 periculum.
2316 5416 2576 5475 Peric‘ulis
2605 5420 2884 5477 latronum.
2913 5420 3048 5476 Cum
3076 5425 3129 5476 in
3151 5423 3371 5480 civitate

1768 5551 2000 5630 Denique
2029 5555 2150 5609 dicit
2176 5571 2193 5609 :
2223 5555 2287 5611 In
2318 5575 2417 5624 quo
2449 5561 2565 5630 quis
2593 5563 2768 5624 audet,
2800 5571 2908 5614 etc.

1837 5622 1864 5661 ἀ
1899 5625 2031 5708 .Mss'.
2091 5622 2402 5708 nonnnulli,
2427 5622 2719 5708 iii/iminon
2757 5622 2900 5686 erant
2933 5634 2986 5685 in
3041 5633 3140 5687 hac
3189 5637 3360 5708 gloria

1765 5695 1937 5752 carnis
1957 5696 2200 5772 ;_I_.autl.,
2226 5695 2394 5772 gloria
2423 5695 2636 5757 Clit-isti.

1839 5776 1863 5804 θ
1898 5768 2129 5835 Quidam
2157 5768 2313 5833 “13's.,
2339 5782 2397 5825 ut
2444 5773 2861 5830 ostenderent....
2892 5775 3165 5835 dissimiles
3206 5791 3252 5835 et
3279 5782 3349 5835 inv

1765 5839 1941 5920 [irritos
1967 5853 1985 5893 :
2012 5841 2278 5920 nonnulli,
2314 5842 2777 5920 περαθῆναι...
2827 5845 3152 5920 dissimilem,
3183 5860 3232 5908 et
3279 5852 3363 5908 iu-

72 5886 165 5956 ipsi
190 5903 335 5949 erant
362 5907 433 5952 ea:
455 5886 638 5957 sentina
657 5886 899 5972 libra/tte,
923 5886 1012 5961 sed
1040 5886 1141 5960 non
1159 5886 1656 5979 inde
