3978 6310
598 320 703 375 3'37

1523 316 1879 392 ADﬁPERA
1921 318 2171 379 SANCTI
2209 318 2536 379 AMBROSII
2574 319 2943 379 APPENDIX.

3752 324 3826 380 328

594 435 843 490 diabolus
873 447 996 491 eum
1024 432 1273 490 occidere
1305 448 1411 489 non
1446 444 1668 506 posset,
1703 436 1947 491 latrones
1976 436 2053 490 illi
2095 452 2191 491 ex-
2223 438 2275 498 Α
2300 435 2636 508 naufragium
2669 452 2859 508 passus
2888 444 2989 492 est.
3024 436 3267 506 Denique
3296 436 3471 506 ignem
3524 435 3759 501 fecerunt,
3779 439 3831 493 ait

594 530 796 585 citabat
824 529 876 583 in
907 529 992 583 via
1018 570 1031 593 ,
1059 543 1184 583 cum
1214 528 1344 583 nihil
1378 526 1587 596 ferret,
1618 544 1738 600 quae
1767 528 2006 584 latrones
2033 543 2197 599 cupe-
2298 541 2355 588 et
2401 532 2711 588 refecerunt
2744 546 2840 587 nos
2874 542 3099 603 propter
3144 530 3377 600 pluviam
3420 526 3767 584 imminentem
3795 540 3831 586 et

596 632 737 680 rent.
786 620 1039 678 Periculis
1082 639 1146 677 ea:
1188 639 1397 694 genere.
1428 621 1743 678 Judzeorum
1774 623 1906 677 dicit
1938 638 2193 694 persecu-

597 716 806 781 tiones,
851 714 943 786 qui
986 713 1183 771 fratres
1229 717 1352 785 ejus
1390 724 1549 771 erant
1591 716 1890 772 secundum
1932 732 2191 786 carnem;

593 808 854 865 dolebant
880 807 1025 865 enim
1048 850 1064 875 ,
1097 818 1124 847 α
1152 808 1277 877 quia
1304 808 1521 865 deserta
1558 808 1705 881 Lege
1740 810 1806 865 ad
1844 808 2196 881 Evangelium

594 901 795 957 Christi
822 916 883 957 se
908 910 1279 957 converterat.
1322 901 1582 957 Periculis
1611 919 1675 958 ea:
1699 903 1957 975 gentibus.
1989 903 2035 958 A
2064 920 2196 975 gen-

598 995 740 1050 tibus
763 995 1175 1066 persecutiones
1200 1011 1395 1066 passus
1416 1005 1501 1051 est
1526 1004 1751 1068 propter
1776 998 2091 1069 mysterium
2119 999 2199 1053 in-

595 1089 929 1145 carnationis
961 1088 1181 1144 Domini
1209 1089 1377 1144 nostri
1406 1089 1534 1145 .lestt
1560 1088 1799 1157 Christi,
1832 1102 1885 1146 et
1915 1091 2072 1147 unius
2104 1091 2200 1147 Dei

599 1180 1063 1253 praedicationem.
1109 1180 1369 1237 Periculis
1393 1183 1449 1237 in
1477 1182 1699 1238 civitate.
1735 1183 1915 1255 Usque
1942 1184 2080 1240 adeo
2110 1201 2203 1256 pe-

598 1276 830 1332 riculum
861 1276 960 1331 fuit
989 1279 1044 1332 in
1074 1276 1333 1344 civitate,
1374 1287 1430 1331 ut
1469 1292 1568 1348 per
1605 1276 1898 1333 fenestram
1940 1278 2205 1350 effugeret

602 1387 795 1426 manus
824 1370 1148 1427 insidiantes
1178 1370 1285 1428 sibi
1317 1370 1404 1443 (ll
1434 1369 1554 1427 Cor.
1586 1389 1673 1440 χι,
1701 1373 1772 1428 55
1793 1372 1834 1444 ).
1868 1371 2123 1428 Periculis
2150 1374 2203 1426 in

600 1465 823 1521 deserto.
867 1465 1176 1522 Periculum
1223 1466 1326 1521 hoc
1365 1480 1395 1519 a
1436 1465 1640 1523 Jndzeis
1678 1466 1781 1523 fuit
1818 1475 2200 1537 procuratum,

598 1560 818 1630 quando
848 1576 972 1617 eum
997 1603 1011 1627 ,
1042 1560 1201 1617 factis
1240 1558 1493 1627 insidiis,
1541 1562 1594 1615 in
1635 1562 1721 1615 via
1764 1561 2021 1616 volebant
2062 1562 2205 1617 occi-

599 1654 732 1711 dere
758 1654 897 1727 (Λα.
916 1672 1095 1725 xxvii,
1114 1653 1231 1727 45).
1265 1655 1522 1712 Periculis
1546 1657 1601 1711 in
1626 1658 1781 1712 mori.
1810 1658 1929 1713 Jam
1956 1657 2207 1729 superius

602 1750 774 1805 dixit:
809 1749 908 1805 Ter
948 1750 1279 1822 naufragium
1324 1752 1458 1823 feci,
1505 1760 1652 1806 nocte
1679 1761 1727 1807 et
1755 1752 1837 1805 die
1863 1751 1918 1805 in
1946 1749 2207 1822 profundo

2299 626 2473 695 frigus
2500 625 2723 679 Barbari
2753 624 2807 679 in
2836 624 3007 679 insula
3030 622 3227 679 Melitae
3247 622 3386 695 (Act.
3420 636 3608 688 xxvnt,
3631 620 3701 691 Ξ).

2372 720 2551 792 (Vers.
2583 717 2701 790 28.)
2734 717 2929 773 Prceter
2958 718 3050 771 illa
3074 732 3189 785 qua:
3214 717 3534 771 extrinsecus
3554 723 3663 769 sunt
3683 714 3833 767 instan-

2304 814 2374 866 tia
2404 829 2549 880 nica,
2578 812 2879 880 quotidiana
2917 808 3210 864 sollicitudo
3258 808 3492 862 omnium
3524 806 3835 863 Ecclesianus.

2302 902 2627 961 Sollicitudo
2652 903 2789 969 hzcc,
2821 918 2981 974 quam
3013 901 3144 956 dicit
3199 900 3597 969 quotidianam,
3626 896 3728 954 dde
3765 909 3840 953 tra-

2302 996 2524 1052 ditionis
2563 1010 2661 1051 usn
2708 995 3013 1061 descendit,
3047 1003 3103 1049 ut
3132 994 3387 1050 omnibus
3433 992 3626 1049 diebus
3648 994 3840 1049 commis-

2304 1106 2426 1146 sum
2456 1090 2558 1145 sibi
2590 1090 2846 1161 pepulum
2888 1090 3166 1144 instruat:
3206 1088 3295 1141 illa
3348 1095 3537 1141 autem
3588 1100 3702 1153 quae
3726 1099 3839 1154 supra
3924 1088 3925 1161 ξ

2306 1193 2614 1249 memorat,
2663 1180 3036 1253 superindieta
3073 1190 3222 1245 sunt,
3269 1179 3602 1235 necessitate
3655 1190 3840 1248 cogente.
3924 1164 3925 1201 λ

2309 1277 2431 1333 Dies
2452 1280 2595 1333 enim
2619 1275 2685 1330 ad
2715 1291 2882 1346 opera
2924 1274 3081 1329 datus
3106 1283 3209 1341 est,
3236 1289 3345 1329 nox
3390 1272 3459 1327 ad
3492 1270 3720 1341 requiem
3749 1289 3759 1324 :
3783 1272 3843 1325 sed

2307 1372 2431 1443 quia
2479 1370 2717 1425 instabat
2767 1370 3097 1433 necessitas,
3133 1376 3191 1422 ut
3240 1364 3506 1421 omnibus
3546 1376 3842 1425 succurreret,

2308 1467 2469 1521 etiam
2489 1474 2651 1521 noctu
2673 1464 2920 1520 docebat.
2942 1463 3013 1520 Sc
3033 1464 3179 1520 enim
3202 1461 3447 1533 affligere
3465 1475 3577 1514 non
3610 1457 3845 1524 dubitabat;

2309 1575 2377 1614 ne
2407 1558 2503 1614 Dei
2524 1558 2694 1629 gratia
2721 1566 2867 1613 esset
2893 1556 2945 1611 in
2968 1555 3101 1611 otio.

2383 1651 2567 1723 (Vers.
2597 1650 2717 1721 29.)
2750 1650 2878 1718 Quis
2918 1650 3240 1718 inﬁrmatur,
3283 1657 3332 1703 et
3383 1664 3485 1719 ego
3514 1664 3615 1701 non
3636 1647 3847 1715 inﬁrmat?

2310 1744 2561 1817 Compati
2602 1761 2661 1801 se
2691 1745 2824 1801 dicit
2849 1744 3102 1800 omnibus
3129 1785 3143 1809 ,
3176 1753 3234 1798 et
3259 1743 3566 1799 condolere
3596 1757 3660 1797 eo
3688 1741 3846 1805 affectu,

602 1837 761 1898 maris
789 1844 905 1915 fui;
931 1841 1076 1915 quod
1107 1843 1257 1899 aliud
1297 1842 1402 1898 fuit
1446 1843 1749 1914 periculum
1790 1843 1842 1899 in
1880 1844 2062 1899 mari?
2101 1842 2206 1898 Sed
2240 1850 2286 1910 Β
2313 1856 2424 1911 quo
2470 1839 2753 1911 provideat
2797 1838 3007 1894 vulneri
3035 1838 3389 1894 medicinam.
3438 1838 3560 1894 Hoc
3585 1846 3744 1892 autem
3769 1837 3849 1891 ideo

602 1937 708 1993 hoc
755 1945 840 1993 est
888 1936 1189 2007 periculum
1217 1978 1233 2004 ,
1274 1935 1496 2007 quando
1540 1936 1592 1990 in
1638 1936 1813 2002 mari,
1855 1934 1960 1990 hoc
2003 1943 2120 1999 est,
2153 1934 2206 1989 in

604 2031 749 2098 navi,
780 2029 983 2085 milites
1007 2030 1382 2101 cogitaverant
1406 2044 1600 2085 omnes
1625 2030 1901 2085 custodias
1924 2027 2203 2092 occidere;

606 2140 676 2182 ne
705 2124 828 2194 quis
855 2134 1085 2180 enatans
1110 2122 1391 2195 effugeret.
1437 2123 1593 2193 Quod
1629 2123 1930 2195 periculum
1959 2122 2210 2177 centurio

606 2217 891 2290 prohibuit
907 2218 1068 2274 inferi
1092 2232 1182 2284 ne,
1207 2217 1371 2272 Palus
1406 2216 1772 2283 occideretur,
1793 2224 1853 2271 ut
1876 2231 2001 2272 eum
2023 2215 2209 2270 vivum

606 2313 835 2368 Romam
856 2311 1200 2383 perduceret.
1234 2309 1491 2366 Periculis
1520 2311 1574 2364 in
1605 2311 1740 2380 fictis
1767 2308 2034 2382 fratribus.
2066 2306 2209 2364 Falsi

608 2405 808 2461 fralres
838 2404 872 2459 ii
906 2415 1067 2471 sunt,
1099 2403 1170 2459 de
1198 2402 1396 2475 quibus
1426 2401 1562 2458 dicit
1592 2402 1659 2457 ad
1697 2401 1951 2458 Galatas:
1987 2400 2215 2469 Propter

604 2499 1022 2555 subintroductos
1049 2508 1221 2553 autem
1248 2498 1412 2569 falsos
1445 2500 1655 2569 fratres,
1682 2498 1770 2567 qui
1798 2496 2215 2551 subintraverunt

606 2594 881 2663 explorare
905 2593 1194 2647 libertatem
1217 2600 1471 2657 nostram,
1492 2607 1645 2659 quam
1666 2590 1914 2645 habemus
1930 2590 1985 2643 in
2007 2588 2217 2644 Christo

601 2684 732 2740 Jesu
760 2682 957 2757 (Galat.
991 2699 1029 2737 ιι
1048 2726 1062 2750 ,
1090 2683 1173 2752 4).
1201 2682 1266 2737 lli
1298 2684 1445 2737 enim
1479 2682 1678 2753 partim
1708 2681 1993 2737 christiani
2022 2690 2213 2746 erant,

608 2777 805 2847 partim
862 2774 1063 2841 Judaei,
1106 2775 1163 2830 in
1202 2784 1400 2829 neutro
1452 2772 1713 2844 perfecti,
1760 2772 1853 2843 qui
1909 2772 2025 2827 zelo
2055 2771 2217 2843 Legis

611 2869 878 2940 Apostolo
922 2868 1181 2923 invidiam
1231 2866 1563 2933 excitabant,
1596 2882 1664 2922 eo
1719 2864 1885 2937 quod,
1924 2864 2218 2935 prmdicato

609 2962 849 3026 Christo,
886 2961 1084 3032 Legem
1132 2960 1245 3029 jam
1286 2973 1509 3015 cessare
1556 2958 1797 3013 dicebat.
1848 2957 2089 3027 Denique
2135 2955 2220 3011 his

613 3053 1056 3127 perurgentibus,
1085 3052 1434 3109 Timotheum
1466 3052 1779 3123 compulsus
1810 3059 1894 3107 est
1933 3052 2220 3107 circumci-

608 3150 763 3206 dere.
798 3149 985 3204 Fictus
1002 3162 1132 3219 ergo
1160 3147 1491 3202 christianus
1514 3156 1618 3214 est,
1639 3147 1728 3218 qui
1747 3147 2091 3201 aemulatione
2119 3146 2221 3202 Lc-

2315 1937 2692 2008 prosequitnr,
2746 1936 3082 1990 utostendat
3131 1949 3237 2004 qua
3268 1949 3403 1989 cura
3434 1933 3761 1989 commissam
3778 1930 3847 1984 sibi

2313 2030 2615 2086 Ecclesiam
2662 2036 2877 2083 tueatur
2907 2035 2964 2081 et
2991 2034 3142 2097 regat
3170 2066 3185 2091 ,
3220 2040 3283 2081 ac
3314 2040 3417 2096 per
3449 2024 3560 2080 hoc
3592 2025 3643 2079 in
3674 2023 3791 2077 nullo
3813 2038 3848 2074 se

2314 2122 2582 2179 minorem
2611 2121 2815 2177 debere
2864 2119 3099 2191 judicari
3121 2120 3340 2175 caeteris
3366 2118 3681 2190 ‘apostolis;
3710 2118 3847 2187 quippe
3924 2144 3925 2191 ς

2320 2215 2411 2286 qui
2449 2225 2473 2251 ο
2512 2214 2812 2269 secundum
2844 2213 2985 2284 quod
3016 2212 3338 2277 declaravit,
3371 2211 3500 2283 plus
3538 2211 3644 2266 illis
3665 2210 3851 2265 omnibus

2316 2310 2675 2375 laboraverit,
2706 2311 2910 2379 Majore
2941 2308 3087 2364 enim
3119 2308 3326 2363 invidia
3356 2307 3643 2363 laborabat
3663 2302 3776 2376 apud
3795 2302 3851 2357 Ju-

2315 2404 2466 2459 dacos
2496 2418 2593 2475 pro
2615 2404 2831 2458 caeteris
2884 2400 3184 2473 apostolis;
3233 2400 3362 2470 quia
3410 2416 3540 2455 cum
3572 2412 3852 2470 persequere-

2318 2511 2405 2554 tur
2434 2498 2734 2555 Ecclesiam
2759 2497 2944 2552 subito
2971 2496 3310 2560 immutatus,
3346 2494 3529 2549 factus
3556 2502 3636 2549 est
3663 2488 3849 2546 defensor

2317 2590 2563 2662 ejusdem
2594 2634 2609 2659 ,
2662 2589 2963 2645 testificans
2996 2598 3162 2659 atque
3203 2587 3552 2643 confirmans
3598 2582 3726 2655 quod
3746 2579 3852 2635 Chri-

2315 2696 2479 2747 stum,
2514 2698 2681 2751 quem
2712 2684 2864 2753 prius
2892 2690 2952 2737 ut
2978 2682 3258 2736 hominem
3288 2689 3575 2734 mortuum
3604 2673 3850 2733 aestimabat.

2318 2779 2387 2834 de
2412 2777 2556 2835 ctelo
2582 2793 2770 2833 secum
2804 2776 3044 2832 locutum
3083 2773 3327 2829 audierit
3351 2772 3494 2844 (Act.
3527 2788 3579 2827 is
3602 2813 3615 2836 ,
3639 2770 3669 2823 6
3694 2779 3732 2824 et
3752 2764 3851 2833 πρὶν.

2320 2870 2485 2941 Cujus
2533 2867 2910 2924 testimonium
2970 2866 3291 2921 necessario
3333 2864 3498 2919 multi
3552 2866 3854 2931 sequerentur,

2320 2967 2558 3022 scientes
2584 2980 2709 3021 eum
2733 2962 2802 3019 de
2834 2970 3191 3034 persecutore
3221 2976 3332 3015 non
3366 2959 3566 3023 utique
3588 2956 3696 3011 sine
3710 2952 3855 3008 ratione

2319 3064 2519 3118 factum
2542 3060 2907 3116 defensorem.
2957 3057 3072 3113 Bac
3120 3070 3287 3111 causa
3344 3043 3856 3110 excruciabanlurltt-

2320 3155 2423 3212 dmi
2458 3197 2471 3220 ,
2528 3151 2933 3221 etquaarebant
2973 3164 3097 3205 eum
3140 3162 3369 3217 semper
3411 3143 3730 3201 interficere.
3774 3136 3854 3201 οείί

609 3244 694 3315 gis
714 3242 1062 3314 persequitur
1082 3241 1443 3297 christianum
1471 3257 1485 3295 :
1521 3250 1574 3295 et
1595 3238 1683 3295 hic
1711 3247 1798 3294 est
1832 3238 2002 3294 falsus
2023 3238 2212 3293 frater.
2246 3246 2291 3310 ρ
2322 3246 2708 3304 “manuum,
2729 3287 2744 3309 ν
2775 3252 2821 3297 ει
2852 3259 2946 3315 ego
2975 3258 3078 3296 ηοη
3102 3256 3226 3295 um,
3243 3240 3270 3294 ε)
3297 3237 3670 3297 Scandaliuri
3698 3239 3857 3288 θείω,

612 3335 670 3393 Si
713 3334 859 3390 enim
906 3339 1118 3389 tantum
1145 3332 1321 3389 Judaei
1349 3340 1509 3389 erant
1546 3331 1624 3397 hi,
1656 3342 1713 3388 et
1758 3339 1981 3403 pr0pter
2008 3331 2221 3386 Judais-

615 3445 763 3485 unum
795 3428 993 3484 fratres
1020 3443 1116 3485 eos
1145 3427 1312 3483 falsos
1334 3425 1595 3499 appellat,
1621 3425 1750 3496 quid
1798 3441 1934 3495 opus
1973 3433 2090 3479 crat
2119 3425 2218 3479 ite-

613 3524 776 3579 rare?
803 3522 921 3579 Jam
950 3523 1096 3579 enim
1138 3520 1395 3593 superius
1424 3520 1565 3575 dixit
1590 3538 1601 3573 :
1638 3518 1901 3574 Periculis
1926 3535 1991 3573 ex
2018 3535 2219 3591 genere.

614 3618 719 3674 Sed
768 3616 1072 3674 secundum
1119 3631 1343 3672 carnem
1395 3630 1502 3670 non
1552 3625 1681 3669 sunt
1735 3613 1855 3669 falsi
1901 3614 2119 3679 fratres,
2170 3612 2224 3666 in

613 3709 833 3768 Christo
860 3722 1040 3767 autem
1072 3708 1191 3765 falsi
1218 3717 1384 3774 sunt;
1423 3710 1549 3778 quia
1579 3723 1689 3762 non
1733 3714 1848 3761 tota
1879 3714 2062 3760 mente
2082 3704 2227 3760 chri-

610 3803 771 3859 stiani
797 3811 925 3859 sunt
949 3800 1017 3874 (ll
1037 3799 1171 3855 Tim.
1192 3816 1231 3867 ι,
1256 3797 1356 3871 tv).
1391 3798 1633 3853 Fuerunt
1664 3806 1719 3853 et
1745 3797 1837 3852 alii
1858 3796 1981 3852 falsi
2004 3795 2224 3861 fratres,

610 3895 755 3953 sicut
780 3894 973 3949 Demas
1005 3902 1060 3949 et
1084 3892 1457 3964 Hermogenes
1480 3891 1498 3961 (
1524 3890 1591 3947 ll.
1631 3890 1765 3945 Tim.
1794 3905 1867 3958 tv,
1895 3890 1972 3959 9).

684 3985 865 4057 (Vers.
898 3984 1018 4057 27.)
1042 3984 1110 4040 In
1131 3984 1308 4039 labore
1336 3984 1433 4040 ltet
1456 3984 1714 4039 molestia.
1750 3983 1945 4039 Verum
1991 3991 2075 4037 est
2100 3982 2228 4053 quia

616 4087 793 4150 potest
820 4093 943 4135 esse
964 4079 1117 4133 labor
1144 4079 1263 4133 sine
1287 4078 1537 4133 molestia
1568 4096 1583 4133 :
1611 4077 1709 4133 sed
1728 4078 1815 4133 hic
1834 4077 1956 4133 ideo
1978 4076 2186 4132 addidit
2213 4092 2227 4131 :

619 4169 688 4225 Et
720 4172 986 4238 molestia,
1016 4181 1074 4224 ut
1113 4170 1359 4224 laborem
1397 4169 1562 4242 203
1592 4170 1769 4240 ipsum
1820 4170 2108 4226 exitiosum
2141 4186 2222 4226 os-

622 4264 892 4322 tenderet.
922 4262 992 4317 1η
1020 4263 1212 4335 uigiliis
1243 4264 1442 4318 multis.
1476 4263 1658 4319 Multa:
1686 4264 1907 4319 fuerunt
1944 4265 2066 4335 ejus
2096 4265 2231 4336 vigi-

621 4357 711 4412 liaa
746 4373 760 4410 :
789 4357 884 4412 sed
911 4355 1034 4412 alia:
1062 4355 1411 4422 voluntarias,
1440 4356 1629 4412 altera:
1669 4372 1737 4413 ex
1789 4358 2144 4424 necessitate;
2177 4360 2229 4413 in

620 4460 879 4517 pressura
898 4447 1043 4501 enim
1074 4446 1309 4517 positus,
1340 4461 1576 4504 necesse
1603 4457 1741 4514 erat,
1776 4458 1833 4504 ut
1862 4449 2111 4520 vigilaret
2133 4449 2232 4505 Dei

620 4552 872 4609 quzerens
901 4539 1164 4594 auxilium
1204 4556 1219 4594 :
1264 4547 1323 4594 et
1346 4554 1452 4594 non
1478 4539 1654 4595 solum
1677 4540 1894 4607 diebus,
1916 4541 2011 4596 sed
2038 4550 2094 4596 et
2130 4556 2233 4595 no-

2322 3342 2408 3398 nis
2438 3342 2550 3410 pati
2580 3337 2918 3395 desiderium
2947 3378 2961 3401 ,
2991 3346 3258 3406 quantum
3290 3333 3359 3388 ad
3388 3335 3538 3389 hunc
3562 3332 3723 3386 locum
3742 3321 3855 3395 perti.

2322 3443 2435 3490 net.
2472 3434 2539 3489 Et
2560 3434 2689 3504 quia
2717 3432 2887 3488 etiam
2918 3429 3072 3485 inviti
3105 3427 3292 3483 solent
3322 3423 3679 3482 scandalizari
3701 3463 3714 3487 ,
3748 3412 3856 3473 illecti

2324 3528 2496 3583 forma
2529 3539 2617 3581 aut
2650 3525 3060 3597 pulchritudine
3088 3521 3347 3591 corporis
3378 3564 3394 3585 ,
3431 3530 3528 3575 aut
3556 3515 3762 3590 propria:
3784 3524 3856 3565 car-

2326 3622 2411 3678 nis
2439 3621 2621 3677 calore
2651 3638 2665 3675 :
2699 3619 2998 3692 Apostolus
3034 3616 3427 3672 necessitatem
3455 3616 3698 3671 humana:
3717 3616 3857 3664 natum

2329 3717 2688 3772 considerans
2712 3756 2729 3784 ,
2762 3716 2847 3770 uri
2872 3731 2932 3771 se
2973 3714 3143 3779 dicit;
3176 3722 3236 3768 ut
3263 3712 3529 3768 consulat
3552 3709 3748 3773 talibus,
3765 3716 3857 3758 com-

2328 3809 2543 3881 patiens
2566 3808 2870 3863 infirmitati
2894 3822 3085 3863 eorum
3121 3823 3133 3859 :
3169 3820 3273 3860 nec
3304 3805 3408 3860 hos
3424 3790 3857 3861 condemnans,sed

2329 3916 2685 3955 commoneas
2714 3902 2765 3954 in
2798 3899 3110 3954 humilitate
3145 3898 3545 3963 sermonis;ut
3566 3912 3658 3967 spe
3680 3883 3857 3963 promissi

2335 3994 2543 4063 praemii
2576 4002 2881 4064 repugnent
2908 3994 3148 4049 stimulis
3190 3993 3415 4057 carnis;
3473 4007 3542 4047 ne
3580 3990 3693 4062 quis
3716 3994 3859 4040 eorum,

2332 4086 2422 4157 qui
2454 4101 2578 4142 eum
2607 4086 2866 4153 audiunt,
2913 4085 3209 4142 desideriis
3237 4086 3428 4140 carnis
3458 4085 3609 4147 victi,
3648 4082 3859 4147 desperlu'

2335 4188 2421 4235 tes
2442 4179 2511 4234 de
2538 4194 2620 4247 se,
2655 4188 2909 4249 putantes
2935 4179 3049 4249 jam
3077 4194 3186 4233 non
3213 4188 3453 4249 accepto
3479 4176 3629 4232 ferre
3652 4160 3861 4230 Detnn,s't

2333 4270 2634 4341 corrigant,
2668 4281 2722 4326 et
2750 4270 2803 4325 in
2837 4270 3033 4328 iisdem
3062 4279 3379 4336 manentes,
3414 4269 3721 4340 depereant.

2407 4362 2593 4431 (Vers.
2624 4361 2742 4431 50.)
2774 4362 2838 4416 Si
2862 4362 3081 4433 gloriari
3106 4370 3335 4431 oportet,
3368 4362 3426 4416 in
3447 4362 3515 4416 iis
3540 4350 3863 4430 qutrinfimtila-

2336 4455 2401 4508 tis
2422 4469 2547 4507 mea:
2569 4462 2711 4520 sunt,
2733 4452 3019 4525 gloriabor.
3054 4453 3171 4508 lloc
3200 4452 3339 4508 dicit
3368 4453 3500 4523 quia
3530 4453 3573 4507 si
3605 4441 3860 4520 gloriandum

2334 4553 2420 4601 est
2465 4543 2807 4607 christiano,
2859 4545 2914 4600 in
2972 4543 3288 4600 humilitate
3327 4543 3672 4615 gloriandum
3713 4544 3779 4591 est
3799 4540 3861 4598 tllu
3920 4544 3921 4549 “

622 4632 801 4687 ctibus
821 4630 1068 4698 doceret,
1096 4632 1237 4687 sicut
1262 4631 1397 4687 dicit
1429 4632 1480 4686 in
1495 4631 1724 4689 Actibus
1740 4632 2129 4703 apostolorum.
2158 4631 2226 4688 In
2254 4642 2309 4702 ι)
2332 4639 2600 4694 crescitur
2628 4637 2774 4708 apud
2802 4638 2997 4694 Deum.
3030 4638 3191 4695 Unde
3218 4639 3332 4694 alio
3358 4638 3485 4694 loco
3513 4637 3643 4695 dicit
3670 4651 3680 4686 ;
3706 4630 3800 4686 Cum
3816 4626 3860 4674 ἐι·
3920 4640 3921 4643 ‘

622 4726 760 4795 fame
780 4734 831 4779 et
855 4724 941 4778 siti
971 4724 1111 4793 (Act.
1146 4740 1241 4788 xx,
1264 4723 1384 4797 51).
1420 4724 1659 4795 Fugatns
1714 4726 2030 4794 frequenter
2058 4743 2087 4781 a
2134 4726 2229 4783 Ju-

617 4818 755 4876 dasis
790 4818 1268 4889 persequentibus,
1305 4834 1533 4876 necesse
1552 4830 1675 4877 erat
1705 4830 1762 4875 ut
1797 4822 1996 4877 famem
2021 4832 2234 4893 patere-

624 4924 712 4969 tur
742 4922 799 4968 et
850 4912 997 4967 sitim
1028 4927 1124 4981 per
1172 4912 1435 4983 inopiam.
1462 4912 1529 4969 In
1564 4916 1786 4989 jejuniis
1835 4932 1990 4983 stupe.
2024 4916 2234 4987 Sazpius

617 5003 914 5077 jejunavit,
945 5009 1007 5056 ut
1035 5000 1135 5057 Dei
1173 5003 1508 5060 adminiculo
1547 5006 1755 5077 protegi
1778 5016 2074 5063 mereretur
2109 5026 2123 5063 :
2152 5009 2236 5079 je-

617 5100 779 5172 junat
805 5103 1010 5162 enim,c
1057 5097 1147 5168 qui
1177 5097 1307 5154 dum
1336 5099 1501 5157 habet
1528 5100 1672 5171 quod
1704 5101 1852 5165 edat,
1884 5103 2139 5160 abstinet.
2170 5102 2235 5159 In

622 5194 816 5267 frigore
839 5202 890 5251 et
917 5190 1171 5248 nuditate.
1204 5190 1263 5247 In
1283 5190 1484 5265 frigore
1510 5191 1611 5249 fuit
1634 5201 1691 5249 et
1720 5193 1984 5264 nuditate,
2018 5196 2234 5268 quando

696 5375 724 5405 ιι
752 5366 845 5423 Sic
898 5366 1063 5422 Rom.
1106 5364 1242 5421 edit.
1277 5380 1400 5420 cum
1448 5379 1581 5419 mss.
1614 5365 1927 5421 nonnullis:
1957 5377 2070 5424 vet.
2097 5368 2231 5426 edit.

626 5451 747 5563 cLuem
766 5438 889 5493 aliis
916 5453 1076 5505 mss.,
1106 5437 1230 5510 quia
1258 5446 1431 5510 spreta
1462 5435 1633 5507 Lege;
1653 5433 1844 5504 Corb.,
1872 5440 1992 5507 quia
2022 5441 2237 5496 adversa

704 5526 787 5563 ae.

698 5526 870 5636 gebls.
894 5579 1085 5646 Corb.,
1113 5590 1161 5637 et
1184 5580 1442 5635 molestia.
1480 5577 1582 5633 llic
1630 5579 1744 5632 ideo
1769 5578 1937 5647 addit,
1970 5591 2017 5636 et
2060 5584 2246 5639 moles-

634 5651 867 5734 tiam;“ttt
894 5652 1122 5734 laborem
1150 5653 1616 5734 ipsorum'grovent
1634 5650 1955 5734 ostenderet.

2337 4734 2536 4802 ﬁnitor,
2584 4738 2707 4784 tunc
2763 4741 2943 4801 potens
2964 4749 3079 4785 sum
3113 4730 3184 4801 (ll
3216 4730 3343 4785 Cor.
3380 4747 3489 4797 ιιι,
3525 4730 3634 4798 10),
3686 4726 3767 4778 hoc
3797 4718 3860 4771 est,
3920 4720 3921 4761 ἒ

2333 4842 2457 4883 cum
2502 4825 2763 4881 humilior
2798 4822 2817 4861 ί
2846 4840 2949 4895 pro
2974 4825 3203 4880 fratrum
3262 4824 3470 4889 salute,
3530 4834 3653 4880 tunc
3699 4810 3859 4903 exaltot.

2335 4920 2477 4976 Hinc
2517 4917 2865 4990 gloriandum
2895 4927 3004 4983 est,
3028 4932 3139 4973 non
3172 4916 3242 4973 de
3279 4917 3472 4972 carnis
3505 4908 3862 4987 progenie,q"“

2335 5024 2420 5070 est
2440 5013 2564 5082 quis
2591 5028 2654 5068 ex
2685 5013 2899 5069 semine
2926 5012 3186 5069 Abrahae.
3857 5080 3861 5087 ι

2407 5102 2659 5174 (Vers.3l
2673 5142 2685 5156 .
2696 5102 2716 5173 )
2727 5104 2880 5158 Pater
2894 5103 3041 5161 Deus
3054 5115 3103 5160 et
3118 5104 3335 5160 Domini
3347 5106 3517 5162 nostri
3528 5089 3861 5160 .lesuCluWilul

2335 5207 2409 5253 est
2442 5195 2740 5252 benedictus
2764 5196 2819 5251 in
2849 5202 3059 5269 uacula,
3091 5201 3191 5256 scit
3221 5202 3363 5271 quod
3385 5218 3495 5256 non
3526 5187 3861 5256 mentior.Deum

2340 5368 2524 5425 ctionis
2541 5385 2669 5434 usu;
2688 5368 2813 5424 cod.
2837 5368 2984 5437 Vah,
3006 5370 3069 5424 de
3091 5370 3362 5427 tractionis
3378 5384 3482 5425 usu
3498 5385 3519 5426 :
3539 5366 3686 5422 Rom.
3704 5344 3863 5415 edit,‘lt

2346 5441 2748 5508 dispensationis
2777 5457 2895 5495 usu.

2378 5492 2444 5636 ἷέ
2484 5509 2709 5630 Almerb.
2738 5492 3019 5579 edit,icum
3045 5527 3179 5569 mss.
3226 5513 3469 5583 aliquot,
3498 5506 3749 5569 secundum
3776 5492 3859 5565 ί1¹⁰ά

2396 5597 2511 5635 arui
2542 5622 2556 5635 .

2347 5599 2619 5706 ααῖηὲδά.
2663 5654 2861 5718 Land.,
2893 5672 2986 5724 pro
3014 5656 3181 5711 salute
3221 5656 3433 5722 mundi;
3461 5654 3627 5717 νειμ..
3662 5663 3737 5724 ρτο
3757 5636 3862 5724 “Mf

710 5733 734 5761 ο
764 5708 897 5777 Non
939 5724 1094 5793 pauci
1126 5708 1287 5790 mss.,
1313 5708 1528 5794 qui’non
1558 5720 1706 5775 habet
1734 5722 1871 5791 quod
1898 5722 2035 5792 edat,
2064 5735 2111 5780 et
2133 5728 2249 5783 abs-
2352 5724 2554 5795 fratris.
2580 5708 2723 5778 Idem
2749 5708 2879 5781 vero
2893 5708 3030 5782 'cod.‘
3048 5708 3202 5783 fall.
3226 5708 3566 5797 postpauca
3589 5708 3863 5797 legi|._ft'ffff
3918 5762 3919 5797 ἦ

638 5792 788 5849 tinet.

2350 5784 2560 5867 quisque
2579 5811 2643 5849 ea:
2678 5799 2869 5853 semine
2900 5798 3161 5865 Abrahw;
3188 5784 3285 5855 ubi
3325 5784 3541 5867 οέιετὶ,
3575 5784 3861 5853 et'ediH-“l

716 5862 743 5905 ά
785 5863 866 5923 Ita
894 5863 1139 5937 plerique
1162 5881 1297 5925 mss.
1325 5867 1418 5925 alii
1440 5881 1605 5937 vero,
1652 5875 1709 5926 et
1732 5876 1844 5926 vet.
1878 5865 2011 5923 edit.
2034 5906 2049 5934 ,
2080 5869 2252 5926 detra-
2353 5862 2428 5923 est
2468 5867 2602 5936 quis,
2632 5878 2740 5924 etc.
