3978 6310
105 281 210 344 329

854 276 1353 344 COMMENTARIA
1392 283 1460 342 IN
1499 283 1721 345 EPIST.
1761 283 1853 341 AD
1890 281 2219 342 CORlNTH.
2259 280 2656 346 SECUNDAM.

3296 286 3406 345 550

108 408 299 456 testem
329 400 464 469 dat,
490 405 548 458 ut
575 415 696 474 quae
722 400 876 472 dicit,
903 403 1064 469 facile
1095 403 1417 469 credantur;
1442 412 1498 459 et
1526 417 1692 474 prup-
1718 401 1771 464 Α
1795 401 1938 474 quod
1969 410 2193 467 narrat;
2225 401 2497 472 signiﬁcat
2523 403 2668 459 enim
2700 416 2864 474 supra
2896 402 3320 470 ﬁrmamentum,
3347 394 3402 458 in

107 501 190 548 ter
218 509 317 550 eos
347 493 613 550 duntaxat
641 497 733 567 qui
761 512 886 554 eum
937 513 1045 553 non
1070 507 1131 553 ut
1165 513 1352 554 verum
1381 496 1692 568 apostolum

108 584 559 644 honorificabant.

171 679 355 752 (Vers.
377 681 466 746 52,
490 681 604 751 33.)
634 681 878 737 Damasci
898 683 1136 755 princeps
1157 683 1319 754 gentis
1338 683 1543 739 Aretlta:
1563 685 1698 755 regis

105 774 420 829 custodiebat
459 775 711 832 civitatem
748 773 1218 844 Damascenorum,
1254 788 1311 832 ut
1350 794 1428 833 me
1466 793 1700 848 compre-

1795 496 2021 552 tertium
2069 510 2304 551 numero
2351 496 2549 553 caelum
2597 497 2665 553 de
2700 497 3045 568 spiritalibus
3094 497 3250 556 caelis
3273 513 3398 569 rap-

1799 599 1909 645 tum
1942 590 2317 660 semetipsum.

1870 682 2052 757 (Vers.
2082 684 2137 751 5,
2162 685 2220 750 4,
2243 684 2327 753 5.)
2357 681 2426 738 Et
2455 684 2562 738 scio
2589 686 2741 739 talem
2764 684 3046 752 hominem,
3077 687 3182 741 sive
3204 688 3260 743 in
3281 704 3399 742 cor-

1802 795 1949 847 pore,
1971 779 2076 833 sive
2099 787 2244 834 extra
2271 795 2482 850 corpus,
2514 781 2712 846 nescio,
2754 778 2892 835 Deus
2918 782 3038 847 scit,
3073 783 3193 851 quia
3219 791 3402 854 raptus

106 869 348 926 henderet
371 888 392 926 :
417 881 466 928 et
488 888 577 942 per
597 871 878 937 fenestram
909 871 963 925 in
991 881 1172 942 sporta
1193 871 1443 926 demissus
1468 887 1584 926 sunt
1608 884 1701 941 per
1801 885 1875 928 est
1909 873 1963 928 in
1985 873 2320 945 paradisum,
2347 883 2397 928 et
2419 874 2620 928 audivit
2640 890 2832 929 arcana
2856 875 3027 941 verba,
3066 893 3182 946 qua:
3202 894 3306 933 non
3337 879 3406 933 li-

106 980 328 1034 murum,
361 975 410 1022 et
437 967 602 1041 effugi
624 983 810 1022 manus
835 969 969 1040 ejus.

706 1059 937 1118 CAPUT
975 1060 1094 1117 XII.

175 1152 360 1224 (Vers.
382 1154 458 1224 i.)
481 1154 543 1212 Si
563 1155 777 1225 gloriari
798 1164 1017 1226 oportet,
1040 1165 1063 1191 ιι
1084 1153 1174 1208 sed
1197 1168 1298 1208 non
1316 1169 1446 1220 opus
1461 1160 1537 1208 est
1552 1151 1701 1206 mihi.

109 1247 368 1320 Princeps
402 1247 651 1305 Damasci
681 1249 874 1305 videns
903 1249 1120 1305 Iudaeos
1158 1248 1380 1304 insidias
1419 1246 1706 1302 tendentes

107 1341 389 1410 Apostolo,
415 1340 641 1411 implere
662 1342 834 1397 voluit
865 1359 960 1413 per
986 1342 1305 1413 potentiam,
1333 1340 1529 1394 malam
1553 1339 1704 1410 Cogi-

110 1439 367 1492 tationem
385 1451 594 1505 eorum,
616 1446 675 1492 ut
696 1439 811 1508 ipse
831 1437 876 1492 si
900 1447 1107 1508 posset,
1131 1452 1258 1491 eum
1279 1449 1398 1490 com
1409 1433 1709 1504 prehende-

110 1539 211 1598 ret,
237 1542 294 1588 et
320 1541 375 1587 ttt
395 1531 597 1589 ludatis
624 1536 894 1604 placeret,
918 1542 973 1588 et
995 1541 1054 1588 ut
1077 1532 1303 1602 diligens
1328 1531 1381 1585 in
1405 1529 1585 1584 ofﬁcio
1605 1527 1709 1584 sibi

110 1625 322 1683 credito
343 1624 638 1692 videretur,
664 1626 709 1682 si
738 1642 861 1681 eum
891 1642 1048 1695 quem
1079 1625 1290 1696 publice
1311 1622 1338 1662 δ
1368 1622 1711 1694 perturbato-

111 1736 225 1778 rem
279 1721 516 1789 audiret,
565 1735 730 1776 causa
774 1720 973 1790 quietis
1019 1717 1370 1775 interﬁceret.
1415 1716 1531 1772 Hoc
1573 1715 1714 1772 inter

1801 978 1876 1024 cet
1905 969 2101 1023 homini
2125 969 2284 1040 loqui.
2312 966 2422 1022 Pro
2445 967 2749 1041 hujusmodi
2779 969 3059 1041 gloriabor.
3088 969 3180 1025 Bis
3205 987 3266 1027 se
3286 987 3413 1044 rap-

1805 1070 1915 1116 tum
1932 1061 2084 1130 dicit,
2105 1061 2274 1128 idest,
2297 1062 2472 1132 primo
2500 1061 2626 1117 hinc
2649 1076 2822 1133 usque
2844 1063 2910 1118 ad
2932 1065 3149 1119 tertium
3179 1066 3403 1134 etnlum,

1805 1154 2003 1210 deinde
2041 1155 2095 1208 in
2132 1154 2442 1224 paradisum
2490 1155 2795 1222 caelestem,
2829 1156 2882 1210 in
2910 1172 3016 1226 quo
3043 1157 3240 1212 latroni
3271 1158 3411 1215 dixit

1809 1248 2093 1313 Dominus,
2116 1247 2262 1319 quod
2293 1247 2507 1303 iuturus
2535 1257 2682 1304 esset
2720 1264 2842 1304 cum
2875 1264 2942 1304 eo
2967 1260 2990 1286 ε
3018 1247 3071 1304 in
3117 1251 3370 1320 paradiso
3395 1293 3409 1317 ,

1809 1343 1985 1413 inquit
2013 1341 2163 1415 (Luc.
2195 1359 2351 1408 xxtn,
2382 1344 2504 1414 43),
2530 1342 2743 1398 Patris:
2778 1343 2888 1398 illic
2910 1344 3001 1398 ubi
3034 1353 3088 1399 et
3108 1346 3298 1401 civitas
3318 1345 3416 1402 Dei

1811 1436 2008 1494 dicitur
2031 1453 2153 1494 esse
2182 1437 2524 1495 Hierusalem
2552 1446 2729 1492 mater
2753 1446 2955 1492 nostra.
2990 1437 3130 1504 Quid
3161 1453 3289 1509 ergo
3314 1441 3414 1492 mi—

1814 1549 1952 1597 rum,
1977 1533 2020 1588 si
2051 1542 2174 1604 post
2199 1533 2660 1590 resurrectionem
2679 1547 2882 1602 corpus
2899 1534 3008 1603 jam
3026 1535 3306 1604 expiatum
3330 1542 3416 1588 at-

1813 1642 1920 1698 que
1949 1636 2229 1683 tenuatum
2263 1627 2489 1690 factum,
2525 1625 2833 1680 immortale
2873 1626 3112 1682 futurum
3157 1627 3417 1684 credatur

1816 1722 1870 1776 in
1901 1722 2056 1778 caslis
2085 1721 2103 1791 (
2131 1720 2308 1776 Galat.
2333 1737 2412 1787 tv,
2437 1719 2586 1792 26);
2620 1719 2834 1790 quando
2862 1736 2970 1776 non
3003 1719 3217 1776 dubitat
3243 1722 3419 1792 Apos-

112 1816 226 1883 ipsa
259 1814 580 1884 primordia,
614 1820 741 1868 tunc
771 1811 986 1883 quando
1021 1811 1270 1882 apparuit
1301 1810 1376 1864 illi
1415 1811 1467 1864 in
1490 1810 1576 1864 via
1610 1809 1716 1864 Βο-
1745 1802 1792 1862 Β
1820 1813 1961 1871 tolus
1983 1814 2167 1870 adhuc
2196 1813 2427 1870 mortale
2448 1828 2648 1883 corpus
2670 1814 2911 1884 potuisse
2941 1813 3110 1869 levari
3142 1815 3194 1869 in
3224 1814 3419 1883 caelos,

112 1912 294 1964 minus
322 1906 472 1964 eunti
519 1907 860 1969 Damascum,
899 1904 1105 1960 incensi
1148 1910 1275 1959 sunt
1297 1902 1494 1970 Judaei,
1529 1901 1717 1957 viden-

1818 1917 1872 1964 et
1900 1908 2011 1964 tolli
2045 1908 2099 1964 in
2133 1907 2444 1977 paradisum
2487 1907 2583 1963 Dei
2612 1906 2792 1962 Patris
2817 1907 3095 1964 caelestem
3123 1910 3146 1963 ?
3175 1909 3280 1964 Pro
3323 1910 3424 1966 hu-

114 2010 193 2056 tes
225 2016 380 2066 eum,
423 1999 512 2069 qui
540 1999 748 2056 vinctos
776 1997 1063 2054 credentes
1108 1997 1160 2052 in
1187 1994 1462 2051 Christum
1493 2004 1718 2050 venerat
1815 1999 2054 2070 jusmodl
2081 1999 2322 2066 homine,
2357 1998 2408 2054 id
2436 2007 2540 2065 est,
2571 1999 2663 2069 qui
2697 2008 2806 2054 tam
2836 1999 3033 2071 dignus
3061 2010 3146 2055 est
3167 2001 3281 2056 Deo
3308 2042 3322 2066 ,
3367 2010 3426 2057 ut

115 2096 281 2168 205
310 2093 610 2165 perducere
640 2092 694 2147 in
729 2091 1069 2148 Hierusalem
1096 2132 1110 2153 ,
1159 2089 1456 2160 prmdicarc
1485 2097 1715 2155 sectam,

115 2205 281 2260 quam
297 2185 912 2244 veneratcondemnare
935 2185 1076 2256 (Act.
1113 2200 1188 2251 ix,
1218 2184 1254 2237 2
1283 2192 1332 2237 et
1354 2183 1489 2253 seq.)
1519 2199 1532 2236 :
1559 2190 1614 2238 et
1639 2182 1718 2237 sic

117 2285 323 2338 factum
363 2289 449 2337 est
475 2289 534 2335 ut
569 2295 598 2334 a
638 2278 922 2349 discipulis
973 2293 1068 2347 per
1103 2276 1414 2340 fenestram
1460 2290 1557 2344 per
1603 2289 1724 2329 mu-

117 2392 242 2431 rum
284 2376 341 2428 in
364 2382 549 2445 sporta
579 2371 852 2428 demissus
879 2370 1166 2440 eﬂugeret.
1197 2367 1352 2436 Quod
1383 2367 1605 2439 quidam
1638 2367 1722 2422 in-

119 2469 291 2539 digne
331 2466 526 2522 factum
553 2465 778 2529 dicunt;
805 2462 928 2533 quia
962 2478 1070 2517 non
1098 2462 1192 2517 Dei
1221 2461 1430 2516 auxilio
1458 2461 1722 2516 liberatus

92 2563 228 2616 'est.
256 2558 365 2618 Sed
405 2557 548 2629 quod
574 2559 644 2613 ab
667 2556 980 2612 hominibus
1012 2554 1134 2609 ﬁeri
1161 2555 1360 2625 potuit,
1406 2552 1540 2624 quid
1585 2566 1722 2623 opus

120 2661 264 2719 erat,
324 2661 382 2707 ut
412 2652 506 2707 Dei
550 2648 819 2724 .sutl‘ragio
844 2647 1176 2704 liberaretur
1201 2663 1216 2712 ;
1244 2661 1370 2703 cum
1405 2647 1497 2702 Dei
1529 2643 1723 2701 suﬁ‘ra-

119 2749 271 2819 gium
297 2757 429 2803 tunc
449 2746 518 2802 sit
545 2744 938 2812 necessarium,
965 2744 1008 2799 si
1035 2743 1328 2798 humanum
1349 2743 1614 2798 auxilium
1637 2740 1726 2798 de-

121 2842 306 2898 ficiat?
333 2841 454 2910 Quo
507 2839 652 2896 facto
709 2853 815 2894 non
846 2837 950 2892 sibi
1002 2836 1136 2892 dicit
1178 2835 1439 2906 expedire
1473 2835 1723 2906 gloriari,

121 2937 250 3008 quia
285 2934 572 3006 prmsentis
607 2933 734 2988 vitae
783 2931 1041 3004 gaudium
1092 2930 1284 3001 fragile
1311 2939 1436 2995 est;
1487 2929 1532 2982 si
1577 2929 1724 2984 enim

123 3047 230 3085 non
262 3029 572 3094 evasisset,
604 3027 925 3098 martyrium
968 3024 1190 3080 fecerat.
1226 3022 1332 3080 Sed
1362 3022 1486 3093 quia
1509 3022 1726 3094 fugien-

121 3128 253 3181 dum
291 3126 346 3179 in
377 3121 758 3194 persecutione
787 3120 1102 3177 mandatum
1153 3127 1236 3173 est
1261 3116 1480 3190 (Matth.
1509 3134 1575 3183 κ,
1605 3117 1725 3190 25),

1820 2093 1925 2148 hoc
1953 2093 2318 2164 experiretur,
2349 2092 2576 2163 gloriari
2605 2107 2664 2147 se
2685 2091 2816 2148 dicit
2840 2109 2854 2146 :
2886 2103 2940 2148 et
2962 2110 3073 2150 non
3097 2095 3210 2150 vult
3233 2105 3426 2166 aperte

1821 2187 2027 2254 dicere,
2052 2187 2175 2257 quia
2208 2185 2276 2241 de
2306 2201 2366 2240 se
2396 2185 2658 2255 loquitur,
2706 2201 2774 2241 ne
2812 2185 3039 2243 laudare
3076 2202 3135 2243 se
3157 2187 3426 2244 videatur.

1821 2277 1896 2333 Et
1921 2278 2162 2334 Joannes
2190 2277 2490 2348 apostolus,
2525 2292 2646 2331 cum
2680 2277 2749 2333 de
2779 2294 2838 2333 se
2866 2279 3073 2334 sciatur
3103 2280 3250 2350 loqui
3278 2298 3290 2334 :
3326 2279 3432 2336 llic

1823 2380 1918 2436 est,
1948 2372 2042 2436 ait,
2091 2370 2404 2438 disCtpulus,
2437 2387 2589 2440 quem
2617 2371 2864 2445 diligebat
2894 2369 3066 2438 Jesus,
3097 2374 3187 2442 qui
3209 2385 3256 2429 et
3286 2391 3426 2428 recu-

1825 2464 1932 2518 buit
1953 2465 2006 2518 in
2031 2481 2175 2519 caena
2216 2480 2376 2536 supra
2435 2475 2612 2536 pectus
2656 2469 2768 2538 ejus
2799 2464 2982 2536 (Joau.
3028 2483 3145 2534 xxi,
3184 2467 3324 2536 20);
3365 2485 3435 2526 nc

1823 2557 2065 2628 gloriose
2096 2557 2165 2614 de
2206 2573 2266 2613 se
2307 2557 2463 2614 effari
2511 2557 2810 2615 videretur.
2849 2559 2960 2614 Pro
3002 2579 3082 2616 me
3116 2573 3287 2617 autem
3329 2581 3433 2619 non

1826 2651 2106 2722 gloriabor,
2141 2651 2241 2705 nisi
2270 2653 2327 2706 in
2372 2650 2766 2721 inﬁrmitatibus
2808 2653 2955 2706 meis.
2997 2652 3086 2709 Sic
3123 2653 3192 2710 de
3231 2669 3293 2710 se
3323 2670 3432 2710 non

1824 2743 2108 2816 gloriatur,
2138 2745 2265 2799 dum
2299 2758 2406 2799 non
2439 2753 2627 2814 aperte
2665 2743 2733 2800 de
2761 2759 2820 2800 se
2854 2745 3158 2814 proﬁtetur.
3191 2748 3249 2802 ln
3283 2748 3437 2802 infir-

1827 2839 2108 2895 mitatibus
2156 2854 2291 2895 sane
2346 2839 2542 2910 inquit,
2598 2840 2735 2896 meis
2785 2841 3080 2912 gloriabor.
3121 2843 3434 2912 .Exponcre

1829 2933 1972 2989 enim
1999 2947 2284 3004 pressuras
2314 2934 2655 3004 passionum,
2683 2944 2738 2990 et
2777 2934 3125 2992 infirmitates
3156 2937 3435 3006 angustia-

1828 3043 1949 3082 rum
1989 3043 2097 3082 non
2127 3027 2340 3084 videtur
2364 3027 2686 3098 gloriosum,
2717 3026 2735 3066 ί
2772 3029 2866 3084 sed
2899 3029 3100 3085 ﬂebile.
3145 3031 3354 3086 Idcirco
3377 3047 3436 3087 se

1829 3121 1882 3176 itt
1913 3120 1996 3176 his
2021 3121 2242 3191 gloriari
2269 3120 2424 3189 dicit,
2458 3122 2641 3178 sciens
2669 3130 2848 3177 tamen
2877 3124 3000 3194 quia
3032 3125 3098 3178 ad
3134 3125 3435 3194 profestum

120 3222 247 3278 data
275 3234 445 3291 opera
467 3218 648 3289 ell'ugit
667 3258 682 3286 ,
711 3231 813 3273 nec
844 3219 990 3273 enim
1019 3215 1176 3270 debet
1201 3213 1396 3284 aliquis
1415 3223 1734 3284 exspectare
1761 3200 1806 3264 C
1838 3213 2141 3286 perducunt
2168 3225 2193 3263 8
2223 3216 2726 3272 remunerationum
2755 3218 3078 3274 caelestium.
3109 3220 3246 3289 Quid
3291 3221 3436 3277 enim

121 3324 179 3370 ut
212 3315 271 3370 in
305 3313 660 3383 semetipsum
711 3318 987 3381 peccetur.
1029 3309 1170 3380 Ergo
1196 3306 1539 3378 gloriandum
1569 3305 1723 3371 dicit,

121 3413 249 3484 quia
275 3410 491 3466 evasit:
521 3408 618 3464 sed
651 3423 756 3462 non
785 3405 1025 3477 expedit,
1059 3404 1254 3472 inquit,
1287 3411 1513 3473 propter
1537 3416 1726 3470 super-

121 3506 272 3561 biam
309 3521 323 3558 :
355 3503 476 3574 quia
501 3501 569 3557 de
595 3499 902 3556 humilitate
931 3497 1201 3553 crescitur
1231 3538 1246 3562 ,
1273 3493 1606 3551 etauxilium
1631 3492 1728 3549 Dei

121 3599 360 3655 mitibus
387 3596 620 3668 proﬁcit,
646 3609 752 3650 non
781 3592 966 3648 elatis.
1009 3590 1280 3646 Praeterea
1310 3588 1436 3659 quia
1467 3584 1730 3656 gloriatur

119 3699 367 3747 mortem
383 3705 444 3746 se
464 3688 729 3750 evasisse,
755 3699 876 3756 quae
896 3698 994 3754 pro
1017 3681 1124 3737 ﬁde
1152 3680 1405 3745 infertur,
1427 3690 1448 3718 ε
1474 3678 1632 3732 inane
1655 3676 1733 3730 vi-

118 3786 243 3842 deri
269 3784 544 3856 significat
570 3781 681 3853 pati
707 3796 806 3851 pro
826 3777 1074 3844 Christo;
1099 3776 1222 3832 ideo
1250 3790 1359 3830 non
1376 3773 1599 3844 expedit
1619 3772 1733 3841 glo-

121 3881 202 3936 ria
215 3880 289 3935 ri.

195 3971 392 4045 (νει-8.
423 3968 505 4041 2.)
537 3968 756 4024 Veniam
777 3974 950 4020 autem
980 3962 1049 4017 ad
1069 3962 1292 4017 visiones
1324 3968 1372 4015 et
1397 3957 1734 4013 revelationes

120 4065 368 4122 Domini.
401 4063 552 4119 Nunc
581 4072 897 4118 ostensurus
926 4065 1031 4124 est,
1072 4071 1180 4127 quo
1220 4053 1466 4111 sublatus
1505 4059 1589 4107 est
1631 4068 1644 4106 :
1677 4059 1736 4106 ut

119 4162 365 4236 proinde
392 4169 592 4232 quanta
618 4168 672 4214 et
693 4155 869 4227 qualia
893 4156 1023 4223 sint,
1048 4169 1172 4224 quae
1194 4151 1271 4206 illi
1293 4158 1512 4204 ostensa
1543 4158 1598 4203 et
1625 4146 1737 4202 dic-

118 4271 172 4315 ta
204 4266 366 4324 sunt,
388 4254 598 4328 possint
627 4251 854 4322 intelligi
891 4267 906 4304 :
941 4265 1032 4314 ne,
1063 4249 1204 4302 sicut
1232 4244 1554 4316 quihusdam
1583 4242 1735 4298 vide-

118 4355 318 4417 batur,
353 4351 529 4405 minor
562 4347 777 4404 creteris
800 4343 1065 4414 apostolis
1104 4339 1439 4396 crederetur.
1479 4337 1624 4403 Scio,
1659 4336 1739 4390 in-

117 4449 269 4518 quit,
313 4446 566 4499 hominem
587 4443 639 4498 in
662 4441 869 4497 Christo
891 4448 1010 4494 ante
1039 4452 1203 4491 annos
1233 4429 1737 4504 quatuordecim,si-

119 4557 179 4595 re
198 4543 257 4595 in
282 4554 526 4609 corpore,
551 4538 758 4600 nescio;
807 4535 912 4588 sive
937 4543 1083 4588 extra
1107 4547 1296 4600 corpus
1317 4570 1331 4595 ,
1363 4528 1562 4594 nescio,
1597 4524 1738 4579 Deus

1827 3317 1934 3363 tam
1975 3308 2269 3378 gloriosum
2326 3310 2380 3362 in
2428 3307 2672 3364 futurum
2725 3309 3048 3379 christiano,
3079 3327 3241 3381 quam
3272 3312 3437 3370 exitia

1825 3417 1924 3474 pro
1953 3401 2348 3464 Christoillata
2371 3403 2477 3459 sibi
2503 3406 2775 3460 narrare?

1900 3496 2106 3568 (Vers.
2142 3494 2248 3566 6.)
2297 3495 2438 3549 Nam
2479 3498 2594 3551 etsi
2640 3497 2851 3551 voluero
2908 3498 3164 3570 gloriari,
3223 3517 3325 3554 non
3351 3517 3442 3555 ero

1828 3589 2050 3654 stultus;
2104 3605 2226 3641 nam
2282 3589 2550 3643 ueritatem
2603 3589 2791 3642 dicant.
2847 3588 2959 3644 Hoc
3011 3590 3165 3655 dicit,
3212 3593 3336 3661 quia
3394 3595 3439 3648 si

1831 3681 2084 3737 meritum
2115 3696 2274 3736 suum
2325 3681 2671 3750 profiteatur,
2704 3680 2850 3750 quod
2885 3681 3050 3736 habet
3072 3682 3211 3750 apud
3247 3683 3439 3748 Deum,

1832 3788 1940 3829 non
1972 3773 2077 3827 erit
2128 3771 2469 3841 imprudens;
2527 3787 2654 3826 vera
2706 3771 2851 3826 enim
2893 3771 3149 3841 loquitur.
3205 3773 3348 3843 Ergo
3397 3776 3442 3830 si

1832 3869 1953 3939 quis
1982 3883 2082 3938 pro
2111 3867 2320 3922 meritis
2364 3867 2498 3932 suis,
2529 3880 2654 3936 qua:
2685 3865 2788 3919 sibi
2833 3875 3051 3921 ostensa
3083 3875 3233 3933 sunt,
3267 3867 3446 3939 loqui-

1833 3969 1946 4026 tur,
1971 3976 2078 4016 nou
2102 3969 2185 4016 est
2208 3960 2393 4030 utique
2414 3959 2635 4014 stultus:
2661 3958 2705 4013 si
2732 3966 2911 4014 autem
2937 3959 3138 4024 taceat,
3167 3971 3253 4016 est
3279 3963 3440 4017 etiam

1835 4055 2092 4126 prudens.
2126 4054 2230 4110 Sed
2258 4069 2364 4124 qua
2413 4068 2575 4109 causa
2619 4053 2706 4108 hic
2760 4068 2868 4108 non
2909 4054 3089 4124 palam
3149 4057 3437 4126 glorietur,

1837 4165 1980 4204 nunc
2010 4147 2225 4216 subiicit
2255 4145 2463 4202 dicens:
2513 4144 2683 4200 Parca
2705 4155 2896 4214 autem,
2922 4163 2986 4201 ne
3033 4149 3150 4216 quis
3199 4165 3281 4202 me
3307 4152 3445 4206 exis-

1837 4245 1979 4298 timet
2017 4259 2177 4314 supra
2204 4241 2280 4308 id,
2306 4240 2445 4309 quod
2471 4240 2682 4294 videtin
2705 4255 2802 4307 me,
2846 4249 2934 4294 aut
2956 4240 3104 4295 audit
3131 4243 3334 4310 aliquid
3383 4262 3449 4300 ea:

1838 4354 1937 4391 me.
1967 4335 2222 4391 Ostendit
2246 4335 2408 4404 igitur
2447 4347 2550 4404 qua
2584 4347 2748 4386 causa
2796 4348 2904 4388 non
2936 4343 3127 4403 aperte
3157 4334 3448 4403 glorietur:

1839 4429 1915 4484 Ne
1941 4430 2062 4500 quis
2087 4444 2174 4483 me
2201 4427 2497 4490 existimet,
2542 4425 2737 4496 inquit,
2776 4426 2940 4492 ultra,
2995 4427 3225 4497 gloriam
3271 4445 3448 4485 meant

1843 4524 2088 4588 tendere,
2117 4538 2276 4592 quam
2312 4521 2469 4575 limes
2493 4519 2812 4575 meritorum
2839 4519 3093 4575 admittit.
3130 4521 3241 4576 llos
3278 4522 3455 4592 signi-

118 4636 267 4698 scit,
336 4641 541 4704 raptum
592 4627 894 4701 hujusmodi
933 4642 1092 4697 usque
1143 4623 1210 4678 ad
1260 4623 1467 4678 tertium
1528 4619 1734 4674 caelum.
1764 4625 1819 4685 ι)
1845 4616 1988 4679 ﬁcat,
2019 4631 2155 4685 quos
2180 4614 2575 4668 obtrectatores
2615 4612 2852 4668 habebat
2878 4628 3042 4669 causa
3087 4614 3267 4686 Legis,
3302 4617 3444 4673 sicut

121 4729 445 4795 Utrumque
487 4721 850 4786 conﬁrmavit,
897 4719 1022 4791 quia
1069 4729 1361 4788 utrumque
1406 4730 1567 4786 posse
1617 4709 1737 4766 fieri

118 4839 236 4879 non
268 4821 489 4894 negavit
519 4837 532 4873 :
567 4828 622 4873 ut
649 4828 702 4873 et
724 4817 843 4872 sine
875 4829 1108 4885 corpore
1137 4813 1250 4883 rapi
1282 4809 1568 4881 potuisset,
1599 4815 1654 4860 et
1683 4805 1735 4859 in

118 4909 396 4985 corpore.
435 4915 498 4969 Et
531 4914 667 4969 forte
697 4908 1021 4975 quibusdam
1048 4907 1292 4962 videatur
1329 4921 1434 4959 non
1484 4915 1737 4972 magnum

121 5024 298 5075 esse,
350 5007 395 5062 si
437 5006 598 5060 homo
639 5002 846 5060 Christi
885 5010 1071 5070 raptus
1101 5008 1186 5054 est
1215 5013 1386 5068 usque
1425 4995 1490 5050 ad
1524 4993 1741 5048 tertium

118 5104 382 5167 caelum;
415 5096 442 5136 ἀ
471 5115 592 5155 cum
625 5100 676 5153 in
719 5096 882 5152 tertio
926 5095 1134 5150 circulo
1168 5093 1382 5149 dicatur
1428 5091 1557 5147 luna
1596 5101 1739 5142 esse.

120 5196 240 5256 Sed
277 5211 392 5251 non
417 5195 486 5249 ita
513 5191 769 5263 est,jquia
798 5191 940 5245 ultra
981 5187 1159 5243 omnia
1193 5185 1376 5241 mundi
1412 5183 1592 5237 sidera
1625 5194 1752 5249 rap-

123 5307 218 5351 lus
253 5289 581 5360 intelligitur
610 5305 626 5342 :
679 5294 736 5341 et
763 5284 887 5341 ideo
928 5280 1275 5353 magniﬁcum
1309 5289 1363 5334 et
1394 5275 1645 5332 mirabile
1672 5280 1757 5330 est

204 5440 232 5467 ιι
260 5426 354 5482 Ita
398 5423 583 5493 plures
633 5435 698 5473 ac
729 5417 974 5493 potiores
1005 5431 1136 5493 mss.
1168 5431 1208 5493 a_
1229 5413 1428 5482 quibus
1454 5410 1542 5464 alii
1571 5417 1626 5464 et
1659 5414 1752 5493 vet

123 5480 281 5556 edit:
311 5480 422 5550 non
458 5480 746 5552 reciétlnnt,
773 5489 875 5543 nisi
904 5489 1046 5557 quod
1069 5480 1391 5558 prmfcrttnt,
1425 5500 1524 5558 non
1547 5480 1754 5558 expedit

125 5554 298 5631 inihi,
342 5581 439 5635 pro
479 5580 583 5617 non
608 5572 683 5615 est
713 5577 854 5635 opus
893 5554 1041 5635 mihi.
1069 5554 1337 5635 'Atltom.
1388 5555 1520 5609 edit.
1554 5554 1758 5635 reiecto

123 5624 360 5700 ἀειδοἱῆ
381 5646 527 5691 textu
550 5644 673 5703 post
702 5624 959 5686 inferiora
990 5632 1102 5703 illa,
1133 5631 1176 5684 si
1198 5629 1478 5682 humanum
1505 5624 1762 5678 auxilium

126 5713 388 5785 deficiat,
422 5701 622 5785 ibidem
654 5703 862 5785 orditur
876 5718 994 5772 cap.
1034 5701 1119 5785 ιβ.

209 5765 242 5824 ί
280 5765 456 5837 Rom.
519 5777 655 5833 edit.
690 5775 826 5842 sola,
873 5765 1284 5845 peiturbatorem
1332 5768 1540 5826 audiret
1581 5765 1768 5838 quietis

120 5857 470 5926 interﬁcere.

635 5936 906 6002 Parnon.
944 5937 1146 6006 XVII.

1842 4723 2007 4779 supra
2061 4706 2377 4762 memoravi.
2418 4705 2551 4760 Nam
2599 4707 2787 4776 utique
2836 4708 3153 4762 meritorum
3218 4711 3447 4780 gloriam

1843 4803 2043 4859 bonum
2070 4809 2156 4856 est
2186 4815 2290 4854 non
2319 4809 2500 4855 tacere
2530 4815 2549 4862 ;
2583 4809 2642 4853 ut
2667 4799 2966 4855 invitentur
2992 4801 3305 4858 credentes.

1917 4894 2077 4968 205
2111 4893 2290 4963 (Vers.
2317 4893 2400 4960 7.)
2441 4890 2507 4946 Et
2537 4909 2597 4945 ne
2627 4892 2940 4948 sublimitate
2982 4896 3349 4951 revelationum
3369 4913 3457 4952 exc

1849 4990 2022 5055 tollar,
2049 4989 2199 5042 datus
2220 4997 2294 5042 est
2324 4987 2448 5041 mihi
2473 4987 2715 5041 stimulus
2741 4989 2934 5051 carnis,
2968 4991 3186 5059 angelus
3218 4991 3452 5057 Satanw,

1856 5080 1882 5120 h
1909 5093 1962 5137 ut
2013 5098 2091 5136 me
2115 5081 2423 5153 colaphiset,
2455 5096 2518 5134 ne
2565 5081 2807 5134 extollar.
2833 5079 3002 5134 Deum
3047 5080 3202 5134 bonis
3253 5085 3460 5140 meritis

1863 5175 2154 5248 providere
2223 5183 2498 5239 testatur;
2567 5172 2696 5227 dum
2762 5174 3028 5242 permittit
3075 5173 3463 5232 tentationibus

1865 5271 2038 5327 bonos
2061 5267 2319 5338 deprimi,
2353 5283 2457 5322 non
2485 5266 2662 5322 solum
2696 5281 2762 5320 ne
2788 5265 3035 5320 laborum
3069 5280 3289 5320 suorum
3320 5266 3467 5324 fruc-

1935 5415 1956 5442 ο
1985 5402 2186 5458 Eadem
2219 5401 2353 5456 etlit.
2384 5400 2570 5458 Rom..
2602 5399 2754 5451 inane
2784 5395 2984 5449 videtur
3008 5397 3325 5469 signiﬁcare.

1932 5473 1956 5511 ί¹
1991 5475 2172 5530 Codex
2198 5472 2390 5530 Corb..
2417 5489 2530 5525 cum
2554 5471 2607 5523 in
2631 5477 2816 5536 quarto
2839 5469 3036 5520 circulo
3061 5468 3288 5525 dicatur.

1940 5558 1961 5584 ο
1987 5547 2149 5600 Rom.
2174 5547 2310 5601 edit.
2331 5545 2468 5604 sola,
2492 5558 2607 5595 cunt
2631 5557 2689 5612 eo
2712 5541 2762 5590 in
2795 5538 3065 5607 paradiso:
3089 5539 3202 5594 illic
3229 5544 3336 5612 ubi,
3363 5559 3472 5604 etc.

1944 5616 1963 5656 ί
1989 5621 2171 5672 (Iudex
2195 5616 2388 5678 (λοι-1)..
2420 5615 2509 5666 sed
2541 5611 2726 5664 debile.

1943 5699 1968 5737 ὖ
1998 5689 2255 5744 Nonnulli
2285 5701 2418 5741 tuss.
2449 5679 2865 5738 remuneratione
2905 5682 3204 5740 caelestium.

1943 5758 1972 5797 ¹¹
2002 5763 2128 5817 Post
2174 5773 2338 5814 voces
2371 5799 2385 5818 ,
2418 5766 2498 5829 “ut
2557 5768 2637 5804 me
2674 5750 2982 5819 culaphiset,
3031 5753 3186 5811 Rom.
3241 5760 3373 5815 cdit.
3405 5761 3486 5829 iu-

1875 5833 2175 5909 gulaverat,
2202 5847 2265 5886 ne
2286 5827 2532 5885 extollar.

2927 5917 2997 5980 11
