3978 6310
590 275 690 348 551

1555 263 1649 338 ΑΒ
1685 262 1920 338 ΟΡΕΒᾹ
1959 261 2206 336 SANCTI

2311 261 2570 338 llBROSil
2608 263 2978 338 APPENDIK.
3749 271 3824 328 353

587 389 734 446 tibus
761 385 1100 452 abdicentur,
1131 395 1318 438 verum
1347 379 1510 452 etiam
1560 391 1618 438 ut
1659 389 1960 454 augeantur
1997 381 2084 436 his
2120 378 2184 436 ad
2215 381 2264 450 Α
2293 383 2480 448 nitate,
2516 381 2610 438 sed
2641 393 2904 454 tempore.
2935 382 3070 452 Nam
3101 382 3147 440 si
3171 383 3240 454 de
3263 389 3506 454 tempore
3528 383 3824 456 prescribe-

589 477 868 537 cumulum
899 475 1264 548 possessionis
1299 483 1542 528 solenne.
1591 471 1704 528 lloc
1734 489 1863 546 ergo
1893 471 2190 540 remedium

590 575 780 630 datum
804 579 886 625 est
913 569 1195 642 Apostolo,
1246 577 1306 622 ut
1337 566 1551 636 injuriis
1595 555 1844 636 pressus,
1875 566 2056 622 animo
2085 580 2192 620 non

589 666 763 738 possit
793 663 977 720 extolli
1024 676 1122 730 pro
1149 659 1525 730 magnitudine
1567 659 1964 720 revelationum
1998 677 2012 732 ς
2069 659 2194 730 quia

591 761 832 816 otiosum
863 765 1052 828 pectus
1083 769 1308 810 necesse
1349 751 1582 810 habebat
1611 751 1662 808 in
1699 751 1783 822 iis,
1813 767 1935 826 quae
1965 749 2192 824 viderat,

590 853 805 910 extolli.

579 1011 582 1014 Α
664 945 847 1018 (Vers.
882 943 937 1016 δ,
967 941 1050 1016 9.)
1093 941 1318 1014 Pr0pter
1345 942 1443 998 hoc
1497 951 1572 996 ter
1595 939 1874 1008 Dominum
1908 939 2106 1016 rogavi,
2139 947 2196 994 ut

590 1039 873 1094 discederet
895 1054 925 1091 ιι
953 1051 1068 1102 me;
1097 1045 1146 1090 et
1192 1037 1266 1090 ait
1293 1036 1422 1090 mihi
1447 1051 1465 1090 :
1490 1033 1692 1112 Sit/ﬁcit
1739 1033 1830 1088 tibi
1849 1035 2016 1108 gratia
2041 1049 2195 1098 mea;

593 1148 712 1187 nam
743 1133 906 1186 virtus
935 1139 962 1168 α
986 1131 1040 1186 in
1069 1129 1376 1199 inﬁrmitate
1405 1129 1689 1200 per/icitur.
1721 1127 1938 1184 Stimuli
1967 1127 2194 1196 diaboli,

590 1241 729 1297 quos
781 1223 988 1296 perfide
1021 1223 1293 1278 mentibus
1325 1220 1564 1277 inferens
1622 1223 1688 1276 ad
1744 1221 2048 1277 nocendum
2099 1219 2196 1276 Dei

588 1318 764 1374 servis
791 1315 1033 1387 instigat,
1059 1323 1117 1370 ut
1144 1323 1430 1370 cessarent
1457 1313 1526 1368 ab
1549 1329 1638 1380 eo,
1675 1321 1757 1369 ter
1781 1314 2070 1370 Dominum
2103 1313 2200 1369 de-

593 1421 872 1486 precatum
900 1425 961 1466 se
993 1409 1181 1474 luisse,
1209 1416 1263 1464 et
1293 1423 1397 1463 non
1423 1407 1752 1477 impetrasse
1779 1415 2010 1463 testatur
2039 1424 2051 1460 :
2087 1421 2198 1466 non

591 1505 717 1578 quia
757 1503 1075 1576 despectum
1101 1517 1161 1557 se
1187 1500 1338 1566 dicit,
1375 1499 1468 1556 sed
1501 1501 1625 1572 quia
1665 1501 1868 1556 inscius
1921 1509 2106 1556 contra
2139 1516 2198 1554 se

587 1601 836 1672 petebat,
885 1607 940 1653 ut
990 1605 1276 1654 cessarent
1326 1595 1393 1650 ab
1425 1611 1491 1650 eo
1525 1595 1877 1660 tentatioues,
1931 1610 2031 1666 per
2062 1609 2197 1662 quas

588 1691 887 1766 perfectior
917 1705 977 1746 se
1011 1689 1194 1745 ﬂebat.
1237 1685 1366 1743 ideo
1411 1687 1477 1742 ad
1533 1685 1810 1742 Romanos
1839 1685 1972 1742 dicit
2007 1701 2020 1739 :
2057 1673 2197 1738 Nam

2297 474 2422 540 dunt
2455 483 2699 546 putatur,
2725 485 2852 540 ante
2881 477 3045 548 coepit
3091 477 3336 542 Joannes
3363 475 3665 548 prmdicare,
3711 494 3827 546 quin

2295 567 2580 634 Chrisms;
2613 579 2668 624 et
2715 585 2823 624 non
2875 569 3128 626 Christus
3169 571 3470 638 Joannem,
3515 570 3608 632 sed
3649 570 3829 629 Ioannes

2295 659 2569 726 Christum
2615 661 2934 732 baptizavit.
2983 662 3124 728 Num
3153 677 3284 734 ergo
3337 664 3411 732 sic
3455 662 3657 733 iudicat
3697 663 3828 722 Deus?

2299 749 2544 824 Denique
2595 753 2747 838 prior
2803 763 3022 816 secutus
3077 765 3162 826 est
3215 755 3466 826 ,Antlreas
3517 754 3830 822 Salvatorent,

2297 865 2458 920 quani
2511 847 2706 918 Petrus
2791 867 2804 914 ;
2854 859 2908 920 et
2960 859 3144 918 tamen
3195 851 3488 922 primatum
3539 853 3836 920 pensauerat

2299 933 2570 1008 Andreas,
2601 943 2698 998 sed
2715 943 2931 999 Petrus.
2962 943 3144 1012 Quare
3185 960 3318 1015 emo
3357 945 3634 1018 apostolus
3670 945 3836 1016 quihus-

2299 1037 2422 1092 dam
2468 1052 2576 1092 non
2608 1037 2940 1112 videbatur;
2999 1054 3122 1094 eum
3183 1039 3372 1106 eadem
3425 1047 3610 1109 posset
3655 1054 3736 1108 per
3773 1041 3834 1094 Dei

2298 1131 2554 1200 gratiam,
2589 1146 2710 1202 qua:
2739 1143 2790 1186 et
2824 1132 3107 1200 apostoli?
3140 1133 3266 1188 ideo
3307 1133 3477 1200 dolet,
3505 1146 3560 1196 et
3589 1133 3837 1204 compulsus

2299 1223 2556 1290 ostendit,
2588 1235 2610 1264 ε
2637 1226 2764 1296 quid
2791 1242 2818 1282 a
2849 1226 3166 1300 dignatione
3194 1228 3410 1286 Domini
3447 1241 3726 1296 mereatur.
3747 1230 3838 1286 llinc

2300 1327 2385 1376 est
2411 1318 2556 1374 unde
2579 1333 2686 1374 non
2721 1320 2898 1376 solum
2947 1323 3212 1378 minorem
3244 1339 3304 1379 se
3352 1337 3462 1380 non
3515 1339 3636 1380 esse
3677 1339 3838 1382 coactus

2301 1421 2388 1466 est
2413 1411 2682 1484 proﬁteri,
2715 1413 2814 1470 sed
2865 1422 2918 1468 et
2963 1414 3086 1484 plus
3115 1415 3372 1476 omnibus
3425 1415 3720 1480 laborasse.
3747 1414 3840 1472 ‘liis

2301 1519 2434 1578 ergo
2475 1504 2824 1576 displicebat,
2855 1513 2910 1576 et,
2959 1523 3066 1574 non
3112 1507 3403 1576 videbatur
3432 1523 3560 1572 esse
3609 1511 3840 1580 apostolus,

2301 1600 2394 1682 qui
2448 1599 2798 1664 aemulatione
2831 1611 3075 1680 paterna:
3127 1603 3262 1676 legis
3313 1603 3739 1674 praedicationem
3766 1607 3844 1670 ejus

2303 1693 2654 1768 respuebant.
2701 1695 2856 1768 quasi
2895 1695 3104 1764 inimici
3164 1696 3475 1758 traditionis
3517 1697 3844 1768 qusis;quia

591 1787 716 1859 quid
746 1799 974 1851 oremus,
1004 1782 1136 1836 sicut
1180 1789 1404 1851 Oportet,
1435 1779 1688 1834 nescimus
1735 1777 1912 1850 (Rom.
1941 1793 2053 1842 vnt,
2077 1775 2195 1846 ‘27).
2229 1784 2280 1858 Β
2307 1801 2425 1842 eam
2447 1787 2556 1858 jam
2577 1803 2797 1844 cessare
2819 1789 3055 1858 diccbat,
3085 1791 3348 1862 apostolis
3377 1793 3556 1863 magis
3576 1792 3846 1858 (“arma

591 1876 750 1935 Unde
808 1877 910 1931 hoc
958 1873 1090 1930 dicit
1143 1873 1244 1928 sibi
1297 1879 1736 1942 reSponsum,ut
1789 1869 2068 1938 sufﬁceret
2097 1869 2198 1922 sibi

594 1974 766 2044 gratia
799 1970 914 2036 Dei,
949 1983 1056 2040 qua
1083 1977 1176 2022 aut
1199 1967 1342 2020 vires
1377 1961 1646 2019 tolerandi
1695 1962 2060 2026 addebantur,
2111 1969 2205 2015 aut

589 2077 802 2132 tempus
820 2077 1094 2133 pressurae
1117 2059 1563 2123 abbreviabatur;
1587 2065 1640 2110 ut
1663 2055 1882 2112 devotio
1896 2055 2024 2110 dum
2051 2053 2202 2107 inllr-

597 2155 784 2211 mitate
837 2167 1108 2222 pressurze
1145 2149 1443 2206 accidentis
1487 2165 1596 2204 non
1625 2145 1932 2218 frangitur,
1977 2147 2205 2216 probata

596 2250 864 2306 videatur.
890 2247 1248 2302 Libentissime
1285 2245 1458 2313 itaque
1489 2243 1654 2314 magis
1686 2241 1952 2314 gloriabor
1981 2241 2033 2294 in
2054 2240 2204 2309 infir-

599 2343 860 2399 mitatibus
907 2341 1057 2406 meis,
1085 2337 1112 2378 ι)
1139 2347 1196 2393 ut
1236 2337 1487 2392 inhabitet
1545 2337 1599 2390 in
1653 2351 1735 2390 me
1775 2335 1934 2389 virtus
1987 2333 2199 2386 Christi.

596 2440 860 2508 Apertum
892 2445 977 2490 est
1013 2433 1140 2506 quia
1200 2441 1328 2488 tunc.
1373 2429 1718 2502 gloriandum
1775 2429 1957 2496 docet,
1986 2427 2204 2500 quando

596 2533 812 2604 injuriis
841 2529 1184 2585 lttnniliatur.
1221 2529 1262 2582 Α
1293 2525 1519 2581 Christo
1541 2535 1722 2580 autem
1757 2525 1929 2578 virtus
1964 2525 2202 2578 toleran-

595 2626 649 2682 di
678 2625 958 2698 prrebetur
979 2639 994 2689 ;
1019 2631 1081 2678 ut
1108 2621 1229 2692 quia
1261 2621 1411 2691 prius
1439 2635 1671 2688 aSperm,
1700 2635 1764 2673 ac
1789 2633 1888 2690 per
1919 2617 2023 2673 hoc
2055 2617 2204 2674 fasti-

595 2719 810 2776 dienda-2
861 2715 1069 2786 injuriae
1121 2713 1468 2778 videbantur,
1513 2719 1700 2782 postea
1755 2713 1986 2766 libenter
2037 2711 2208 2766 susci-

597 2811 854 2883 piendie;
910 2817 967 2862 ut
1005 2805 1211 2861 Christi
1267 2805 1472 2860 auxilio
1541 2803 1866 2858 lenirentur.
1945 2803 2208 2860 Libenter

599 2917 732 2973 ergo
778 2901 916 2956 caedi
957 2914 1018 2955 se
1073 2897 1230 2964 dicit,
1289 2895 1585 2952 dummodo
1635 2911 1664 2951 a
1694 2893 1919 2950 Christo
1959 2909 2204 2960 curetur,

599 2993 825 3052 sciendo
871 2993 994 3062 plus
1033 2989 1236 3047 addere
1267 2990 1589 3046 medicinam
1621 2989 1823 3045 Christi
1850 2989 1914 3044 ad
1945 2991 2202 3054 salutem,

599 3104 762 3162 quam
789 3085 1083 3140 inﬁrmitas
1106 3082 1348 3138 detrahit
1377 3082 1615 3138 sanitati.
1829 3087 1836 3092 ‘

2311 1879 2472 1934 istum
2504 1880 2586 1934 his
2619 1881 3000 1949 humiliantes;
3033 1884 3160 1954 quia
3197 1883 3272 1938 illi
3325 1901 3436 1952 non
3469 1895 3578 1950 tam
3607 1895 3846 1950 constanter

2312 1985 2504 2032 contra
2535 1978 2734 2048 Legem
2765 1978 2968 2052 aliquid
3001 1979 3342 2042 asserebant.

2382 2069 2711 2140 (\‘ers.12.)
2755 2069 2820 2128 Et
2873 2072 2917 2126 si
2941 2071 3074 2130 nihil
3101 2089 3241 2138 sunt,
3289 2076 3440 2149 signa
3497 2085 3664 2134 tamen
3689 2079 3846 2146 apstuli

2311 2162 2451 2232 facta
2477 2173 2596 2220 sunt
2633 2165 2688 2218 in
2715 2165 2856 2220 vobis
2881 2167 2936 2220 in
2986 2169 3124 2230 oiuni
3155 2171 3428 2238 patientia,
3473 2173 3654 2244 signis,
3697 2183 3736 2227 et
3771 2190 3846 2240 pro-

2313 2254 2492 2326 digiis,
2525 2265 2572 2310 et
2599 2257 2893 2314 uirtutibus.
2923 2259 3013 2314 Sic
3043 2275 3104 2315 se
3157 2259 3432 2330 humiliat,
3467 2276 3528 2320 ut
3557 2265 3744 2336 erigat;
3783 2279 3844 2332 pa-

2314 2345 2560 2404 tientiam
2601 2347 2799 2412 'tamen
2847 2351 3082 2422 primam
3139 2365 3428 2422 memorat,
3485 2357 3614 2428 quia
3663 2357 3738 2412 diu
3770 2357 3847 2412 illas

2313 2441 2550 2510 portavit
2598 2441 2756 2512 quasi
2787 2441 3138 2514 impatientes
3169 2462 3378 2518 aegros;
3411 2457 3472 2512 nt
3519 2449 3740 2506 adhibita
3777 2464 3846 2504 me

2311 2531 2494 2600 dicina
2543 2533 2822 2604 signorum
2874 2539 3372 2612 atqttejvirtntum,
3416 2551 3642 2602 curaret
3690 2541 3842 2598 vulnera

2313 2629 2522 2694 erroris
2552 2627 2789 2684 illorum.

2385 2721 2564 2792 (Vera.
2613 2723 2726 2792 15.)
2772 2723 2910 2800 Quid
2941 2733 3014 2784 est
3066 2729 3204 2792 enim
3249 2728 3388 2797 quod
3439 2709 3618 2794 iniistis
3663 2727 3844 2784 habentis

2314 2815 2513 2874 ueteris
2539 2811 2807 2886 Ecclesiis,
2839 2817 2940 2874 nisi
2980 2817 3118 2888 quod
3140 2835 3233 2890 ego
3267 2819 3376 2888 ipse
3401 2835 3512 2884 non
3540 2820 3728 2892 gravari
3759 2815 3846 2872 res?

2315 2901 2518 2960 Donate
2549 2907 2678 2962 mihi
2717 2907 2848 2962 hanc
2877 2909 3149 2982 injuriam.
3185 2911 3380 2980 Adhuc
3429 2928 3532 2981 per
3567 2913 3844 2970 humilitatem

2319 3008 2342 3038 ε
2375 3016 2433 3056 se
2463 3002 2837 3066 commendat;
2895 3003 3136 3060 ostendit
3167 3005 3312 3070 enim
3365 3022 3476 3078 non
3515 3008 3672 3082 ωε
3725 3008 3846 3062 minus

2317 3093 2444 3154 illos
2492 3095 2696 3168 aliquid
2741 3096 2994 3166 habuisse
3034 3100 3248 3170 celetis
3276 3101 3564 3170 Ecclesiis,
3599 3103 3684 3162 sed
3708 3115 3750 3160 et
3775 3120 3848 3156 au;-

674 3180 854 3253 (Vers.
892 3177 1006 3249 10.)
1059 3178 1390 3248 Quapropter
1413 3177 1588 3246 placeo
1639 3175 1769 3228 mihi
1812 3176 1865 3228 in
1889 3174 2206 3243 in/irntitati—
2313 3187 2488 3262 ptius;
2522 3187 2876 3258 Evangelium
2907 3189 3054 3256 enim
3097 3193 3192 3262 pgi
3241 3195 3412 3264 armis
3444 3194 3539 3264 his
3589 3195 3846 3268 pmdimi"

601 3275 714 3340 bus,
745 3274 799 3327 in
825 3270 1170 3336 contumeliis;
1200 3285 1316 3323 cum
1359 3269 1495 3323 enim
1540 3269 1800 3339 inﬁrmor,
1855 3278 1976 3322 tunc
2031 3279 2209 3340 potens

604 3385 739 3426 sum.
773 3367 972 3423 Verum
995 3373 1100 3427 est,
1133 3365 1258 3436 quia
1309 3373 1436 3420 tunc
1463 3365 1630 3419 vincit
1669 3365 2037 3430 Christianus,
2085 3380 2208 3420 cum

607 3463 848 3536 perdere
880 3469 1102 3532 putatur
1134 3477 1146 3512 :
1175 3469 1228 3514 et
1261 3469 1388 3514 tunc
1420 3458 1595 3527 perdit
1621 3457 1869 3527 perlidia,
1898 3473 2104 3513 cumse
2127 3457 2212 3512 vi-

603 3559 748 3614 cisse
777 3555 1097 3628 gratulatur.
1129 3552 1347 3609 Plaudit
1387 3568 1540 3626 ergo,
1593 3569 1718 3610 cum
1754 3553 1829 3608 illi
1885 3553 2208 3618 insultatur;

606 3657 662 3705 et
687 3649 881 3718 surgit,
913 3661 1037 3702 cum
1071 3647 1359 3715 premitur.

679 3741 863 3814 (Vers.
897 3740 1017 3808 11.)
1051 3737 1248 3792 Factus
1271 3755 1384 3792 sunt
1407 3737 1678 3808 insipiens,
1727 3754 1814 3792 vos
1845 3755 1924 3793 me
1953 3739 2208 3810 coegistis.

603 3832 956 3904 Contpulsum
997 3847 1056 3886 se
1083 3831 1234 3897 dicit,
1260 3829 1460 3901 utquid
1475 3839 1646 3899 esset,
1671 3829 2086 3885 ostenderetJit
2105 3845 2212 3884 non

601 3927 788 3998 utique
801 3927 997 3980 stultus
1013 3923 1214 4006 θεμᾳυί
1233 3922 1300 3978 de
1318 3937 1376 3979 se
1393 3939 1518 3979 vera
1535 3925 1753 3979 loeutus
1767 3923 1970 3979 estzsed
1989 3923 2217 3978 inclinat

606 4035 688 4086 se,
725 4029 784 4073 ut
813 4017 1131 4073 manifestat
1171 4017 1296 4085 quia
1327 4029 1434 4070 non
1457 4017 1740 4072 voluntate
1780 4017 1974 4072 merita
2002 4031 2098 4070 sua
2127 4030 2218 4071 os-

608 4112 802 4170 tendit.
840 4109 952 4184 Ego
974 4110 1114 4166 enim
1139 4109 1296 4164 debui
1323 4125 1354 4163 a
1377 4110 1516 4164 vobis
1552 4111 1920 4164 commendari.
1955 4109 2214 4165 Manifes-

613 4217 726 4263 tum
754 4215 860 4272 est,
894 4204 1018 4276 quia
1071 4205 1128 4260 hi
1158 4205 1465 4260 debuerant
1518 4207 1886 4263 testimonium
1938 4209 1986 4264 ei
2035 4209 2219 4278 perhi-

615 4303 748 4358 bere
773 4299 1037 4356 adversus
1058 4301 1464 4355 obtrectatores
1491 4299 1608 4370 ejus
1644 4341 1658 4366 ,
1683 4301 1820 4372 apud
1847 4315 1985 4372 quos
2031 4302 2217 4357 Eccle-

616 4391 752 4448 siam
775 4391 1080 4458 constituit,
1129 4399 1182 4446 et
1237 4391 1520 4461 signorum
1571 4392 1822 4463 prodigia
1878 4393 2218 4463 apostolatus

608 4486 882 4552 ostendit;
934 4493 995 4540 ut
1050 4483 1156 4540 hoc
1209 4493 1448 4552 tacente,
1505 4484 1584 4540 illi
1651 4501 1775 4540 eum
1833 4485 2216 4551 defenderent,

611 4596 773 4651 quem
819 4587 1029 4672 patrem
1063 4577 1414 4672 habebantin
1465 4577 1766 4672 Evangelio
1810 4579 2034 4672 Christi.
2063 4579 2215 4638 Nihil
2245 4575 2471 4662 Βηοιιρ
2520 4575 2772 4669 πρίνεπε
2814 4601 2882 4664 οι,
2923 4603 3042 4672 εἰς,

619 4673 756 4727 enim
785 4673 952 4725 asinus
981 4671 1104 4740 feci,
1133 4687 1288 4740 quam
1313 4669 1398 4725 illi
1427 4670 1576 4726 valde
1605 4674 1850 4744 apostoli.
1893 4671 2076 4740 Valde,
2112 4677 2214 4734 hoc

615 4773 700 4820 est
727 4763 910 4833 nimis,
927 4765 1070 4818 sicut
1090 4763 1412 4833 quibusdam
1437 4763 1741 4830 videbatur;
1772 4783 1892 4821 nam
1909 4767 2011 4824 hoc
2031 4779 2212 4836 erant,

618 4865 762 4939 quod
791 4873 846 4920 et
885 4863 1168 4934 apostolus
1195 4863 1418 4918 Paulus.
1457 4864 1570 4920 lloc
1597 4883 1727 4938 ergo
1756 4867 1908 4934 dicit,
1939 4871 2064 4940 quia
2114 4875 2218 4938 nti-

620 4976 722 5016 nor
749 4975 856 5014 non
893 4967 979 5014 est
1001 4971 1180 5026 neque
1207 4957 1261 5011 in
1295 4957 1709 5026 praedicatione,
1740 4977 1914 5034 neque
1945 4963 1997 5018 in
2047 4967 2219 5038 signis

613 5051 904 5120 faciendis,
934 5050 1199 5121 apostolis
1221 5052 1642 5122 praecessoribus
1673 5055 1806 5122 suis,
1843 5072 1948 5111 non
1998 5059 2050 5111 iu
2097 5059 2216 5131 dig-

689 5253 714 5282 ι
745 5243 880 5296 Rom
904 5237 1037 5294 edit.
1070 5236 1124 5290 in
1162 5233 1471 5306 inﬁrmitate,
1494 5247 1899 5302 consummatur.
1965 5238 2216 5294 Stimulos

615 5331 742 5388 quos
755 5312 994 5388 diabolus
1023 5305 1248 5388 perﬁde;
1280 5316 1388 5388 vet.
1414 5305 1544 5388 edit.
1571 5321 1634 5360 ae
1659 5323 1791 5388 mss.
1828 5308 1986 5388 nobis
2014 5311 2216 5366 sulfra-

614 5377 834 5458 gantur,
867 5377 1144 5458 nisiquod
1169 5379 1270 5446 illa:
1301 5377 1504 5458 habent
1540 5391 1662 5432 cum
1693 5379 1815 5458 cod.
1864 5382 2026 5434 etiam
2071 5397 2212 5458 non»

621 5448 807 5581 uultisl.’
823 5455 1082 5524 stimulos,
1113 5461 1166 5508 et
1191 5464 1320 5505 mss.
1354 5448 1580 5520 aliquot,
1605 5450 1839 5522 perﬁdis,
1864 5462 1956 5514 aut
1983 5448 2219 5524 perﬁdia:

621 5538 772 5581 ηιίιηιι
815 5545 891 5581 118.

621 5538 891 5581 tuentibus.

689 5598 716 5638 δ
746 5599 1049 5652 Rom.edit.
1080 5594 1218 5658 sola,
1253 5603 1306 5646 ut
1331 5591 1684 5660 praetendatin
1699 5610 1775 5649 me
1811 5637 1824 5660 ,
1859 5603 1964 5650 etc.

694 5683 714 5710 ο
745 5670 875 5724 Mss.
899 5669 1122 5738 aliquot,
1155 5663 1816 5738 agnitionemDomini,
1851 5677 1959 5722 etc.

691 5740 716 5778 ά
745 5739 879 5795 Cod.
905 5735 1068 5804 (lori).
1107 5777 1122 5802 ,
1159 5735 1256 5790 His
1283 5751 1404 5808 ergo
1434 5736 1760 5804 displicebat,
1808 5747 1855 5792 et
1878 5754 1981 5806 non
2003 5739 2210 5796 videba-

617 5823 733 5870 tur:
759 5821 810 5868 et
855 5811 1011 5883 istum
1055 5809 1110 5862 hi
1153 5807 1484 5865 humiliantes
1533 5818 1698 5878 erant,
1741 5811 1830 5884 qui
1875 5807 2210 5882 apostolicam

2315 3283 2458 3354 quod
2499 3283 2664 3340 nullis
2691 3300 3010 3348 concessum
3067 3299 3150 3342 est
3207 3289 3492 3358 Ecclesiis,
3557 3291 3752 3355 dicente
3783 3289 3850 3342 De-

2314 3376 2462 3430 mino
2479 3375 2705 3448 :Dignus
2724 3387 2799 3432 est
2814 3379 2948 3434 enim
2966 3380 3235 3449 operarius
3251 3383 3484 3440 mercede
3502 3399 3606 3440 sua
3623 3381 3846 3454 (Laeni).

2315 3467 2376 3538 Si
2425 3483 2558 3538 ergo
2603 3483 2702 3538 pro
2747 3469 2892 3536 bono
2945 3487 3110 3542 opere
3149 3470 3167 3508 ί
3203 3472 3420 3544 injuria,
3479 3475 3668 3548 inquit,
3719 3475 3847 3541 dignus

2314 3575 2458 3628 sitm,
2515 3563 2776 3632 igno.~cite
2808 3565 2937 3618 mihi
2973 3567 3190 3620 :omnis
3223 3566 3372 3630 enim
3427 3570 3630 3636 stultus
3675 3569 3848 3638 innitat-

2315 3667 2532 3714 cnsator
2555 3667 2656 3713 est.
2693 3657 2761 3716 Ut
2791 3659 2891 3714 hos
2918 3675 3051 3730 ergo
3076 3660 3362 3730 imperitos
3389 3664 3668 3730 ostendat,
3698 3663 3846 3726 veniam

2315 3750 2490 3808 abhis
2522 3751 2761 3822 postulat
2791 3753 2908 3830 ejus
2931 3753 3084 3820 iacti,
3139 3753 3208 3818 de
3237 3772 3344 3826 quo
3375 3757 3546 3822 laude
3568 3759 3742 3830 dignus
3758 3765 3826 3810 est.

2389 3845 2572 3918 (Vers.
2609 3847 2728 3919 M.)
2764 3848 2897 3905 Ecce
2931 3852 3081 3905 tertio
3110 3854 3205 3906 hoc
3237 3863 3452 3922 paratus
3498 3872 3614 3908 sum
3657 3847 3850 3906 reuisenti

2317 3957 2428 4008 vos,
2460 3951 2505 4000 et
2531 3958 2636 3998 non
2663 3959 2750 4000 vos
2767 3945 3014 4018 gravabo.
3045 3945 3128 4002 Ne
3159 3946 3302 4004 forte
3333 3947 3438 4016 hoc
3475 3949 3622 4012 inter
3655 3947 3778 4010 initia
3799 3940 3848 3994 Γε-

2303 4038 2462 4098 'cisse
2505 4047 2788 4108 putaretur
2836 4039 2903 4098 ad
2951 4041 3498 4106 commendationem
3551 4056 3726 4110 suam.
3771 4043 3850 4108 ρωι

2319 4139 2504 4200 autem
2563 4133 2875 4198 mercedem
2928 4135 3263 4206 evangelicae
3319 4137 3720 4208 praedicationis
3763 4130 3852 4186 velle.

2318 4226 2596 4296 accipere,
2647 4228 2887 4292 ostendit
2929 4230 2982 4286 in
3035 4245 3102 4288 ea
3148 4244 3210 4286 se
3251 4231 3540 4300 voluntate
3588 4233 3849 4298 duraret“?

2318 4316 2524 4386 factum
2565 4333 2722 4384 suum
2768 4332 2958 4392 postea
2986 4323 3284 4386 emendare
3327 4323 3632 4392 videretur,
3673 4334 3720 4378 et
3756 4323 3850 4374 esset

2319 4411 2465 4482 quod
2505 4413 2572 4468 ab
2600 4412 3060 4484 obtrectatoribus
3081 4417 3605 4486 reprehenderetur.
3639 4409 3850 4486 Νοηεπὶθ*

2321 4519 2500 4573 quiem
2527 4521 2642 4578 qua:
2679 4517 2848 4562 vestra
2889 4519 3040 4576 sunt,
3094 4512 3184 4566 sed
3217 4528 3326 4568 vos.
3381 4511 3636 4570 Ostendit
3683 4507 3782 4564 ideo
3815 4516 3850 4556 se

3072 4615 3130 4662 ut
3159 4606 3285 4664 illos
3310 4608 3465 4680 ipsos
3497 4609 3798 4666 lucraretur;
3819 4609 3852 4650 ut

2321 4690 2698 4762 intelligentes
2746 4695 2870 4764 quia
2925 4699 3170 4766 pecunia:
3227 4703 3500 4770 praeponit
3527 4717 3652 4768 eos,
3699 4696 3852 4754 tandem

2319 4796 2722 4857 cognoscerent
2752 4789 3008 4846 all‘ectum
3041 4791 3193 4852 illius
3229 4809 3360 4866 erga
3401 4810 3482 4852 se.
3517 4795 3630 4852 Nec
3668 4787 3852 4850 enima-

2323 4877 2438 4933 bent
2480 4879 2578 4948 ﬁlii
2625 4883 2923 4950 parentibus
2967 4883 3339 4954 thesaurizare,
3371 4889 3464 4944 sed
3501 4897 3722 4962 parentes
3753 4881 3850 4952 ﬁliis

2322 4969 2539 5028 Patrem
2571 4989 2630 5029 se
2662 4988 2854 5032 eorum
2885 4976 3192 5048 signiﬁcat,
3223 4981 3366 5046 sicut
3393 4981 3448 5036 in
3490 4983 3657 5053 prima
3683 4971 3850 5050 epislﬂI3

2322 5064 2488 5120 dicit:
2523 5063 2628 5122 Per
2651 5069 2974 5140 evangelium
3022 5087 3115 5144 ego
3142 5088 3230 5136 vos
3274 5076 3430 5146 genui
3456 5075 3512 5148 (1
3535 5076 3650 5132 Cor.
3689 5089 3750 5138 tv,
3775 5063 3848 5130 15)⁹

2326 5245 2750 5318 prwdicationem
2779 5247 3096 5318 refutabant.
3128 5247 3198 5314 Et
3225 5251 3270 5306 si
3297 5251 3426 5306 nihil
3447 5270 3580 5318 sum,
3605 5262 3704 5314 etc.

2405 5327 2427 5353 υ
2462 5317 2606 5372 Idem
2633 5319 2756 5372 cod.
2791 5317 2980 5381 Cerb.,
3029 5337 3081 5373 se
3117 5324 3345 5389 exultat;
3385 5317 3603 5378 ostendit
3639 5325 3754 5378 enim
3787 5331 3852 5368 nit!

2322 5387 2492 5444 minus
2516 5389 2646 5466 illos
2681 5391 2879 5454 aliquid
2921 5391 3136 5466 _habere_,
3162 5403 3216 5466 et
3245 5387 3366 5466 tunc
3413 5398 3586 5466 prodit
3623 5391 3847 5466 perﬁdiae.

2323 5473 2438 5518 cum
2465 5461 2729 5538 se_vicis_se
2753 5463 3070 5538 gratulatur.
3099 5459 3472 5538 Plauditerjo
3497 5459 3720 5532 cum-illi
3737 5459 3850 5538 insal—

2321 5539 2495 5611 tantur
2523 5529 2775 5611 habuisse
2787 5535 3046 5611 condigna
3073 5529 3268 5611 cancris
3291 5529 3562 5608 Ecclesiis,
3591 5538 3763 5592 dicente
3781 5529 3852 5584 De

2321 5602 2499 5675 "tino:
2529 5601 2730 5675 Dignus
2759 5616 2831 5672 est
2862 5601 2998 5662 enim
3026 5609 3316 5674 aperarius,
3351 5619 3460 5666 etc.

2397 5669 2414 5709 ί
2441 5669 2761 5756 Ῑὶιιιιιῖεόίιἶ
2780 5669 2798 5741 ,’
2830 5677 3028 5756 injuria
3056 5669 3263 5750 dignus
3285 5669 3432 5748 sum,
3463 5681 3671 5752 donate,
3705 5673 3850 5746 itaet-liv

2321 5744 2414 5798 hoc
2436 5754 2532 5812 est,
2564 5747 2810 5817 ignoscite
2839 5744 2987 5816 mihi.
