3978 6310
111 316 222 369 557)

879 307 1380 372 COMMENTARIA
1425 307 1491 366 ΙΝ
1531 308 1752 368 EPIST.
1793 307 1887 369 AD
1925 308 2248 370 CORIN’TII.
2291 314 2680 379 SECUNDAM.

3323 321 3431 392 534

109 429 400 488 Carnales
451 437 629 486 tamen
684 437 937 496 parentes
974 432 1132 490 sunt,
1182 425 1275 496 qui
1326 423 1455 480 filiis
1503 424 1723 482 tbesau-
1750 426 1802 486 Α
1827 425 1972 494 apud
1991 429 2115 482 vos?
2141 427 2253 484 iloc
2274 439 2380 496 est,
2410 433 2556 505 quod
2595 435 2726 493 dicit
2758 453 2771 493 :
2802 438 2942 496 Olim
2982 443 3050 500 de
3081 446 3240 503 nobis
3268 447 3296 488 ι)
3327 449 3433 506 du-

110 520 330 583 rizant;
397 537 523 576 nam
572 517 849 589 spiritales
890 532 920 574 a
953 517 1076 574 filiis
1102 517 1326 587 dignum
1353 528 1437 573 est
1475 529 1536 573 ut
1581 520 1723 574 acci-

111 618 274 685 piant
323 624 585 684 sumptus
629 613 695 670 ad
734 611 1140 670 sustentandam
1172 612 1339 668 vitam
1373 621 1718 683 prmsentem.

107 709 233 766 Non
278 711 436 770 enim
466 724 715 780 magnum
741 717 823 766 est
849 717 907 763 ut
936 706 1200 775 spiritalia
1231 707 1532 773 tradentes,
1585 724 1715 764 con-

105 814 428 876 sequantur
454 803 712 861 carnalia.
748 802 848 858 ilic
877 811 1065 856 autem
1105 801 1159 856 in
1191 809 1402 857 tantum
1437 803 1634 873 probat
1663 818 1723 857 se

108 897 267 954 nolle
302 898 583 967 accipere,
611 906 671 952 ut
703 894 996 951 transferat
1021 910 1242 950 causam
1273 896 1514 952 carnalis
1554 896 1721 967 patris

106 992 177 1052 ad
208 993 558 1062 spiritalem;
584 1001 638 1046 ut
663 1005 768 1045 non
797 989 976 1046 solum
1005 1004 1114 1045 non
1137 989 1206 1045 ab
1236 989 1319 1044 bis
1347 992 1598 1059 accipiat,
1623 991 1719 1046 sed

106 1094 165 1140 et
194 1085 243 1140 si
275 1094 460 1154 potest
493 1083 609 1140 ﬁeri
634 1125 648 1150 ,
685 1085 800 1153 ipse.
829 1083 939 1138 illis
968 1084 1198 1148 tribuat,
1235 1084 1374 1139 sicut
1418 1084 1529 1154 jam
1557 1100 1718 1154 supra

105 1176 248 1234 dixi.
283 1177 436 1233 Alias
464 1177 709 1234 ecclesias
758 1177 1078 1248 exspoliari,
1109 1185 1320 1244 accepto
1357 1176 1613 1247 stipendio
1652 1178 1720 1230 ad

104 1270 466 1328 ministerium
485 1279 707 1326 vestrum
739 1268 805 1335 (li
836 1267 960 1323 Cor.
1000 1284 1072 1331 si,
1098 1266 1180 1339 8).
1221 1268 1336 1324 iloc
1363 1268 1512 1324 dicto
1549 1270 1718 1340 tangit

104 1376 232 1434 eos,
263 1370 330 1418 ut
359 1359 668 1432 intelligant
699 1368 938 1432 quantus
967 1360 1042 1416 sit
1071 1370 1128 1416 et
1153 1360 1282 1432 quid
1316 1362 1350 1415 ii
1383 1371 1717 1429 mereantur,

102 1455 198 1526 qui
233 1455 377 1510 tanti
408 1453 646 1524 apostoli
678 1454 1079 1523 providentiam
1111 1455 1490 1525 neglexerunt.

177 1549 374 1619 (Vera.
419 1549 539 1621 ib.)
574 1549 686 1623 Ego
711 1567 830 1606 vero
857 1549 1192 1606 libentissime
1226 1552 1528 1621 impendam
1553 1561 1603 1608 et
1629 1569 1719 1607 stt-

102 1659 199 1714 par
226 1643 556 1713 impendant.
582 1652 630 1700 et
661 1644 770 1712 ipse
790 1644 1066 1711 itnpcndar
1091 1660 1185 1714 pro
1214 1647 1486 1700 animal-as
1513 1647 1715 1700 vestris.

101 1737 270 1795 Nunc
288 1744 481 1808 aperte
511 1737 766 1795 ali'ectum
790 1748 844 1793 et
864 1737 1215 1803 cbaritatem,
1257 1754 1422 1810 quam
1445 1740 1591 1796 circa
1623 1755 1720 1795 eos

1825 513 2036 610 bitatis,
2065 519 2404 577 arbitrantes
2427 525 2552 595 quia
2583 542 2690 585 non
2723 530 3050 602 simpliciter
3074 553 3303 610 agamus
3335 559 3432 596 vo-

1823 606 2059 706 biscum.
2087 611 2141 706 AA
2163 613 2633 686 pseudoapnstolis
2663 622 2808 678 enim
2839 606 3277 701 exagitabantur,
3302 636 3425 706 quia

1825 699 2071 797 volentes
2113 704 2422 775 depretiari
2471 723 2590 778 eos,
2638 715 3095 785 tergiversatione
3133 723 3236 781 boc
3265 699 3428 797 agere

1824 791 2148 861 Apostolum
2198 800 2552 870 asserebant,
2599 808 2757 876 quasi
2807 820 2863 864 ut
2889 813 3010 882 plus
3059 818 3234 886 possit
3284 791 3431 876 a—cci-

1824 901 1973 984 pere.
2010 888 2199 945 Coram
2251 891 2361 948 Deo
2395 897 2450 951 in
2479 895 2686 953 Christo
2708 901 2965 973 loquimur
2991 924 3009 961 :
3031 915 3204 967 omnia
3235 925 3427 984 autem,

1824 977 2146 1048 cltarissimi,
2178 1001 2274 1055 pro
2300 997 2468 1041 vestra
2497 990 2870 1062 wdiﬁcatione.
2903 998 2994 1053 Sic
3019 1002 3170 1074 cupit
3194 1005 3319 1061 illos
3341 977 3434 1062 ve;

1823 1085 1948 1126 rum
1979 1082 2034 1128 et
2062 1073 2200 1132 bene
2229 1075 2435 1136 sentire
2458 1081 2530 1136 de
2559 1097 2643 1150 se,
2678 1093 2737 1140 ut
2759 1097 2814 1142 et
2843 1090 3058 1148 ratione
3087 1098 3430 1156 ettestilit-a-

1824 1164 1973 1260 tione
1998 1169 2134 1223 satis
2176 1171 2287 1226 illis
2334 1170 2530 1244 faciat;
2570 1180 2700 1249 quia
2747 1196 2858 1238 non
2891 1195 2946 1238 ut
2981 1187 3087 1243 sibi
3129 1193 3318 1260 prosit,
3349 1203 3430 1249 ta-

1824 1257 1928 1312 lem
1977 1276 2039 1318 se
2091 1263 2288 1332 probet
2323 1286 2335 1320 :
2369 1269 2464 1324 sed
2530 1283 2586 1328 ut
2641 1275 2708 1329 ad
2769 1257 3185 1340 aediﬁcationem
3237 1302 3428 1344 eorum

1823 1352 1986 1426 307
2014 1358 2294 1427 proﬁciat;
2326 1371 2387 1417 ut
2424 1365 2507 1419 vel
2535 1364 2615 1422 sic
2645 1383 2890 1428 amorem
2935 1375 3153 1434 illorum
3198 1381 3340 1436 circa
3372 1397 3430 1438 se

1825 1461 2105 1518 provocet,
2142 1453 2271 1510 dum
2304 1472 2410 1513 non
2467 1473 2661 1532 gravat
2687 1479 2918 1523 censum
2952 1471 3174 1530 illorum
3207 1486 3265 1532 et
3294 1493 3424 1535 auc-

1825 1541 2100 1601 toritatem
2133 1551 2421 1617 potestatis
2453 1554 2504 1609 in
2532 1559 2833 1628 arguendis
2859 1563 3008 1620 vitiis
3039 1581 3146 1624 non
3179 1569 3432 1630 inclinat.

1822 1636 1954 1733 Sine
1985 1641 2152 1698 dubio
2180 1646 2325 1702 enim
2349 1652 2576 1720 prodest
2596 1653 2671 1723 ei,
2697 1658 2787 1727 qui
2816 1662 3135 1733 corripitur,
3161 1674 3219 1720 ut
3246 1683 3436 1725 emen-

1822 1729 1956 1788 det:
1988 1733 2035 1789 si
2078 1738 2405 1810 praepositus
2461 1741 2584 1802 ideo
2633 1748 2817 1806 oblata
2870 1729 3112 1824 refutet,
3157 1768 3214 1814 ut
3263 1761 3437 1819 libere

104 1831 373 1897 habebat,
403 1831 675 1897 ostendit;
695 1831 912 1902 quando
935 1847 1043 1887 non
1071 1831 1249 1886 solum
1272 1846 1369 1887 sua
1388 1849 1487 1902 pro
1515 1833 1595 1889 eis
1621 1835 1718 1888 im-
1748 1825 1797 1890 B
1823 1836 2034 1898 arguat.

105 1926 384 1998 pendere,
415 1936 472 1984 et
498 1926 819 1998 propensius
850 1923 1458 1996 impendere'paratum
1487 1941 1548 1982 se
1569 1926 1719 1993 dicit,

103 2020 202 2075 sed
230 2030 289 2075 et
347 2021 588 2089 seipsum
617 2035 713 2088 pro
735 2019 911 2074 salute
949 2019 1254 2073 animarum
1309 2035 1500 2075 eorum
1555 2020 1720 2075 etiam

105 2113 250 2168 mori
273 2153 290 2178 ,
331 2113 474 2168 sicut
501 2122 555 2168 et
598 2112 881 2182 apostolus
906 2111 1146 2168 Joannes
1175 2112 1502 2182 dicit:Quia
1538 2127 1722 2169 est-m-

104 2207 201 2276 plo
217 2205 530 2262 Salvatoris
554 2221 651 2276 pro
671 2205 930 2261 fratribus
958 2204 1125 2261 etiam
1152 2205 1365 2260 animas
1391 2217 1609 2260 nostras
1630 2205 1722 2261 de-

103 2303 310 2360 bemus
341 2317 546 2373 ponere
561 2301 605 2372 (l
630 2301 790 2356 lacn.
812 2316 894 2366 ut,
920 2299 1033 2373 l6.)
1050 2299 1350 2356 Plurimum
1370 2316 1458 2355 vos
1480 2300 1723 2371 diligens,

105 2399 292 2454 minus
308 2397 520 2468 diligor.
543 2396 813 2452 Provocat
831 2409 928 2452 eos
951 2394 1018 2450 ad
1040 2409 1317 2458 amorem;
1335 2395 1460 2466 quia
1484 2395 1585 2462 ipsi
1609 2395 1727 2464 plus

105 2492 271 2548 illum
299 2491 562 2547 deberent
580 2490 828 2562 diligere,
853 2491 1091 2545 maxime
1115 2505 1212 2559 per
1233 2505 1396 2561 quem
1418 2489 1730 2546 didicerunt

104 2586 258 2642 viam
292 2583 520 2650 salutis,
542 2599 640 2654 per
659 2599 826 2654 quem
843 2594 898 2638 et
920 2583 1179 2654 acquisiti
1208 2594 1336 2638 sunt
1357 2583 1490 2650 Deo,
1513 2598 1576 2638 ex
1606 2599 1731 2654 per-

106 2679 238 2736 lidis
272 2679 408 2735 facti
430 2678 640 2743 ﬁdeles,
673 2687 729 2733 et
751 2693 820 2734 es
846 2679 1237 2733 contaminatis
1264 2677 1557 2748 puriﬁcati.

183 2773 384 2836 (Vera.
417 2771 536 2844 16.)
584 2772 692 2828 Sed
713 2782 841 2839 esto,
871 2788 964 2843 ego
993 2789 1082 2826 vos
1132 2788 1238 2827 non
1261 2773 1501 2844 gravari;
1553 2774 1643 2826 sed
1671 2783 1728 2826 ut

107 2876 328 2924 astutus
349 2865 474 2924 dolo
501 2881 590 2920 eos
609 2867 743 2936 cepi.
769 2866 967 2920 Omnia
997 2881 1119 2938 qua!
1148 2875 1374 2937 possent
1401 2880 1465 2921 ex
1496 2865 1729 2921 adverso

109 2959 392 3030 proponi,
433 2973 542 3014 non
591 2966 768 3024 tacet,
801 2967 862 3012 ut
889 2973 952 3014 se
985 2967 1180 3029 purget
1210 2973 1308 3029 per
1336 2959 1552 3024 omnia;
1601 2959 1728 3028 quia

108 3054 246 3110 nihil
296 3067 403 3124 per
448 3052 980 3110 circumventionem
1027 3053 1140 3124 egit
1185 3053 1330 3122 apud
1375 3068 1495 3119 eos,
1528 3053 1624 3108 sed
1673 3053 1726 3108 in

107 3148 506 3218 simplicitate,
539 3147 645 3203 sibi
668 3148 841 3203 semel
869 3148 1231 3219 prospiciens,
1268 3147 1354 3203 bis
1391 3147 1598 3217 duplici
1633 3162 1730 3218 ge-

1901 1919 2084 2024 lvers.
2110 1923 2228 2024 2th)
2263 1926 2437 1986 Timeo
2467 1931 2627 2006 enim,
2659 1953 2722 1993 ne
2748 1955 2869 1995 cum
2898 1959 3104 2014 venero,
3132 1963 3235 2004 non
3256 1954 3436 2024 quales

1826 2012 1962 2117 rato,
1992 2013 2253 2073 inveniam
2282 2037 2390 2078 vos.
2421 2023 2690 2093 Quoniam
2732 2048 2842 2089 non
2873 2050 3065 2094 omnes
3092 2012 3280 2099 adhuc
3295 2061 3432 2117 quos

1827 2105 1880 2211 in
1913 2109 2083 2211 prima
2111 2112 2343 2184 epistola
2369 2121 2634 2194 corripuit
2662 2127 3095 2190 emendaverant
3117 2149 3198 2200 se,
3225 2137 3278 2192 in
3309 2105 3435 2211 qui-

1828 2199 1929 2257 bus
1968 2203 2186 2262 inerant
2228 2211 2376 2266 vitiis
2420 2216 2777 2287 reprehensi;
2813 2223 2935 2281 ideo
2957 2241 3080 2286 cum
3107 2199 3435 2292 auctoritate

1831 2295 1945 2393 vult
1983 2299 2155 2355 videri
2186 2301 2363 2358 iturus
2389 2307 2456 2360 ad
2487 2308 2633 2377 illos,
2667 2323 2724 2367 ut
2755 2319 2931 2372 territi
2967 2321 3344 2393 corrigantur;
3380 2338 3437 2384 ut

1831 2387 1965 2442 tales
1989 2389 2110 2446 illos
2151 2393 2427 2464 inveniat,
2457 2401 2646 2471 quales
2678 2407 2814 2462 vult.
2867 2410 2935 2466 Et
2985 2430 3078 2486 ego
3119 2387 3363 2475 inveniar
3404 2441 3435 2474 a

1829 2481 1992 2584 polus,
2026 2500 2128 2539 non
2170 2487 2374 2555 qualem
2403 2494 2578 2549 vultis.
2615 2495 2728 2556 Hoc
2753 2500 2907 2569 dicit,
2944 2481 3181 2566 tttvtales
3207 2527 3266 2566 se
3299 2530 3438 2584 prer-

1831 2570 2024 2643 bcant,
2077 2585 2134 2632 ut
2183 2584 2476 2640 conveniat
2504 2587 2587 2645 eis
2610 2605 2735 2647 cum
2789 2597 3072 2668 Apostolo,
3105 2611 3163 2656 ιιι
3205 2570 3434 2664 invicem

1830 2668 2354 2768 congaudeantsibi.
2390 2671 2488 2734 Ille
2516 2681 2661 2738 enim
2687 2685 2895 2743 invenit
2924 2693 3184 2763 aliquem,
3216 2699 3434 2768 qualem

1833 2775 1939 2816 non
1971 2762 2110 2829 vult,
2135 2767 2226 2837 qui
2255 2783 2316 2824 se
2346 2769 2512 2827 talem
2540 2773 2698 2845 facit,
2728 2789 2781 2840 ut
2808 2780 3092 2842 discordet
3117 2762 3186 2844 ab
3216 2762 3334 2846 illo.
3356 2790 3439 2848 Ne

1832 2856 1967 2951 forte
1993 2857 2098 2910 sint
2139 2859 2270 2915 inter
2300 2877 2386 2918 vos
2413 2870 2782 2938 contentiones,
2823 2878 3200 2951 simulationes,
3236 2885 3440 2940 animo—

1831 2945 2009 3003 sitates
2031 2990 2046 3016 ,
2072 2949 2444 3024 dissensiones,
2484 2957 2856 3035 detractiones,
2902 2945 3292 3031 susurrationes
3316 3017 3331 3044 ,
3360 2988 3444 3033 tu-

1833 3055 2020 3105 mores,
2055 3042 2356 3103 seditiones.
2389 3048 2544 3107 Nunc
2595 3070 2817 3114 errores
2861 3077 3168 3136 memorat,
3217 3042 3356 3139 quos
3386 3071 3440 3125 in

1831 3135 2118 3230 superiore
2137 3138 2370 3207 epistola
2399 3146 2752 3214 reprehendit
2777 3169 2790 3218 ;
2823 3156 3044 3223 quando
3065 3135 3320 3230 personis
3340 3162 3438 3218 de—

110 3256 284 3307 um;
333 3250 394 3296 ιη
434 3249 490 3296 ει
531 3239 677 3312 η,υά
704 3241 880 3298 De,”
916 3241 1233 3311 ρωηίάετει
1262 3241 1366 3308 ρξε’
1397 3251 1450 3296 ει
1481 3241 1568 3295 me
1592 3255 1722 3296 ce“.
1756 3231 1802 3294 ρ
1834 3225 2092 3296 ferentes,
2123 3240 2180 3286 et
2209 3233 2443 3292 alterum
2473 3239 2630 3297 alteri
2675 3225 3444 3319 prmponentesdissidebant

107 3350 238 3391 sum
270 3333 502 3390 illorum
526 3349 634 3390 non
658 3344 932 3406 quaereret
958 3350 972 3389 :
1001 3334 1106 3390 sibi
1135 3344 1317 3391 autem
1345 3335 1446 3389 hoc
1475 3333 1731 3390 sufﬁcere

112 3427 262 3497 quod
293 3443 334 3484 a
362 3428 473 3482 Deo
505 3428 841 3499 promissum
870 3437 958 3485 est
996 3429 1048 3483 in
1087 3427 1353 3484 futurum.
1388 3428 1555 3484 Forte
1581 3428 1728 3484 enim

108 3522 538 3594 suspicarentur
568 3521 695 3578 ideo
735 3522 892 3577 illum
925 3523 1356 3592 contempsisse,
1397 3523 1524 3592 quia
1565 3536 1733 3592 parva

109 3625 302 3682 erant,
322 3629 447 3686 quae
463 3613 856 3681 oﬂ’erebantur,
879 3623 936 3671 ut
958 3614 1165 3683 majora
1189 3624 1649 3686 eottsequeretur;
1675 3624 1733 3670 ut

111 3707 580 3779 circumspicies
608 3709 804 3764 merita
833 3723 957 3776 sua,
984 3723 1097 3764 non
1122 3708 1414 3780 pecuniam
1445 3709 1727 3778 refutaret,

113 3807 268 3863 sed“
325 3821 618 3862 numerum
661 3803 945 3878 indignum
995 3805 1098 3861 sibi
1161 3806 1442 3861 aestimans
1489 3815 1737 3862 contem-

115 3911 303 3960 nerei.

189 3997 392 4070 (Ven.
427 3996 550 4067 17.)
573 3995 714 4050 Nunt
748 4011 841 4066 per
869 3995 1095 4067 aliquem
1126 4011 1303 4051 eorum
1322 4038 1338 4064 ,
1369 4012 1502 4068 quos
1521 3996 1639 4052 misi
1667 4000 1736 4051 ad

109 4110 237 4160 vos,
265 4092 584 4147 ciaeumacni
606 4091 736 4146 vos?
766 4091 879 4146 iloc
904 4100 1010 4153 est,
1041 4090 1190 4160 quod
1216 4089 1387 4155 dicit,
1439 4090 1564 4162 quia
1596 4105 1734 4162 quos

115 4187 297 4252 misit,
333 4197 442 4242 aen
475 4186 590 4240 illis
616 4185 720 4240 hoc
747 4184 1096 4250 intituarunt,
1130 4193 1188 4238 ut
1225 4184 1274 4238 si
1309 4183 1550 4248 vellent,
1577 4197 1737 4253 paca-

115 4289 235 4336 tum
268 4277 478 4333 habere
499 4276 846 4348 Apostolum,
867 4276 1086 4346 dignam
1109 4276 1463 4345 quantitatem
1485 4274 1733 4347 persona:

115 4373 278 4430 illius
324 4370 624 4439 oil‘errent;
675 4371 798 4442 quia
848 4370 972 4426 ideo
1011 4369 1275 4425 noluisset
1303 4369 1574 4438 accipere,
1609 4367 1735 4439 quia

116 4467 314 4522 minus
363 4479 524 4536 quam
567 4464 792 4535 dignum
825 4471 974 4530 erat,
1030 4460 1379 4518 oli‘erebatur.
1409 4459 1562 4528 Quod
1586 4474 1737 4516 como

117 4559 372 4629 ρωὶωιη
400 4557 652 4629 Apostoli
681 4556 880 4612 astutia
909 4554 1312 4627 intelligerent;
1340 4561 1402 4608 ut
1426 4552 1572 4624 quod
1599 4553 1732 4624 egit,

1828 3321 1899 3376 ab
1921 3320 2179 3380 invicem.

1905 3414 2089 3487 (Vers.
2123 3418 2243 3490 2i.)
2292 3421 2379 3477 Ne
2423 3425 2608 3481 iterum
2657 3447 2772 3486 cum
2822 3449 3038 3508 venero,
3071 3439 3312 3498 ltumiliet
3359 3461 3442 3500 me

1833 3507 1977 3562 Deus
2001 3511 2144 3579 apud
2164 3527 2271 3576 vos,
2301 3523 2351 3568 et
2383 3517 2591 3590 lugeam
2622 3523 2811 3580 multos
2852 3543 2916 3582 ea:
2940 3530 3029 3594 iis,
3051 3534 3145 3602 qui
3169 3546 3290 3589 ante
3317 3555 3437 3607 pec-

1831 3614 2078 3658 caverunt
2100 3647 2113 3670 ,
2141 3615 2317 3661 etnon
2343 3620 2554 3680 egerunt
2582 3616 2935 3683 penitentiam
2965 3639 3124 3691 super
3159 3628 3440 3692 immundi-

1830 3697 1904 3790 tia
1928 3705 1978 3751 et
2006 3698 2388 3765 [ornicatibne,
2435 3715 2485 3760 et
2536 3704 2889 3779 impudicitia,
2941 3730 3098 3784 quam
3146 3733 3436 3790 gesserunt.

1832 3789 1948 3882 Hoc
1987 3804 2316 3863 praemonet,
2361 3803 2553 3853 utnon
2584 3799 2708 3856 illos
2736 3805 2874 3860 tales
2917 3789 3198 3878 inveniat,
3249 3814 3443 3882 quales

1757 3929 1760 3932 .
1833 3881 2040 3939 dudum
2065 3884 2352 3942 invenerat
2373 3903 2494 3944 cum
2520 3888 2665 3947 vitiis
2687 3893 2920 3953 diversis
2949 3914 3176 3970 Operum
3207 3881 3446 3962 immun-

1835 3978 2049 4045 dorum,
2085 3979 2168 4036 vel
2196 3982 2368 4053 magis
2399 3984 2679 4042 nominum
2705 4005 2720 4055 ;
2755 4000 2776 4028 ε
2811 3993 2935 4062 quia
2964 4009 3129 4052 omne
3151 4011 3289 4068 opus
3316 4000 3440 4058 sine

1834 4071 2064 4130 crimine
2091 4084 2208 4143 est,
2240 4077 2336 4132 sed
2360 4077 2791 4140 inordinationis
2820 4102 3019 4144 nomen
3043 4089 3172 4148 facit
3203 4095 3438 4152 crimen.

1837 4163 1988 4222 Tunc
2014 4168 2159 4222 enim
2189 4178 2274 4224 est
2299 4169 2570 4239 illicitum,
2618 4191 2742 4231 cum
2784 4179 2949 4236 aliter
2977 4183 3070 4249 lit,
3101 4199 3266 4255 quam
3305 4205 3440 4248 con-

1835 4273 2051 4316 cessum
2083 4273 2186 4318 est.
2221 4261 2335 4318 Illis
2368 4280 2500 4338 ergo
2524 4271 2898 4339 peccantibus,
2929 4290 2992 4332 se
3033 4275 3313 4337 humiliari
3355 4285 3441 4341 di-

1837 4355 1906 4412 cit
1927 4372 1942 4422 ;
1967 4355 2094 4428 quia
2127 4356 2352 4427 incipit,
2385 4369 2441 4412 ut
2473 4361 2596 4430 pius
2627 4372 2782 4432 pater
2809 4377 3034 4436 peccata
3081 4369 3318 4430 filiorum
3350 4377 3448 4435 de-

1837 4447 1991 4504 flere.
2023 4451 2160 4518 Quis
2199 4450 2345 4506 enim
2381 4465 2538 4523 pater
2560 4471 2665 4512 non
2699 4460 2956 4530 gaudeat,
2976 4462 3119 4520 bene
3149 4471 3444 4539 agentibus

1839 4541 2009 4598 lliiis?
2040 4542 2132 4600 Sic
2161 4544 2354 4600 iterum
2385 4561 2615 4604 necesse
2640 4561 2721 4606 est
2754 4551 2958 4626 lugeat,
2992 4554 3018 4593 ἀ
3048 4559 3094 4613 si
3124 4574 3291 4630 prave
3315 4581 3440 4621 ver-

118 4625 232 4710 iton
266 4666 376 4724 per
395 4625 797 4724 contemptum,
825 4650 920 4706 sed
952 4665 1050 4722 per
1087 4625 1372 4705 avaritiam
1410 4647 1586 4720 egisse
1610 4661 1736 4718 pro-
1760 4625 1812 4688 D
1838 4644 2050 4693 scatur.
2086 4636 2216 4693 Ideo
2236 4638 2514 4710 admonet,
2550 4650 2611 4698 ut
2636 4644 2680 4699 si
2711 4647 2802 4717 qui
2826 4625 3238 4718 iprmteritai'um
3264 4656 3440 4714 torni-

120 4747 377 4803 baretur.

193 4841 390 4916 (Vere.
427 4843 542 4915 18.)
566 4840 770 4913 Rogavi
795 4839 994 4903 Titum,
1021 4848 1068 4894 et
1097 4838 1213 4893 misi
1239 4838 1470 4892 camilla
1497 4840 1733 4908 fratrem.

124 4933 414 5004 Numquid
439 4951 625 4989 avarus
655 4934 710 4987 in
740 4949 825 4988 vos
852 4933 951 5003 fuit
976 4931 1019 4986 Τ
1026 4931 1172 4987 itus?
1214 4929 1402 4985 Nonne
1420 4932 1598 4985 eodem
1629 4929 1741 5000 spi-

122 5029 238 5084 ritu
266 5029 702 5084 ambulavimus.’
739 5043 910 5082 nonne
953 5027 1138 5080 iisdem
1183 5025 1445 5096 uestigiis?
1477 5025 1738 5094 Apertum

120 5133 213 5182 est
236 5124 370 5196 quia
400 5124 620 5197 quando
648 5124 717 5179 ab
745 5124 811 5179 iis
838 5136 975 5194 quos
998 5123 1180 5186 misit,
1213 5121 1354 5177 nihil
1394 5121 1500 5176 tale
1533 5120 1736 5176 dictum

123 5227 228 5273 aut
283 5216 492 5273 factum
541 5225 657 5282 est;
705 5231 809 5271 uua
854 5229 1045 5271 eorum
1086 5213 1358 5270 sententia
1392 5212 1655 5284 probatur
1688 5213 1740 5268 in

126 5312 288 5369 bono
316 5352 330 5376 ,
365 5310 594 5367 exclusa
610 5307 926 5381 suspicione
952 5309 1215 5375 avarititc.

202 5400 417 5477 (Vers.
456 5402 578 5476 i9.)
621 5401 821 5458 Iterum
873 5401 1069 5472 putatis
1113 5398 1250 5472 quod
1294 5413 1596 5454 excusemus
1650 5411 1746 5452 nos

209 5603 237 5631 ι
270 5593 350 5648 ita
396 5606 533 5648 mss.
564 5600 621 5646 et
647 5591 780 5647 edit.
825 5597 1056 5659 excepto
1095 5589 1220 5644 cod.
1261 5587 1432 5659 Corb.
1458 5583 1747 5659 ubibabe:

133 5677 259 5733 tur,
288 5682 390 5742 non
421 5665 695 5742 pecuniam
737 5654 1003 5733 reputaret
1034 5677 1053 5715 :
1075 5670 1132 5717 et
1157 5661 1316 5715 Hom.
1349 5657 1480 5714 odit.
1514 5657 1624 5722 ubi,
1656 5654 1746 5710 sed

130 5753 332 5794 munus
359 5737 650 5805 indignum,
685 5744 791 5790 etc.

212 5808 248 5850 δ
282 5799 703 5872 Οοάθχ⁷ιθιιιι.,
735 5805 978 5860 dubitatis
1021 5805 1160 5875 quod
1205 5817 1444 5859 excusem
1496 5799 1751 5854 arbitr-an.

134 5891 236 5950 tes,
265 5888 404 5935 etc..

1839 4733 2141 4797 cationum,
2167 4743 2261 4789 aut
2285 4735 2516 4793 alterius
2561 4739 2940 4811 immunditite,
2976 4748 3064 4804 vel
3085 4750 3444 4822 impudicitia:

1839 4841 1946 4880 nou
1977 4835 2210 4898 egerunt
2233 4830 2632 4898 paenitentiam,
2658 4832 2796 4890 sicut
2823 4837 3042 4907 quidam
3069 4850 3092 4878 θ
3111 4857 3252 4914 quos
3273 4845 3444 4918 signi.

1841 4919 1966 4975 licat
1987 4935 2095 4976 nou
2119 4923 2320 4992 egisse,
2347 4938 2494 4979 nunc
2525 4937 2783 4997 agerent;
2820 4939 2877 4985 ut
2911 4934 3136 4992 veniens
3161 4939 3278 4995 sine
3317 4941 3442 4997 tris-

1839 5013 1957 5069 titia
1999 5024 2146 5069 esset
2191 5029 2316 5069 cum
2355 5016 2458 5070 cis.
2503 5013 2638 5072 Cum
2689 5021 2836 5076 enim
2882 5023 3018 5080 dicit
3065 5046 3077 5080 :
3123 5028 3190 5086 Et
3234 5031 3440 5103 lugeam

1840 5108 2031 5164 multos
2083 5109 2257 5175 exiis,
2313 5111 2404 5179 qui
2441 5120 2562 5165 ante
2589 5129 2952 5186 peccaverunt,
2997 5131 3043 5175 et
3084 5139 3185 5178 non
3228 5137 3442 5195 egerunt

1841 5204 2219 5276 paenitentiam,
2257 5203 2453 5272 probat
2481 5207 2744 5276 quosdam
2770 5225 2834 5265 ex
2860 5209 2944 5267 his
2967 5213 3146 5283 egisse
3170 5217 3445 5284 pceniten-

1845 5297 2004 5363 tiam,
2033 5296 2301 5368 quosdam
2333 5313 2442 5352 non
2473 5299 2673 5370 egisse.
2708 5301 2862 5370 Quod
2902 5303 3208 5362 Novatiano
3245 5309 3449 5369 adver-

1843 5407 1964 5450 sum
2009 5399 2131 5461 est,
2172 5391 2265 5463 qui
2309 5389 2445 5446 dicit
2470 5391 2834 5451 fornicatores
2861 5411 2969 5450 non
3002 5411 3164 5466 posse
3187 5415 3448 5474 peragere

1922 5592 1942 5619 ο
1979 5582 2078 5638 Ms.
2113 5577 2306 5643 Corb.,
2346 5577 2468 5650 quia
2499 5593 2647 5631 omne
2675 5592 2803 5646 opus
2851 5577 3041 5636 bonum
3087 5583 3199 5641 sine
3237 5590 3454 5652 crimine

1846 5661 1945 5762 mil
1978 5723 2126 5778 idem
2157 5721 2328 5777 codex
2359 5718 2550 5780 Corb.,
2579 5719 2622 5771 si
2644 5728 3024 5786 pervertuntur.

1915 5805 1951 5880 ,θ
1984 5795 2107 5850 νει.
2157 5793 2289 5850 edit.
2316 5807 2437 5847 cum
2472 5804 2602 5844 mss.
2637 5803 2744 5844 non
2794 5794 3006 5865 paucis,
3031 5815 3158 5867 quas
3197 5805 3459 5875 signiﬁcat

1851 5881 2031 5939 cgtsse.
