3978 6310
589 307 694 365 555

1517 305 1610 362 AD
1647 303 1882 363 OPERA
1920 305 2165 362 SANCTI
2197 305 2524 364 AMBROSII
2563 305 2931 366 AEPENDIX.
3741 311 3810 367 336

587 436 850 494 peragere
876 419 1283 491 paenitentiam,
1329 428 1386 476 et
1429 419 1597 489 recipi
1637 419 1690 473 in
1721 418 2186 474 communionem.
2218 418 2270 479 Α
2296 418 2401 485 dis,
2434 419 2537 473 vita
2566 429 2653 475 est
2679 436 2804 490 erga
2827 421 3153 487 credentes;
3190 421 3387 476 virtute
3411 421 3553 476 enim
3586 419 3666 475 Dei
3687 436 3816 476 resur-

585 515 681 569 llie
729 515 922 585 probat
954 513 1253 582 peregisse,
1301 527 1364 567 ac
1397 527 1492 582 per
1535 511 1636 567 hoc
1685 521 1936 583 receptos
1966 526 2086 566 esse
2134 511 2187 565 in

588 624 723 679 pace
754 608 1033 664 Ecclesim.
1061 605 1196 662 Tres
1219 621 1348 678 ergo
1373 607 1576 662 formas
1602 616 1951 675 peccatorum
1977 607 2190 677 probat,

578 720 701 758 cum
754 701 1207 768 fornicationem,
1242 711 1298 757 et
1327 699 1745 772 impudicitiam,
1793 709 1847 758 et
1898 699 2191 756 immundi-

581 797 713 853 tiam
746 797 1019 852 nominat.

1203 909 1436 968 CAPUT
1468 909 1610 967 XIII.

657 1056 840 1130 (Vers.
875 1057 952 1126 I.)
981 1055 1209 1110 Tertium
1235 1054 1329 1109 hoc
1352 1054 1498 1108 venio
1526 1053 1598 1107 ad
1624 1069 1732 1109 vos.
1763 1053 2028 1125 Superius
2057 1067 2194 1122 pra:-

583 1161 831 1222 paratum
866 1165 924 1205 se
948 1149 1120 1213 dixit,
1159 1163 1302 1202 nunc
1324 1147 1437 1218 jam
1479 1157 1765 1202 venturum
1811 1145 2097 1216 signiﬁcat.
2130 1143 2196 1198 In

588 1263 676 1300 ore
707 1244 932 1298 duorum
956 1243 1035 1296 vel
1059 1244 1215 1295 trium
1244 1242 1449 1296 testium
1481 1241 1633 1295 stabit
1655 1257 1806 1294 omne
1835 1240 2061 1295 uerbum.
2085 1239 2198 1294 Hoc

595 1335 899 1394 secundum
937 1337 1133 1405 Legem
1189 1334 1328 1388 dixit
1363 1332 1545 1405 (Deut.
1597 1349 1718 1397 XIX,
1772 1332 1883 1405 15),
1917 1341 1976 1387 ut
2001 1331 2200 1404 aliquis

597 1431 809 1485 duobus
859 1438 951 1482 aut
1001 1428 1174 1482 tribus
1223 1427 1476 1489 testibus,
1511 1435 1601 1479 aut
1630 1435 1914 1498 purgetur,
1946 1435 2037 1480 aut
2064 1441 2195 1480 con-

596 1523 923 1578 damnetur:
960 1521 1031 1575 ita
1063 1530 1117 1575 et
1145 1519 1198 1574 hi
1230 1519 1395 1574 tertio
1425 1518 1665 1574 adventu
1691 1517 1963 1590 Apostoli,
1994 1529 2051 1573 ut
2075 1533 2202 1590 pur-

595 1617 706 1689 gati
741 1615 1106 1681 inveniantur,
1132 1623 1469 1669 commooel.

671 1709 853 1776 (Vers.
884 1709 966 1780 2.)
1031 1707 1266 1762 Praedixi
1296 1707 1433 1761 enim
1475 1717 1525 1760 et
1570 1689 1826 1774 prtbdico,
1876 1714 1932 1759 ut
1977 1720 2202 1775 pra’sens

2292 521 2442 583 gent,
2472 521 2530 566 ut
2559 513 2742 567 vivant
2771 528 2896 568 cum
2924 513 3166 570 Christo.

2367 605 2550 677 (Vers.
2582 607 2664 678 5.)
2698 606 2803 662 Vos
2829 609 2972 677 ipsos
2998 617 3207 671 tentate,
3239 609 3285 661 si
3312 608 3437 662 estis
3484 607 3536 660 in
3576 607 3669 676 ﬁde
3706 622 3721 660 :
3751 609 3819 676 ιριῐ

2294 712 2382 752 vos
2410 698 2640 770 probate.
2671 698 2902 754 Invicem
2937 708 2996 755 ut
3021 715 3079 755 se
3112 699 3312 755 fratres
3352 698 3656 764 discutiant,
3683 701 3821 769 praci-

2296 790 2411 861 pit;
2442 791 2785 846 sollicitiores
2815 792 2950 846 ﬁunt
2979 791 3158 858 enim,
3192 794 3239 847 si
3268 806 3452 848 secum
3486 789 3696 846 invicem
3731 805 3824 845 con-

2297 885 2491 938 ferant.
2526 883 2907 940 Tentationem
2951 900 3082 955 ergo
3125 885 3262 940 hanc
3306 884 3670 954 probationem
3703 882 3826 939 voluit

2298 975 2527 1047 intelligi
2557 993 2571 1040 ;
2615 977 2740 1046 quia
2779 978 2958 1032 omnis
2989 978 3239 1048 probatio
3266 978 3498 1032 tentatio
3518 987 3630 1043 est;
3656 993 3745 1032 non
3778 986 3830 1031 ts.

2299 1085 2423 1125 men
2455 1071 2632 1125 omnis
2662 1073 2888 1126 teutatio
2933 1071 3200 1143 probatio.
3237 1071 3294 1127 Si
3325 1073 3474 1127 enim
3507 1072 3646 1127 Deus
3672 1079 3828 1127 tentare

2298 1163 2497 1220 dicitur
2515 1207 2530 1230 ,
2563 1165 2814 1236 probatio
2833 1175 2916 1221 est
2942 1185 2955 1222 :
2984 1177 3006 1205 ο
3037 1166 3081 1220 si
3107 1176 3290 1222 autem
3307 1165 3558 1220 diabolus
3581 1173 3764 1220 tentare
3780 1165 3833 1220 di-

2299 1269 2476 1326 catur,
2501 1260 2729 1315 tentatio
2759 1269 2876 1324 est;
2911 1259 3034 1330 quia
3067 1271 3314 1316 evertere
3368 1257 3579 1314 nititur.
3615 1257 3678 1312 Et
3721 1256 3834 1312 homo

2300 1353 2594 1425 aliquando
2632 1363 2836 1419 tentat,
2880 1362 2938 1407 ut
2964 1353 3200 1424 probet;
3240 1353 3563 1424 aliquando,
3601 1360 3656 1407 ut
3691 1353 3836 1422 capiat.

2302 1447 2506 1503 Annon
2532 1449 2842 1519 cognoscitis
2866 1465 2977 1513 vos,
3008 1447 3148 1520 quod
3187 1448 3428 1502 Christus
3476 1445 3628 1502 Iesus
3661 1447 3708 1500 in
3742 1445 3837 1500 vobis

2304 1551 2402 1607 est,
2435 1540 2536 1595 nisi
2557 1541 2762 1612 reprobi
2789 1541 2955 1595 estis?
2985 1540 3097 1596 Hoc
3126 1540 3281 1608 dicit,
3311 1540 3436 1611 quia
3477 1539 3522 1594 si
3554 1538 3756 1609 probare
3775 1554 3837 1594 vos

2305 1633 2536 1690 invicem
2564 1633 2812 1699 nescitis,
2840 1648 2946 1688 non
2977 1633 3307 1704 cognoscitis
3335 1631 3461 1703 quia
3480 1631 3633 1687 Jesus
3652 1629 3839 1686 Christus

2306 1739 2389 1785 est
2417 1729 2470 1784 in
2503 1728 2680 1795 vobis,
2712 1737 2768 1783 et
2801 1727 2904 1784 hoc
2929 1737 3014 1784 est
3046 1727 3337 1799 reprobum
3366 1742 3512 1794 esse,
3545 1731 3735 1783 nescire
3755 1726 3842 1781 reli-

593 1803 816 1858 secundo
844 1803 1060 1856 adventu
1095 1843 1110 1869 ,
1143 1809 1192 1855 et
1217 1802 1400 1856 absens
1434 1816 1570 1853 nunc
1615 1798 1785 1853 scribo
1825 1799 1911 1863 iis,
1959 1798 2046 1867 qui
2084 1805 2203 1850 ante
2235 1819 2282 1879 Β
2309 1823 2486 1895 gionis
2513 1835 2567 1878 ει
2599 1821 2956 1893 professionis
2983 1798 3306 1878 suw’ﬁdem.
3336 1822 3441 1891 Qui
3471 1821 3612 1878 enim
3640 1819 3746 1876 ﬁdei
3767 1835 3843 1876 m2

597 1907 1018 1970 peccaverunt,et
1045 1897 1245 1951 steteris
1275 1894 1532 1960 onmibus,
1562 1894 1686 1964 quia
1713 1893 1757 1947 si
1783 1908 1966 1947 uenero
1988 1893 2192 1956 iterum,

597 2011 703 2049 non
730 2010 960 2060 parcam.
993 1992 1212 2047 Pridem
1244 2006 1304 2046 se
1331 1989 1536 2046 dixisse
1558 1988 1828 2060 signiﬁcat
1854 1996 2199 2056 prazsentctn,

603 2095 661 2141 ut
685 2086 1028 2158 corrigerent
1055 2100 1150 2147 se;
1180 2099 1250 2139 ne
1287 2097 1413 2138 cum
1441 2081 1650 2152 pudore
1681 2081 2092 2152 corriperentur
2114 2099 2126 2132 :
2150 2088 2206 2134 et

591 2196 737 2236 nunc
769 2182 967 2236 iterum
1000 2179 1283 2234 absentem
1313 2192 1374 2232 se
1399 2176 1594 2232 eadem
1620 2173 1804 2229 dicere
1829 2181 2201 2239 contestatur;

595 2284 652 2328 ut
682 2281 810 2344 post
845 2271 1144 2327 secundam
1171 2270 1608 2339 correptionem,
1643 2268 1688 2322 si
1717 2283 1776 2324 se
1806 2283 1913 2322 non
1945 2266 2208 2322 emenda-

602 2369 805 2432 verint,
831 2367 977 2438 parci
1005 2367 1086 2420 eis
1114 2381 1220 2420 non
1256 2364 1470 2421 debeat.

678 2462 859 2533 (Vers.
887 2459 969 2531 5.)
996 2459 1268 2528 Quomodo
1299 2458 1658 2528 probationem
1702 2458 1935 2525 quwritis
1963 2458 2098 2528 ejus,
2123 2455 2212 2525 qui

603 2559 655 2611 in
709 2573 789 2609 me
841 2555 1074 2625 loquitur
1148 2553 1434 2608 Christus?
1501 2553 1888 2608 Probationcm
1962 2558 2215 2620 qua-runt

605 2648 809 2703 Christi
865 2646 1141 2718 loquentis
1175 2645 1228 2699 in
1264 2644 1553 2714 Apostolo,
1583 2645 1709 2698 dum
1765 2642 2055 2713 prmceptis
2105 2656 2214 2697 non

603 2741 888 2805 obediunt,
919 2740 1174 2794 volentes
1198 2739 1454 2807 p‘robare,
1483 2737 1527 2789 si
1552 2737 1692 2790 ausit
1717 2735 2014 2799 vindicari;
2041 2744 2095 2787 ut
2121 2749 2217 2803 per

612 2834 665 2888 id
697 2832 1039 2899 intelligatur
1073 2837 1098 2864 ⁸
1128 2843 1250 2883 esse
1275 2828 1396 2883 ﬁda:
1437 2827 1807 2890 auctoritatis,
1835 2839 1893 2880 ut
1921 2826 1989 2881 dc
2017 2834 2219 2882 caetero

618 2927 900 2980 timeatur.
929 2923 1032 2989 Qui
1063 2922 1209 2976 enim
1241 2923 1563 2992 magistrum
1593 2921 1913 2984 contemnit,
1945 2919 2223 2975 en‘iendari

618 3033 680 3074 se
707 3015 928 3088 QII'J’I‘II.
957 3014 1061 3079 Qui
1092 3015 1146 3067 in
1171 3014 1310 3067 vobis
1336 3031 1436 3066 non
1476 3013 1789 3083 inﬁrmatur,
1825 3013 1913 3066 sed
1952 3022 2128 3082 potens
2149 3024 2224 3070 est

623 3115 677 3166 in
707 3111 871 3166 vobis.
905 3109 1110 3164 Potens
1133 3116 1217 3163 est
1240 3107 1291 3160 in
1317 3107 1403 3161 his
1433 3103 1715 3172 Christus;
1747 3107 1872 3176 quia
1897 3107 2149 3162 viderunt
2173 3108 2224 3163 in

2304 1930 2523 1970 sensum
2552 1915 2604 1969 in
2635 1913 2802 1970 corde
2823 1915 3018 1984 habet,
3051 1913 3141 1971 hic
3178 1915 3286 1971 scit
3311 1915 3590 1971 Christum
3634 1913 3787 1970 Jesum
3811 1914 3844 1969 is

2304 2023 2366 2064 se
2391 2022 2532 2064 esse.

2381 2101 2562 2173 (Vers.
2604 2101 2688 2173 6.)
2726 2101 2892 2174 Spero
2914 2111 3086 2157 autem
3107 2103 3415 2174 cognituros
3442 2118 3529 2156 vos
3556 2102 3667 2170 quia
3693 2115 3846 2154 nouis-

2310 2209 2425 2246 mus
2473 2193 2695 2262 reprobi.
2721 2193 2989 2250 Provocat
3013 2209 3107 2250 eos
3134 2195 3202 2249 ad
3232 2195 3518 2250 scientiam
3551 2193 3685 2258 ﬁdei,
3706 2201 3751 2248 et
3769 2207 3847 2247 rec-

2313 2294 2382 2341 ta:
2411 2285 2555 2341 vitaz.
2581 2285 2715 2341 Cum
2749 2287 2892 2341 enim
2936 2287 3206 2356 cceperint
3244 2287 3390 2343 scire
3426 2286 3651 2356 apostoli
3676 2285 3747 2340 sui
3772 2299 3850 2339 cer-

2313 2390 2424 2437 tam
2453 2385 2832 2438 auctoritatem
2865 2394 2918 2438 et
2945 2383 3202 2439 meritum
3250 2383 3395 2456 apud
3437 2384 3626 2449 Deum,
3662 2391 3850 2454 poterunt

2316 2481 2371 2529 et
2398 2472 2542 2528 circa
2565 2489 2625 2529 se
2655 2490 2777 2530 esse
2808 2474 3048 2530 solliciti.

2393 2565 2576 2633 (Vers.
2607 2565 2688 2638 7.)
2717 2565 2824 2621 Oro
2850 2577 3024 2621 autem
3047 2566 3241 2635 Deum,
3270 2584 3336 2622 ne
3365 2568 3641 2639 quidquam
3676 2567 3779 2619 mali
3803 2569 3853 2635 [s-

2320 2659 2469 2712 ciatis
2500 2676 2518 2712 :
2545 2676 2645 2713 non
2677 2669 2730 2712 ut
2754 2677 2847 2714 nos
2867 2659 3070 2728 probati
3087 2677 3465 2732 appareamus,
3494 2661 3581 2715 sed
3601 2670 3653 2714 ut
3670 2675 3746 2713 ros
3763 2655 3854 2725 quod

2323 2751 2511 2806 bonum
2536 2762 2630 2817 est,
2662 2753 2866 2823 faciatis
2887 2770 2906 2807 :
2938 2769 3032 2808 nos
3083 2764 3288 2820 autem,
3329 2764 3386 2808 ut
3431 2755 3576 2824 quasi
3605 2752 3780 2821 reprobi
3807 2750 3855 2802 si-

2325 2861 2456 2898 mus.
2493 2845 2573 2900 Eo
2604 2845 2800 2902 all‘eetu
2821 2863 2930 2918 quo
2961 2863 3183 2916 semper
3213 2858 3336 2903 orat
3365 2863 3468 2918 pro
3494 2849 3593 2917 eis,
3621 2858 3669 2903 ut
3697 2861 3725 2900 a
3747 2844 3858 2900 malis

2329 2946 2655 3007 temperent.
2692 2940 2815 2994 Non
2844 2951 2898 2995 ut
2929 2958 3044 3005 nos,
3078 2943 3286 3012 inquit,
3331 2943 3538 3012 probati
3566 2955 3857 3014 apparebunt,
3928 2940 3929 2984 1

2329 3029 2380 3084 id
2420 3041 2522 3098 cst,
2559 3035 2678 3086 'non
2725 3034 2860 3088 utin
2907 3035 3234 3091 auctoritate
3273 3035 3574 3100 videamur,
3607 3035 3742 3089 vobis
3772 3046 3859 3101 pec-

2329 3125 2599 3184 cantibus.
2627 3124 2735 3180 Sed
2762 3138 2813 3179 ut
2838 3143 2924 3180 vos
2948 3127 3088 3197 quod
3108 3127 3300 3182 bonum
3323 3137 3426 3193 est,
3446 3127 3642 3199 faciatis
3668 3144 3684 3179 :
3711 3141 3785 3178 nos
3799 3139 3861 3175 art-

626 3203 848 3258 nomine
892 3202 1016 3271 ejus
1044 3209 1290 3254 mortuos
1335 3200 1627 3266 excitatos,
1671 3199 1949 3268 daemones
1989 3200 2218 3273 fugatos,

2330 3230 2448 3283 tem,
2478 3229 2533 3273 ut
2556 3219 2704 3288 quasi
2723 3220 2929 3288 reprobi
2947 3221 3129 3275 simus.
3157 3220 3300 3288 Quid
3329 3220 3580 3276 esthoc?
3601 3218 3718 3275 Orat
3741 3219 3861 3286 Apes
3930 3209 3931 3212 “

624 3296 955 3367 paralyticos
993 3294 1362 3361 convaluisse,
1396 3293 1596 3348 surdos
1623 3293 1862 3359 audisse,
1899 3295 2064 3349 mutis
2094 3295 2221 3350 red-

618 3391 793 3446 ditum
832 3389 1086 3457 aliatum,
1142 3389 1367 3444 claudos
1399 3389 1735 3455 cucurrisse,
1786 3406 1965 3446 cmcos
1993 3391 2218 3448 vidisse.

624 3486 752 3540 llzec
783 3485 966 3539 omnia
1000 3483 1221 3539 virtutis
1267 3494 1423 3550 sunt,
1457 3499 1562 3539 non
1597 3483 1928 3540 inﬁrmitatis
1954 3502 1968 3540 :
1991 3485 2226 3558 denique

621 3580 725 3635 hac
754 3593 918 3635 causa
948 3578 1164 3634 attraeti
1190 3578 1257 3633 ad
1289 3578 1450 3634 ﬁdem
1475 3589 1622 3632 sunt.

698 3672 880 3745 (Vers.
912 3670 996 3743 4.)
1035 3671 1172 3726 Ναηι
1219 3672 1311 3726 etsi
1361 3672 1642 3740 cruciﬁxus
1685 3681 1763 3727 est
1807 3688 1872 3727 ea:
1922 3674 2230 3739 in/irmitate

624 3779 820 3834 nostra,
845 3767 935 3821 sed
964 3767 1085 3821 vivit
1106 3782 1172 3822 ea:
1197 3766 1384 3820 virtute
1417 3764 1744 3820 Dei.\’erum
1775 3776 1880 3833 est,
1909 3767 2034 3837 quia
2068 3782 2232 3838 prop-

627 3872 710 3917 ter
737 3870 956 3931 peccata
979 3870 1166 3914 nostra
1193 3857 1488 3914 cruciﬁxus
1507 3870 1588 3912 est
1607 3856 1858 3913 Christus
1884 3875 1898 3924 ;
1926 3869 1978 3912 ut
2001 3868 2229 3914 mortem

623 3953 933 4019 ilcstruens,
962 3951 1255 4007 credentes
1304 3951 1406 4004 sibi
1447 3951 1703 4006 liberaret
1733 3953 1800 4007 ab
1836 3967 1921 4006 ea.
1962 3952 2230 4006 lulirmari

631 4060 765 4114 ergo
789 4059 848 4099 se
869 4058 1061 4114 passus
1087 4051 1171 4098 est
1207 4052 1430 4112 propter
1461 4059 1591 4107 nos,
1629 4054 1685 4097 ut
1724 4052 1955 4098 mortem
1993 4043 2236 4100 vinceret

630 4137 805 4192 nobis.
835 4135 1186 4190 Descendens
1212 4136 1357 4188 enim
1381 4135 1444 4187 ad
1470 4135 1698 4202 inferos,
1731 4137 1825 4206 qui
1859 4135 2080 4191 omnino
2112 4152 2238 4206 pec—

632 4225 812 4283 eatd’m
863 4227 1163 4292 nesciebat,
1208 4233 1265 4280 et
1307 4225 1461 4296 quasi
1509 4235 1767 4297 peccator
1798 4227 2032 4294 occisus,
2057 4228 2239 4285 chiro-

633 4320 898 4393 graphum
930 4319 1061 4373 Adae
1079 4317 1306 4382 delevit;
1333 4330 1389 4373 ut
1413 4319 1482 4375 de
1512 4327 1714 4374 cmtero
1739 4320 2098 4375 deﬁnietisub
2121 4320 2240 4391 ejus

640 4414 881 4476 nomine,
911 4412 1074 4484 208
1097 4425 1123 4463 a
1151 4420 1325 4466 morte
1348 4427 1454 4466 non
1487 4421 1825 4477 tenerentur,
1853 4411 1950 4468 sed
1977 4411 2242 4468 haberent

637 4508 887 4564 ﬁduciam
917 4506 1079 4562 eundi
1121 4505 1188 4561 ad
1229 4505 1418 4561 caelos.
1456 4506 1685 4575 Propter
1713 4505 2082 4560 inﬁrmitatem
2113 4521 2242 4578 ergo

2326 3314 2492 3378 tolus,
2528 3323 2585 3366 ut
2613 3314 2882 3384 reprobus
2929 3315 3033 3369 sit?
3064 3315 3182 3370 Non
3212 3329 3353 3372 sane
3388 3334 3401 3369 :
3435 3315 3533 3370 sed
3580 3313 3673 3369 hoc
3695 3319 3860 3375 oram“

2328 3407 2413 3462 his
2442 3407 2580 3462 bene
2630 3409 2944 3478 agentibus,
2978 3409 3110 3464 dum
3167 3425 3280 3465 non
3325 3410 3594 3465 auderent
3630 3406 3862 3473 corripere.

2328 3501 2485 3569 quasi
2535 3501 2923 3571 humilientur,
2967 3511 3024 3558 et
3066 3502 3342 3558 liumiliati
3379 3505 3466 3560 vel
3517 3501 3716 3572 reprobi
3750 3511 3863 3568 appa-

2331 3604 2510 3650 reant.
2543 3594 2761 3650 Probali
2789 3597 2935 3652 enim
2963 3612 2993 3652 a
3027 3597 3136 3652 Deo
3182 3597 3482 3662 videntur,
3532 3597 3653 3652 dum
3686 3593 3866 3665 judicent

2332 3695 2673 3756 peccatores,
2706 3688 3036 3744 auctoritate
3068 3703 3366 3745 concessa.
3397 3689 3457 3746 Si
3483 3704 3610 3758 ergo
3636 3701 3750 3759 quos
3767 3681 3866 3753 judi‘

2331 3789 2476 3845 cent,
2502 3794 2605 3833 non
2639 3780 2767 3846 sint,
2791 3789 3044 3837 cessante
3074 3781 3126 3836 in
3159 3781 3247 3837 his
3273 3785 3625 3848 auctoritate,
3647 3777 3771 3851 quasi
3812 3788 3869 3828 re-

2334 3871 2494 3943 probi
2520 3873 2794 3928 videntur.

2411 3966 2592 4040 (Vers.
2625 3968 2706 4037 8.)
2739 3967 2862 4023 Non
2889 3970 3026 4023 enim
3050 3985 3326 4042 possumus
3359 3969 3565 4039 aliquid
3599 3967 3802 4021 adversus
3819 3974 3870 4012 rt-

2338 4061 2558 4124 ritatem,
2592 4059 2683 4114 sed
2715 4077 2810 4130 pro
2855 4063 3086 4117 veritate.
3149 4062 3266 4118 Hoc
3320 4062 3481 4125 dicit,
3541 4061 3658 4131 quia
3702 4065 3870 4129 polesus

2340 4168 2450 4208 non
2479 4162 2564 4209 est
2596 4153 2719 4207 data
2744 4166 2934 4209 contra
2964 4154 3281 4220 veritatem,
3332 4164 3396 4210 ut
3429 4162 3658 4226 arguant
3696 4145 3872 4208 benen-

2341 4253 2557 4299 ventem
2593 4263 2605 4299 :
2637 4245 2733 4300 sed
2768 4261 2868 4315 pro
2897 4247 3152 4312 veritate,
3184 4255 3243 4302 ut
3291 4247 3579 4302 vindicent
3605 4246 3653 4300 in
3677 4257 3794 4304 eum.
3816 4234 3873 4304 τιυί

2342 4335 2600 4390 inimicus
2627 4347 2712 4392 est
2733 4337 2888 4408 legis.
2921 4337 3160 4406 Ideoque
3187 4339 3432 4394 cessabit
3455 4347 3707 4411 potestas,
3731 4334 3767 4388 si
3782 4325 3874 4399 quod

2344 4426 2548 4484 bonum
2593 4438 2678 4484 est
2726 4428 2978 4487 fecerint.
3011 4431 3167 4488 Unde
3198 4442 3253 4487 et
3291 4431 3361 4487 ad
3401 4431 3678 4487 Romanos
3717 4427 3800 4482 ait:
3823 4418 3876 4474 iis

2345 4537 2448 4574 non
2480 4523 2658 4576 timere
2687 4526 3027 4595 potestatem?
3050 4524 3254 4580 Bonum
3277 4531 3391 4598 fac,
3424 4537 3472 4582 et
3513 4525 3710 4581 habebis
3739 4518 3878 4576 laudm

637 4613 877 4656 nostram
910 4601 1124 4654 occisus
1157 4601 1356 4657 revixit
1386 4601 1587 4656 virtute
1620 4600 1798 4656 Patris
1824 4618 1838 4666 ;
1869 4610 1928 4655 ut
1957 4601 2221 4672 discipuli:

2348 4631 2411 4670 ex
2459 4615 2552 4669 illa
2579 4616 2760 4686 (Rom.
2793 4634 2915 4684 xm,
2948 4618 3027 4689 '5).
3077 4619 3218 4674 Cum
3263 4634 3399 4690 ergo
3433 4635 3544 4675 non
3578 4618 3720 4674 timet
3743 4615 3877 4669 bonum

645 4695 1045 4764 probaretquae
1070 4693 1331 4749 docuerat
1353 4710 1474 4750 esse
1513 4710 1666 4761 vera,
1700 4695 1953 4765 exemplo
1984 4698 2035 4751 in
2065 4713 2126 4754 se
2154 4713 2244 4754 os-

644 4799 818 4844 tenso.
847 4788 1051 4842 Etenim
1072 4805 1167 4843 nos
1192 4789 1521 4857 in/irmamur
1550 4793 1604 4845 in
1633 4790 1746 4845 illo.
1785 4791 1899 4847 Hoc
1925 4792 1992 4847 ad
2025 4805 2245 4862 aposto-

638 4887 816 4938 lorum
846 4897 1135 4953 personam
1167 4883 1424 4954 pertinet,
1457 4886 1547 4956 qui
1574 4902 1724 4951 ettm,
1753 4886 1805 4940 id
1833 4894 1939 4949 est,
1967 4885 2240 4943 Christum

641 4977 1022 5045 prmdicantes,
1065 4976 1501 5044 inlirmabantur;
1535 4979 1662 5033 dum
1687 4979 1902 5049 injuriis
1921 4981 2237 5050 agebantur,

638 5070 1051 5136 claudebantur,
1099 5068 1474 5125 czedebantnr.
1519 5071 1629 5127 Sed
1651 5073 1867 5126 vivimus
1911 5089 2028 5126 cum
2081 5090 2138 5127 eo
2181 5091 2244 5129 ea:

634 5164 821 5216 rirtute
854 5161 948 5216 Dei
978 5178 1099 5232 erga
1127 5177 1241 5214 vos.
1281 5159 1626 5216 Manifestum
1673 5171 1757 5217 est
1787 5163 1913 5232 quia
1942 5162 1988 5216 si
2019 5178 2048 5216 a
2077 5165 2243 5232 perﬁ-

637 5253 720 5309 dis
749 5253 1168 5309 inﬁrmabantur
1199 5253 1339 5324 apud
1363 5254 1676 5311 credentes:
1716 5270 1825 5310 non
1855 5265 1974 5310 erat
2003 5255 2118 5312 hmc
2162 5259 2246 5314 in-

638 5345 884 5413 ﬁrmitas,
917 5347 1011 5404 sed
1038 5347 1316 5418 profectus
1344 5364 1358 5413 ;
1397 5349 1519 5418 quia
1568 5348 1695 5403 hinc
1729 5347 2068 5416 potentiores
2113 5349 2244 5406 ﬁunt

638 5438 824 5495 ﬁdeles
844 5482 859 5508 ,
884 5443 1014 5498 dum
1042 5441 1410 5498 inﬁrmantur.
1436 5441 1464 5481 ι’
1501 5443 1652 5498 lllata
1685 5457 1816 5512 ergo
1848 5456 1996 5496 mors
2021 5457 2048 5495 a
2079 5447 2244 5513 perﬁ-

709 5615 882 5669 llMss.
939 5619 1186 5690 aliquot,
1238 5637 1349 5674 esse
1392 5622 1520 5690 fides
1571 5619 1924 5672 auctoritatis.
1972 5619 2233 5686 Sequenti

636 5695 820 5760 aulam
847 5703 1004 5743 versu
1039 5689 1196 5742 Rom.
1229 5691 1363 5744 edit.
1394 5689 1717 5760 reposuerat
1765 5691 2070 5758 magistrum
2113 5710 2238 5747 con-

637 5757 824 5832 tendit,
867 5770 921 5814 et
962 5761 1213 5832 quadam
1259 5757 1562 5824 Parim—ad
1605 5757 1910 5832 magistrum
1937 5765 2238 5832 contendit,-

637 5830 732 5886 ubi
767 5836 873 5885 vet.
905 5831 1111 5887 edit.ac
1143 5832 1572 5900 mss.melius,ut
1594 5833 1644 5887 in
1677 5829 1850 5888 testu.
1878 5829 2239 5903 [interpretan-

2345 4709 2659 4781 operando,
2712 4722 2975 4767 evacuata
3025 4722 3113 4768 est
3151 4713 3298 4784 apud
3355 4729 3484 4768 eum
3546 4705 3880 4784 potestasth

2343 4812 2428 4859 est
2473 4803 2623 4874 quasi
2682 4805 2978 4876 reprobum
3032 4821 3188 4871 esse;
3237 4806 3372 4878 quia
3421 4805 3534 4862 hoc
3572 4806 3624 4861 in
3653 4817 3714 4860 eo
3745 4803 3881 4858 cessali

2344 4895 2489 4948 unde
2511 4895 2773 4964 probatur
2799 4905 3062 4965 potestas.

2419 4985 2602 5058 (Vcrs.
2634 4985 2716 5050 9.)
2746 4987 3052 5072 Gaudemus
3078 4991 3240 5056 enim,
3297 5008 3420 5044 cum
3449 5008 3546 5046 nos
3604 4990 3882 5059 inﬁrmum:

2348 5095 2439 5134 vos
2467 5087 2638 5133 autem
2682 5085 2843 5152 fortes
2870 5085 3012 5138 estis.
3049 5082 3167 5138 Hoc
3203 5092 3293 5140 est
3340 5085 3639 5151 inﬁrmari,
3669 5098 3762 5138 non
3787 5087 3888 5132 exet-

2348 5184 2475 5224 cere
2518 5181 2849 5240 pmestatem
2877 5191 2890 5228 :
2923 5175 3025 5229 hos
3077 5185 3268 5232 autem
3299 5185 3460 5246 Optat
3492 5179 3658 5232 fortes
3701 5186 3829 5233 esse;
3856 5173 3890 5218 πί

2349 5262 2487 5318 bene
2517 5274 2741 5332 agentes
2762 5265 2892 5320 vitia
2944 5267 3186 5333 vincant,
3217 5276 3276 5324 et
3299 5269 3638 5338 prohibeant
3676 5282 3702 5320 a
3726 5279 3778 5321 se
3813 5258 3894 5312 vin-

2349 5354 2546 5411 dictam
2587 5368 2680 5411 aut
2708 5361 3136 5430 cerreplionem.
3168 5360 3285 5416 Hoc
3312 5372 3363 5416 et
3393 5380 3606 5419 oramus
3654 5370 3698 5413 et
3733 5364 3893 5411 rerum

2349 5453 2868 5509 consummationem.
2899 5455 3046 5512 Petit
3075 5470 3263 5524 orans,
3299 5466 3362 5513 ut
3411 5459 3469 5514 in
3499 5473 3567 5515 eo
3593 5452 3891 5528 perﬁciantur.

2341 5623 2630 5710 ditmjero
2661 5635 2952 5710 emendari,
2972 5639 3125 5704 quasi
3161 5649 3316 5695 esset
3339 5641 3548 5710 corripi
3579 5649 3632 5696 et
3677 5631 3890 5702 castis’ri'

2421 5699 2448 5738 ι)
2471 5700 2858 5785 ς;.ιιι·1)λ‹ιυι1υχἶ
2892 5707 2917 5759 Ι
2927 5726 2958 5760 ιι
2988 5699 3118 5764 tales
3146 5728 3269 5785 ergo
3299 5730 3443 5768 mors
3465 5699 3741 5785 α’ρεηῖάίδν
3765 5699 3845 5785 (τίδ’

2477 5771 2575 5825 Ms.
2617 5772 2782 5850 Corb.
2811 5779 2858 5831 si
2905 5789 3082 5834 autem
3124 5771 3374 5840 diabolus
3425 5771 3623 5850 leniat;
3651 5772 3891 5838 evertitulu

2347 5857 2450 5898 non
2468 5847 2798 5919 cognoscitis,
2841 5859 2949 5906 etc.
