3978 6310
117 295 212 352 537
1033 288 1528 348 COMMENTARIA
1575 291 1644 348 IN
1681 292 1899 349 EPIST.
1930 293 2025 348 AD
2063 293 2407 352 GALATAS.
3269 296 3377 351 353

117 429 207 470 nec
232 421 443 484 peccent
468 412 828 468 consummati
855 411 907 468 in
933 413 1130 468 virtute
1158 412 1316 469 bona:
1343 413 1489 481 vita},
1514 421 1570 470 et
1595 413 1679 468 in-
1706 414 1761 475 Α
1783 413 2019 468 invicem.
2061 411 2130 466 Et
2183 413 2237 466 in
2269 412 2389 480 hoc,
2423 413 2616 484 inquit,
2673 425 2983 486 cognoscent
3027 431 3204 470 omnes
3262 419 3383 486 quia

115 517 350 577 corrupta
379 506 500 562 ﬁde.
1784 505 2031 576 discipuli
2057 505 2156 559 mei
2183 506 2329 572 estis,
2358 500 2408 559 si
2447 506 2794 571 dilectionem,
2835 525 2936 579 qua
2965 508 3126 562 dilexi
3153 524 3260 571 vos,
3284 509 3385 560 Ita-

177 601 346 670 (Vers.
378 597 486 670 10.)
510 597 717 655 Idcirco
748 601 856 655 lucc
880 600 1061 655 absens
1077 599 1269 666 scribo,
1312 609 1369 654 ut
1409 616 1510 654 non
1542 616 1679 673 prte-
1782 600 1994 655 bueritis
2025 599 2240 652 invicem
2266 597 2448 670 (Joan.
2484 615 2603 663 xm,
2633 597 2751 670 54).
2776 598 2896 655 Alia
2926 609 3108 656 tamen
3131 616 3232 671 pax
3261 599 3384 668 Dei,

112 709 216 748 scas
252 691 428 744 durius
467 706 639 762 agam.
696 692 957 760 Apertum
1008 699 1091 746 est
1137 691 1261 761 quia
1318 689 1440 746 ideo
1483 691 1676 746 absens
1781 694 1886 749 alia
1918 693 2105 748 mundi
2133 704 2252 756 est;
2283 694 2409 764 quia
2459 701 2515 748 et
2557 694 2777 764 maligni
2803 693 2830 732 ι)
2857 703 2912 751 ει
2956 695 3157 766 spurici
3187 695 3392 751 habent

110 792 418 850 commonet,
453 792 478 819 ει
519 792 575 837 ιιι
602 784 965 840 correctiores
996 785 1116 839 illos
1149 784 1412 850 inveniat,
1467 794 1520 840 et
1568 799 1673 841 non
1781 803 1996 860 pacem,
2029 787 2123 842 sed
2169 787 2234 840 ad
2279 786 2720 853 damnationem;
2753 787 2955 844 Christi
3013 789 3158 844 enim
3193 805 3292 860 pax
3321 790 3386 846 li-

109 876 214 932 illic
241 876 437 945 positus
466 873 714 945 increpet
739 891 861 931 cum
887 877 1124 948 pudore;
1160 885 1217 930 ut
1241 877 1552 943 erubescat,
1585 878 1674 948 qui
1781 881 1908 936 bera
1959 889 2044 936 est
2081 894 2109 933 a
2141 880 2400 949 peccatis.
2446 877 2735 932 Perfidiam
2789 894 2925 950 ergo
2972 878 3141 951 fugit,
3197 881 3384 937 dolum

108 975 294 1040 peccat,
328 971 543 1024 incqu
569 970 828 1026 fraterno.
855 969 1153 1046 Secundum
1190 980 1490 1038 potestatem
1516 987 1673 1042 quant
1780 976 2012 1047 spernit,
2046 975 2201 1030 tactis
2229 975 2388 1029 malis
2420 983 2708 1045 repugnat.
2741 973 2868 1030 Hzec
2899 975 3014 1030 Deo
3069 977 3268 1046 placita
3299 983 3387 1031 est

107 1065 334 1119 Dominus
359 1063 496 1118 dedit
524 1064 652 1117 mihi
676 1065 730 1118 in
759 1065 1174 1134 wdiﬁcationem,
1209 1075 1256 1118 et
1311 1082 1412 1119 non
1445 1066 1497 1118 in
1550 1067 1660 1119 des-
1783 1081 1838 1124 et
1867 1069 2064 1136 amica,
2092 1068 2308 1122 diabolo
2339 1077 2520 1122 autem
2574 1067 2818 1121 inimica.
2876 1067 3024 1123 lianc
3049 1069 3138 1138 qui
3192 1068 3398 1123 habue-

104 1157 399 1212 tructiouem.
433 1155 558 1211 Haec
587 1165 826 1226 patestas
862 1168 977 1224 est,
1010 1174 1171 1228 qnam
1224 1159 1475 1226 superius
1521 1165 1673 1226 optat
1780 1163 1871 1230 rit,
1902 1163 2125 1218 habebit
2155 1171 2208 1216 et
2238 1161 2590 1217 dilectionem
2623 1159 2785 1214 simul
2817 1171 2870 1214 et
2898 1159 3069 1216 Deum
3103 1175 3293 1216 eorum
3322 1162 3389 1215 ad

105 1263 213 1303 esse
239 1247 481 1316 otiosam,
523 1246 610 1302 his
642 1248 780 1304 bene
831 1249 1119 1320 agentibus
1154 1268 1167 1306 :
1201 1250 1244 1303 si
1300 1264 1406 1318 quo
1457 1249 1670 1316 minus,
1781 1255 2061 1310 tuitionem
2094 1264 2432 1325 perpetuam.

104 1355 343 1397 exercere
386 1356 446 1396 se
491 1343 544 1396 in
595 1340 717 1409 hac,
762 1350 821 1396 ut
862 1341 1195 1397 aediﬁcentur
1241 1341 1515 1410 correpti,
1563 1356 1668 1397 non
1857 1347 2094 1403 Salutate
2115 1365 2202 1402 vos
2224 1348 2438 1400 invicem
2465 1347 2708 1402 inosculo
2737 1356 2939 1401 sancto.
2979 1346 3106 1400 llam
3133 1347 3399 1401 salutatio

104 1434 382 1490 mortiﬁcati
415 1445 754 1503 peccatores.
785 1433 904 1490 Non
946 1436 1092 1490 enim
1143 1434 1526 1500 destruantur,
1578 1434 1672 1505 qui
1783 1442 2148 1498 ecclesiattica
2172 1449 2274 1507 est;
2493 1441 2617 1510 quia
2641 1442 2830 1496 oscula
2855 1441 2975 1496 haec
2999 1458 3104 1496 non
3127 1442 3391 1509 carnalia,

104 1539 417 1597 arguuntur,
470 1536 531 1582 ut
568 1527 913 1599 corrigantur
971 1545 982 1581 :
1035 1525 1130 1582 sed
1190 1527 1530 1583 :ediﬁcanlur
1604 1527 1669 1582 ad
1777 1535 1874 1590 sed
1904 1534 2166 1602 Spiritalia
2198 1544 2347 1600 sunt,
2376 1550 2497 1604 qua:
2527 1535 2815 1604 complexu
2847 1548 3140 1604 corporum
3177 1535 3390 1588 animos

99 1620 265 1677 vitam.
1777 1630 2035 1698 copulant
2056 1645 2163 1681 non
2190 1627 2465 1682 desiderio
2489 1628 2692 1692 carnis,
2725 1627 2819 1681 sed
2853 1626 3100 1697 spiritus.
3137 1627 3386 1682 Salutant

163 1713 326 1784 (Vers.
357 1712 469 1785 ii.)
500 1713 579 1768 De
606 1724 813 1784 cancro,
839 1720 1049 1788 fratres,
1073 1717 1310 1786 gaudete,
1347 1717 1563 1788 perfecti
1593 1733 1671 1771 σε·
1777 1741 1862 1779 vos
1888 1724 2053 1779 sancti
2083 1740 2281 1779 omnes.
2319 1722 2587 1776 Provoeat
2614 1737 2710 1777 eos
2733 1721 2799 1776 ad
2826 1721 3200 1788 sanctitatem,
3235 1735 3293 1776 ut
3324 1732 3374 1777 et

101 1816 211 1874 tote,
259 1811 652 1865 consolationem
705 1813 976 1882 percipite,
1028 1812 1162 1867 idem
1213 1813 1401 1884 sapite,
1447 1814 1500 1866 in
1547 1830 1674 1883 pace
1703 1833 1750 1894 Β
1779 1818 1879 1888 ipsi
1912 1817 2152 1872 audeant
2181 1816 2411 1871 reddere
2440 1816 2612 1870 vicem
2664 1816 2868 1870 sanctis
2920 1817 2972 1870 in
3020 1815 3381 1880 salutatione;

100 1905 252 1974 agite;
273 1915 318 1958 et
346 1904 479 1960 Deus
508 1907 650 1975 pacis
697 1917 745 1960 et
774 1907 1069 1962 dilectionis
1103 1909 1200 1961 erit
1225 1907 1502 1963 vobiscum.
1533 1907 1675 1963 Gau-
1775 1909 1898 1966 ideo
1922 1911 2064 1964 enim
2097 1925 2125 1961 a
2159 1910 2363 1963 sanctis
2385 1909 2718 1975 salutantur,
2755 1918 2811 1962 ut
2842 1908 2967 1962 illos
2994 1907 3298 1962 imitentur.

100 1995 228 2051 dium
270 1995 367 2051 hoc
397 1997 463 2052 de
491 1998 870 2054 emendatione
896 1999 1018 2064 erit,
1047 1999 1190 2056 unde
1233 2011 1286 2054 et
1320 2001 1518 2069 poterit
1549 2015 1673 2070 pro-
1849 2001 2028 2057 Gratia
2059 2001 2270 2056 Domini
2320 2003 2488 2057 nostri
2515 2002 2641 2056 Jesu
2682 2001 2898 2066 Christi,
2924 2011 2970 2056 et
3018 2003 3227 2056 dilectio
3258 1999 3380 2066 Dei,

101 2093 270 2145 venire
299 2089 563 2161 perfectio
589 2108 602 2145 :
627 2091 723 2146 sed
739 2100 866 2146 ante
896 2093 1351 2157 critconsolatio,
1385 2102 1444 2148 ut
1471 2108 1567 2161 spe
1591 2093 1678 2147 fu-
1777 2104 1822 2149 et
1844 2095 2242 2148 communicatio
2273 2094 2507 2164 Spiritus
2529 2095 2694 2148 sancti
2726 2097 2790 2147 sit
2813 2110 2930 2147 cum
2953 2095 3189 2149 omnibus
3220 2093 3380 2148 vobis.

104 2195 330 2239 turorum
363 2185 614 2240 deserant
641 2195 963 2256 praesentem
983 2183 1679 2242 oblectationedeemsa-
1773 2187 1958 2253 Amen.
1991 2187 2272 2240 Trinitatis
2304 2186 2390 2241 hic
2420 2187 2730 2256 complexio
2759 2198 2864 2253 est,
2909 2197 2964 2242 et
2996 2187 3178 2242 unitas
3204 2198 3379 2258 potes-

99 2278 191 2346 pite
219 2294 231 2330 :
255 2276 353 2331 hoc
382 2278 477 2340 ait,
521 2285 745 2347 propter
786 2288 1027 2333 veterem
1062 2278 1431 2342 discordiam;
1461 2285 1520 2332 ut
1564 2277 1676 2348 jam
1779 2279 1926 2345 tatis,
1958 2281 2080 2351 quia
2112 2281 2276 2334 totius
2305 2279 2498 2333 salutis
2546 2279 2811 2348 perfectio
2843 2290 2944 2334 cst.
2978 2281 3209 2337 Dilectio
3238 2283 3384 2338 enim

105 2371 432 2443 209unum
486 2371 750 2426 sentiant.
788 2370 852 2425 In
902 2389 1028 2440 pace
1069 2374 1224 2444 agite.
1275 2372 1330 2428 Si
1380 2373 1678 2428 concordes
1784 2374 1880 2430 Dei
1904 2375 2047 2429 misit
2076 2373 2237 2428 nobis
2260 2371 2833 2437 SalvatoremJesum,
2883 2373 3037 2443 cujus
3077 2374 3248 2443 gratia
3280 2373 3388 2427 sal-

95 2461 298 2530 fueriut,
323 2463 600 2520 habebunt
618 2479 828 2535 pacem.
862 2463 927 2517 Et
969 2463 1109 2519 Deus
1139 2465 1280 2536 pacis
1303 2475 1350 2518 et
1379 2464 1674 2519 dilectionis
1781 2467 1892 2520 vati
1939 2482 2150 2521 sumus.
2179 2463 2252 2520 Ut
2284 2464 2670 2534 possideatnus
2703 2464 2840 2518 hanc
2890 2465 3118 2534 gratiam
3168 2465 3385 2525 salutis.

94 2557 199 2620 erit,
235 2557 422 2626 inquit,
453 2558 739 2612 vobiscum.
789 2560 931 2614 Deus
960 2560 1108 2629 pacis
1137 2569 1221 2614 est
1265 2559 1542 2626 Christus,
1585 2557 1677 2630 qui
1777 2559 2198 2616 communicatio
2228 2559 2358 2613 facit
2389 2557 2564 2613 sancti
2592 2558 2846 2628 Spiritus:
2896 2557 2984 2612 hic
3013 2559 3156 2612 enim
3210 2557 3382 2613 dilec-

97 2651 220 2706 dixit
248 2672 259 2705 :
287 2652 471 2709 Pacem
517 2670 686 2709 meam
721 2655 790 2709 do
833 2655 994 2722 vobis,
1030 2671 1205 2725 pacem
1252 2656 1486 2725 relinquo
1536 2654 1676 2708 vobis
1781 2663 1864 2708 tos
1905 2669 1931 2705 a
1989 2653 2102 2706 Deo
2134 2693 2148 2717 ,
2206 2663 2259 2706 et
2316 2651 2556 2705 salvatus
2600 2651 2770 2720 gratia
2815 2647 3024 2704 Christi
3075 2659 3276 2714 tuetur;
3334 2660 3390 2703 ut.

100 2745 263 2817 (Joan.
299 2765 406 2816 xiv,
433 2749 549 2822 27).
587 2749 707 2821 Ipse
756 2759 925 2806 estet
971 2749 1116 2805 Deus
1158 2749 1506 2815 dilectionis;
1550 2748 1675 2819 quia
1782 2744 1943 2800 trium
1971 2743 2236 2813 perfectio
2258 2741 2660 2798 consummatio
2689 2741 2761 2796 sit
2784 2739 3023 2796 hominis
3049 2741 3102 2796 in
3132 2741 3385 2798 salutem.

103 2838 278 2895 iterum
305 2842 416 2897 ait:
449 2841 660 2897 Novum
705 2843 1008 2896 mandatum
1039 2842 1107 2896 do
1151 2843 1314 2910 vobis,
1344 2850 1400 2896 ut
1446 2841 1678 2913 diligatis

164 2976 184 3003 ³
206 2970 450 3047 Nonnulli
476 2982 698 3040 mss.,ut
721 2972 989 3042 correctio,
1017 2973 1261 3046 quidam,
1283 2974 1537 3047 correptio
1566 2991 1676 3028 rec—
1784 2987 1987 3047 pacem;
2009 2970 2303 3047 aptiusalii
2353 2970 2476 3026 cod.
2513 2972 2787 3037 nonnulli,
2819 2983 2866 3027 et
2916 2975 3109 3045 spurci,
3143 2973 3246 3030 hoc
3280 2986 3384 3041 est,

98 3041 236 3115 tiores
261 3045 375 3100 illos
404 3047 650 3101 inveniat.
976 3041 979 3042 ν
1034 3041 1049 3046 ⁷
1250 3041 1253 3042 ν
1431 3041 1440 3047 ’
1721 3107 1756 3115 _
1784 3041 2067 3115 impudici,
2100 3043 2314 3110 molles,
2343 3053 2448 3098 etc.

163 3111 186 3150 ¹³
214 3118 405 3174 Omnes
439 3119 574 3174 edit.
603 3132 669 3174 ac
717 3133 847 3174 mss.
904 3117 1132 3189 aliquot,
1183 3129 1231 3174 et
1286 3119 1457 3188 spurii
1503 3107 1758 3174 ItabcntC

423 3347 545 3429 IN
618 3343 1278 3431 EPISTOLAM
1351 3345 1703 3428 BEATI
1780 3341 2129 3429 PAULI
2206 3348 2361 3430 AD
2437 3343 3010 3429 GALATAS.

1582 3502 1913 3525 *ι

592 3631 755 3703 209
793 3628 1184 3686 PROLOGUS.
1799 3633 1857 3690 Si
1888 3647 2018 3702 ergo
2049 3633 2164 3688 haec
2209 3632 2350 3687 dicta
2384 3632 2774 3703 intelligerent;
2807 3646 2836 3686 a
2868 3632 3012 3704 Lege
3049 3633 3396 3701 recederent,

167 3720 345 3777 Omnis
375 3722 607 3779 credens
639 3725 690 3777 in
718 3721 1030 3788 Christum,
1059 3733 1113 3777 et
1144 3722 1442 3778 observans
1491 3723 1694 3794 Legem
1799 3725 2056 3791 scientes,
2107 3739 2137 3778 a
2189 3724 2571 3794 prmdicatione
2609 3723 2840 3778 Joannis
2880 3723 3142 3794 Baptistae
3195 3724 3398 3795 Legem

106 3811 376 3886 factorum,
408 3817 548 3874 male
599 3818 851 3889 intelligit
872 3817 1172 3873 Christum:
1209 3817 1352 3873 sicut
1372 3828 1422 3873 et
1447 3818 1696 3890 Symma-
1794 3819 1905 3887 jam
1935 3832 2174 3882 cessare;
2195 3825 2253 3872 ut
2273 3817 2386 3871 sola
2406 3815 2539 3871 ﬁdes
2561 3817 2797 3872 sufliciat
2829 3815 2895 3872 ad
2918 3815 3174 3880 salutem,
3205 3816 3402 3873 abbre-

109 3910 299 3978 cltiani,
331 3913 423 3982 qui
453 3928 518 3968 ex
544 3912 841 3969 Pharisaeis
870 3914 1135 3984 originem
1171 3914 1415 3980 trahunt,
1449 3913 1539 3985 qui
1583 3929 1698 3969 ser-
1800 3912 1940 3966 viata
1971 3927 2037 3966 ex
2065 3911 2228 3982 Lege.
2289 3911 2348 3966 In
2398 3910 2542 3981 Lege
2569 3911 2715 3966 enim
2763 3921 2820 3966 et
2847 3911 2914 3968 de
2958 3911 3074 3967 Deo
3122 3912 3304 3979 Patre,
3344 3920 3401 3970 et

111 4014 218 4059 vata
249 4009 396 4062 omni
421 4007 582 4079 Lege,
615 4009 959 4064 Christianos
985 4025 1044 4064 se
1066 4009 1278 4075 dicunt,
1303 4025 1455 4066 more
1478 4010 1700 4065 Photini
1801 4004 1870 4061 de
1891 4003 2106 4060 Christo
2128 4004 2269 4059 Filio
2294 4004 2432 4074 ejus,
2464 4003 2601 4059 etde
2620 4004 2824 4075 Spiritu
2867 4017 3059 4060 sancto
3085 4007 3402 4062 continetur

110 4094 373 4156 Chrismm
407 4119 513 4158 non
542 4103 709 4158 Deum
742 4114 792 4158 et
822 4103 1120 4168 hominem,
1152 4104 1247 4160 sed
1273 4102 1550 4159 hominem
1579 4113 1701 4158 tan-
1805 4098 2252 4169 prtedestinatum
2283 4098 2335 4150 in
2366 4097 2782 4167 tempore,quod
2802 4097 3209 4154 manifesmtum
3239 4109 3323 4154 est
3346 4101 3401 4156 in

115 4195 380 4250 tummodo
409 4195 757 4252 deﬁnientes.
793 4197 847 4252 Si
907 4196 1053 4252 enim
1103 4198 1272 4252 Dcunt
1331 4199 1702 4268 intelligerent
1806 4190 2215 4261 prmdicalione;
2268 4205 2392 4244 nam
2439 4189 2485 4243 si
2531 4188 2798 4259 signaculi
2853 4204 3014 4245 causa
3047 4190 3409 4248 circumcide-

112 4284 402 4353 (ἶιιι-Ῑειιιιιι.
431 4291 566 4346 nihil
599 4291 668 4346 de
699 4291 840 4362 Lege
869 4291 1134 4347 factorum
1167 4303 1472 4363 sperarent,
1515 4293 1566 4348 id
1598 4303 1700 4360 est,
1811 4287 2007 4340 banllﬂ'
2039 4283 2136 4338 ΠΙίί
2177 4283 2370 4351 Ιεΐπθιν
2429 4290 2486 4337 ut
2535 4283 2730 4338 θκίηάθ
2774 4294 3102 4354 θρρθτθτθηι
3152 4284 3246 4339 ﬁlii
3288 4300 3412 4342 esse

119 4380 178 4433 de
202 4387 516 4452 neomeniis,
541 4385 796 4452 sabbato,
827 4387 1266 4454 circumcisione,
1295 4398 1350 4442 et
1371 4387 1706 4442 discretione
1812 4379 2044 4434 Abrahae
2059 4377 2214 4448 juxta
2234 4393 2483 4443 carnem,
2507 4378 2609 4432 l‘ile
2633 4392 2850 4433 cessare
2866 4377 3031 4433 debet
3044 4378 3409 4444 CiI'CI'mCiSiO;

119 4487 382 4541 escarum;
430 4477 553 4548 quia
583 4477 673 4548 qui
707 4477 877 4533 Deum
929 4488 985 4533 et
1013 4479 1302 4532 Dominum
1357 4479 1515 4549 Legis
1554 4479 1700 4544 colit,
1733 4469 1787 4530 D
1812 4472 1937 4542 quia
1969 4470 2187 4539 signum
2221 4470 2424 4526 habent
2461 4470 2749 4525 credentes
2796 4471 2988 4526 mortis
3031 4470 3282 4538 devicta»,
3306 4488 3414 4541 quo

121 4579 274 4636 supra
304 4569 504 4642 Legem
551 4584 672 4627 est:
718 4587 818 4626 nec
852 4582 1031 4642 potest
1071 4572 1310 4642 judicari
1369 4588 1399 4626 a
1431 4572 1572 4643 lege,
1617 4571 1712 4642 qui
1811 4565 2205 4636 dignoscantur
2224 4564 2462 4618 ﬁliiesse
2482 4562 2734 4630 Abrahcc,
2765 4562 2860 4617 sed
2891 4566 3190 4618 secundum
3226 4563 3410 4631 ﬁdem;

121 4676 236 4717 eum
282 4666 589 4736 legislature
646 4667 966 4721 concordat.
1037 4666 1283 4736 Denique
1339 4682 1445 4721 non
1492 4667 1692 4721 illorun

1849 4657 2048 4713 thraha:
2089 4657 2234 4713 enim
2279 4658 2578 4728 promissus
2624 4665 2727 4712 est.
2781 4655 2873 4725 qui
2910 4655 3136 4711 veniens
3174 4655 3420 4712 vinceret

124 4768 280 4811 causa
311 4756 419 4814 Lex
445 4760 565 4814 (lata
591 4768 694 4823 est,
727 4759 818 4828 qui
862 4759 1026 4814 Deum
1059 4759 1332 4814 colebant:
1377 4759 1471 4814 sed
1522 4774 1712 4814 eorum
1820 4749 2336 4819 mortem.Denique
2378 4749 2517 4802 hunc
2541 4746 2896 4816 exspectabat
2929 4745 3226 4815 Abraham.
3257 4761 3419 4817 quem

126 4853 213 4920 Qui
270 4855 407 4910 male
437 4866 491 4912 et
516 4855 818 4911 credebant
871 4866 923 4910 et
957 4855 1192 4925 agebant
1221 4856 1286 4910 ad
1339 4864 1712 4924 contemptum
1820 4845 1874 4900 in
1907 4843 2102 4914 Spiritu
2133 4844 2375 4898 sentiens
2404 4854 2609 4905 natum,
2655 4838 2874 4911 gavisus
2905 4849 3010 4905 est,
3050 4843 3230 4895 sciens
3274 4855 3334 4895 se
3367 4840 3420 4894 in

128 4944 416 5002 Creatoris,
461 4947 617 5005 unde
664 4947 798 5003 dicit
852 4947 920 5002 ad
973 4947 1366 5003 Timotheum;
1426 4945 1539 5002 Nec
1579 4948 1716 5001 enim
1822 4938 1974 4994 brevi
2026 4935 2297 4991 introduci
2345 4935 2398 4990 in
2441 4932 2631 4989 emtas.
2693 4931 2846 4989 Unde
2877 4933 3008 4988 dicit
3039 4931 3305 4988 Dominus
3355 4931 3422 4986 ad

120 5042 264 5108 justo
305 5040 387 5094 (ex
405 5043 571 5113 ροεξια
595 5051 690 5106 εει,
722 5043 812 5094 sed
843 5042 1071 5114 injustis,
1100 5051 1148 5095 ει
1184 5042 1319 5096 male
1370 5042 1716 5096 versantibus,
1821 5029 2040 5086 Judtcos
2066 5047 2079 5082 :
2104 5028 2362 5082 Abraham
2390 5026 2576 5098 cupivit
2600 5025 2772 5080 videre
2803 5025 2936 5078 dicat
2962 5040 3133 5078 meum
3155 5040 3173 5077 :
3195 5032 3242 5076 et
3271 5021 3426 5088 vidit,

134 5131 175 5201 (l
201 5129 341 5187 Tim.
374 5150 412 5198 ι,
443 5135 526 5202 9.)
553 5135 619 5188 Ει
646 5135 858 5204 Moyses
885 5134 969 5190 sic
1004 5134 1198 5206 inquit:
1223 5133 1484 5190 Timentes
1519 5135 1705 5207 facietit

1857 5133 1876 5176 t
1917 5123 2127 5194 gavisus
2165 5129 2239 5175 est
2270 5121 2287 5191 (
2317 5117 2478 5174 Joan.
2513 5133 2626 5183 vm,
2657 5115 2782 5187 56);
2840 5125 3088 5186 tempore
3133 5115 3278 5171 enim
3318 5127 3428 5184 quo

137 5225 268 5293 ﬁlios
299 5225 480 5283 Israel.
523 5227 711 5301 (Levii.
763 5231 976 5300 “,3”.
1013 5228 1167 5284 [inde
1199 5239 1252 5284 ei
1280 5229 1508 5293 Galam,
1553 5230 1638 5284 νει
1687 5228 1724 5284 ii
1832 5217 1990 5273 simul
2043 5215 2219 5270 adhuc
2263 5221 2420 5269 erant
2459 5211 2553 5294 lilii
2586 5211 2752 5268 Israel
2793 5212 2846 5266 in
2895 5223 3100 5277 eremo,
3136 5216 3431 5278 antequam

135 5321 222 5388 qui
271 5336 368 5378 eos
409 5323 821 5390 subvertebant,
875 5323 1058 5380 adhuc
1089 5325 1297 5379 erroris
1350 5323 1549 5379 nebuta
1599 5339 1732 5379 con-
1834 5313 2002 5368 vicini
2031 5321 2215 5368 essent
2237 5308 2546 5378 gentilium,
2578 5323 2686 5361 non
2717 5315 2846 5362 sunt
2883 5302 3216 5360 circumcisi.
3251 5301 3321 5358 At
3341 5302 3434 5360 ubi

138 5422 340 5468 tectum
388 5431 479 5470 cor
521 5415 809 5485 habentes,
862 5434 967 5472 non
1015 5424 1248 5472 cernunt
1289 5430 1511 5472 sensum
1551 5417 1709 5471 Esaia

1873 5404 2180 5461 ommisceri
2240 5401 2516 5457 habebant
2561 5399 2848 5470 gentibus,
2882 5405 3010 5450 tunc
3036 5409 3066 5448 a
3117 5393 3246 5450 Jesu
3290 5395 3439 5454 Nave

143 5507 419 5578 propheta:
441 5511 584 5566 inter
623 5519 818 5566 ctctera
841 5511 1114 5567 dicentis:
1155 5509 1377 5565 Verbum
1427 5511 1560 5565 enim
1610 5526 1705 5563 con

1892 5495 2195 5554 circumcisi
2220 5503 2346 5550 sunt
2375 5493 2443 5549 de
2467 5503 2620 5563 petra
2648 5493 2666 5562 (
2696 5489 2861 5545 Iosue
2887 5503 2943 5578 v,
2966 5488 2999 5541 5
3020 5484 3066 5557 ),
3119 5502 3242 5578 qua:
3275 5489 3444 5558 signi-

141 5618 402 5656 summam
457 5612 504 5656 et
553 5604 782 5657 brevians
811 5605 863 5658 in
917 5605 1176 5674 (equitate;
1197 5603 1321 5672 quia
1359 5601 1567 5657 uerbum
1619 5601 1706 5654 bre

1866 5597 1970 5648 icat
2015 5589 2313 5646 Christum:
2368 5586 2506 5652 Quia
2558 5593 2730 5653 petra,
2784 5577 2975 5649 inquit,
3043 5588 3153 5632 erat
3200 5577 3437 5634 Christus

144 5695 338 5748 vietum
365 5695 519 5766 faciet
570 5692 820 5750 Dominus
864 5671 1019 5767 super
1050 5671 1262 5750 terram.
1295 5695 1313 5766 (
1347 5693 1499 5751 Esai.
1537 5710 1594 5761 ι,
1616 5693 1712 5763 25)

1900 5687 2062 5743 lCor.
2096 5701 2151 5750 κ,
2181 5686 2214 5738 4
2236 5683 2280 5754 ),
2309 5691 2368 5736 ut
2393 5677 2705 5746 designaret
2751 5689 2846 5744 per
2872 5671 3152 5729 Christum
3202 5675 3438 5729 futuram

221 5865 242 5894 ’³
275 5861 435 5916 Rom.
490 5860 620 5916 edit.
662 5864 947 5919 circumcisi
975 5873 1093 5917 sunt
1133 5861 1314 5919 cultris
1367 5861 1431 5915 de
1477 5868 1735 5931 petra.....
1768 5871 1792 5907 ιι

1217 5863 1314 5919 tris
1367 5861 1431 5915 de
1477 5868 1735 5931 petra.....
1768 5862 1826 5907 ut
1854 5850 2235 5923 significaretur
2259 5853 2349 5914 per
2376 5833 2658 5898 Christum,
2684 5835 2788 5887 el‘c.
