3978 6310
581 325 688 382 559
1496 317 1590 376 AD
1625 313 1861 374 OPERA
1901 309 2146 370 SANCTI
2186 325 2200 368 l

2301 307 2512 367 suos"
2551 303 2779 366 specu
2791 303 2930 365 DlX.
3749 303 3826 359 su

568 440 1045 500 circumcisionem
1089 438 1273 496 cordis
1294 481 1308 503 ,
1365 438 1507 495 sicut
1553 436 1768 492 dixerat
1823 431 2068 504 Moyses‘,
2121 443 2176 486 at
2203 430 2251 489 Α
2353 426 2550 499 (Vera.
2584 426 2637 480 ὅ.
2669 424 2894 493 )Cratia
2914 422 3056 477 vobis
3083 429 3130 477 et
3158 437 3264 493 pax
3284 436 3314 475 a
3344 419 3455 474 Deo
3495 418 3646 473 Patre
3666 429 3826 480 nostra,

576 537 880 592 llieremias
933 534 1240 605 propheta:
1292 531 1659 587 Circumcidile
1694 545 1782 584 vos
1814 524 2019 590 Deo,et
2075 526 2180 580 cir-
2279 531 2325 576 el
2365 520 2590 575 Domino
2637 518 2765 573 Jesu
2823 517 3049 573 Christo.
3103 516 3397 587 Utriusque
3457 512 3712 568 beneﬁcio
3748 521 3828 565 tam

574 630 846 686 cumcidite
886 628 1199 700 praeputium
1249 624 1424 682 cordis
1463 624 1616 679 vestri
1670 620 1880 694 (Deut.
1927 634 1992 685 ι,
2046 617 2113 672 16
2157 632 2172 683 ;
2282 614 2475 674 Patris.
2512 627 2674 683 quam
2718 610 2838 666 Fiii
2866 624 3038 681 genus
3085 609 3367 664 hominum
3398 605 3726 661 sublevatum
3761 618 3830 656 os-

570 722 762 776 Jerem.
795 735 868 786 iv,
897 698 1078 790 4);Vut
1103 728 1385 790 amputata
1412 716 1648 787 caligine
1674 729 1771 784 per
1794 712 2177 768 remissionem
2281 705 2474 760 tendit.
2534 702 2645 758 Nec
2683 703 2951 757 minorem
3003 701 3199 756 Filium
3249 698 3540 770 signiﬁcat,
3590 709 3705 751 cum
3740 708 3834 749 eum

572 822 852 884 acceptam
902 787 1253 883 peccatorum
1301 810 1451 882 digni
1497 809 1690 864 ﬁerent
1728 806 1918 862 videre
1944 804 2178 878 gloriam
2283 797 2570 852 Dominum
2620 806 2864 850 nostrum
2899 801 3075 848 vocat:
3109 805 3289 863 neque
3326 790 3551 846 Patrem
3599 787 3833 857 majora»,

577 879 879 977 [ML-quam
904 879 1006 961 sub
1031 906 1172 976 Lege
1201 879 1572 974 positi'videre
1618 901 1978 972 nequiverant
2014 911 2179 954 causa
2283 891 2407 962 quia
2459 905 2583 944 eum
2619 889 2788 945 Deum
2831 899 3080 943 nostrum
3129 885 3388 957 appellat;
3439 881 3564 955 quia
3618 895 3717 937 non
3763 879 3838 936 erit

572 976 806 1069 pecrati.
843 997 909 1055 Ut
939 1011 1075 1068 ergo
1101 1007 1157 1053 et
1183 996 1459 1052 Christum
1495 995 1662 1050 Deum
1699 992 1963 1062 signaret,
1996 1000 2051 1045 et
2073 1007 2180 1045 non
2284 998 2450 1038 verus
2485 982 2624 1036 Deus
2652 981 2835 1046 Pater,
2867 979 2974 1036 nisi
3003 989 3063 1034 et
3089 979 3352 1034 Dominus
3379 976 3479 1032 sit:
3508 988 3684 1044 neque
3708 986 3833 1028 veras

573 1068 633 1150 se
657 1095 725 1148 ab
766 1093 988 1148 nomine
1038 1107 1099 1148 ea
1127 1091 1384 1146 didicisse
1432 1104 1554 1160 qua:
1601 1087 1853 1151 docebat,
1886 1095 2178 1148 assereret,
2288 1077 2550 1133 Dominus
2565 1076 2768 1140 Filius,
2795 1076 2898 1131 nisi
2921 1086 2973 1131 et
3001 1077 3144 1131 Deus
3173 1075 3266 1129 sit.
3322 1072 3381 1128 Si
3407 1085 3544 1142 ergo
3573 1083 3674 1124 una
3711 1068 3838 1138 gratis

580 1187 653 1242 ita
683 1185 892 1257 incipit:
2286 1175 2464 1229 Patris
2493 1182 2549 1230 et
2597 1173 2718 1229 Filii
2750 1188 2878 1242 erga
2921 1185 3022 1228 nos
3069 1179 3176 1237 cst,
3208 1170 3337 1240 quid
3383 1176 3490 1227 est.
3536 1166 3723 1230 inquit,
3755 1160 3777 1202 δ
3799 1172 3840 1218 at

1115 1328 1326 1347 “mm,
1394 1325 1660 1347 unum"
2285 1267 2354 1324 de
2402 1266 2542 1324 Filio
2591 1267 2776 1322 minus
2831 1263 3156 1330 sentientes,
3207 1263 3409 1335 Legem
3448 1261 3531 1317 illi
3557 1260 3843 1329 eqnetisntt

1094 1328 1326 1385 CAPUT
1394 1325 1681 1384 pP‘mUM'
2289 1362 2484 1430 partim
2511 1360 2750 1428 Christo,
2782 1359 2977 1430 partim
3018 1325 3153 1428 Legi
3177 1325 3455 1422 serviat-is,
3485 1325 3843 1423 etim-legentis

2289 1451 2578 1507 Dominum
2609 1451 2903 1507 dicentem:
2931 1451 3069 1519 Quia
3095 1449 3350 1505 Dominus
3372 1455 3452 1503 est
3478 1445 3655 1501 Filius
3675 1445 3845 1499 not-iuit

2287 1547 2442 1600 etiam
2481 1545 2682 1600 sabbati
2732 1545 2915 1618 (Luc.
2969 1561 3042 1612 vr,
3072 1544 3106 1600 5
3136 1543 3210 1614 Η
3258 1550 3317 1599 ιιι
3363 1554 3463 1612 per
3521 1540 3630 1595 hoc
3680 1536 3846 1592 videant

2291 1647 2490 1710 quanta
2525 1639 2859 1693 contumelia
2888 1638 2958 1694 ab
2985 1638 3064 1692 cis
3088 1636 3320 1692 Domino
3349 1636 3648 1704 irrngetnr,
3677 1629 3848 1702 quando

2291 1740 2618 1802 comparant
2644 1732 2932 1788 Dominum
2961 1731 3201 1786 famulae.
3356 1726 3361 1732 ’

2362 1826 2383 1896 ί
2410 1825 2568 1882 Vera.
2599 1825 2692 1898 ι.)
2724 1824 2828 1892 Qui
2856 1825 2995 1880 dedit
3039 1823 3370 1890 semetipsum
3404 1833 3506 1888 pro
3535 1819 3846 1892 percutiam

2297 1921 2410 1976 tris.
2449 1922 2653 1988 Aperte
2675 1917 2920 1975 ostendit
2951 1917 3086 1971 nihil
3114 1915 3380 1987 prodesse
3427 1913 3654 1984 Legem,
3684 1908 3850 1982 quando

2294 2011 2571 2068 Christum
2610 2011 2747 2067 dicit
2767 2009 3038 2066 obtulisse
3067 2023 3148 2074 se,
3173 2016 3232 2062 ut
3265 2021 3363 2077 pro
3392 2003 3558 2060 nobis
3611 2011 3851 2071 pateretur,

2296 2117 2356 2162 ut
2376 2103 2848 2176 nosjustiﬁcaret,
2886 2116 3023 2174 quos
3054 2099 3166 2156 Lex
3197 2112 3323 2154 reos
3375 2095 3629 2161 tenebat;
3673 2103 3726 2150 ut
3754 2093 3851 2148 erati

2299 2216 2328 2256 a
2360 2200 2505 2272 Lege
2533 2213 2631 2270 per
2654 2198 2816 2254 ﬁdem
2849 2195 3074 2263 Christi,
3103 2196 3216 2266 .jam
3249 2208 3361 2249 non
3402 2201 3717 2262 peccatores
3751 2202 3852 2244 esse-

2301 2308 2441 2360 mus;
2496 2293 2592 2350 sed
2631 2291 2918 2364 iustiﬁcati
2979 2290 3217 2344 secunda
3273 2287 3608 2352 nativitatc,
3664 2281 3748 2339 lilii
3787 2284 3850 2338 Dei

2300 2387 2578 2459 appellati.
2605 2384 2740 2442 Cum
2766 2386 2908 2440 enim
2935 2395 2959 2423 ε
2994 2385 3048 2438 in
3071 2383 3280 2437 ditione
3302 2379 3513 2435 diaboli
3541 2391 3708 2450 genus
3733 2377 3855 2432 boario

2304 2497 2432 2536 num
2480 2481 2641 2552 Ωιι
2681 2487 3003 2545 teneretur,
3050 2473 3306 2532 Salvator
3344 2471 3552 2528 obtulit
3605 2485 3664 2526 se
3707 2467 3855 2524 volenti

2301 2577 2542 2642 diabolo;
2575 2585 2634 2630 ut
2665 2574 2904 2630 illudens
2930 2587 3056 2629 eutn
3093 2579 3369 2640 potestate
3392 2567 3624 2623 virtutis
3648 2579 3749 2622 sua
3769 2567 3854 2632 (ae-

2301 2671 2486 2740 cipere
2516 2669 2661 2724 enim
2699 2665 2894 2731 voluit,
2923 2679 3088 2735 quem
3118 2663 3372 2717 detinere
3404 2675 3517 2716 non
3552 2656 3760 2730 potuit)
3783 2668 3849 2708 ta-

2303 2763 2469 2819 ferret
2494 2762 2568 2827 ei,
2611 2776 2734 2829 quae
2786 2760 2930 2814 malo
2971 2760 3098 2828 jure
3127 2757 3350 2812 tenebat
3376 2755 3643 2810 obnoxia.
3701 2753 3856 2822 Eupo-

2302 2855 2450 2910 liatis
2492 2856 2672 2924 itaque
2704 2851 2921 2913 inferis.
2946 2861 3216 2920 tmptcum
3247 2850 3568 2905 animarum
3593 2849 3790 2918 pertulit
3809 2844 3853 2898 ad

2303 2950 2546 3012 Patrem,
2576 2964 2642 3004 ex
2684 2963 2794 3016 quo
2821 2957 2948 3002 sunt
2976 2947 3185 3011 omnia;
3214 2945 3358 3017 quod
3391 2944 3504 2999 Lex
3532 2945 3710 3012 utique
3730 2941 3858 3000 facere

2305 3057 2412 3098 non
2452 3042 2646 3113 potuit.
2677 3041 3038 3111 'Quamquam
3098 3039 3377 3108 profutura
3425 3037 3558 3094 data
3614 3038 3701 3102 sit,
3751 3033 3859 3088 nobis

2305 3145 2486 3192 tamen
2536 3133 2893 3206 peccantibus
2921 3147 3192 3190 conversa
3220 3141 3325 3196 est.
3369 3142 3424 3187 ut
3457 3131 3624 3187 ﬁeret
3665 3127 3859 3185 inimica:

2225 3240 2272 3302 ρ
2304 3238 2361 3284 ει
2387 3229 2557 3296 coepit
2600 3227 2877 3287 occidere.
2933 3240 3044 3281 non
3091 3225 3398 3281 viviﬁcare.
3441 3221 3696 3279 Christus
3730 3231 3860 3273 autem

2307 3325 2518 3382 donans
2547 3323 2770 3389 delicta,
2811 3337 2920 3378 nun
2967 3322 3148 3378 solum
3187 3320 3486 3378 viviﬁcavit
3538 3333 3662 3385 nos,
3708 3315 3786 3370 sed
3825 3323 3860 3366 et

2305 3415 2410 3470 sibi
2437 3415 2688 3478 sociavit;
2738 3421 2800 3468 ut
2826 3413 2918 3468 ﬁlii
2954 3412 3046 3467 Dei
3084 3425 3348 3466 vocemur
3397 3409 3535 3466 facti
3597 3424 3688 3480 per
3728 3407 3858 3461 ﬁdem.

2306 3508 2557 3576 Quantus
2577 3522 2711 3578 ergo
2733 3522 2888 3561 error
2909 3516 2991 3561 est
3012 3515 3134 3575 post
3161 3505 3392 3575 gratiam
3419 3504 3626 3558 reverti
3641 3501 3732 3557 sub
3745 3499 3859 3568 Lege,

2309 3603 2412 3657 hoc
2441 3611 2546 3667 est,
2581 3611 2705 3672 post
2730 3610 3012 3670 acceptam
3067 3599 3380 3656 libertatem
3416 3597 3570 3654 velle
3599 3597 3796 3658 servire;
3827 3597 3862 3642 ut

2307 3703 2532 3763 ereptus
2553 3695 2740 3764 gladio
2789 3695 3076 3748 immemor
3121 3689 3372 3748 beneﬁcii
3418 3690 3609 3747 denuo
3636 3706 3692 3745 se
3718 3686 3862 3742 vendat

2307 3791 2548 3845 lanistae?
2580 3791 2882 3846 Accusator
2910 3801 2994 3846 est
3019 3790 3162 3844 enim
3195 3787 3479 3858 emptoris.
3503 3787 3600 3858 qui
3630 3785 3862 3844 relictoeo,

2310 3898 2526 3938 rursum
2559 3881 2625 3936 ad
2657 3882 2891 3953 priorem
2924 3880 3207 3936 dominum
3234 3879 3398 3935 redit.
3435 3877 3508 3936 Ut
3539 3881 3764 3935 liberaret
3803 3888 3862 3927 not

2311 3977 2374 4030 de
2423 3976 2666 4048 presenti
2693 3975 2885 4030 saeculo
2932 3975 3183 4046 maligno.
3230 3973 3343 4028 Hoc
3410 3973 3571 4040 dicit,
3633 3973 3747 4045 quia
3781 3967 3864 4022 ideo

2314 4069 2473 4124 morti
2504 4068 2779 4124 concessit
2820 4083 2880 4123 se
2938 4067 3224 4132 Dominus,
3254 4073 3317 4122 ut
3365 4081 3469 4122 nos
3507 4068 3580 4122 ab
3605 4078 3776 4122 errore
3795 4073 3865 4116 ste-

2311 4162 2422 4218 culi
2457 4161 2739 4227 liberaret,
2775 4160 2828 4215 id
2856 4169 2960 4224 est,
2995 4171 3057 4216 ιιι
3099 4160 3170 4216 ab
3199 4160 3570 4230 intelligentia
3619 4161 3762 4230 hujus
3796 4168 3866 4210 sa:-

2313 4256 2444 4321 culi,
2486 4255 2629 4328 quod
2661 4255 2947 4311 curriculis
3001 4267 3326 4312 senescente
3379 4265 3544 4312 astate
3586 4254 3800 4324 devergit
3829 4250 3863 4302 in

2316 4347 2500 4415 ﬁnem,
2540 4347 2708 4405 alieni
2733 4346 2883 4414 facti,
2909 4347 3071 4402 futuri
3104 4349 3289 4404 saeculi
3323 4349 3469 4417 quod
3492 4363 3738 4404 occasum
3779 4357 3863 4398 nes-

2315 4441 2410 4506 cit,
2444 4441 2738 4512 participes
2765 4442 2936 4496 simus
2967 4442 3017 4496 in
3048 4456 3213 4497 sensu
3266 4442 3428 4496 unius
3479 4442 3598 4496 Dei.
3633 4435 3862 4497 Prmsentis

2315 4535 2458 4589 enim
2500 4534 2685 4590 smeuli
2733 4534 2851 4588 haec
2909 4543 2993 4588 est
3035 4534 3373 4604 malignitas,
3424 4534 3552 4604 quia
3600 4548 3703 4589 non
3735 4525 3862 4585 reddit

2238 4633 2292 4693 ι)
2316 4643 2608 4700 congruam
2642 4627 3014 4683 reverentiam
3046 4627 3282 4681 creatori
3314 4627 3446 4691 Deo,
3480 4636 3539 4681 et
3568 4619 3863 4683 rcstauratori

2309 4718 2560 4786 Christo;
2591 4720 2718 4774 dum
2771 4719 2972 4775 multos
3007 4718 3110 4775 sibi
3143 4718 3278 4775 deos
3300 4718 3562 4792 conﬁngit
3615 4733 3757 4776 error
3791 4715 3861 4768 hu-

2313 4827 2527 4878 manus,
2560 4822 2653 4867 aut
2683 4813 2811 4867 dum
2836 4812 3056 4868 Christo
3082 4827 3112 4867 a
3134 4811 3492 4868 credentibus
3522 4811 3703 4868 debita
3739 4808 3863 4863 hono-

2309 4906 2578 4962 riﬁcentia
2610 4921 2716 4961 non
2760 4915 3096 4962 reservatur.

2384 4999 2566 5076 (νει-ε.
2608 4999 2686 5070 5.)
2732 4997 3030 5079 Secundum
3051 5000 3366 5054 voluntatem
3390 4998 3490 5056 Dei
3513 5011 3559 5056 ct
3592 4997 3757 5055 Patris
3775 5009 3863 5050 ttat-

2313 5094 2379 5149 tri
2397 5137 2410 5161 ,
2435 5095 2518 5148 cui
2539 5093 2704 5165 gloria
2731 5096 2784 5149 in
2809 5095 2998 5148 stecula
3024 5093 3358 5148 saeculorum.
3393 5093 3581 5149 Amen.
3604 5091 3672 5149 Ut
3699 5092 3865 5146 ﬁrmum

2314 5188 2385 5244 sit
2411 5197 2464 5243 et
2493 5189 2708 5258 plenum
2737 5186 3061 5241 auctoritate
3082 5226 3098 5252 ,
3143 5185 3286 5258 quod
3318 5184 3454 5239 dicit
3502 5184 3621 5256 quia
3666 5180 3864 5239 Christus

2315 5295 2413 5336 nos
2443 5281 2724 5346 liberavit;
2748 5278 2897 5334 addit
2925 5280 3047 5350 quia
3076 5278 3218 5334 istud
3246 5276 3425 5334 Patris
3457 5277 3646 5334 fecerit
3666 5283 3861 5333 cunno-

2313 5371 2543 5429 luntatc.
3413 5373 3426 5385 ’

2386 5463 2567 5534 (Vers.
2611 5461 2691 5535 6.)
2734 5461 2901 5518 Miror
2928 5464 3065 5535 quod
3092 5465 3166 5519 sic
3196 5474 3299 5518 tam
3320 5464 3422 5519 cito
3456 5455 3861 5535 trausferimiaiai

2313 5571 2402 5623 eo,
2434 5555 2522 5625 qui
2551 5556 2751 5610 vocavit
2773 5571 2859 5610 vos
2886 5573 2976 5627 per
3006 5556 3228 5628 gratiam
3257 5554 3451 5612 Christi
3473 5557 3527 5612 in
3567 5553 3708 5611 aliud
3739 5547 3865 5605 Eran-

2312 5649 2525 5720 gelium.
2570 5645 2923 5720 Evangelium
2952 5648 3152 5704 bonum
3185 5648 3432 5705 nuntium
3461 5661 3565 5718 cst,
3596 5664 3657 5705 ac
3682 5661 3768 5719 per
3790 5641 3863 5696 hoc

655 1512 860 1584 (Vers.
887 1509 987 1584 l.)
1048 1508 1246 1564 Paulus
1291 1507 1556 1578 apostolus
1597 1520 1701 1561 non
1753 1508 1817 1562 ab
1869 1504 2184 1573 hominibus,

580 1623 740 1679 neque
794 1621 885 1676 per
939 1604 1217 1670 hominem,
1270 1601 1362 1658 sed
1411 1618 1502 1671 per
1549 1597 1732 1655 Iesum
1787 1597 2084 1664 Christum,
2139 1606 2188 1653 et

579 1700 750 1754 Deum
776 1695 1004 1758 Patrem,
1028 1696 1116 1768 qui
1161 1693 1421 1750 suscitavit
1466 1710 1584 1748 eum
1640 1710 1672 1746 a
1724 1693 1963 1746 mortuis.
2014 1689 2187 1761 Apos-

585 1796 754 1850 tolum
812 1807 872 1849 se
897 1806 1004 1848 non
1036 1789 1104 1846 ab
1133 1788 1443 1844 hominibus
1475 1788 1729 1851 electum,
1766 1795 1821 1840 et
1846 1787 2070 1840 missum
2119 1782 2186 1838 ad

580 1883 987 1957 praedicandum
1027 1891 1278 1946 testatur,
1335 1881 1475 1935 sicut
1525 1887 1681 1934 erant
1722 1877 1974 1949 quidam,
2026 1876 2188 1949 210
2217 1846 2266 1905 Β

582 1982 672 2049 qui
718 1979 876 2035 electi
935 1977 1004 2033 ab
1055 1975 1316 2045 apostolis
1366 1973 1724 2028 mittebantur
1778 1970 1846 2026 ad
1910 1971 2188 2028 Ecclesias

585 2073 946 2136 roborandas;
983 2086 1158 2142 neque
1189 2071 1331 2125 sicut
1360 2067 1475 2127 alii.
1501 2066 1641 2139 quia
1669 2065 1871 2123 Judmis
1902 2067 2193 2121 mitteban-

587 2179 674 2225 tur
698 2167 762 2223 ad
787 2162 1178 2222 disturb-indas
1210 2161 1506 2226 Ecclesias,
1536 2175 1673 2234 quos
1705 2157 2192 2231 pseudoapostolos

585 2273 763 2319 vocat:
793 2259 888 2316 sed
917 2277 946 2315 a
972 2258 1112 2315 Filio
1139 2258 1233 2314 Dei
1257 2258 1482 2312 missum
1503 2272 1583 2320 se,
1613 2271 1776 2326 quem
1821 2255 1872 2309 in
1903 2253 2003 2309 hac
2027 2267 2194 2310 causa

587 2355 799 2412 idcirco
842 2353 1120 2409 hominem
1178 2365 1378 2423 negare
1433 2349 1677 2416 videtur;
1737 2348 1861 2418 quia
1922 2357 2192 2418 prchpta

583 2449 737 2520 quasi
773 2448 914 2502 Deus
937 2444 1109 2511 dedit,
1136 2459 1242 2500 non
1275 2444 1431 2514 quasi
1478 2445 1640 2497 homo
1663 2452 1688 2480 ⁸
1712 2453 1766 2498 ει
1801 2457 1964 2514 quem
2008 2439 2193 2512 elegit,

584 2545 772 2600 divino
808 2542 1018 2614 judicio
1067 2541 1254 2611 eli-git.
1291 2539 1393 2595 Per
1429 2537 1570 2610 quod
1603 2537 1860 2594 idoneum
1893 2547 1947 2592 et
1978 2537 2192 2591 ﬁrmum

586 2655 646 2695 se
704 2639 1118 2710 prmdicatorem
1160 2633 1454 2705 signiﬁcat;
1507 2634 1628 2706 quia
1666 2634 1837 2688 multo
1868 2634 2053 2702 utique
2085 2648 2198 2689 me-

586 2733 691 2786 lior
715 2739 820 2797 est,
850 2745 1012 2800 quem
1042 2728 1186 2784 Deus
1218 2728 1404 2798 elegit,
1427 2741 1586 2796 quam
1612 2741 1770 2798 quem
1787 2724 1968 2780 homo.
1997 2723 2194 2792 Neque,

592 2825 789 2892 inquit,
822 2839 914 2893 per
943 2823 1224 2886 hominem,
1252 2822 1394 2876 sicut
1421 2821 1828 2876 arbitrabantur
1859 2819 1926 2875 de
1953 2820 2196 2886 Christo,

592 2919 684 2989 qui
739 2916 841 2971 hos
889 2916 1160 2986 cogebant
1207 2914 1565 2984 circumcidi;
1619 2913 1715 2970 sed
1773 2929 1870 2981 per
1912 2914 2196 2968 Dominum

593 3010 785 3065 .lesum
812 3007 1114 3074 Christum,
1146 3009 1197 3064 id
1225 3019 1330 3072 est,
1363 3023 1462 3078 per
1484 3023 1628 3078 eum,
1655 3010 1746 3081 qui
1775 3009 1918 3065 Deus
1948 3020 2004 3065 et
2036 3012 2199 3067 homo

594 3114 698 3159 est.
733 3101 889 3170 Quod
914 3103 1096 3156 statim
1129 3103 1323 3170 aperit.
1348 3116 1470 3156 cum
1496 3101 1649 3156 dicit:
1677 3101 1741 3156 Et
1770 3101 1935 3157 Deum
1963 3100 2196 3164 Patrem,

595 3197 682 3266 qui
713 3196 981 3250 suscitavit
1003 3212 1120 3248 eum
1149 3214 1181 3248 (ι
1199 3196 1436 3251 mortuis.
1466 3196 1577 3250 Huc
1603 3197 1769 3256 dicto.
1795 3198 1930 3253 duas
1959 3197 2200 3254 harreses

597 3285 902 3351 damnavit.
935 3297 989 3341 et
1020 3287 1229 3342 Munich
1250 3288 1322 3353 ri,
1357 3302 1409 3342 et
1438 3289 1681 3354 Photini;
1709 3293 1830 3356 quia
1871 3293 2200 3350 Manichmns

597 3380 876 3435 Christum
913 3379 1184 3435 hominem
1217 3393 1399 3451 negat,
1422 3390 1478 3436 et
1517 3396 1622 3443 non
1655 3395 1813 3454 negat
1843 3385 2201 3441 cruciﬁxum:

600 3483 655 3526 et
686 3473 947 3527 Photinus
975 3475 1252 3529 Christum
1302 3475 1472 3529 Deum
1511 3491 1634 3531 esse
1676 3493 1780 3530 non
1825 3479 2101 3544 enncedit;
2150 3491 2208 3536 et

602 3571 782 3618 tunen
809 3565 981 3634 ipsum
1012 3581 1090 3629 se,
1128 3564 1229 3619 huc
1251 3577 1355 3628 est,
1389 3581 1590 3636 corpus
1665 3582 1821 3622 suum
1878 3570 2146 3626 excitasse
2174 3586 2204 3626 a

602 3659 833 3714 mortuis
866 3672 1068 3728 negare
1099 3674 1206 3712 non
1255 3657 1450 3712 audet:
1486 3670 1542 3713 ut
1573 3658 1903 3716 Mauichmus
1928 3676 2052 3716 eum
2081 3677 2208 3718 cru-

596 3752 819 3808 ciﬁxum
851 3752 1357 3822 nnnuegat,stulte
1400 3768 1528 3808 eum
1578 3753 1853 3809 hominem
1902 3771 2010 3810 non
2051 3755 2206 3810 lateri

598 3847 850 3902 videatur
876 3855 966 3901 :et
1004 3845 1268 3900 Photinus
1299 3844 1579 3915 impietate
1607 3846 1840 3917 quadam
1895 3848 2063 3904 Deum
2113 3862 2208 3903 ne-

597 3955 747 4010 gare.
779 3952 940 4007 quem
983 3952 1044 3993 se
1092 3939 1264 4008 ipsum
1313 3954 1344 3992 ιι
1400 3941 1632 3993 mortuis
1676 3944 1956 4000 excitasse
1985 3943 2204 3998 fatetur.

601 4031 757 4102 Legit
786 4032 936 4086 enim
963 4030 1167 4085 dixisse
1200 4030 1510 4086 Dominum:
1543 4032 1744 4087 Solvite
1787 4036 2032 4107 templum
2087 4037 2204 4102 hoc,

601 4134 647 4179 et
671 4140 766 4194 ego
793 4123 956 4178 tribus
987 4122 1166 4178 diebus
1186 4124 1416 4178 excitabo
1456 4124 1614 4178 illud.
1650 4124 1763 4180 Hoc
1787 4136 1961 4182 autem
2010 4130 2210 4184 dicebat

607 4219 670 4272 de
713 4217 906 4287 templo
953 4216 1187 4284 corporis
1237 4217 1322 4270 sui
1361 4214 1567 4286 (Joan.
1593 4233 1652 4284 ιι,
1692 4220 1820 4290 i9).
1872 4221 2044 4291 Igitur
2093 4221 2210 4290 ipse

606 4311 856 4365 excitans
883 4323 986 4364 sea
1013 4308 1264 4375 mortuis,
1310 4323 1507 4380 corpus
1559 4325 1718 4367 suum
1759 4315 2028 4384 signiﬁcat
2081 4329 2138 4371 se
2179 4330 2208 4369 a

608 4402 836 4458 mortuis
857 4400 1157 4467 excitasse;
1186 4411 1240 4456 et
1273 4401 1624 4458 nihilominus
1649 4414 1828 4461 tamen
1858 4421 1888 4460 a
1915 4407 2078 4463 Patre
2111 4421 2212 4464 suo

606 4495 808 4550 dicitur
833 4493 1130 4558 excitatus,
1158 4504 1443 4564 propterea
1472 4495 1618 4566 quod
1673 4498 1856 4551 oumis
1887 4500 2060 4553 virtus
2089 4499 2213 4554 Filii

605 4587 675 4644 de
699 4587 860 4644 Patre
883 4597 988 4654 est;
1013 4595 1071 4643 ut
1089 4596 1241 4658 gesta
1273 4587 1398 4643 Filii
1439 4590 1579 4645 facta
1618 4590 1732 4645 sint
1762 4591 1960 4657 Patris,
1989 4607 2057 4648 ex
2103 4607 2211 4664 quo

606 4691 735 4737 sunt
755 4681 960 4736 omnia.

677 4772 960 4843 (νει-..2.
998 4774 1017 4845 )
1076 4772 1143 4828 Et
1200 4775 1288 4844 qui
1336 4789 1536 4828 mecum
1576 4787 1695 4830 sunt
1744 4792 1918 4833 omnes
1963 4779 2152 4849 fratres
2185 4821 2200 4847 ,

602 4861 855 4920 Ecclesia!
874 4863 1115 4920 Galatia.
1142 4864 1435 4936 Postquam
1463 4868 1843 4923 auctoritatem
1875 4884 2030 4924 suam
2055 4886 2205 4926 com-

603 4955 918 5021 mendavit,
988 4956 1165 5011 adhuc
1233 4967 1399 5028 auget
1453 4956 1520 5012 ad
1561 4974 1820 5026 causam;
1867 4970 1923 5016 ut
1974 4971 2209 5018 caeteros

601 5049 694 5118 qui
736 5063 925 5106 secum
969 5059 1148 5118 erant,
1202 5063 1396 5106 omnes
1443 5063 1750 5108 commotos
1797 5053 2062 5110 adversus
2112 5070 2208 5112 eos

603 5143 939 5200 ostenderet.
982 5142 1242 5211 Quamvis
1279 5143 1558 5200 sufﬁceret
1600 5147 1895 5201 auctoritas
1945 5147 2087 5219 citis,
2137 5165 2207 5206 ne

605 5247 792 5308 posset
829 5238 1086 5304 refutari;
1131 5247 1312 5293 tamen
1365 5247 1426 5294 ut
1464 5249 1651 5311 gravet
1704 5240 1904 5296 factum
1963 5242 2206 5310 illorum,

605 5345 712 5402 quo
732 5349 762 5388 a
791 5334 966 5404 prima
990 5332 1099 5388 ﬁde
1124 5332 1471 5404 destiterant,
1495 5336 1700 5392 multos
1731 5348 1916 5391 secum
1949 5351 2210 5394 accensos

607 5424 674 5478 ad
691 5441 932 5483 errorem
958 5428 1175 5482 illorum
1198 5427 1537 5498 urguendum
1561 5429 1835 5499 designat.
1864 5429 2044 5484 Facile
2062 5433 2206 5485 enim

606 5519 808 5583 poterit
850 5519 971 5590 quis
1015 5519 1327 5591 intelligere
1375 5535 1566 5577 errare
1611 5535 1693 5589 se,
1745 5523 1790 5577 si
1847 5535 1878 5575 a
1921 5523 2104 5579 multis
2150 5538 2208 5579 se

610 5605 787 5663 videat
810 5611 1154 5680 reprehendi.

678 5783 706 5884 ε
735 5776 1116 5884 attulit:
1149 5780 2079 5884 if1'3?’2223'.‘i‘:i'33!1‘£i€i‘3.339“-
2375 5788 2685 5884 ilim'fﬂi
2710 5803 2844 5846 πιδε-
2875 5789 2928 5844 in
2955 5789 3249 5845 οοηιιίεεοηε
3273 5789 3472 5846 diaboli
3499 5792 3652 5857 υειιιιν
3689 5782 3859 5861 quidam

743 5849 870 5908 Mss.
901 5851 1130 5918 aliquot,
1163 5862 1219 5907 ut
1240 5853 1305 5906 de
1333 5854 1442 5918 [ilio
1465 5849 2007 5911 hominis'sentientea:
2322 5860 2420 5928 vel,
2448 5862 2504 5917 iu
2534 5861 2774 5918 seruitute
2793 5877 2940 5934 gens;
2964 5870 3069 5917 etc.
