3978 6310
124 309 235 367 541

1063 293 1561 370 ὒοιιιιεΝτΑιιιΑ
1605 305 1669 369 tv
1715 303 1933 367 EPIST.
1978 305 2070 365 Αυ
2110 305 2452 369 αιωτιιε.

3327 306 3434 368 512

123 439 181 484 et
214 430 305 485 lex
338 439 497 486 vetus
541 429 886 498 Evangelium
931 435 1015 483 est
1045 431 1070 464 ⁸
1099 438 1324 498 excepta
1370 427 1514 498 Lege
1557 425 1732 484 facto-
1762 428 1812 488 Α
1838 437 1907 495 go
1950 424 2230 496 apostolos
2273 423 2502 494 Christi,
2533 437 2761 500 quorum
2808 439 2912 484 tam
2947 419 3205 499 praeclara
3251 421 3439 498 opinio

126 535 258 578 rum
289 540 302 578 :
337 522 441 578 sed
483 517 580 579 hoc
605 525 782 594 potius
826 523 877 578 in
906 535 1048 595 quo,
1092 522 1233 593 quod
1267 522 1588 592 promissum
1617 531 1731 589 est,

125 617 380 670 solutum
412 624 523 679 est,
569 631 663 684 per
691 616 832 685 quod
880 623 1190 686 peccatores
1231 615 1296 670 ad
1342 615 1730 687 indulgentiam

123 717 526 763 convocainur.
558 707 736 764 Mirari
770 721 901 780 ergo
931 709 1050 765 ideo
1077 721 1136 763 se
1165 708 1314 772 dicit,
1345 709 1468 778 quia
1498 709 1567 764 de
1593 709 1735 780 opti-

127 814 227 855 mo
251 810 308 856 et
341 800 576 855 maximo
609 801 872 856 beneficio
896 801 1232 869 decidentes,
1276 803 1649 874 manciparunt
1673 817 1733 858 se

126 893 266 964 Legi
293 893 592 960 factorum;
623 904 676 949 ut
713 895 1003 965 perderent
1032 896 1174 966 quod
1198 897 1731 967 fuerantconsecuti,

125 997 190 1042 ut
229 987 304 1043 de
333 997 552 1058 accepta
596 988 845 1044 libertate
885 999 1108 1046 ruerent
1147 990 1197 1044 in
1237 991 1584 1056 servitutem,
1625 992 1734 1045 cito

124 1082 318 1136 eversi
354 1098 367 1136 :
398 1095 518 1134 cum
571 1096 692 1136 mos
723 1083 795 1136 sit
827 1089 884 1135 ut
939 1082 1195 1150 paulatim
1244 1083 1439 1152 aliquis
1480 1082 1550 1138 de
1592 1083 1736 1138 malo

125 1182 378 1229 transeat
406 1173 471 1227 ad
507 1173 730 1240 bonum,
761 1174 812 1228 hi
841 1183 1025 1230 autem
1050 1174 1119 1230 de
1148 1175 1292 1230 bono
1322 1173 1478 1231 facile
1504 1175 1732 1231 traducti

123 1278 262 1322 sunt
302 1268 368 1323 ad
436 1281 562 1339 pera
593 1269 792 1333 carnis,
843 1283 964 1337 quas
1010 1277 1135 1323 sunt
1164 1269 1368 1339 gravia.
1420 1267 1561 1323 Raro
1591 1268 1735 1324 enim

123 1361 429 1435 contingit,
474 1371 532 1417 ut
571 1363 692 1433 quis
718 1363 786 1418 de
817 1362 999 1418 lmtitla
1031 1363 1306 1435 confugiat
1331 1364 1397 1418 ad
1430 1363 1592 1420 exilia
1627 1381 1641 1419 :
1676 1377 1738 1421 ac

126 1469 232 1525 per
273 1455 306 1509 h
333 1471 377 1504 ιο
405 1455 703 1510 admiratur
743 1455 1126 1512 hebetudinem
1162 1458 1402 1522 illorum,
1439 1459 1529 1528 qui
1564 1458 1616 1512 in
1648 1469 1736 1514 se-

122 1549 364 1602 curitate
390 1547 582 1618 positi,
613 1547 785 1603 labori
816 1563 874 1603 se
902 1548 1252 1618 subiecerunt
1278 1551 1446 1606 inani.
1477 1550 1608 1606 Tale
1630 1557 1736 1614 est,

122 1642 170 1695 si
197 1650 369 1695 nauta
401 1640 621 1695 insanus
646 1649 798 1696 stans
828 1642 879 1696 in
907 1652 1087 1712 portu,
1133 1642 1200 1698 de
1229 1651 1551 1713 tempestate
1577 1657 1736 1700 secu-

124 1747 248 1799 rus,
287 1735 426 1788 'axet
456 1734 632 1787 navim
673 1733 724 1787 in
765 1733 969 1800 altum;
1003 1744 1061 1790 ut
1109 1731 1460 1806 perturbetur
1506 1736 1738 1793 diversis

1838 519 1890 573 in
1919 519 2088 590 signis
2128 523 2182 574 et
2214 517 2478 591 prodigiis
2509 532 2620 577 erat
2656 519 2940 590 faciendis,
2986 527 3036 578 et
3068 515 3333 594 Angeluin
3367 519 3436 576 de

1834 611 1996 678 ctelo,
2029 619 2188 681 quem
2224 609 2392 684 possit
2423 613 2685 686 spiritalis
2721 613 2859 670 ratio
2887 616 3300 681 commendare,
3338 609 3438 671 ali-

1836 711 1918 760 ter
1942 704 2224 772 docentes,
2257 719 2412 776 quam
2446 707 2512 761 ah
2544 711 2794 778 apostolo
2825 705 2992 763 Paulo
3022 707 3198 764 cdocti
3240 717 3394 764 erant
3417 750 3432 774 ,

1835 798 2275 855 anathematizari
2306 803 2562 871 praecepit
2588 817 2601 868 ;
2631 805 2836 872 quanto
2867 803 3038 873 magis
3063 818 3199 875 quos
3231 802 3436 857 nullum

1837 893 2202 949 testimonium
2251 895 2315 949 ad
2365 889 2738 950 seducendum
2793 901 2970 965 potest
3015 893 3442 952 commendare?

1835 979 1963 1042 Ideo
1992 995 2174 1042 autem
2205 987 2365 1042 iterat
2405 989 2887 1054 conteStationem,
2937 998 2994 1042 ut
3029 981 3316 1045 confirmet
3347 1003 3442 1043 cos

1837 1079 1887 1133 ln
1913 1079 2088 1150 prima
2135 1079 2451 1145 traditione;
2498 1081 2686 1135 iterata
2745 1079 2890 1134 enim
2948 1075 3032 1134 lex
3085 1082 3437 1137 sollicitiores

1837 1172 2015 1227 reddit
2047 1171 2404 1243 negligentes.

1910 1265 2086 1331 (Vers.
2113 1266 2225 1336 10.)
2246 1265 2404 1320 Modo
2424 1267 2561 1321 enim
2582 1264 2875 1320 hominibus
2890 1265 3182 1334 satisfacio,
3201 1265 3442 1320 antDeo?

1841 1359 1946 1414 hoc
1978 1367 2082 1428 est,
2137 1359 2396 1431 numquid
2444 1359 2760 1414 hominibus
2815 1358 3112 1423 satisfacio,
3166 1355 3449 1413 suadendo

1840 1453 1996 1507 vobis
2045 1454 2248 1508 reverti
2283 1453 2349 1507 ad
2378 1453 2609 1523 gratiam
2639 1453 2842 1508 Christi
2870 1497 2882 1519 ,
2915 1468 2981 1506 an
3015 1451 3170 1506 Deo?
3198 1449 3315 1507 Non
3350 1449 3447 1506 ho-

1841 1547 2077 1601 minibus
2107 1547 2318 1617 utique,
2361 1546 2456 1601 sed
2493 1542 2636 1611 Deo;
2684 1551 2742 1599 ut
2773 1559 2872 1616 per
2909 1542 3332 1600 satisfactionem
3360 1559 3449 1599 re-

1839 1646 2121 1695 vertantur
2152 1640 2218 1694 ad
2253 1639 2446 1703 Deum,
2476 1651 2636 1707 quem
2678 1643 3022 1708 spreverant.
3071 1635 3313 1708 Denique
3337 1647 3450 1691 sta-

1843 1735 1939 1790 tim
1971 1733 2200 1805 subjecit
2233 1751 2246 1789 :
2281 1734 2381 1787 Aut
2408 1747 2584 1804 quiem
2627 1731 2918 1786 horninibus
2964 1729 3211 1801 placere?
3253 1725 3314 1786 Si
3344 1729 3445 1783 ad-

122 1823 426 1894 procellis:
462 1826 532 1880 ita
561 1835 615 1879 et
648 1825 698 1880 hi
743 1841 838 1895 per
864 1826 1146 1882 stultitiam
1181 1825 1526 1898 subjecerunt
1557 1843 1644 1892 se;
1676 1833 1732 1883 ut
1763 1825 1810 1890 B
1837 1829 1936 1882 huc
1969 1828 2263 1882 hominibus
2305 1827 2584 1898 placerem,
2615 1839 2791 1880 servas
2818 1823 3009 1878 Christi
3036 1839 3138 1878 non
3161 1833 3338 1879 essem.
3366 1822 3451 1878 Si-

121 1916 353 1974 dolores
391 1927 706 1988 paterentur
742 1919 964 1988 pudoris
992 1920 1232 1985 desecti,
1273 1931 1327 1977 et
1350 1921 1536 1992 jngnm
1565 1923 1732 1978 servi-

122 2011 258 2066 tutis
286 2009 448 2081 Legis
473 2012 834 2081 susciperent,
870 2011 1015 2067 nulla
1037 2011 1198 2084 hujus
1235 2014 1311 2068 rei
1343 2027 1439 2082 spe
1473 2015 1735 2083 praedica-

123 2111 197 2156 ta.
229 2101 291 2156 In
333 2101 482 2157 aliud
528 2117 658 2173 ergo
689 2105 1028 2173 evangelium
1062 2105 1237 2159 vocati
1288 2107 1528 2171 fuerant,
1572 2121 1733 2177 quam

120 2195 268 2268 quod
305 2196 360 2250 hi
393 2196 778 2266 praedicabant,
818 2198 908 2266 qni
938 2212 1035 2252 eos
1062 2197 1472 2265 subverterant;
1521 2213 1623 2255 non
1658 2209 1737 2254 ta—

121 2304 251 2345 men
287 2287 438 2343 aliud
482 2289 667 2354 abeo,
695 2289 840 2360 quod
881 2291 1108 2360 apostoli
1143 2291 1558 2357 annuntiabant,
1593 2293 1734 2362 quod

122 2381 178 2437 hi
211 2380 658 2452 pseudoapostoli
703 2382 850 2436 aliud
879 2398 1001 2437 esse
1029 2385 1352 2440 asserebant
1378 2383 1443 2439 ad
1479 2386 1736 2441 invidiam

119 2475 402 2543 Apostoli,
432 2477 520 2542 qui
541 2477 1008 2532 eos.instruxer.it.
1043 2477 1111 2533 Et
1136 2489 1194 2532 ut
1224 2479 1442 2534 Galatas
1473 2493 1571 2550 per
1601 2478 1739 2538 hanc

123 2568 397 2624 fallaciam
441 2569 922 2633 circumvenirent,
974 2585 1200 2626 necesse
1241 2581 1360 2627 erat
1408 2583 1462 2625 nt
1500 2573 1740 2642 Evange-

124 2661 256 2716 lium
289 2662 541 2731 Apostoli
572 2663 714 2716 aliud
745 2677 867 2719 esse
905 2664 1168 2729 dicerent,
1215 2679 1374 2734 quam
1405 2663 1550 2735 quod
1601 2667 1739 2721 ratio

124 2755 431 2812 Salvatoris
456 2757 686 2812 docebat
715 2775 726 2809 :
763 2757 868 2814 hoc
893 2770 1074 2814 autem
1106 2773 1226 2814 esse
1255 2773 1464 2826 verum,
1489 2761 1634 2832 quod
1667 2761 1736 2817 ab

124 2846 208 2903 eis
234 2863 366 2902 cum
416 2848 552 2919 legis
601 2851 809 2906 veteris
853 2850 1146 2906 concordia
1199 2852 1616 2921 praedicabatur.
1676 2854 1740 2908 Ill

126 2944 376 3012 suntqui
408 2944 734 3010 qumstioncs
767 2944 1013 2999 fecerunt
1060 2945 1231 3000 Paulo
1275 2956 1330 3001 et
1376 2946 1642 3002 Barnabas
1674 2945 1742 3004 de

128 3034 231 3090 hac
275 3050 362 3102 re,
419 3035 558 3090 sicut
613 3037 925 3091 continetur
981 3038 1034 3091 in
1085 3038 1309 3093 Actibus
1366 3041 1740 3112 apostolorum

129 3129 268 3198 (Act.
306 3145 400 3196 xv,
428 3129 521 3195 2);
557 3131 642 3185 isti
671 3131 815 3186 enim
847 3131 1117 3188 docebant
1147 3145 1210 3188 cx
1243 3134 1496 3204 gentibus
1517 3136 1739 3191 creden-

1836 1921 2056 1992 gnilic‘at
2076 1921 2237 1991 igitur
2262 1919 2362 1974 ltos
2394 1935 2421 1972 a
2453 1918 2650 1988 quibus
2679 1917 2888 1972 fuerant
2914 1917 3092 1972 eversi
3113 1959 3125 1980 ,
3157 1927 3265 1971 non
3299 1915 3442 1982 Deo,

1838 2016 1933 2072 sed
1980 2015 2297 2071 hominibus
2351 2013 2571 2084 placere
2601 2013 2652 2066 in
2705 2012 3026 2068 Galatarum
3059 2007 3447 2074 subversione,

1838 2109 1978 2163 sicut
2008 2113 2062 2163 et
2090 2108 2450 2176 semetipsum
2476 2103 2820 2177 jamdudum,
2852 2105 3070 2176 quando
3116 2103 3444 2170 Ecclesiam,

1841 2210 1899 2256 ut
1922 2201 2142 2256 Patrum
2167 2198 2516 2254 traditionem
2543 2199 2874 2266 vindicaret,
2900 2197 3345 2269 persequebatur.
3381 2193 3451 2251 Ut

1840 2296 1984 2350 enim
2013 2310 2043 2350 a
2074 2295 2276 2350 Jodmis
2295 2294 2501 2348 laudari
2524 2303 2745 2364 possent
2765 2335 2780 2359 ,
2799 2293 3095 2349 ~secundum
3111 2296 3444 2348 voluntatem

1839 2387 2090 2452 illorum,
2143 2387 2339 2456 Legem
2374 2386 2696 2442 servandam
2729 2383 3020 2451 dicebant;
3066 2397 3132 2440 ne
3177 2387 3222 2440 si
3256 2395 3441 2439 verum

1844 2480 2198 2550 Evangelium
2227 2478 2429 2534 Christi
2460 2479 2858 2550 praedicarent,
2895 2477 3148 2532 inimicos
3179 2487 3276 2532 eos
3304 2476 3447 2532 face-

1842 2583 1978 2629 rent,
2021 2574 2116 2626 ilic
2143 2581 2326 2627 antem
2355 2572 2640 2641 apostolus
2664 2571 2869 2626 Paulus
2891 2613 2904 2635 ,
2951 2573 3042 2640 qui
3077 2570 3226 2625 omni
3269 2569 3443 2624 devo-

1844 2667 1990 2721 tione
2020 2665 2130 2720 Deo
2159 2664 2374 2733 placere
2403 2664 2659 2731 docebat,
2691 2675 2797 2719 non
2827 2666 3052 2719 timebat
3086 2665 3333 2720 homines
3361 2662 3446 2717 oi-

1844 2757 2088 2823 fendere,
2118 2758 2410 2812 dummodo
2433 2758 2522 2811 Dei
2544 2758 2770 2828 gloriam
2800 2756 3208 2813 commendaret
3229 2769 3242 2822 ;
3267 2755 3446 2810 omnia

1845 2854 1988 2908 enim
2023 2851 2308 2922 praisentia
2337 2859 2667 2922 postponens
2695 2851 2909 2917 futuris,
2945 2863 2966 2890 ο
3001 2861 3060 2907 se
3091 2848 3442 2905 commenda-

1845 2949 1937 3004 bat
1957 2948 2174 3018 spi-bus,
2207 2955 2268 3002 ut
2291 2945 2496 3003 Christi
2537 2945 2762 3002 idoneus
2792 2957 2983 3001 servus
3017 2961 3030 2998 :
3062 2944 3241 3000 idonei
3265 2953 3445 3000 autem

1846 3046 1986 3101 servi
2017 3056 2142 3100 esse
2171 3055 2280 3098 non
2312 3051 2556 3112 possunt,
2582 3042 2670 3113 qnl
2704 3042 2805 3097 sub
2831 3038 3055 3097 nomine
3075 3040 3290 3097 Domini
3315 3055 3443 3110 pro-

1852 3137 1982 3208 priis
2006 3135 2172 3191 lucris
2217 3135 2456 3192 student.
2494 3136 2600 3192 Sed
2646 3131 2786 3190 forte
2819 3141 3008 3190 contra
3036 3134 3230 3204 aliquis
3260 3133 3405 3190 dicat
3435 3151 3446 3188 :

129 3232 212 3278 tes
235 3224 368 3294 quia
398 3223 500 3280 nisi
529 3224 1056 3281 circnmciderentnr
1085 3241 1236 3283 more
1280 3228 1479 3300 Moysis
1501 3272 1514 3294 ,
1557 3239 1612 3285 et
1655 3231 1744 3300 jn-
1775 3229 1820 3293 C
1854 3229 1996 3298 Ergo
2025 3228 2113 3299 qui
2143 3228 2342 3299 Legem
2369 3227 2758 3300 pra‘dlcahant,
2782 3237 2943 3295 quam
2973 3226 3114 3280 Dens
3136 3224 3335 3279 dicitur
3351 3219 3446 3279 de-

127 3316 437 3380 daizarent,
465 3317 600 3372 salvi
629 3333 752 3373 esse
784 3335 890 3373 non
921 3331 1164 3388 possent.

205 3410 400 3484 (Vers.
425 3411 508 3482 7.)
550 3411 700 3480 Quod
740 3429 842 3467 non
866 3423 939 3467 est
965 3414 1133 3481 aliud,
1166 3416 1267 3469 nisi
1297 3416 1461 3487 aliqui
1490 3426 1633 3482 sunt,
1661 3419 1749 3488 qui

131 3505 449 3560 conturbant
494 3521 604 3570 vos,
658 3504 683 3542 ιι
729 3516 778 3560 et
828 3508 1002 3561 colunt
1055 3519 1348 3563 convertere
1412 3509 1748 3578 Erangelinm

130 3596 358 3653 Christi.
391 3601 652 3668 Apertum
684 3609 771 3655 est
810 3602 934 3671 quia
965 3602 1065 3657 hoc
1093 3603 1344 3672 agebant,
1380 3612 1436 3659 ut
1465 3617 1749 3662 converte«

134 3698 260 3745 rent
301 3689 651 3760 Evangeiium
683 3689 882 3747 (Ἃιιίεηὶ
914 3693 1262 3750 immutautcs
1296 3695 1655 3763 traditiones;
1691 3703 1748 3754 ut

133 3783 237 3838 sub
281 3783 509 3839 nomine
539 3781 740 3840 Christi
772 3795 956 3841 essent
985 3786 1156 3842 .lud.ri
1189 3805 1204 3842 :
1237 3799 1297 3844 et
1342 3789 1443 3843 hoc
1489 3799 1572 3845 est
1617 3805 1748 3847 cono

137 3885 364 3934 vertere
395 3877 746 3948 Evangelinm
779 3880 986 3936 Christi
1017 3881 1070 3935 in
1104 3881 1324 3952 Legem.

203 3973 403 4043 (Vera.
444 3973 500 4039 8,
550 3973 634 4042 9.)
687 3973 795 4029 Sed
824 3985 871 4028 ct
909 3977 954 4029 si
982 3993 1092 4040 vos,
1148 3987 1240 4030 aut
1266 3977 1485 4048 angelus
1530 3977 1595 4032 de
1623 3979 1749 4033 ctelo

133 4063 572 4136 evangelisacerit
613 4064 777 4129 vobis,
826 4077 1170 4137 prmterquam
1206 4069 1344 4137 quod
1379 4067 1749 4140 erangelisavi—

137 4176 272 4221 mus,
303 4159 578 4213 anathema
606 4161 694 4224 sit,
719 4160 849 4213 sicut
886 4160 1246 4230 praediximus,
1297 4171 1342 4216 et
1388 4179 1526 4217 nunc
1560 4165 1749 4218 iterum

139 4253 256 4305 d’co
307 4269 325 4305 :
385 4251 447 4306 Si
505 4253 623 4322 quis
685 4253 826 4306 vobis
876 4255 1343 4324 euangelizarerit.
1407 4266 1749 4324 prietes-quam

139 4347 282 4416 quod
307 4347 608 4417 accepistis,
645 4346 926 4402 distat/temo
949 4350 1038 4403 sit.
1072 4350 1238 4405 Nemo
1267 4351 1492 4406 miretur
1517 4353 1752 4424 Aposto-

143 4442 402 4508 lum,qtti
453 4441 722 4497 feritatem
780 4459 990 4496 mormn
1045 4445 1446 4510 mansuetahat,
1498 4446 1577 4501 sic
1627 4461 1751 4503 esse

142 4540 508 4586 commotum:
555 4547 652 4600 pro
679 4530 991 4587 Galatarum
1021 4535 1163 4588 enim
1216 4534 1392 4590 salute
1439 4535 1751 4606 indignatur

1851 3322 2014 3386 disse,
2053 3322 2361 3376 hominibus
2404 3320 2736 3376 serviebant.
2779 3317 3063 3386 Quomodo
3093 3327 3227 3390 ergo
3256 3315 3447 3373 idonea

1852 3413 1961 3470 Lex
1993 3427 2115 3470 esse
2141 3414 2360 3478 dicitur,
2393 3412 2550 3482 cujus
2586 3411 2902 3482 praedicatio
2945 3412 3240 3466 secundum
3274 3407 3449 3464 homi-

1852 3523 1979 3561 num
2015 3507 2319 3561 volnntates
2348 3507 2598 3560 narratur
2625 3511 2925 3574 temperata
2944 3504 2970 3556 ?
2993 3503 3134 3559 Ante
3155 3501 3448 3557 adventum

1855 3599 2066 3654 Domini
2107 3600 2213 3654 Lex
2265 3598 2418 3669 juxta
2470 3598 2564 3652 Dei
2615 3597 2958 3652 voluntatem
3008 3594 3444 3664 przedicabatur;

1854 3702 2064 3761 tempus
2090 3694 2233 3748 enim
2267 3692 2318 3746 ei
2348 3685 2671 3754 debebatur,
2699 3697 2755 3743 ut
2779 3697 3087 3744 servaretur
3113 3705 3127 3741 :
3162 3696 3215 3741 at
3246 3687 3336 3742 ubi
3356 3695 3446 3740 ve-

1853 3792 1931 3844 nit
1961 3790 2220 3843 Dominns
2253 3787 2550 3858 promissus
2583 3787 2633 3840 in
2656 3785 2822 3857 Lege,
2845 3795 3063 3839 cessare
3087 3780 3326 3851 oportuit
3347 3780 3451 3835 Le-

1851 3897 2014 3952 gem,
2071 3882 2223 3952 juxta
2276 3882 2590 3952 pradictam
2649 3879 2970 3934 sententiam
3039 3872 3446 3946 prophetarum.

1853 3975 2007 4033 Unde
2029 3975 2160 4031 dicit
2190 3975 2448 4029 Dominus
2473 3992 2486 4027 :
2521 3973 2626 4027 Lex
2649 3982 2695 4028 et
2721 3971 2986 4044 propheta!
3008 3981 3169 4040 asque
3188 3970 3257 4023 ad
3283 3966 3450 4022 locus

1853 4087 1967 4124 nent
1995 4068 2149 4139 (an.
2186 4084 2303 4132 im,
2348 4066 2468 4136 lli);
2502 4084 2599 4120 nec
2627 4066 2769 4120 enim
2803 4065 3021 4134 dignum
3069 4067 3186 4117 erat
3225 4067 3284 4116 ut
3314 4069 3451 4132 pra-

1852 4172 2007 4218 sente
2036 4163 2265 4217 Domino
2310 4148 2469 4230 Legis
2506 4160 2800 4214 auctoritas
2843 4165 3169 4212 servaretur.
3211 4153 3449 4226 ideoque

1852 4259 1897 4311 si
1920 4257 2039 4327 quis
2069 4255 2138 4310 de
2169 4263 2370 4311 cetero
2399 4253 2596 4324 Legem
2628 4251 2950 4308 servandam
2982 4255 3153 4321 putat,
3187 4249 3298 4320 jam
3344 4257 3454 4303 non

1855 4347 2069 4405 Domini
2100 4348 2361 4403 voluntati
2390 4348 2752 4416 obtemperat,
2787 4344 2882 4400 sed
2929 4347 3226 4414 repugnat;
3257 4339 3454 4397 simili-

1853 4446 1952 4502 bus
1983 4445 2128 4500 enim
2153 4445 2270 4499 anis
2298 4441 2581 4496 satisfacit.

1927 4537 2107 4610 (Vers.
2152 4537 2212 4591 ll
2236 4577 2249 4600 ,
2297 4535 2410 4603 η.)
2450 4535 2648 4588 Notum
2670 4541 2837 4587 autem
2860 4532 2998 4585 vobis
3027 4530 3192 4601 facio,
3233 4529 3454 4600 fratres,

145 4622 413 4677 adversus
447 4621 696 4676 inimicos
726 4621 1028 4692 disciplina:
1069 4623 1399 4679 christianos.
1443 4625 1748 4696 Indignatio
1777 4622 1830 4683 D
1859 4630 2216 4703 Evangelium,
2267 4629 2404 4697 quod
2454 4628 2791 4698 praedicatum
2833 4631 2909 4679 est
2945 4633 2978 4676 α
3019 4637 3136 4691 me,
3181 4623 3308 4696 quia
3354 4631 3456 4676 non

146 4721 296 4774 enim
331 4718 447 4773 lucc
475 4716 716 4775 ostendit
744 4735 852 4772 non
895 4717 1012 4773 leve
1041 4726 1320 4786 peccatum
1348 4734 1469 4776 esse
1503 4732 1620 4789 post
1657 4737 1749 4777 ac-

148 4823 364 4882 ceptam
406 4811 564 4866 [idem
593 4811 839 4866 Converti
864 4811 931 4866 ad
965 4811 1160 4882 Legem
1189 4829 1202 4866 :
1236 4828 1359 4868 nam
1392 4824 1498 4868 tam
1535 4815 1748 4869 firmum

149 4917 313 4978 atque
343 4921 530 4960 verum
579 4904 958 4973 Evangelium,
1010 4907 1155 4974 quod
1197 4908 1277 4961 eis
1320 4907 1747 4978 prmdicaverat,

150 5002 388 5066 asserit;
420 5009 474 5053 ut
501 4999 666 5054 etiam
699 4998 938 5067 seipsos,
973 4999 1022 5051 id
1075 5009 1179 5063 est,
1213 5001 1513 5069 apostolos,
1557 5001 1753 5055 immn-

154 5095 249 5148 tati
300 5093 440 5148 forte
490 5092 645 5146 aliter
695 5089 1086 5160 praedicarent,
1119 5107 1226 5147 non
1269 5092 1444 5147 audiri
1489 5093 1750 5160 doceret,

153 5199 388 5255 quorum
433 5184 618 5253 utique
658 5183 796 5236 fama
845 5181 986 5252 quod
1016 5194 1202 5237 essent
1244 5184 1470 5254 apostoli
1512 5184 1751 5250 Christi,

156 5286 544 5348 peragraverat
583 5292 801 5331 omnem
852 5279 1049 5330 locum.
1090 5276 1198 5330 Aut
1235 5278 1280 5332 si
1327 5277 1463 5333 forte
1505 5278 1756 5335 diabolus

156 5371 406 5441 angelum
430 5372 598 5444 212
619 5370 711 5426 Dei
737 5386 795 5425 se
827 5372 1055 5442 fingens.
1087 5381 1144 5424 ut
1174 5370 1330 5426 facile
1363 5372 1532 5440 possit
1553 5373 1756 5440 audiri,

157 5466 225 5520 de
271 5464 426 5521 ctelis
455 5471 742 5534 appareret
777 5473 964 5519 contra
1007 5463 1120 5518 haec
1151 5463 1486 5529 prmdieans,
1530 5467 1761 5522 sciretur

160 5575 288 5615 esse
317 5559 672 5623 contrarium,
708 5569 759 5613 et
793 5569 850 5613 ut
877 5556 1210 5612 abominatio
1240 5556 1551 5613 haberetur.
1584 5557 1640 5614 Si
1675 5575 1763 5615 er-

237 5705 262 5733 ι
284 5693 496 5751 Otones
519 5693 648 5749 edit.
679 5701 732 5750 et
759 5690 1006 5749 nonnulli
1034 5704 1188 5756 mss,
1213 5701 1423 5762 accepta
1454 5691 1564 5764 lege
1588 5691 1758 5762 facto-

167 5785 314 5824 rum.
349 5767 472 5821 Non
498 5774 660 5821 recte.

245 5838 274 5881 δ
307 5839 470 5896 “om.
497 5835 648 5903 edit.,
671 5845 719 5894 et
737 5835 910 5893 volunt
943 5836 1208 5890 invertere.
1235 5833 1302 5889 Et
1340 5833 1576 5902 infra,ut
1597 5835 1765 5890 iuver-

1852 4733 1928 4779 est
1972 4722 2256 4776 secundum
2287 4721 2583 4785 hominem;
2633 4731 2793 4781 neque
2835 4718 2972 4772 enim
3003 4733 3101 4790 ego
3140 4716 3204 4770 ab‘
3249 4716 3456 4770 homine

1855 4816 2032 4887 accepi
2070 4814 2226 4880 illud,
2275 4823 2362 4867 aut
2414 4813 2615 4866 didici:
2646 4812 2736 4865 sed
2781 4827 2873 4880 per
2924 4810 3290 4864 reuelationem
3328 4807 3458 4862 Iesu

1857 4906 2070 4962 Christi.
2103 4905 2254 4962 Nunc
2287 4905 2551 4976 principia
2591 4903 2838 4973 epistolae
2866 4904 3074 4973 aperit;
3107 4902 3284 4971 ipsum
3309 4901 3456 4954 enim

1857 5014 2076 5054 sensum
2107 4999 2218 5052 vult
2253 4994 2624 5061 manifestare,
2657 4996 2782 5064 quia
2826 5009 2888 5049 ea
2918 5009 3040 5065 qua!
3065 4993 3313 5048 docebat.
3348 5001 3459 5044 non

1861 5096 1929 5150 ab
1951 5096 2169 5149 homine
2198 5093 2456 5148 didicerat
2476 5108 2490 5156 ;
2509 5106 2576 5146 ne
2601 5090 2742 5146 forte
2766 5090 3109 5146 dubitaretur
3131 5088 3198 5141 de
3229 5087 3312 5148 iis,
3338 5097 3460 5152 quae

1859 5186 2111 5242 docebat.
2147 5185 2334 5257 Neque
2359 5185 2662 5240 secundum
2693 5183 2991 5239 humanum
3017 5179 3281 5247 judicium
3314 5185 3463 5247 apta-

1859 5290 1912 5334 ta
1950 5290 2068 5333 erat
2107 5279 2224 5349 ejus
2257 5279 2599 5349 praecidatio:
2648 5289 2703 5332 ut
2738 5276 2952 5345 indigna
3004 5274 3184 5328 divina
3217 5272 3454 5326 auctori-

1864 5382 1973 5428 tate
1995 5373 2274 5430 videretur
2309 5390 2323 5427 τ
2356 5373 2450 5427 sed
2483 5387 2511 5426 a
2543 5369 2640 5427 Dei
2673 5371 2808 5425 Filio
2836 5369 2967 5422 dicit
2999 5381 3057 5421 se
3084 5365 3340 5421 didicisse
3367 5381 3464 5436 per

1865 5468 2280 5534 revelationem,
2311 5482 2431 5522 cum
2456 5467 2566 5537 jam
2598 5475 2720 5535 post
2750 5461 3204 5517 resurrectionem
3237 5467 3386 5515 esset
3410 5461 3467 5513 in

1868 5562 2046 5628 caelis,
2070 5563 2211 5617 sicut
2237 5560 2684 5634 prtememoravi;
2713 5564 2769 5610 et
2793 5567 2854 5608 ea
2877 5568 2995 5622 quae
3024 5553 3236 5622 didicit,
3263 5566 3469 5609 conve-

1870 5699 2030 5748 terenl
2060 5691 2418 5763 Evangelium.

1962 5775 1983 5802 ο
2029 5766 2155 5820 Mss.
2199 5755 2472 5827 nonnulli,
2505 5776 2559 5814 se
2594 5755 2983 5812 commendabat
3014 5757 3290 5831 speciebus.
