3978 6310
527 243 639 302 545
1495 239 1590 296 ΔΙ)
1625 238 1860 296 OPERA
1897 238 2158 297 SANCTI
2196 237 2524 296 AMBROSII
2561 239 2936 298 APPENDIX.
3713 241 3790 299 5H

531 365 651 421 nire
676 362 941 420 voluntati
984 362 1366 435 majestatique
1397 361 1539 433 ejus,
1571 376 1602 416 a
1645 374 1753 430 quo
1791 373 1850 415 se
1879 358 2140 417 didicisse
2167 363 2214 423 A
2247 369 2427 416 turum
2457 360 2688 429 bonum,
2719 363 2860 417 sicut
2890 359 3019 417 dicit
3048 360 3117 418 ad
3144 359 3476 418 Hieremiam
3503 360 3791 430 prophetam:

529 469 779 515 teSIatur.
812 457 1092 529 Spiritalia
1115 457 1260 514 enim
1292 466 1446 526 sunt,
1476 471 1599 527 quae
1630 464 1852 512 servata
1876 455 2133 510 meritum
2239 455 2553 528 Priusquam
2567 466 2615 511 te
2629 457 2905 527 formarem
2919 456 2970 510 in
2985 457 3278 524 utero,noui
3294 465 3363 523 te,
3379 452 3794 526 διαβαίνωμεν

530 554 803 611 collocant
841 553 982 624 apud
1019 553 1192 608 Deum
1224 571 1237 605 :
1265 551 1360 607 illa
1393 551 1539 608 enim
1571 551 1810 607 carnalia
1837 560 1984 618 sunt,
2014 565 2138 621 qua:

536 658 785 719 tempore
809 662 910 702 suo
964 655 1203 713 servata,
1234 660 1336 702 nec
1367 645 1620 701 meritum
1661 659 1761 700 nec
1807 644 2139 700 immeritum

537 745 914 815 przestiterunt
941 742 1083 812 apud
1115 740 1327 796 Deum:
1382 757 1490 796 non
1551 748 1765 796 servata
1818 735 2139 805 obfuerunt;

537 837 667 908 quia
718 845 773 892 et
813 837 906 907 qui
959 850 1066 891 non
1120 833 1368 890 fecerant
1421 834 1646 906 Legem,
1697 835 1800 890 sub
1850 835 2144 890 maledicto

537 939 731 986 erant:
775 937 830 985 et
882 928 974 1001 qui
1027 926 1311 994 fecerant,
1358 944 1465 984 non
1512 926 1949 999 justiﬁeabantur
2001 928 2144 1001 apud

540 1024 738 1090 Deum,
771 1023 896 1094 quia
923 1023 1104 1093 justus
1139 1038 1206 1079 ex
1235 1022 1341 1079 ﬁde
1369 1023 1524 1079 vivit.
1569 1023 1663 1079 llla
1697 1024 1840 1078 enim
1889 1033 1946 1079 ut
1992 1025 2146 1081 oneri

535 1127 742 1185 essent,
769 1116 1035 1173 servanda
1065 1115 1317 1172 mandata
1343 1127 1489 1184 sunt,
1516 1131 1626 1172 non
1661 1116 1930 1188 dignitati.

614 1211 798 1286 (Vers.
863 1211 980 1282 15.)
1045 1211 1280 1266 Audistis
1325 1211 1458 1266 enim
1502 1212 1940 1266 conversationem
1985 1227 2150 1267 meam

542 1309 828 1380 aliquando
867 1309 919 1361 in
954 1307 1257 1375 Judaismo,
1291 1307 1417 1378 quia
1453 1323 1616 1377 supra
1645 1307 1853 1362 modum
1884 1324 2154 1380 perseque-

543 1403 634 1459 bar
657 1399 949 1454 Ecclesiam
981 1399 1103 1468 Dei,
1129 1411 1174 1455 et
1198 1401 1558 1474 expugnabam
1584 1417 1719 1467 eam,
1745 1411 1795 1455 et
1820 1402 2152 1472 proﬁciebant

541 1493 894 1548 inludaismo
935 1510 1089 1566 super
1137 1494 1326 1549 multos
1363 1504 1650 1550 cowtaneos
1694 1511 1833 1549 meos
1879 1495 1932 1549 in
1976 1512 2156 1567 genere

547 1601 676 1648 meo,
701 1586 1052 1641 abundantius
1083 1588 1358 1641 tantulator
1377 1588 1631 1644 exsistens
1656 1597 1990 1659 paternarum
2016 1605 2156 1642 ntea-

541 1692 658 1730 rum
689 1677 1046 1732 traditionum.
1085 1677 1434 1748 Propositum
1464 1694 1646 1747 suum,
1681 1695 1791 1750 quo
1822 1681 1977 1750 prius
2001 1679 2153 1750 juxta

2241 549 2313 604 ita
2349 559 2404 604 et
2445 549 2749 619 apostolum
2790 548 3039 617 Paulum,
3077 548 3258 606 sciens
3284 548 3410 620 quis
3442 557 3586 604 esset
3609 545 3797 612 futurus,

2243 642 2507 714 prtevenit
2533 657 2695 709 eum;
2729 651 2789 696 ut
2831 653 3124 713 antequam
3157 650 3589 708 converteretur,
3622 651 3799 696 vocaret

2245 753 2396 805 eum,
2429 739 2554 810 quia
2577 748 2697 794 erat
2723 739 3084 795 necessarius.
3115 739 3366 809 Denique
3397 738 3578 792 statim
3607 739 3800 808 suscepit

2245 832 2716 904 dispensationem
2739 833 2867 888 doni
2901 834 3018 901 Dei,
3054 833 3202 890 omni
3235 833 3543 904 postposita
3569 847 3685 886 cura
3707 847 3798 887 car-

2248 926 2389 990 nali;
2423 942 2524 982 nec
2553 928 2699 983 enim
2731 928 3022 983 consilium
3069 927 3391 999 cujusquam
3436 925 3610 997 petiit,
3640 934 3719 981 aut
3752 925 3800 982 ad

2248 1019 2488 1092 aliquem
2539 1022 2725 1076 retulit
2778 1019 2905 1090 quid
2958 1032 3105 1076 esset
3147 1030 3418 1076 acturus:
3458 1019 3552 1076 sed
3606 1020 3800 1088 protinus

2251 1111 2568 1183 prcedicavit
2597 1114 2898 1182 Christum,
2954 1115 3080 1186 quia
3115 1114 3205 1170 hic
3248 1123 3333 1170 est
3362 1112 3531 1169 Filius
3557 1111 3670 1167 Dei.
3704 1111 3800 1168 Nam

2253 1208 2396 1263 sicut
2424 1207 2587 1262 futuri
2621 1208 2746 1262 mali
2802 1207 3120 1279 frequenter
3171 1218 3298 1262 ante
3327 1215 3457 1263 sunt
3481 1206 3640 1271 boni;
3686 1207 3743 1260 ita
3766 1216 3802 1260 et

2254 1301 2436 1356 solent
2466 1299 2630 1355 futuri
2663 1300 2789 1356 boni
2821 1302 2973 1369 prius
2999 1316 3124 1358 esse
3155 1301 3304 1356 mali.

2328 1393 2520 1466 (Vers.
2548 1393 2673 1464 17.)
2699 1392 2879 1465 Neque
2907 1396 3019 1448 veni
3039 1393 3466 1464 Hierosolymam
3490 1392 3560 1446 ad
3581 1407 3804 1464 praeesse.

2256 1501 2336 1540 res
2365 1502 2505 1540 meas
2531 1486 2816 1555 apostolos,
2851 1487 2940 1541 sed
2971 1487 3072 1541 abii
3100 1486 3156 1540 in
3187 1485 3455 1552 Arabiam,
3505 1495 3551 1539 et
3579 1485 3730 1538 iterari
3750 1501 3804 1538 re-

2257 1594 2463 1649 gressus
2491 1595 2605 1632 sum
2638 1577 2976 1634 Damascum.
3012 1579 3130 1634 Non
3169 1579 3340 1634 fuisse
3369 1576 3504 1634 dicit
3533 1578 3804 1634 necessitate

2259 1673 2492 1728 electum
2519 1687 2577 1727 se
2598 1688 2628 1728 a
2651 1673 2761 1728 Deo
2783 1673 3042 1744 pergendi
3066 1672 3131 1728 ad
3155 1687 3520 1744 praecessores
3549 1686 3669 1726 suos
3688 1686 3805 1741 apos-

545 1786 770 1826 earuem
801 1771 1041 1842 vigebat,
1091 1787 1407 1842 repugnans
1447 1773 1743 1840 Ecclesiae,
1777 1773 2016 1828 breviter
2043 1788 2156 1828 me-
2186 1765 2233 1825 B
2260 1768 2422 1836 tolos,
2459 1776 2517 1823 ut
2543 1767 2748 1839 aliquid
2795 1768 2934 1823 forte
2964 1768 3198 1824 disceret
3227 1767 3298 1822 ab
3327 1769 3446 1830 eis;
3480 1767 3604 1837 quia
3635 1765 3751 1820 Deus
3770 1765 3803 1818 ei

548 1874 728 1920 morat
759 1883 772 1919 :
805 1865 900 1920 sed
922 1873 980 1921 ut
1007 1865 1245 1920 famulus
1268 1865 1472 1921 Christi
1503 1874 1670 1931 esset,
1697 1865 1801 1920 hoc
1823 1880 1882 1920 se
1905 1865 2157 1937 reliquis-

545 1973 605 2014 se
631 1957 781 2013 dicit.
818 1958 985 2028 Magis
1024 1959 1171 2014 enim
1198 1974 1259 2015 se
1286 1959 1570 2025 devotum,
1601 1974 1766 2030 quam
1797 1959 1923 2015 illos
1948 1960 2000 2014 in
2033 1959 2154 2013 vin~

547 2050 780 2106 dicaudo
808 2051 1006 2122 Legem
1056 2051 1224 2108 fuisse
1267 2052 1550 2124 designat;
1580 2067 1687 2109 non
1723 2063 1900 2108 tamen
1933 2062 2157 2124 propter

554 2149 836 2204 hominum
865 2149 1130 2216 favorem,
1157 2150 1253 2206 sed
1281 2150 1381 2204 hoc
1404 2159 1604 2220 putans
1634 2149 1768 2205 utile
1790 2149 1932 2219 apud
1960 2149 2151 2204 Deum.

552 2243 654 2300 Per
683 2246 1046 2317 ignorantiam
1071 2248 1242 2314 enim,
1266 2263 1389 2303 cum
1416 2246 1739 2302 humanitati
1757 2246 2017 2318 placeret,
2045 2245 2157 2300 Deo

549 2352 610 2394 se
637 2339 847 2394 Servire
895 2340 1139 2410 putabat,
1193 2341 1423 2397 liberam
1454 2342 1687 2410 ,habens
1717 2339 2152 2407 conscientiam;

551 2433 831 2489 nesciebat
859 2435 1005 2490 enim
1039 2444 1065 2472 α
1092 2436 1204 2506 jam
1251 2444 1464 2506 tempus
1503 2435 1813 2492 asserenda:
1843 2434 2002 2506 Legis
2047 2448 2155 2490 non

548 2541 691 2592 esse,
725 2526 1031 2584 doctrinam
1060 2537 1283 2586 secutus
1314 2538 1550 2600 patrum,
1596 2539 1690 2584 aut
1723 2530 1776 2584 in
1807 2544 2032 2594 errore,
2065 2537 2160 2584 aut

551 2621 606 2674 in
637 2620 1018 2676 malevolentia
1049 2621 1507 2687 constitutorum;
1537 2630 1594 2677 et
1623 2624 1772 2678 omni
1797 2621 2062 2676 industria
2103 2630 2158 2677 et

555 2713 770 2768 fervore
796 2715 992 2768 mentis
1024 2715 1074 2769 id
1128 2715 1352 2785 agebat,
1411 2723 1468 2770 ut
1518 2715 1741 2770 caeteris
1787 2715 2159 2785 coaequalibus

556 2803 658 2858 sibi
686 2803 1035 2859 aemulatione
1066 2805 1227 2874 Legis
1257 2806 1607 2874 praestantior
1634 2805 1939 2873 videretur,
1971 2807 2050 2861 sic
2077 2807 2160 2862 in-

554 2895 776 2951 saniens
795 2904 986 2951 contra
1007 2897 1353 2967 disciplinam
1376 2898 1600 2965 Christi,
1630 2907 1689 2953 ut
1715 2898 1847 2954 nulli
1876 2898 2158 2955 hominum

560 2997 815 3057 parceret
838 2987 961 3044 ﬁdei
991 2988 1198 3046 fmdera
1229 2999 1507 3046 assecuta.
1540 2990 1645 3046 Sed
1672 3005 1795 3046 cum
1828 2991 1922 3048 Dei
1951 2992 2162 3048 revela-

559 3080 707 3135 tione
733 3080 977 3136 laborem
1010 3080 1158 3137 hunc
1192 3081 1352 3154 213
1385 3083 1599 3138 inanem
1626 3097 1748 3140 esse
1777 3083 2079 3150 didicisset,
2106 3093 2162 3140 et

2260 1861 2522 1916 revelavit
2565 1876 2662 1932 per
2712 1861 2907 1916 Filium
2941 1876 3100 1916 suum
3149 1860 3426 1930 quomodo
3469 1859 3702 1916 doceret.
3725 1858 3804 1914 Hoc

2260 1955 2384 2010 ideo
2413 1954 2671 2025 loquitur,
2705 1965 2760 2010 ut
2783 1955 3034 2012 ostendat
3073 1971 3179 2010 non
3210 1955 3354 2010 aliud
3385 1955 3672 2010 tenendum
3697 1968 3804 2012 esse.

2258 2064 2419 2119 quam
2447 2051 2590 2119 quod
2635 2049 2794 2105 ducet
2822 2067 2834 2103 :
2862 2063 2967 2104 nec
2987 2048 3302 2105 hominibus
3326 2048 3500 2114 credi,
3533 2047 3626 2104 sed
3657 2046 3763 2113 Deo,
3785 2063 3802 2098 ξι

2260 2156 2367 2212 quo
2393 2155 2453 2196 se
2483 2141 2743 2197 didicisse
2791 2150 3055 2208 testatur;
3083 2156 3146 2196 ac
3175 2157 3272 2211 per
3303 2144 3409 2198 hoc
3436 2157 3551 2206 eos,
3606 2142 3688 2211 qui
3717 2140 3806 2193 illos

2259 2235 2316 2290 in
2347 2235 2544 2305 Legem
2568 2234 2915 2302 induxerant,
2948 2250 3072 2291 esse
3097 2233 3356 2290 doctores
3378 2233 3573 2297 falsos;
3597 2231 3708 2304 quia
3731 2246 3803 2286 non

2261 2342 2291 2381 a
2318 2328 2429 2383 Deo
2455 2327 2710 2383 traditum
2733 2337 2875 2397 erat,
2898 2328 3041 2398 quod
3065 2327 3360 2384 docebant.
3383 2326 3698 2382 ADamasco
3715 2339 3806 2394 ergo

2261 2425 2314 2478 in
2361 2423 2619 2478 Arabiam
2667 2423 2942 2494 profectus
2996 2431 3102 2489 est,
3157 2421 3226 2476 ad
3285 2419 3700 2491 praedicandum,
3743 2417 3803 2472 ubi

2261 2517 2443 2572 nullus
2469 2525 2589 2573 erat
2615 2516 3021 2588 apostolorum;
3049 2527 3108 2571 ut
3153 2518 3272 2585 ipse
3326 2513 3439 2569 illic
3479 2513 3713 2568 fundaret
3735 2512 3804 2565 Ec-

2262 2610 2423 2667 lesias
2449 2608 2477 2647 ι)
2525 2626 2593 2666 ne
2622 2611 3040 2681 subrepentibus
3099 2609 3596 2680 pseudoapostolis,
3637 2605 3805 2662 Judais-

2262 2722 2384 2762 mus
2411 2706 2797 2763 semiuaretur.
2828 2707 2896 2761 Et
2927 2704 3052 2760 inde
3083 2704 3279 2759 iterum
3310 2717 3595 2775 regressus
3619 2709 3693 2757 est
3731 2698 3802 2752 Da-

2262 2815 2528 2868 mascum,
2593 2810 2651 2855 ιιι
2706 2800 2951 2856 visitaret
3007 2800 3202 2871 quibus
3259 2798 3414 2854 rudis
3472 2797 3802 2868 praedicarent

2264 2892 2615 2964 Evangelium
2647 2893 2834 2964 gratiae
2866 2891 2984 2948 Dei.

2335 2987 2526 3059 (Vers.
2559 2985 2689 3058 18.)
2724 2986 2919 3041 Deinde
2961 2997 3075 3050 post
3101 3001 3267 3040 annos
3294 2995 3396 3040 tres
3425 2984 3628 3040 ascendi
3659 2982 3803 3036 Hiero-

2263 3083 2515 3153 solymam
2570 3083 2741 3137 videre
2799 3081 3032 3149 Petrum,
3066 3091 3113 3136 et
3169 3081 3338 3136 mansi
3385 3081 3526 3151 apud
3572 3096 3680 3135 eum
3719 3077 3798 3130 dies

563 3172 733 3242 magis
763 3176 1136 3240 contrarium;
1164 3175 1442 3230 destitisse
1473 3176 1544 3230 ab
1588 3189 1675 3242 eo,
1710 3187 1842 3233 etse
1885 3177 2009 3233 ﬁdei
2037 3193 2160 3249 gra-
2188 3167 2234 3232 C
2265 3177 2577 3248 quindecim.
2611 3179 2841 3249 Dignum
2889 3179 2986 3233 fuit
3015 3188 3074 3233 ut
3095 3187 3322 3249 cuperet
3357 3177 3545 3233 videre
3593 3175 3795 3231 Petrum;

562 3264 653 3320 tiae
692 3264 1035 3332 subdidisse;
1070 3274 1128 3321 ut
1175 3267 1451 3336 prolectus
1497 3269 1547 3324 ei
1589 3277 1735 3324 esset
1761 3270 1903 3340 apud
1954 3272 2159 3339 Deum,

563 3367 852 3412 memorat.
881 3359 940 3415 Si
967 3375 1097 3429 ergo
1141 3359 1229 3414 hic
1253 3360 1343 3432 qui
1376 3361 1619 3416 Israelita
1649 3373 1753 3429 est,
1783 3373 1839 3419 et
1875 3364 1965 3434 qui
1992 3365 2164 3434 digni-

566 3459 677 3506 tate
705 3450 946 3508 doctoris
972 3452 1141 3508 fultus
1158 3463 1275 3509 erat
1301 3455 1445 3524 apud
1466 3454 1704 3523 Judaeos,
1733 3458 1979 3513 eruditus
2003 3474 2032 3513 a
2058 3458 2164 3515 Ga-

565 3544 803 3611 maliele,
833 3546 952 3600 viro
984 3547 1432 3617 prudentissimo,
1473 3549 1653 3604 locum
1682 3549 1887 3606 habens
1913 3565 2035 3606 cum
2065 3567 2165 3623 op-

562 3636 707 3694 timis
737 3638 843 3696 vita
869 3638 1202 3709 hominibus,
1243 3641 1465 3713 reliquit
1499 3641 1733 3714 Legem;
1761 3652 1963 3715 quanto
1990 3646 2164 3716 magis

557 3733 628 3800 ii,
654 3735 744 3806 qui
771 3744 922 3790 extra
963 3734 1162 3806 Legem
1188 3745 1365 3804 erant,
1391 3737 1518 3808 Legi
1549 3751 1608 3793 se
1637 3737 1909 3808 subjicere
1936 3754 2045 3795 non
2066 3738 2165 3794 de-

563 3827 840 3884 buerant?
869 3827 939 3883 Et
963 3828 1010 3882 si
1043 3828 1130 3883 hic
1147 3828 1349 3899 gaudet
1373 3830 1554 3886 exisse
1583 3845 1644 3885 se
1671 3830 1739 3886 de
1762 3831 1862 3887 sub
1888 3831 2018 3902 jugo
2049 3846 2166 3886 ser-

559 3924 776 3990 vitutis,
806 3925 935 3995 quid
981 3934 1067 3980 est
1111 3934 1170 3978 ut
1222 3924 1529 3981 libertatem
1584 3940 1742 3980 suam
1797 3925 2165 3996 obligaverint

558 4016 792 4072 vinculis
822 4016 1020 4086 Legis?

632 4107 825 4178 (Vers.
859 4108 950 4174 15,
984 4107 1110 4179 16.)
1135 4107 1263 4162 Cum
1306 4119 1475 4163 autem
1506 4110 1701 4180 placuit
1730 4113 1797 4180 ei,
1840 4115 1930 4181 qui
1977 4130 2057 4168 me
2084 4131 2166 4169 se-

563 4203 788 4274 gregavit
816 4201 878 4254 de
926 4211 1072 4256 utero
1101 4203 1282 4255 matris
1328 4218 1474 4269 mere,
1507 4213 1555 4257 et
1586 4206 1778 4258 vocavit
1829 4223 1921 4277 per
1944 4209 2163 4278 gratiam

563 4311 714 4350 suam
756 4293 978 4348 reuelare
1017 4293 1218 4348 Filium
1265 4311 1417 4350 suum
1446 4298 1624 4364 inme,
1657 4308 1715 4351 ut
1758 4299 2163 4372 euangelizarent

565 4404 682 4442 eunt
708 4388 761 4441 in
792 4387 1060 4458 gentibus;
1088 4388 1329 4441 continuo
1359 4403 1463 4442 non
1506 4389 1735 4458 acquievi
1781 4391 1926 4444 carni
1957 4401 2004 4445 et
2042 4410 2163 4448 san-

566 4481 732 4553 guini.
756 4479 889 4536 Cum
919 4481 972 4535 in
1005 4479 1150 4551 Lege
1198 4480 1427 4536 haberet
1473 4481 1751 4549 ﬁduciam,
1795 4483 1997 4541 inscius
2048 4486 2161 4556 jam

566 4583 783 4646 tempus
812 4574 971 4646 Legis
1000 4575 1284 4631 servandae
1312 4591 1419 4631 non
1455 4591 1599 4645 esse,
1624 4586 1679 4633 et
1704 4579 1851 4633 omni
1902 4580 2162 4638 aviditate
2187 4571 2240 4630 D

563 4668 936 4735 contenderet,
987 4679 1183 4738 putans
1216 4669 1312 4724 Dei
1339 4684 1400 4726 se
1446 4671 1728 4728 voluntate
1755 4672 1859 4728 hoc
1885 4689 2068 4745 agere,
2101 4685 2162 4731 ut

563 4762 842 4816 resisteret
870 4761 1163 4832 Evangelio
1191 4761 1422 4829 Christi;
1450 4763 1639 4819 videns
1669 4765 1814 4821 Deus
1843 4768 2149 4823 aemulatio-

563 4869 687 4908 nem
719 4853 838 4923 ejus
862 4856 1080 4919 bonam,
1103 4853 1197 4908 sed
1225 4855 1509 4910 scientiam
1531 4855 1581 4911 ei
1619 4856 1834 4922 deesse,
1886 4860 2086 4929 placuit
2109 4862 2160 4917 ei

557 4963 757 5004 vocare
783 4948 935 5003 illum
963 4947 1030 5002 ad
1055 4947 1285 5018 gratiam
1339 4964 1513 5015 suam,
1548 4950 1730 5004 sciens
1756 4951 1868 5021 jam
1901 4952 2157 5009 idoneum

561 5040 705 5097 hunc
735 5055 859 5097 esse
885 5039 952 5095 ad
982 5038 1388 5109 praedicandum
1420 5041 1768 5112 Evangelium
1800 5041 1922 5099 Filii
1955 5046 2074 5114 ejus
2105 5047 2158 5101 in

559 5136 848 5206 gentibus;
897 5136 1021 5205 quia
1065 5135 1112 5189 si
1140 5134 1194 5189 iu
1237 5149 1301 5189 re
1327 5135 1546 5189 minima
1596 5144 1704 5190 tam
1735 5137 1894 5193 velox
1942 5149 1995 5195 et
2023 5140 2162 5197 ﬁdus

559 5241 677 5284 erat
698 5230 922 5285 audacia
945 5228 1317 5290 conscientiae,
1347 5244 1454 5282 non
1477 5227 1792 5285 adulatione
1817 5231 2157 5303 ettjuSquam;

562 5332 762 5390 quanto
794 5324 963 5395 magis
992 5323 1045 5378 in
1077 5321 1423 5393 praedicando
1449 5320 1594 5375 dono
1642 5321 1740 5376 Dei
1772 5322 1982 5381 futurus
2013 5338 2161 5383 esset

561 5417 895 5472 constantior
923 5433 1020 5488 spe
1048 5414 1305 5488 promissi
1338 5414 1543 5485 praemii
1570 5413 1595 5468 ?
1648 5414 1996 5474 Przescientia
2027 5436 2160 5492 ergo

563 5505 659 5560 Dei
691 5524 1004 5580 segregatus
1041 5519 1120 5566 est
1151 5510 1220 5566 de
1253 5519 1406 5565 utero
1437 5507 1628 5564 matris
1657 5522 1792 5574 suae,
1829 5511 1881 5566 id
1923 5525 2028 5581 est,
2059 5531 2158 5570 att-

565 5605 778 5667 tequam
803 5615 1135 5671 nasceretur,
1163 5603 1248 5658 vel
1275 5602 1456 5657 statim
1493 5612 1676 5657 natum
1711 5603 1870 5658 scivit
1903 5604 2048 5662 Deus
2077 5608 2158 5664 fu-

628 5793 650 5824 "
690 5769 847 5846 Rom.
882 5773 1012 5846 edit.
1033 5830 1047 5857 ,
1073 5777 1186 5862 jam
1213 5766 1414 5862 tempus
1444 5761 1774 5842 asservandte
1799 5755 1975 5858 Legis,
2007 5797 2113 5846 etc.

2265 3270 2390 3340 quia
2438 3270 2646 3340 primus
2689 3282 2808 3328 erat
2843 3273 2983 3328 inter
3026 3274 3321 3342 apostolos,
3375 3270 3460 3326 cui
3515 3268 3803 3338 delegaveral

2265 3361 2512 3418 Salvator
2539 3379 2724 3419 curam
2756 3363 3120 3420 Ecclesiarum
3153 3381 3166 3417 :
3198 3378 3306 3418 non
3331 3363 3518 3432 utique
3562 3369 3618 3418 ut
3641 3354 3798 3427 aliquid

2264 3456 2334 3510 ab
2355 3472 2422 3512 eo
2439 3457 2702 3524 disceret;
2730 3461 2854 3530 quia
2883 3458 2991 3529 jam
3024 3458 3092 3512 ab
3111 3467 3337 3513 auctore
3378 3456 3653 3519 didicerat,
3678 3467 3703 3506 a
3726 3463 3801 3519 qno

2265 3557 2322 3605 et
2367 3550 2482 3620 ipse
2526 3549 2720 3606 Petrus
2746 3550 2923 3606 fuerat
2950 3551 3249 3606 instructus
3275 3566 3288 3604 :
3318 3550 3414 3606 sed
3454 3556 3666 3622 propter
3687 3542 3802 3599 affec-

2267 3651 2381 3698 tum
2413 3644 2768 3714 apostolatus,
2803 3653 2859 3700 et
2888 3653 2944 3698 ut
2969 3643 3134 3700 sciret
3161 3643 3355 3699 Petrus
3390 3643 3526 3698 hanc
3551 3641 3623 3697 illi
3665 3639 3802 3694 datam

2267 3737 2565 3804 licentiam,
2602 3752 2764 3808 quam
2804 3747 2859 3793 et
2888 3737 3005 3808 ipse
3033 3745 3342 3807 acceperat.
3372 3735 3603 3793 Veniens
3625 3745 3737 3802 ergo
3759 3725 3802 3780 Id

2267 3845 2411 3896 eum,
2449 3830 2684 3901 hospitio
2705 3840 2959 3902 receptus
2984 3839 3088 3898 est,
3119 3841 3176 3887 et
3203 3831 3348 3901 apud
3381 3845 3507 3886 eum
3535 3823 3801 3884 mansitdies

2267 3923 2598 3996 quindecim,
2629 3925 2787 3997 quasi
2828 3925 3121 3982 unanimus
3145 3927 3518 3996 coapostolus.
3566 3923 3677 3978 Haec
3714 3918 3801 3974 ideo

2267 4017 2606 4085 manifestat,
2635 4029 2691 4074 ut
2715 4018 2968 4074 ostendat
2995 4019 3344 4075 concordiam
3365 4033 3427 4076 se
3451 4034 3571 4074 cum
3597 4010 3800 4088 apostolis

2267 4111 2548 4179 habuisse,
2582 4126 2682 4168 nec
2730 4113 2784 4168 in
2833 4112 3018 4182 aliquo
3046 4111 3402 4179 dissensisse,
3447 4113 3582 4167 sicut
3612 4118 3803 4164 susurra-

2266 4205 2400 4261 bant
2429 4206 2497 4262 de
2542 4221 2612 4263 eo
2645 4208 3115 4277 pseudoapostoli;
3147 4216 3207 4262 ut
3236 4222 3360 4262 eum
3401 4207 3543 4276 apud
3588 4200 3801 4259 Ecclesias

2265 4301 2507 4371 gentium
2562 4301 2954 4368 deformarent,
3005 4311 3060 4356 et
3099 4316 3196 4356 sua
3238 4301 3380 4354 mala
3440 4292 3802 4369 simplicioribus

2268 4395 2598 4463 insererent,
2623 4393 2866 4451 dicentes
2890 4410 2953 4451 ea
2969 4393 3270 4450 convenire
3285 4408 3412 4450 cum
3441 4391 3669 4449 doctrina
3687 4397 3802 4455 apos-

2271 4487 2506 4543 tolorum
2542 4489 2832 4558 majorum.

2338 4581 2356 4653 (
2379 4581 2536 4637 Vers.
2570 4583 2658 4638 l9.
2681 4581 2701 4654 )
2728 4582 2925 4638 Iterum
2943 4599 3175 4638 reversus
3201 4599 3318 4637 sum
3347 4581 3665 4645 Damascum,
3684 4574 3801 4630 aliaat

2266 4687 2439 4730 autent
2466 4693 2530 4730 ea:
2570 4679 2819 4750 apostolis
2850 4679 2952 4732 vidi
2996 4679 3270 4746 neminem,
3313 4679 3413 4733 nisi
3463 4675 3693 4732 Iacobum
3724 4672 3802 4740 [N-

2267 4778 2395 4824 trem
2426 4768 2660 4825 Domini.
2690 4771 2953 4828 Jacobum
2974 4773 3111 4828 vidit
3137 4772 3568 4846 Hierosolymae;
3598 4769 3705 4842 quia
3724 4762 3802 4818 illic

2265 4875 2384 4922 erat
2417 4868 2748 4922 constitutus
2777 4869 2844 4923 ab
2875 4868 3138 4938 apostolis
3181 4869 3494 4939 episcopus,
3531 4867 3617 4938 qui
3641 4872 3688 4917 et
3720 4861 3802 4930 ῑρεε

2265 4955 2420 5026 prius
2470 4956 2646 5012 fuerat
2695 4957 3030 5024 incredulus,
3079 4959 3220 5014 sicut
3273 4960 3412 5016 dicit
3469 4956 3801 5029 Evangelista:

2267 5046 2402 5115 Quia
2429 5065 2518 5101 nec
2549 5051 2736 5120 fratres
2763 5051 2893 5123 ejus,
2924 5052 3118 5123 inquit.
3159 5052 3335 5106 adhuc
3363 5052 3629 5107 credebant
3659 5049 3702 5101 in
3717 5056 3801 5099 eum

2265 5139 2459 5213 (Joan.
2524 5158 2618 5210 vn,
2650 5145 2736 5214 5).
2773 5146 2868 5200 Hic
2907 5145 3146 5202 Jacobus
3190 5145 3336 5201 ﬁlius
3371 5145 3474 5201 fuit
3517 5143 3716 5215 Joseph,
3738 5133 3800 5205 qui

2267 5235 2393 5291 ideo
2425 5237 2593 5291 frater
2626 5238 2842 5294 Domini
2896 5240 3202 5309 appellatus
3231 5251 3338 5305 est,
3392 5241 3514 5310 quia
3562 5247 3612 5294 et
3651 5226 3800 5297 .losel’h

2269 5338 2427 5399 pater
2453 5330 2594 5399 ejus,
2628 5333 2791 5386 etiam
2839 5331 3054 5387 Domini
3098 5343 3252 5402 pater
3286 5342 3618 5404 nuncupatus
3638 5320 3799 5384 est.Sic

2266 5423 2410 5478 enim
2434 5421 2563 5478 dicit
2596 5423 2755 5478 Maria
2785 5425 2850 5478 ad
2881 5425 3069 5480 Jesum
3095 5426 3146 5480 in
3178 5425 3340 5482 Luc:e
3373 5425 3678 5496 Evangelia.
3699 5411 3798 5484 ραὶδ

2265 5516 2460 5585 fecistis
2497 5516 2662 5582 nobis,
2709 5517 2817 5586 ﬁli?
2847 5517 2957 5591 Ego
2987 5529 3035 5573 et
3067 5529 3210 5586 pater
3261 5529 3382 5573 tuus
3408 5519 3571 5573 minati
3615 5525 3659 5570 et
3679 5513 3797 5566 tristes

2263 5609 2613 5681 quwrebamus
2662 5620 2710 5666 te
2738 5611 2902 5684 (Luc.
2929 5629 2988 5680 ιι,
3010 5610 3136 5685 η).
3166 5613 3228 5668 Et
3261 5613 3316 5668 in
3343 5612 3633 5684 Evangelio
3678 5606 3797 5664 Joan-

2336 5787 2363 5825 lt
2402 5788 2529 5849 Mss.
2564 5784 2833 5864 nonnulli,
2868 5809 2930 5850 ne
2954 5793 3358 5866 subripienlibus
3389 5788 3793 5868 pseudoapostolis.
