  <div class='ocr_page' id='page_1' title='image "/cluster/home/n/w/nwhite01/storage/ocr_20150623/17/hvd.32044015471329/178.png"; bbox 0 0 3978 6310; ppageno 0'>
   <div class='ocr_carea' id='block_1_1' title="bbox 100 252 225 317">
    <p class='ocr_par' dir='ltr' id='par_1_1' title="bbox 100 252 225 317">
     <span class='ocr_line' id='line_1_1' title="bbox 100 252 225 317; baseline -0.008 0"><span class='ocrx_word' id='word_1_1' title='bbox 100 252 225 317; x_wconf 61' lang='lat' dir='ltr'><strong>Bis</strong></span> 
     </span>
    </p>
   </div>
   <div class='ocr_carea' id='block_1_2' title="bbox 1053 246 2438 313">
    <p class='ocr_par' dir='ltr' id='par_1_2' title="bbox 1053 246 2438 313">
     <span class='ocr_line' id='line_1_2' title="bbox 1053 246 2438 313; baseline -0.006 -1"><span class='ocrx_word' id='word_1_2' title='bbox 1053 252 1554 313; x_wconf 77' lang='lat' dir='ltr'><strong>COMMENTARIA</strong></span> <span class='ocrx_word' id='word_1_3' title='bbox 1596 250 1660 308; x_wconf 85' lang='lat' dir='ltr'><strong>IN</strong></span> <span class='ocrx_word' id='word_1_4' title='bbox 1702 247 1923 306; x_wconf 80' lang='lat' dir='ltr'><strong>EPIST.</strong></span> <span class='ocrx_word' id='word_1_5' title='bbox 1964 248 2058 305; x_wconf 79' lang='lat' dir='ltr'><strong>AD</strong></span> <span class='ocrx_word' id='word_1_6' title='bbox 2095 246 2438 306; x_wconf 81' lang='lat' dir='ltr'><strong>GALATAS.</strong></span> 
     </span>
    </p>
   </div>
   <div class='ocr_carea' id='block_1_3' title="bbox 3311 243 3418 303">
    <p class='ocr_par' dir='ltr' id='par_1_3' title="bbox 3311 243 3418 303">
     <span class='ocr_line' id='line_1_3' title="bbox 3311 243 3418 303; baseline 0 0"><span class='ocrx_word' id='word_1_7' title='bbox 3311 243 3418 303; x_wconf 75' lang='grc'><strong>546</strong></span> 
     </span>
    </p>
   </div>
   <div class='ocr_carea' id='block_1_4' title="bbox 101 360 3418 449">
    <p class='ocr_par' dir='ltr' id='par_1_4' title="bbox 101 360 3418 449">
     <span class='ocr_line' id='line_1_4' title="bbox 101 360 3418 449; baseline -0.005 -16"><span class='ocrx_word' id='word_1_8' title='bbox 101 378 197 433; x_wconf 86' lang='lat' dir='ltr'><strong>nis</strong></span> <span class='ocrx_word' id='word_1_9' title='bbox 220 377 362 435; x_wconf 80' lang='lat' dir='ltr'><strong>dicit</strong></span> <span class='ocrx_word' id='word_1_10' title='bbox 385 377 669 449; x_wconf 85' lang='lat' dir='ltr'><strong>Philippus</strong></span> <span class='ocrx_word' id='word_1_11' title='bbox 689 375 754 432; x_wconf 92' lang='lat' dir='ltr'><strong>ad</strong></span> <span class='ocrx_word' id='word_1_12' title='bbox 779 373 1074 430; x_wconf 88' lang='lat' dir='ltr'><strong>Natbanael</strong></span> <span class='ocrx_word' id='word_1_13' title='bbox 1100 391 1113 427; x_wconf 89' lang='lat'><strong>:</strong></span> <span class='ocrx_word' id='word_1_14' title='bbox 1145 372 1309 438; x_wconf 86' lang='lat' dir='ltr'><strong><em>Quem</em></strong></span> <span class='ocrx_word' id='word_1_15' title='bbox 1337 371 1542 443; x_wconf 83' lang='lat' dir='ltr'><strong>scripsit</strong></span> <span class='ocrx_word' id='word_1_16' title='bbox 1563 367 1717 440; x_wconf 79' lang='lat' dir='ltr'><strong>.lloy-</strong></span> <span class='ocrx_word' id='word_1_17' title='bbox 1743 364 2057 429; x_wconf 79' lang='lat' dir='ltr'><strong>Afuerant.</strong></span> <span class='ocrx_word' id='word_1_18' title='bbox 2100 363 2234 420; x_wconf 88' lang='lat' dir='ltr'><strong>Nam</strong></span> <span class='ocrx_word' id='word_1_19' title='bbox 2270 365 2386 436; x_wconf 89' lang='lat' dir='ltr'><strong>ipsa</strong></span> <span class='ocrx_word' id='word_1_20' title='bbox 2427 365 2718 422; x_wconf 86' lang='lat' dir='ltr'><strong>occasione</strong></span> <span class='ocrx_word' id='word_1_21' title='bbox 2762 361 3007 419; x_wconf 85' lang='lat' dir='ltr'><strong>subversi</strong></span> <span class='ocrx_word' id='word_1_22' title='bbox 3055 368 3186 418; x_wconf 88' lang='lat' dir='ltr'><strong>sunt</strong></span> <span class='ocrx_word' id='word_1_23' title='bbox 3210 360 3418 419; x_wconf 62' lang='lat' dir='ltr'><strong>Galatae</strong></span> 
     </span>
    </p>
   </div>
   <div class='ocr_carea' id='block_1_5' title="bbox 100 461 1716 543">
    <p class='ocr_par' dir='ltr' id='par_1_5' title="bbox 100 461 1716 543">
     <span class='ocr_line' id='line_1_5' title="bbox 100 461 1716 543; baseline -0.005 -19"><span class='ocrx_word' id='word_1_24' title='bbox 100 486 189 525; x_wconf 84' lang='lat' dir='ltr'><strong>ses</strong></span> <span class='ocrx_word' id='word_1_25' title='bbox 228 469 402 543; x_wconf 70' lang='grc'><strong>214</strong></span> <span class='ocrx_word' id='word_1_26' title='bbox 450 471 505 524; x_wconf 87' lang='lat' dir='ltr'><strong>in</strong></span> <span class='ocrx_word' id='word_1_27' title='bbox 535 469 688 541; x_wconf 83' lang='lat' dir='ltr'><strong><em>Lege,</em></strong></span> <span class='ocrx_word' id='word_1_28' title='bbox 727 478 774 522; x_wconf 85' lang='lat' dir='ltr'><strong>et</strong></span> <span class='ocrx_word' id='word_1_29' title='bbox 803 468 1087 538; x_wconf 73' lang='lat' dir='ltr'><strong>praphette,</strong></span> <span class='ocrx_word' id='word_1_30' title='bbox 1144 463 1445 519; x_wconf 79' lang='lat' dir='ltr'><strong>Invenimus</strong></span> <span class='ocrx_word' id='word_1_31' title='bbox 1474 461 1656 517; x_wconf 83' lang='lat' dir='ltr'><strong>Jesum</strong></span> <span class='ocrx_word' id='word_1_32' title='bbox 1684 477 1716 516; x_wconf 91' lang='lat' dir='ltr'><strong>a</strong></span> 
     </span>
    </p>
   </div>
   <div class='ocr_carea' id='block_1_6' title="bbox 1438 558 1716 628">
    <p class='ocr_par' dir='ltr' id='par_1_6' title="bbox 1438 558 1716 628">
     <span class='ocr_line' id='line_1_6' title="bbox 1438 558 1716 628; baseline -0.007 -15"><span class='ocrx_word' id='word_1_33' title='bbox 1438 558 1552 614; x_wconf 92' lang='lat' dir='ltr'><strong>lloc</strong></span> <span class='ocrx_word' id='word_1_34' title='bbox 1583 571 1716 628; x_wconf 91' lang='lat' dir='ltr'><strong>ergo</strong></span> 
     </span>
    </p>
   </div>
   <div class='ocr_carea' id='block_1_7' title="bbox 103 557 1384 633">
    <p class='ocr_par' dir='ltr' id='par_1_7' title="bbox 103 557 1384 633">
     <span class='ocr_line' id='line_1_7' title="bbox 103 557 1384 633; baseline -0.003 -17"><span class='ocrx_word' id='word_1_35' title='bbox 103 560 414 630; x_wconf 75' lang='lat' dir='ltr'><strong>Nazaretlt,</strong></span> <span class='ocrx_word' id='word_1_36' title='bbox 475 563 645 632; x_wconf 80' lang='lat' dir='ltr'><strong>filium</strong></span> <span class='ocrx_word' id='word_1_37' title='bbox 695 560 889 633; x_wconf 77' lang='lat' dir='ltr'><strong>Ioseph</strong></span> <span class='ocrx_word' id='word_1_38' title='bbox 937 559 1136 632; x_wconf 86' lang='lat' dir='ltr'><strong>(Joan.</strong></span> <span class='ocrx_word' id='word_1_39' title='bbox 1180 576 1217 625; x_wconf 89' lang='lat' dir='ltr'><strong>t,</strong></span> <span class='ocrx_word' id='word_1_40' title='bbox 1257 557 1384 630; x_wconf 70' lang='lat'><strong>45).</strong></span> 
     </span>
    </p>
   </div>
   <div class='ocr_carea' id='block_1_8' title="bbox 99 654 1711 717">
    <p class='ocr_par' dir='ltr' id='par_1_8' title="bbox 99 654 1711 717">
     <span class='ocr_line' id='line_1_8' title="bbox 99 654 1711 717; baseline -0.004 -3"><span class='ocrx_word' id='word_1_41' title='bbox 99 657 278 713; x_wconf 91' lang='lat' dir='ltr'><strong>modo</strong></span> <span class='ocrx_word' id='word_1_42' title='bbox 296 657 482 712; x_wconf 89' lang='lat' dir='ltr'><strong>dictus</strong></span> <span class='ocrx_word' id='word_1_43' title='bbox 503 666 589 713; x_wconf 88' lang='lat' dir='ltr'><strong>est</strong></span> <span class='ocrx_word' id='word_1_44' title='bbox 612 657 867 712; x_wconf 87' lang='lat' dir='ltr'><strong>Dominus</strong></span> <span class='ocrx_word' id='word_1_45' title='bbox 892 655 1058 711; x_wconf 82' lang='lat' dir='ltr'><strong>frater</strong></span> <span class='ocrx_word' id='word_1_46' title='bbox 1075 654 1260 711; x_wconf 84' lang='lat' dir='ltr'><strong>Jacobi</strong></span> <span class='ocrx_word' id='word_1_47' title='bbox 1291 665 1345 709; x_wconf 91' lang='lat' dir='ltr'><strong>et</strong></span> <span class='ocrx_word' id='word_1_48' title='bbox 1367 663 1711 717; x_wconf 68' lang='lat' dir='ltr'><strong>cmterorum,</strong></span> 
     </span>
    </p>
   </div>
   <div class='ocr_carea' id='block_1_9' title="bbox 98 747 1713 825">
    <p class='ocr_par' dir='ltr' id='par_1_9' title="bbox 98 747 1713 825">
     <span class='ocr_line' id='line_1_9' title="bbox 98 747 1713 825; baseline -0.003 -18"><span class='ocrx_word' id='word_1_49' title='bbox 98 767 219 825; x_wconf 88' lang='lat' dir='ltr'><strong>quo</strong></span> <span class='ocrx_word' id='word_1_50' title='bbox 236 761 293 807; x_wconf 87' lang='lat' dir='ltr'><strong>et</strong></span> <span class='ocrx_word' id='word_1_51' title='bbox 314 754 460 808; x_wconf 85' lang='lat' dir='ltr'><strong>filius</strong></span> <span class='ocrx_word' id='word_1_52' title='bbox 474 753 880 824; x_wconf 75' lang='lat' dir='ltr'><strong>nuncupabatur</strong></span> <span class='ocrx_word' id='word_1_53' title='bbox 895 752 1114 824; x_wconf 88' lang='lat' dir='ltr'><strong>Josepb.</strong></span> <span class='ocrx_word' id='word_1_54' title='bbox 1139 751 1368 820; x_wconf 84' lang='lat' dir='ltr'><strong>Quidam</strong></span> <span class='ocrx_word' id='word_1_55' title='bbox 1393 750 1537 805; x_wconf 91' lang='lat' dir='ltr'><strong>enim</strong></span> <span class='ocrx_word' id='word_1_56' title='bbox 1563 747 1713 803; x_wconf 89' lang='lat' dir='ltr'><strong>ducti</strong></span> 
     </span>
    </p>
   </div>
   <div class='ocr_carea' id='block_1_10' title="bbox 101 844 1710 906">
    <p class='ocr_par' dir='ltr' id='par_1_10' title="bbox 101 844 1710 906">
     <span class='ocr_line' id='line_1_10' title="bbox 101 844 1710 906; baseline -0.002 -6"><span class='ocrx_word' id='word_1_57' title='bbox 101 846 323 902; x_wconf 89' lang='lat' dir='ltr'><strong>insania</strong></span> <span class='ocrx_word' id='word_1_58' title='bbox 359 846 464 903; x_wconf 88' lang='lat' dir='ltr'><strong>bos</strong></span> <span class='ocrx_word' id='word_1_59' title='bbox 513 862 670 903; x_wconf 88' lang='lat' dir='ltr'><strong>veros</strong></span> <span class='ocrx_word' id='word_1_60' title='bbox 701 847 913 903; x_wconf 90' lang='lat' dir='ltr'><strong>Domini</strong></span> <span class='ocrx_word' id='word_1_61' title='bbox 967 845 1164 901; x_wconf 89' lang='lat' dir='ltr'><strong>fratres</strong></span> <span class='ocrx_word' id='word_1_62' title='bbox 1209 844 1276 900; x_wconf 92' lang='lat' dir='ltr'><strong>de</strong></span> <span class='ocrx_word' id='word_1_63' title='bbox 1317 844 1482 899; x_wconf 83' lang='lat' dir='ltr'><strong>Maria</strong></span> <span class='ocrx_word' id='word_1_64' title='bbox 1530 850 1710 906; x_wconf 89' lang='lat' dir='ltr'><strong>natos,</strong></span> 
     </span>
    </p>
   </div>
   <div class='ocr_carea' id='block_1_11' title="bbox 101 936 1712 1011">
    <p class='ocr_par' dir='ltr' id='par_1_11' title="bbox 101 936 1712 1011">
     <span class='ocr_line' id='line_1_11' title="bbox 101 936 1712 1011; baseline -0.006 -16"><span class='ocrx_word' id='word_1_65' title='bbox 101 940 275 1011; x_wconf 87' lang='lat' dir='ltr'><strong>impia</strong></span> <span class='ocrx_word' id='word_1_66' title='bbox 299 941 609 996; x_wconf 79' lang='lat' dir='ltr'><strong>assertione</strong></span> <span class='ocrx_word' id='word_1_67' title='bbox 632 939 992 1003; x_wconf 90' lang='lat' dir='ltr'><strong>contendunt,</strong></span> <span class='ocrx_word' id='word_1_68' title='bbox 1017 954 1140 993; x_wconf 91' lang='lat' dir='ltr'><strong>cum</strong></span> <span class='ocrx_word' id='word_1_69' title='bbox 1167 936 1369 1007; x_wconf 83' lang='lat' dir='ltr'><strong>Josepb</strong></span> <span class='ocrx_word' id='word_1_70' title='bbox 1391 952 1499 990; x_wconf 92' lang='lat' dir='ltr'><strong>non</strong></span> <span class='ocrx_word' id='word_1_71' title='bbox 1524 948 1712 989; x_wconf 90' lang='lat' dir='ltr'><strong>verum</strong></span> 
     </span>
    </p>
   </div>
   <div class='ocr_carea' id='block_1_12' title="bbox 98 1027 1713 1104">
    <p class='ocr_par' dir='ltr' id='par_1_12' title="bbox 98 1027 1713 1104">
     <span class='ocr_line' id='line_1_12' title="bbox 98 1027 1713 1104; baseline -0.005 -17"><span class='ocrx_word' id='word_1_72' title='bbox 98 1033 227 1102; x_wconf 89' lang='lat' dir='ltr'><strong>ejus</strong></span> <span class='ocrx_word' id='word_1_73' title='bbox 253 1041 468 1102; x_wconf 79' lang='lat' dir='ltr'><strong>patrem</strong></span> <span class='ocrx_word' id='word_1_74' title='bbox 491 1033 674 1089; x_wconf 89' lang='lat' dir='ltr'><strong>dicant</strong></span> <span class='ocrx_word' id='word_1_75' title='bbox 700 1031 1052 1104; x_wconf 91' lang='lat' dir='ltr'><strong>appellatum.</strong></span> <span class='ocrx_word' id='word_1_76' title='bbox 1082 1030 1139 1086; x_wconf 90' lang='lat' dir='ltr'><strong>Si</strong></span> <span class='ocrx_word' id='word_1_77' title='bbox 1161 1030 1306 1085; x_wconf 90' lang='lat' dir='ltr'><strong>enim</strong></span> <span class='ocrx_word' id='word_1_78' title='bbox 1341 1029 1392 1083; x_wconf 91' lang='lat' dir='ltr'><strong>hi</strong></span> <span class='ocrx_word' id='word_1_79' title='bbox 1417 1027 1532 1084; x_wconf 90' lang='lat' dir='ltr'><strong>veri</strong></span> <span class='ocrx_word' id='word_1_80' title='bbox 1554 1033 1713 1081; x_wconf 88' lang='lat' dir='ltr'><strong>erant</strong></span> 
     </span>
    </p>
   </div>
   <div class='ocr_carea' id='block_1_13' title="bbox 99 1118 1705 1196">
    <p class='ocr_par' dir='ltr' id='par_1_13' title="bbox 99 1118 1705 1196">
     <span class='ocr_line' id='line_1_13' title="bbox 99 1118 1705 1196; baseline -0.005 -16"><span class='ocrx_word' id='word_1_81' title='bbox 99 1125 305 1181; x_wconf 79' lang='lat' dir='ltr'><strong>fratres</strong></span> <span class='ocrx_word' id='word_1_82' title='bbox 335 1127 477 1196; x_wconf 84' lang='lat' dir='ltr'><strong>ejus,</strong></span> <span class='ocrx_word' id='word_1_83' title='bbox 511 1137 564 1181; x_wconf 92' lang='lat' dir='ltr'><strong>et</strong></span> <span class='ocrx_word' id='word_1_84' title='bbox 585 1126 788 1196; x_wconf 84' lang='lat' dir='ltr'><strong>Josepb</strong></span> <span class='ocrx_word' id='word_1_85' title='bbox 812 1127 919 1181; x_wconf 87' lang='lat' dir='ltr'><strong>erit</strong></span> <span class='ocrx_word' id='word_1_86' title='bbox 951 1139 1109 1179; x_wconf 87' lang='lat' dir='ltr'><strong>verus</strong></span> <span class='ocrx_word' id='word_1_87' title='bbox 1133 1131 1318 1194; x_wconf 85' lang='lat' dir='ltr'><strong>pater;</strong></span> <span class='ocrx_word' id='word_1_88' title='bbox 1351 1121 1476 1192; x_wconf 92' lang='lat' dir='ltr'><strong>quia</strong></span> <span class='ocrx_word' id='word_1_89' title='bbox 1498 1120 1590 1190; x_wconf 89' lang='lat' dir='ltr'><strong>qui</strong></span> <span class='ocrx_word' id='word_1_90' title='bbox 1619 1118 1705 1172; x_wconf 90' lang='lat' dir='ltr'><strong>di-</strong></span> 
     </span>
    </p>
   </div>
   <div class='ocr_carea' id='block_1_14' title="bbox 97 1211 1709 1290">
    <p class='ocr_par' dir='ltr' id='par_1_14' title="bbox 97 1211 1709 1290">
     <span class='ocr_line' id='line_1_14' title="bbox 97 1211 1709 1290; baseline -0.004 -18"><span class='ocrx_word' id='word_1_91' title='bbox 97 1218 177 1273; x_wconf 80' lang='lat' dir='ltr'><strong>xit</strong></span> <span class='ocrx_word' id='word_1_92' title='bbox 209 1229 425 1289; x_wconf 84' lang='lat' dir='ltr'><strong>patrem</strong></span> <span class='ocrx_word' id='word_1_93' title='bbox 474 1219 595 1290; x_wconf 88' lang='lat' dir='ltr'><strong>ejus</strong></span> <span class='ocrx_word' id='word_1_94' title='bbox 623 1219 845 1289; x_wconf 84' lang='lat' dir='ltr'><strong>losepb,</strong></span> <span class='ocrx_word' id='word_1_95' title='bbox 895 1217 1036 1274; x_wconf 88' lang='lat' dir='ltr'><strong>idem</strong></span> <span class='ocrx_word' id='word_1_96' title='bbox 1085 1216 1221 1271; x_wconf 79' lang='lat' dir='ltr'><strong>dixit</strong></span> <span class='ocrx_word' id='word_1_97' title='bbox 1249 1224 1304 1271; x_wconf 91' lang='lat' dir='ltr'><strong>et</strong></span> <span class='ocrx_word' id='word_1_98' title='bbox 1351 1213 1550 1269; x_wconf 86' lang='lat' dir='ltr'><strong>fratres</strong></span> <span class='ocrx_word' id='word_1_99' title='bbox 1591 1211 1709 1282; x_wconf 88' lang='lat' dir='ltr'><strong>ejus</strong></span> 
     </span>
    </p>
   </div>
   <div class='ocr_carea' id='block_1_15' title="bbox 98 1311 738 1370">
    <p class='ocr_par' dir='ltr' id='par_1_15' title="bbox 98 1311 738 1370">
     <span class='ocr_line' id='line_1_15' title="bbox 98 1311 738 1370; baseline 0.002 -2"><span class='ocrx_word' id='word_1_100' title='bbox 98 1311 374 1368; x_wconf 83' lang='lat' dir='ltr'><strong>Jacoburn</strong></span> <span class='ocrx_word' id='word_1_101' title='bbox 402 1324 455 1369; x_wconf 91' lang='lat' dir='ltr'><strong>et</strong></span> <span class='ocrx_word' id='word_1_102' title='bbox 480 1326 738 1370; x_wconf 72' lang='lat' dir='ltr'><strong>cmteros.</strong></span> 
     </span>
    </p>
   </div>
   <div class='ocr_carea' id='block_1_16' title="bbox 173 1405 1708 1476">
    <p class='ocr_par' dir='ltr' id='par_1_16' title="bbox 173 1405 1708 1476">
     <span class='ocr_line' id='line_1_16' title="bbox 173 1405 1708 1476; baseline -0.004 -14"><span class='ocrx_word' id='word_1_103' title='bbox 173 1407 377 1476; x_wconf 79' lang='lat' dir='ltr'><strong>(Vers.</strong></span> <span class='ocrx_word' id='word_1_104' title='bbox 431 1406 558 1476; x_wconf 75' lang='lat'><strong>9.0.)</strong></span> <span class='ocrx_word' id='word_1_105' title='bbox 596 1409 724 1474; x_wconf 66' lang='lat' dir='ltr'><strong>Quae</strong></span> <span class='ocrx_word' id='word_1_106' title='bbox 754 1417 921 1462; x_wconf 87' lang='lat' dir='ltr'><strong>autem</strong></span> <span class='ocrx_word' id='word_1_107' title='bbox 971 1407 1138 1462; x_wconf 86' lang='lat' dir='ltr'><strong>scribo</strong></span> <span class='ocrx_word' id='word_1_108' title='bbox 1167 1405 1330 1469; x_wconf 81' lang='lat' dir='ltr'><strong>vobis,</strong></span> <span class='ocrx_word' id='word_1_109' title='bbox 1370 1420 1486 1458; x_wconf 90' lang='lat' dir='ltr'><strong>ecce</strong></span> <span class='ocrx_word' id='word_1_110' title='bbox 1534 1419 1708 1458; x_wconf 86' lang='lat' dir='ltr'><strong>coram</strong></span> 
     </span>
    </p>
   </div>
   <div class='ocr_carea' id='block_1_17' title="bbox 98 1495 1708 1570">
    <p class='ocr_par' dir='ltr' id='par_1_17' title="bbox 98 1495 1708 1570">
     <span class='ocr_line' id='line_1_17' title="bbox 98 1495 1708 1570; baseline -0.001 -17"><span class='ocrx_word' id='word_1_111' title='bbox 98 1497 238 1561; x_wconf 88' lang='lat' dir='ltr'><strong>Deo.</strong></span> <span class='ocrx_word' id='word_1_112' title='bbox 268 1500 395 1570; x_wconf 83' lang='lat' dir='ltr'><strong>quia</strong></span> <span class='ocrx_word' id='word_1_113' title='bbox 417 1516 517 1554; x_wconf 88' lang='lat' dir='ltr'><strong>non</strong></span> <span class='ocrx_word' id='word_1_114' title='bbox 545 1500 780 1554; x_wconf 86' lang='lat' dir='ltr'><strong>mentior.</strong></span> <span class='ocrx_word' id='word_1_115' title='bbox 805 1499 922 1568; x_wconf 83' lang='lat' dir='ltr'><strong>Quo</strong></span> <span class='ocrx_word' id='word_1_116' title='bbox 945 1499 1013 1554; x_wconf 90' lang='lat' dir='ltr'><strong>ad</strong></span> <span class='ocrx_word' id='word_1_117' title='bbox 1032 1499 1564 1554; x_wconf 87' lang='lat' dir='ltr'><strong>commendationem</strong></span> <span class='ocrx_word' id='word_1_118' title='bbox 1590 1495 1708 1566; x_wconf 88' lang='lat' dir='ltr'><strong>ejus</strong></span> 
     </span>
    </p>
   </div>
   <div class='ocr_carea' id='block_1_18' title="bbox 97 1588 1708 1662">
    <p class='ocr_par' dir='ltr' id='par_1_18' title="bbox 97 1588 1708 1662">
     <span class='ocr_line' id='line_1_18' title="bbox 97 1588 1708 1662; baseline -0.002 -14"><span class='ocrx_word' id='word_1_119' title='bbox 97 1597 344 1662; x_wconf 88' lang='lat' dir='ltr'><strong>pertinet</strong></span> <span class='ocrx_word' id='word_1_120' title='bbox 372 1593 676 1659; x_wconf 87' lang='lat' dir='ltr'><strong>locuturus,</strong></span> <span class='ocrx_word' id='word_1_121' title='bbox 704 1602 895 1649; x_wconf 89' lang='lat' dir='ltr'><strong>testem</strong></span> <span class='ocrx_word' id='word_1_122' title='bbox 920 1592 1091 1648; x_wconf 88' lang='lat' dir='ltr'><strong>Deum</strong></span> <span class='ocrx_word' id='word_1_123' title='bbox 1116 1592 1229 1655; x_wconf 90' lang='lat' dir='ltr'><strong>dat.</strong></span> <span class='ocrx_word' id='word_1_124' title='bbox 1264 1591 1389 1661; x_wconf 86' lang='lat' dir='ltr'><strong>quia</strong></span> <span class='ocrx_word' id='word_1_125' title='bbox 1423 1591 1491 1645; x_wconf 86' lang='lat' dir='ltr'><strong>ita</strong></span> <span class='ocrx_word' id='word_1_126' title='bbox 1522 1605 1581 1646; x_wconf 92' lang='lat' dir='ltr'><strong>se</strong></span> <span class='ocrx_word' id='word_1_127' title='bbox 1611 1588 1708 1644; x_wconf 85' lang='lat' dir='ltr'><strong>ha-</strong></span> 
     </span>
    </p>
   </div>
   <div class='ocr_carea' id='block_1_19' title="bbox 97 1684 1700 1758">
    <p class='ocr_par' dir='ltr' id='par_1_19' title="bbox 97 1684 1700 1758">
     <span class='ocr_line' id='line_1_19' title="bbox 97 1684 1700 1758; baseline -0.002 -18"><span class='ocrx_word' id='word_1_128' title='bbox 97 1686 254 1753; x_wconf 88' lang='lat' dir='ltr'><strong>bent,</strong></span> <span class='ocrx_word' id='word_1_129' title='bbox 286 1703 412 1758; x_wconf 68' lang='lat' dir='ltr'><strong>qua:</strong></span> <span class='ocrx_word' id='word_1_130' title='bbox 438 1687 684 1743; x_wconf 89' lang='lat' dir='ltr'><strong>dicturus</strong></span> <span class='ocrx_word' id='word_1_131' title='bbox 712 1698 815 1745; x_wconf 89' lang='lat' dir='ltr'><strong>est.</strong></span> <span class='ocrx_word' id='word_1_132' title='bbox 847 1703 914 1743; x_wconf 91' lang='lat' dir='ltr'><strong>ne</strong></span> <span class='ocrx_word' id='word_1_133' title='bbox 941 1686 1081 1741; x_wconf 89' lang='lat' dir='ltr'><strong>forte</strong></span> <span class='ocrx_word' id='word_1_134' title='bbox 1119 1685 1400 1740; x_wconf 80' lang='lat' dir='ltr'><strong>videretur</strong></span> <span class='ocrx_word' id='word_1_135' title='bbox 1423 1684 1700 1753; x_wconf 91' lang='lat' dir='ltr'><strong>composi-</strong></span> 
     </span>
    </p>
   </div>
   <div class='ocr_carea' id='block_1_20' title="bbox 1820 453 3416 529">
    <p class='ocr_par' dir='ltr' id='par_1_20' title="bbox 1820 453 3416 529">
     <span class='ocr_line' id='line_1_20' title="bbox 1820 453 3416 529; baseline -0.003 -15"><span class='ocrx_word' id='word_1_136' title='bbox 1820 475 1850 514; x_wconf 90' lang='lat' dir='ltr'><strong>a</strong></span> <span class='ocrx_word' id='word_1_137' title='bbox 1896 459 2119 526; x_wconf 69' lang='lat' dir='ltr'><strong>Judaais,</strong></span> <span class='ocrx_word' id='word_1_138' title='bbox 2172 458 2487 515; x_wconf 86' lang='lat' dir='ltr'><strong>dicentibus</strong></span> <span class='ocrx_word' id='word_1_139' title='bbox 2537 457 2665 529; x_wconf 89' lang='lat' dir='ltr'><strong>quia</strong></span> <span class='ocrx_word' id='word_1_140' title='bbox 2709 456 2856 513; x_wconf 90' lang='lat' dir='ltr'><strong>aliud</strong></span> <span class='ocrx_word' id='word_1_141' title='bbox 2905 453 3155 512; x_wconf 86' lang='lat' dir='ltr'><strong>tradebat</strong></span> <span class='ocrx_word' id='word_1_142' title='bbox 3203 454 3416 519; x_wconf 86' lang='lat' dir='ltr'><strong>Petrus,</strong></span> 
     </span>
    </p>
   </div>
   <div class='ocr_carea' id='block_1_21' title="bbox 1818 551 3423 625">
    <p class='ocr_par' dir='ltr' id='par_1_21' title="bbox 1818 551 3423 625">
     <span class='ocr_line' id='line_1_21' title="bbox 1818 551 3423 625; baseline -0.002 -15"><span class='ocrx_word' id='word_1_143' title='bbox 1818 569 1979 625; x_wconf 91' lang='lat' dir='ltr'><strong>quam</strong></span> <span class='ocrx_word' id='word_1_144' title='bbox 2001 553 2229 619; x_wconf 89' lang='lat' dir='ltr'><strong>Paulus;</strong></span> <span class='ocrx_word' id='word_1_145' title='bbox 2259 553 2389 608; x_wconf 84' lang='lat' dir='ltr'><strong>hinc</strong></span> <span class='ocrx_word' id='word_1_146' title='bbox 2418 553 2620 609; x_wconf 90' lang='lat' dir='ltr'><strong>factum</strong></span> <span class='ocrx_word' id='word_1_147' title='bbox 2644 561 2751 619; x_wconf 90' lang='lat' dir='ltr'><strong>est,</strong></span> <span class='ocrx_word' id='word_1_148' title='bbox 2781 561 2839 607; x_wconf 94' lang='lat' dir='ltr'><strong>ut</strong></span> <span class='ocrx_word' id='word_1_149' title='bbox 2866 551 3180 607; x_wconf 88' lang='lat' dir='ltr'><strong>admonitus</strong></span> <span class='ocrx_word' id='word_1_150' title='bbox 3210 551 3423 607; x_wconf 86' lang='lat' dir='ltr'><strong>revela-</strong></span> 
     </span>
    </p>
   </div>
   <div class='ocr_carea' id='block_1_22' title="bbox 1819 645 3418 718">
    <p class='ocr_par' dir='ltr' id='par_1_22' title="bbox 1819 645 3418 718">
     <span class='ocr_line' id='line_1_22' title="bbox 1819 645 3418 718; baseline 0 -16"><span class='ocrx_word' id='word_1_151' title='bbox 1819 646 1967 704; x_wconf 90' lang='lat' dir='ltr'><strong>tione</strong></span> <span class='ocrx_word' id='word_1_152' title='bbox 1992 646 2210 702; x_wconf 82' lang='lat' dir='ltr'><strong>Domini</strong></span> <span class='ocrx_word' id='word_1_153' title='bbox 2237 645 2560 703; x_wconf 85' lang='lat' dir='ltr'><strong>ascenderet</strong></span> <span class='ocrx_word' id='word_1_154' title='bbox 2580 646 3014 718; x_wconf 83' lang='lat' dir='ltr'><strong>Hierosolymam</strong></span> <span class='ocrx_word' id='word_1_155' title='bbox 3034 661 3157 702; x_wconf 91' lang='lat' dir='ltr'><strong>cum</strong></span> <span class='ocrx_word' id='word_1_156' title='bbox 3183 645 3418 703; x_wconf 87' lang='lat' dir='ltr'><strong>testibus</strong></span> 
     </span>
    </p>
   </div>
   <div class='ocr_carea' id='block_1_23' title="bbox 1818 739 3411 812">
    <p class='ocr_par' dir='ltr' id='par_1_23' title="bbox 1818 739 3411 812">
     <span class='ocr_line' id='line_1_23' title="bbox 1818 739 3411 812; baseline 0.001 -18"><span class='ocrx_word' id='word_1_157' title='bbox 1818 740 2223 812; x_wconf 70' lang='lat' dir='ltr'><strong>praedicationis</strong></span> <span class='ocrx_word' id='word_1_158' title='bbox 2257 756 2393 806; x_wconf 69' lang='lat' dir='ltr'><strong>suae,</strong></span> <span class='ocrx_word' id='word_1_159' title='bbox 2425 739 2477 795; x_wconf 90' lang='lat' dir='ltr'><strong>id</strong></span> <span class='ocrx_word' id='word_1_160' title='bbox 2523 750 2628 807; x_wconf 89' lang='lat' dir='ltr'><strong>est,</strong></span> <span class='ocrx_word' id='word_1_161' title='bbox 2662 739 2909 795; x_wconf 88' lang='lat' dir='ltr'><strong>Barnaba</strong></span> <span class='ocrx_word' id='word_1_162' title='bbox 2939 748 2996 794; x_wconf 91' lang='lat' dir='ltr'><strong>et</strong></span> <span class='ocrx_word' id='word_1_163' title='bbox 3035 739 3183 806; x_wconf 88' lang='lat' dir='ltr'><strong>Tito,</strong></span> <span class='ocrx_word' id='word_1_164' title='bbox 3213 755 3322 795; x_wconf 92' lang='lat' dir='ltr'><strong>uno</strong></span> <span class='ocrx_word' id='word_1_165' title='bbox 3344 757 3411 796; x_wconf 83' lang='lat' dir='ltr'><strong>ex</strong></span> 
     </span>
    </p>
   </div>
   <div class='ocr_carea' id='block_1_24' title="bbox 1815 829 3414 902">
    <p class='ocr_par' dir='ltr' id='par_1_24' title="bbox 1815 829 3414 902">
     <span class='ocr_line' id='line_1_24' title="bbox 1815 829 3414 902; baseline 0.001 -16"><span class='ocrx_word' id='word_1_166' title='bbox 1815 829 2024 896; x_wconf 71' lang='lat' dir='ltr'><strong>ludam,</strong></span> <span class='ocrx_word' id='word_1_167' title='bbox 2067 839 2123 886; x_wconf 87' lang='lat' dir='ltr'><strong>et</strong></span> <span class='ocrx_word' id='word_1_168' title='bbox 2151 831 2326 886; x_wconf 88' lang='lat' dir='ltr'><strong>altero</strong></span> <span class='ocrx_word' id='word_1_169' title='bbox 2371 845 2439 885; x_wconf 85' lang='lat' dir='ltr'><strong>ex</strong></span> <span class='ocrx_word' id='word_1_170' title='bbox 2474 830 2700 902; x_wconf 85' lang='lat' dir='ltr'><strong>gentili;</strong></span> <span class='ocrx_word' id='word_1_171' title='bbox 2733 840 2791 884; x_wconf 93' lang='lat' dir='ltr'><strong>ut</strong></span> <span class='ocrx_word' id='word_1_172' title='bbox 2834 830 2880 885; x_wconf 91' lang='lat' dir='ltr'><strong>si</strong></span> <span class='ocrx_word' id='word_1_173' title='bbox 2910 829 3002 901; x_wconf 89' lang='lat' dir='ltr'><strong>qui</strong></span> <span class='ocrx_word' id='word_1_174' title='bbox 3031 830 3099 886; x_wconf 90' lang='lat' dir='ltr'><strong>de</strong></span> <span class='ocrx_word' id='word_1_175' title='bbox 3129 845 3199 887; x_wconf 87' lang='lat' dir='ltr'><strong>eo</strong></span> <span class='ocrx_word' id='word_1_176' title='bbox 3245 830 3414 887; x_wconf 88' lang='lat' dir='ltr'><strong>babeâ€”</strong></span> 
     </span>
    </p>
   </div>
   <div class='ocr_carea' id='block_1_25' title="bbox 1818 921 3415 990">
    <p class='ocr_par' dir='ltr' id='par_1_25' title="bbox 1818 921 3415 990">
     <span class='ocr_line' id='line_1_25' title="bbox 1818 921 3415 990; baseline 0.002 -14"><span class='ocrx_word' id='word_1_177' title='bbox 1818 931 1939 978; x_wconf 86' lang='lat' dir='ltr'><strong>rent</strong></span> <span class='ocrx_word' id='word_1_178' title='bbox 1982 923 2322 990; x_wconf 85' lang='lat' dir='ltr'><strong>scandalum,</strong></span> <span class='ocrx_word' id='word_1_179' title='bbox 2366 923 2563 978; x_wconf 86' lang='lat' dir='ltr'><strong>horum</strong></span> <span class='ocrx_word' id='word_1_180' title='bbox 2599 921 2912 978; x_wconf 91' lang='lat' dir='ltr'><strong>testimonio</strong></span> <span class='ocrx_word' id='word_1_181' title='bbox 2958 923 3267 987; x_wconf 90' lang='lat' dir='ltr'><strong>tolleretur,</strong></span> <span class='ocrx_word' id='word_1_182' title='bbox 3320 924 3415 979; x_wconf 89' lang='lat' dir='ltr'><strong>ad-</strong></span> 
     </span>
    </p>
   </div>
   <div class='ocr_carea' id='block_1_26' title="bbox 1815 1016 3418 1088">
    <p class='ocr_par' dir='ltr' id='par_1_26' title="bbox 1815 1016 3418 1088">
     <span class='ocr_line' id='line_1_26' title="bbox 1815 1016 3418 1088; baseline 0.001 -17"><span class='ocrx_word' id='word_1_183' title='bbox 1815 1016 2064 1086; x_wconf 87' lang='lat' dir='ltr'><strong>aperiens</strong></span> <span class='ocrx_word' id='word_1_184' title='bbox 2090 1017 2200 1073; x_wconf 90' lang='lat' dir='ltr'><strong>illis</strong></span> <span class='ocrx_word' id='word_1_185' title='bbox 2225 1033 2447 1073; x_wconf 90' lang='lat' dir='ltr'><strong>sensum</strong></span> <span class='ocrx_word' id='word_1_186' title='bbox 2479 1017 2892 1088; x_wconf 83' lang='lat' dir='ltr'><strong>praedicationis</strong></span> <span class='ocrx_word' id='word_1_187' title='bbox 2921 1032 3056 1072; x_wconf 64' lang='lat' dir='ltr'><strong>suae.</strong></span> <span class='ocrx_word' id='word_1_188' title='bbox 3091 1017 3228 1072; x_wconf 86' lang='lat' dir='ltr'><strong>Cum</strong></span> <span class='ocrx_word' id='word_1_189' title='bbox 3263 1032 3418 1086; x_wconf 86' lang='lat' dir='ltr'><strong>apos-</strong></span> 
     </span>
    </p>
   </div>
   <div class='ocr_carea' id='block_1_27' title="bbox 1817 1112 3412 1178">
    <p class='ocr_par' dir='ltr' id='par_1_27' title="bbox 1817 1112 3412 1178">
     <span class='ocr_line' id='line_1_27' title="bbox 1817 1112 3412 1178; baseline 0.001 -12"><span class='ocrx_word' id='word_1_190' title='bbox 1817 1112 1940 1167; x_wconf 91' lang='lat' dir='ltr'><strong>tolis</strong></span> <span class='ocrx_word' id='word_1_191' title='bbox 1993 1129 2125 1168; x_wconf 91' lang='lat' dir='ltr'><strong>vero</strong></span> <span class='ocrx_word' id='word_1_192' title='bbox 2164 1120 2382 1169; x_wconf 90' lang='lat' dir='ltr'><strong>secreto</strong></span> <span class='ocrx_word' id='word_1_193' title='bbox 2432 1113 2698 1178; x_wconf 86' lang='lat' dir='ltr'><strong>contulit;</strong></span> <span class='ocrx_word' id='word_1_194' title='bbox 2746 1122 2804 1167; x_wconf 91' lang='lat' dir='ltr'><strong>ut</strong></span> <span class='ocrx_word' id='word_1_195' title='bbox 2851 1112 3057 1169; x_wconf 88' lang='lat' dir='ltr'><strong>scirent</strong></span> <span class='ocrx_word' id='word_1_196' title='bbox 3100 1130 3206 1169; x_wconf 91' lang='lat' dir='ltr'><strong>non</strong></span> <span class='ocrx_word' id='word_1_197' title='bbox 3259 1114 3412 1168; x_wconf 87' lang='lat' dir='ltr'><strong>illum</strong></span> 
     </span>
    </p>
   </div>
   <div class='ocr_carea' id='block_1_28' title="bbox 1813 1206 3408 1279">
    <p class='ocr_par' dir='ltr' id='par_1_28' title="bbox 1813 1206 3408 1279">
     <span class='ocr_line' id='line_1_28' title="bbox 1813 1206 3408 1279; baseline 0 -17"><span class='ocrx_word' id='word_1_198' title='bbox 1813 1206 2127 1263; x_wconf 90' lang='lat' dir='ltr'><strong>discordare</strong></span> <span class='ocrx_word' id='word_1_199' title='bbox 2153 1224 2181 1262; x_wconf 92' lang='lat' dir='ltr'><strong>a</strong></span> <span class='ocrx_word' id='word_1_200' title='bbox 2206 1210 2394 1279; x_wconf 88' lang='lat' dir='ltr'><strong>regula</strong></span> <span class='ocrx_word' id='word_1_201' title='bbox 2420 1207 2763 1278; x_wconf 88' lang='lat' dir='ltr'><strong>evangelica,</strong></span> <span class='ocrx_word' id='word_1_202' title='bbox 2797 1206 2903 1262; x_wconf 84' lang='lat' dir='ltr'><strong>hoc</strong></span> <span class='ocrx_word' id='word_1_203' title='bbox 2932 1216 3038 1276; x_wconf 92' lang='lat' dir='ltr'><strong>est,</strong></span> <span class='ocrx_word' id='word_1_204' title='bbox 3065 1223 3132 1263; x_wconf 92' lang='lat' dir='ltr'><strong>ne</strong></span> <span class='ocrx_word' id='word_1_205' title='bbox 3161 1218 3408 1278; x_wconf 81' lang='lat' dir='ltr'><strong>putarent</strong></span> 
     </span>
    </p>
   </div>
   <div class='ocr_carea' id='block_1_29' title="bbox 1814 1303 3413 1369">
    <p class='ocr_par' dir='ltr' id='par_1_29' title="bbox 1814 1303 3413 1369">
     <span class='ocr_line' id='line_1_29' title="bbox 1814 1303 3413 1369; baseline -0.001 -11"><span class='ocrx_word' id='word_1_206' title='bbox 1814 1303 1965 1360; x_wconf 89' lang='lat' dir='ltr'><strong>illum</strong></span> <span class='ocrx_word' id='word_1_207' title='bbox 2000 1304 2054 1359; x_wconf 93' lang='lat' dir='ltr'><strong>in</strong></span> <span class='ocrx_word' id='word_1_208' title='bbox 2098 1319 2327 1360; x_wconf 89' lang='lat' dir='ltr'><strong>vacuum</strong></span> <span class='ocrx_word' id='word_1_209' title='bbox 2354 1320 2578 1360; x_wconf 90' lang='lat' dir='ltr'><strong>currere</strong></span> <span class='ocrx_word' id='word_1_210' title='bbox 2609 1312 2701 1358; x_wconf 94' lang='lat' dir='ltr'><strong>aut</strong></span> <span class='ocrx_word' id='word_1_211' title='bbox 2730 1304 3065 1369; x_wconf 90' lang='lat' dir='ltr'><strong>cucurrisse,</strong></span> <span class='ocrx_word' id='word_1_212' title='bbox 3098 1304 3240 1359; x_wconf 89' lang='lat' dir='ltr'><strong>sicut</strong></span> <span class='ocrx_word' id='word_1_213' title='bbox 3270 1304 3413 1358; x_wconf 60' lang='lat' dir='ltr'><strong>arsti-</strong></span> 
     </span>
    </p>
   </div>
   <div class='ocr_carea' id='block_1_30' title="bbox 1813 1395 3411 1466">
    <p class='ocr_par' dir='ltr' id='par_1_30' title="bbox 1813 1395 3411 1466">
     <span class='ocr_line' id='line_1_30' title="bbox 1813 1395 3411 1466; baseline -0.001 -16"><span class='ocrx_word' id='word_1_214' title='bbox 1813 1396 2034 1451; x_wconf 91' lang='lat' dir='ltr'><strong>mabaut</strong></span> <span class='ocrx_word' id='word_1_215' title='bbox 2079 1396 2344 1466; x_wconf 88' lang='lat' dir='ltr'><strong>aliquanti</strong></span> <span class='ocrx_word' id='word_1_216' title='bbox 2376 1411 2440 1450; x_wconf 76' lang='lat' dir='ltr'><strong>ex</strong></span> <span class='ocrx_word' id='word_1_217' title='bbox 2474 1395 2678 1451; x_wconf 66' lang='lat' dir='ltr'><strong>Iudaeis</strong></span> <span class='ocrx_word' id='word_1_218' title='bbox 2708 1395 3086 1451; x_wconf 88' lang='lat' dir='ltr'><strong>credentibus.</strong></span> <span class='ocrx_word' id='word_1_219' title='bbox 3122 1395 3236 1451; x_wconf 87' lang='lat' dir='ltr'><strong>Nec</strong></span> <span class='ocrx_word' id='word_1_220' title='bbox 3265 1395 3411 1450; x_wconf 89' lang='lat' dir='ltr'><strong>enim</strong></span> 
     </span>
    </p>
   </div>
   <div class='ocr_carea' id='block_1_31' title="bbox 1811 1486 3408 1560">
    <p class='ocr_par' dir='ltr' id='par_1_31' title="bbox 1811 1486 3408 1560">
     <span class='ocr_line' id='line_1_31' title="bbox 1811 1486 3408 1560; baseline 0 -18"><span class='ocrx_word' id='word_1_221' title='bbox 1811 1488 2012 1559; x_wconf 90' lang='lat' dir='ltr'><strong>aliquid</strong></span> <span class='ocrx_word' id='word_1_222' title='bbox 2060 1489 2129 1545; x_wconf 91' lang='lat' dir='ltr'><strong>ab</strong></span> <span class='ocrx_word' id='word_1_223' title='bbox 2159 1489 2238 1544; x_wconf 91' lang='lat' dir='ltr'><strong>eis</strong></span> <span class='ocrx_word' id='word_1_224' title='bbox 2268 1488 2483 1544; x_wconf 89' lang='lat' dir='ltr'><strong>discere</strong></span> <span class='ocrx_word' id='word_1_225' title='bbox 2508 1499 2756 1560; x_wconf 88' lang='lat' dir='ltr'><strong>poterat;</strong></span> <span class='ocrx_word' id='word_1_226' title='bbox 2785 1488 2911 1559; x_wconf 85' lang='lat' dir='ltr'><strong>quia</strong></span> <span class='ocrx_word' id='word_1_227' title='bbox 2941 1503 2970 1541; x_wconf 88' lang='lat' dir='ltr'><strong>a</strong></span> <span class='ocrx_word' id='word_1_228' title='bbox 2993 1486 3104 1543; x_wconf 91' lang='lat' dir='ltr'><strong>Deo</strong></span> <span class='ocrx_word' id='word_1_229' title='bbox 3129 1487 3303 1543; x_wconf 89' lang='lat' dir='ltr'><strong>fuerat</strong></span> <span class='ocrx_word' id='word_1_230' title='bbox 3332 1487 3408 1542; x_wconf 88' lang='lat' dir='ltr'><strong>in-</strong></span> 
     </span>
    </p>
   </div>
   <div class='ocr_carea' id='block_1_32' title="bbox 1811 1581 3414 1652">
    <p class='ocr_par' dir='ltr' id='par_1_32' title="bbox 1811 1581 3414 1652">
     <span class='ocr_line' id='line_1_32' title="bbox 1811 1581 3414 1652; baseline 0 -16"><span class='ocrx_word' id='word_1_231' title='bbox 1811 1591 2051 1636; x_wconf 83' lang='lat' dir='ltr'><strong>structus</strong></span> <span class='ocrx_word' id='word_1_232' title='bbox 2078 1600 2091 1635; x_wconf 87' lang='lat'><strong>:</strong></span> <span class='ocrx_word' id='word_1_233' title='bbox 2123 1581 2218 1636; x_wconf 93' lang='lat' dir='ltr'><strong>sed</strong></span> <span class='ocrx_word' id='word_1_234' title='bbox 2244 1590 2467 1651; x_wconf 87' lang='lat' dir='ltr'><strong>propter</strong></span> <span class='ocrx_word' id='word_1_235' title='bbox 2488 1581 2837 1637; x_wconf 87' lang='lat' dir='ltr'><strong>concordiam</strong></span> <span class='ocrx_word' id='word_1_236' title='bbox 2867 1590 2922 1636; x_wconf 91' lang='lat' dir='ltr'><strong>et</strong></span> <span class='ocrx_word' id='word_1_237' title='bbox 2951 1596 3141 1652; x_wconf 88' lang='lat' dir='ltr'><strong>pacem</strong></span> <span class='ocrx_word' id='word_1_238' title='bbox 3167 1581 3259 1636; x_wconf 91' lang='lat' dir='ltr'><strong>Dei</strong></span> <span class='ocrx_word' id='word_1_239' title='bbox 3285 1590 3414 1636; x_wconf 89' lang='lat' dir='ltr'><strong>nutu</strong></span> 
     </span>
    </p>
   </div>
   <div class='ocr_carea' id='block_1_33' title="bbox 1809 1672 3406 1746">
    <p class='ocr_par' dir='ltr' id='par_1_33' title="bbox 1809 1672 3406 1746">
     <span class='ocr_line' id='line_1_33' title="bbox 1809 1672 3406 1746; baseline 0.003 -20"><span class='ocrx_word' id='word_1_240' title='bbox 1809 1672 2010 1728; x_wconf 91' lang='lat' dir='ltr'><strong>factum</strong></span> <span class='ocrx_word' id='word_1_241' title='bbox 2034 1683 2147 1738; x_wconf 86' lang='lat' dir='ltr'><strong>est;</strong></span> <span class='ocrx_word' id='word_1_242' title='bbox 2173 1684 2228 1728; x_wconf 91' lang='lat' dir='ltr'><strong>ut</strong></span> <span class='ocrx_word' id='word_1_243' title='bbox 2259 1675 2542 1730; x_wconf 89' lang='lat' dir='ltr'><strong>tolleretur</strong></span> <span class='ocrx_word' id='word_1_244' title='bbox 2569 1675 2862 1746; x_wconf 89' lang='lat' dir='ltr'><strong>scrupulus</strong></span> <span class='ocrx_word' id='word_1_245' title='bbox 2900 1685 2992 1730; x_wconf 91' lang='lat' dir='ltr'><strong>aut</strong></span> <span class='ocrx_word' id='word_1_246' title='bbox 3019 1676 3263 1746; x_wconf 89' lang='lat' dir='ltr'><strong>suspicio</strong></span> <span class='ocrx_word' id='word_1_247' title='bbox 3298 1675 3406 1731; x_wconf 88' lang='lat' dir='ltr'><strong>fra-</strong></span> 
     </span>
    </p>
   </div>
   <div class='ocr_carea' id='block_1_34' title="bbox 98 1768 1694 1862">
    <p class='ocr_par' dir='ltr' id='par_1_34' title="bbox 98 1780 1694 1862">
     <span class='ocr_line' id='line_1_34' title="bbox 98 1780 1694 1862; baseline -0.001 -28"><span class='ocrx_word' id='word_1_248' title='bbox 98 1789 247 1846; x_wconf 90' lang='lat' dir='ltr'><strong>tum;</strong></span> <span class='ocrx_word' id='word_1_249' title='bbox 283 1796 412 1836; x_wconf 90' lang='lat' dir='ltr'><strong>cum</strong></span> <span class='ocrx_word' id='word_1_250' title='bbox 466 1797 717 1852; x_wconf 76' lang='lat' dir='ltr'><strong>persona:</strong></span> <span class='ocrx_word' id='word_1_251' title='bbox 748 1781 867 1852; x_wconf 89' lang='lat' dir='ltr'><strong>ejus</strong></span> <span class='ocrx_word' id='word_1_252' title='bbox 897 1782 1334 1862; x_wconf 66' lang='lat' dir='ltr'><strong>norLcouveniat</strong></span> <span class='ocrx_word' id='word_1_253' title='bbox 1364 1780 1567 1851; x_wconf 86' lang='lat' dir='ltr'><strong>aliquid</strong></span> <span class='ocrx_word' id='word_1_254' title='bbox 1601 1780 1694 1833; x_wconf 87' lang='lat' dir='ltr'><strong>lin-</strong></span> 
     </span>
    </p>
   </div>
   <div class='ocr_carea' id='block_1_35' title="bbox 1803 1768 3408 1862">
    <p class='ocr_par' dir='ltr' id='par_1_35' title="bbox 1807 1768 3408 1840">
     <span class='ocr_line' id='line_1_35' title="bbox 1807 1768 3408 1840; baseline 0.002 -20"><span class='ocrx_word' id='word_1_255' title='bbox 1807 1769 1981 1822; x_wconf 87' lang='lat' dir='ltr'><strong>tribus</strong></span> <span class='ocrx_word' id='word_1_256' title='bbox 2012 1776 2067 1822; x_wconf 86' lang='lat' dir='ltr'><strong>et</strong></span> <span class='ocrx_word' id='word_1_257' title='bbox 2088 1768 2417 1836; x_wconf 89' lang='lat' dir='ltr'><strong>coapostolis</strong></span> <span class='ocrx_word' id='word_1_258' title='bbox 2455 1771 2596 1838; x_wconf 86' lang='lat' dir='ltr'><strong>ejus,</strong></span> <span class='ocrx_word' id='word_1_259' title='bbox 2625 1777 2680 1824; x_wconf 90' lang='lat' dir='ltr'><strong>et</strong></span> <span class='ocrx_word' id='word_1_260' title='bbox 2711 1777 2770 1824; x_wconf 93' lang='lat' dir='ltr'><strong>ut</strong></span> <span class='ocrx_word' id='word_1_261' title='bbox 2806 1769 3062 1840; x_wconf 80' lang='lat' dir='ltr'><strong>gentibus</strong></span> <span class='ocrx_word' id='word_1_262' title='bbox 3097 1770 3408 1840; x_wconf 83' lang='lat' dir='ltr'><strong>proliceret,</strong></span> 
     </span>
    </p>
   </div>
   <div class='ocr_carea' id='block_1_36' title="bbox 94 1874 1697 1948">
    <p class='ocr_par' dir='ltr' id='par_1_36' title="bbox 94 1874 1697 1948">
     <span class='ocr_line' id='line_1_36' title="bbox 94 1874 1697 1948; baseline -0.001 -18"><span class='ocrx_word' id='word_1_263' title='bbox 94 1891 249 1946; x_wconf 86' lang='lat' dir='ltr'><strong>gere.</strong></span> <span class='ocrx_word' id='word_1_264' title='bbox 281 1875 393 1930; x_wconf 91' lang='lat' dir='ltr'><strong>Sed</strong></span> <span class='ocrx_word' id='word_1_265' title='bbox 425 1891 549 1931; x_wconf 93' lang='lat' dir='ltr'><strong>cum</strong></span> <span class='ocrx_word' id='word_1_266' title='bbox 581 1891 642 1932; x_wconf 91' lang='lat' dir='ltr'><strong>se</strong></span> <span class='ocrx_word' id='word_1_267' title='bbox 668 1878 1039 1944; x_wconf 89' lang='lat' dir='ltr'><strong>commendat,</strong></span> <span class='ocrx_word' id='word_1_268' title='bbox 1093 1877 1192 1931; x_wconf 86' lang='lat' dir='ltr'><strong>bos</strong></span> <span class='ocrx_word' id='word_1_269' title='bbox 1240 1876 1348 1948; x_wconf 87' lang='lat' dir='ltr'><strong>vult</strong></span> <span class='ocrx_word' id='word_1_270' title='bbox 1395 1874 1658 1945; x_wconf 87' lang='lat' dir='ltr'><strong>prolicere</strong></span> <span class='ocrx_word' id='word_1_271' title='bbox 1685 1890 1697 1936; x_wconf 88' lang='lat'><strong>;</strong></span> 
     </span>
    </p>
   </div>
   <div class='ocr_carea' id='block_1_37' title="bbox 93 1967 1696 2041">
    <p class='ocr_par' dir='ltr' id='par_1_37' title="bbox 93 1967 1696 2041">
     <span class='ocr_line' id='line_1_37' title="bbox 93 1967 1696 2041; baseline -0.001 -19"><span class='ocrx_word' id='word_1_272' title='bbox 93 1967 509 2023; x_wconf 85' lang='lat' dir='ltr'><strong>commendatio</strong></span> <span class='ocrx_word' id='word_1_273' title='bbox 536 1971 680 2024; x_wconf 88' lang='lat' dir='ltr'><strong>enim</strong></span> <span class='ocrx_word' id='word_1_274' title='bbox 709 1970 824 2024; x_wconf 65' lang='lat' dir='ltr'><strong>haec</strong></span> <span class='ocrx_word' id='word_1_275' title='bbox 867 1969 986 2026; x_wconf 80' lang='lat' dir='ltr'><strong>iSliS</strong></span> <span class='ocrx_word' id='word_1_276' title='bbox 1032 1969 1265 2041; x_wconf 85' lang='lat' dir='ltr'><strong>prolicit,</strong></span> <span class='ocrx_word' id='word_1_277' title='bbox 1311 1977 1367 2023; x_wconf 90' lang='lat' dir='ltr'><strong>ut</strong></span> <span class='ocrx_word' id='word_1_278' title='bbox 1406 1969 1580 2024; x_wconf 92' lang='lat' dir='ltr'><strong>sciant</strong></span> <span class='ocrx_word' id='word_1_279' title='bbox 1612 1984 1696 2033; x_wconf 89' lang='lat' dir='ltr'><strong>ea,</strong></span> 
     </span>
    </p>
   </div>
   <div class='ocr_carea' id='block_1_38' title="bbox 94 2061 1234 2130">
    <p class='ocr_par' dir='ltr' id='par_1_38' title="bbox 94 2061 1234 2130">
     <span class='ocr_line' id='line_1_38' title="bbox 94 2061 1234 2130; baseline 0.004 -15"><span class='ocrx_word' id='word_1_280' title='bbox 94 2075 214 2130; x_wconf 77' lang='lat' dir='ltr'><strong>quae</strong></span> <span class='ocrx_word' id='word_1_281' title='bbox 243 2061 322 2115; x_wconf 87' lang='lat' dir='ltr'><strong>ab</strong></span> <span class='ocrx_word' id='word_1_282' title='bbox 346 2062 445 2117; x_wconf 87' lang='lat' dir='ltr'><strong>hoc</strong></span> <span class='ocrx_word' id='word_1_283' title='bbox 477 2062 752 2130; x_wconf 89' lang='lat' dir='ltr'><strong>dicuntur,</strong></span> <span class='ocrx_word' id='word_1_284' title='bbox 783 2079 906 2118; x_wconf 91' lang='lat' dir='ltr'><strong>esse</strong></span> <span class='ocrx_word' id='word_1_285' title='bbox 933 2065 1234 2120; x_wconf 91' lang='lat' dir='ltr'><strong>verissima.</strong></span> 
     </span>
    </p>
   </div>
   <div class='ocr_carea' id='block_1_39' title="bbox 167 2151 1700 2230">
    <p class='ocr_par' dir='ltr' id='par_1_39' title="bbox 167 2151 1700 2230">
     <span class='ocr_line' id='line_1_39' title="bbox 167 2151 1700 2230; baseline 0.001 -22"><span class='ocrx_word' id='word_1_286' title='bbox 167 2151 374 2226; x_wconf 82' lang='lat' dir='ltr'><strong>(Vers.</strong></span> <span class='ocrx_word' id='word_1_287' title='bbox 405 2153 619 2228; x_wconf 68' lang='lat'><strong>21-24.)</strong></span> <span class='ocrx_word' id='word_1_288' title='bbox 653 2153 860 2210; x_wconf 80' lang='lat' dir='ltr'><strong>Deinde</strong></span> <span class='ocrx_word' id='word_1_289' title='bbox 890 2156 1002 2210; x_wconf 84' lang='lat' dir='ltr'><strong>ueni</strong></span> <span class='ocrx_word' id='word_1_290' title='bbox 1059 2157 1113 2211; x_wconf 87' lang='lat' dir='ltr'><strong>in</strong></span> <span class='ocrx_word' id='word_1_291' title='bbox 1149 2158 1385 2230; x_wconf 83' lang='lat' dir='ltr'><strong>regiones</strong></span> <span class='ocrx_word' id='word_1_292' title='bbox 1427 2157 1601 2228; x_wconf 73' lang='lat' dir='ltr'><strong>Syria:</strong></span> <span class='ocrx_word' id='word_1_293' title='bbox 1655 2166 1700 2210; x_wconf 88' lang='lat' dir='ltr'><strong>et</strong></span> 
     </span>
    </p>
   </div>
   <div class='ocr_carea' id='block_1_40' title="bbox 92 2244 1698 2321">
    <p class='ocr_par' dir='ltr' id='par_1_40' title="bbox 92 2244 1698 2321">
     <span class='ocr_line' id='line_1_40' title="bbox 92 2244 1698 2321; baseline 0.001 -20"><span class='ocrx_word' id='word_1_294' title='bbox 92 2244 320 2301; x_wconf 75' lang='lat' dir='ltr'><strong>Ciliciae.</strong></span> <span class='ocrx_word' id='word_1_295' title='bbox 369 2246 530 2302; x_wconf 87' lang='lat' dir='ltr'><strong>Eram</strong></span> <span class='ocrx_word' id='word_1_296' title='bbox 557 2259 730 2303; x_wconf 86' lang='lat' dir='ltr'><strong>autem</strong></span> <span class='ocrx_word' id='word_1_297' title='bbox 769 2251 976 2321; x_wconf 87' lang='lat' dir='ltr'><strong>ignotus</strong></span> <span class='ocrx_word' id='word_1_298' title='bbox 1024 2251 1158 2321; x_wconf 80' lang='lat' dir='ltr'><strong>facie</strong></span> <span class='ocrx_word' id='word_1_299' title='bbox 1185 2249 1432 2303; x_wconf 82' lang='lat' dir='ltr'><strong>Ecclesiis</strong></span> <span class='ocrx_word' id='word_1_300' title='bbox 1476 2247 1698 2315; x_wconf 67' lang='lat' dir='ltr'><strong>Judaâ€™w,</strong></span> 
     </span>
    </p>
   </div>
   <div class='ocr_carea' id='block_1_41' title="bbox 95 2338 1702 2414">
    <p class='ocr_par' dir='ltr' id='par_1_41' title="bbox 95 2338 1702 2414">
     <span class='ocr_line' id='line_1_41' title="bbox 95 2338 1702 2414; baseline 0.002 -23"><span class='ocrx_word' id='word_1_301' title='bbox 95 2354 207 2408; x_wconf 71' lang='lat' dir='ltr'><strong>quae</strong></span> <span class='ocrx_word' id='word_1_302' title='bbox 236 2349 391 2394; x_wconf 87' lang='lat' dir='ltr'><strong>erant</strong></span> <span class='ocrx_word' id='word_1_303' title='bbox 415 2343 467 2394; x_wconf 88' lang='lat' dir='ltr'><strong>in</strong></span> <span class='ocrx_word' id='word_1_304' title='bbox 491 2338 699 2396; x_wconf 79' lang='lat' dir='ltr'><strong>Christo</strong></span> <span class='ocrx_word' id='word_1_305' title='bbox 728 2359 746 2397; x_wconf 91' lang='lat'><em>:</em></span> <span class='ocrx_word' id='word_1_306' title='bbox 777 2343 1104 2397; x_wconf 88' lang='lat' dir='ltr'><strong>solunmtodo</strong></span> <span class='ocrx_word' id='word_1_307' title='bbox 1135 2343 1434 2409; x_wconf 83' lang='lat' dir='ltr'><strong>audiebant,</strong></span> <span class='ocrx_word' id='word_1_308' title='bbox 1466 2344 1587 2414; x_wconf 87' lang='lat' dir='ltr'><strong>quia</strong></span> <span class='ocrx_word' id='word_1_309' title='bbox 1612 2342 1702 2412; x_wconf 87' lang='lat' dir='ltr'><strong>qui</strong></span> 
     </span>
    </p>
   </div>
   <div class='ocr_carea' id='block_1_42' title="bbox 91 2432 1699 2507">
    <p class='ocr_par' dir='ltr' id='par_1_42' title="bbox 91 2432 1699 2507">
     <span class='ocr_line' id='line_1_42' title="bbox 91 2432 1699 2507; baseline 0.001 -22"><span class='ocrx_word' id='word_1_310' title='bbox 91 2432 493 2502; x_wconf 80' lang='lat' dir='ltr'><strong>persequebatur</strong></span> <span class='ocrx_word' id='word_1_311' title='bbox 529 2451 622 2488; x_wconf 86' lang='lat' dir='ltr'><strong>uos</strong></span> <span class='ocrx_word' id='word_1_312' title='bbox 666 2436 974 2504; x_wconf 82' lang='lat' dir='ltr'><strong>aliquando,</strong></span> <span class='ocrx_word' id='word_1_313' title='bbox 1020 2453 1156 2489; x_wconf 88' lang='lat' dir='ltr'><strong>nunc</strong></span> <span class='ocrx_word' id='word_1_314' title='bbox 1209 2437 1461 2507; x_wconf 60' lang='lat' dir='ltr'><strong>praedicat</strong></span> <span class='ocrx_word' id='word_1_315' title='bbox 1515 2435 1699 2506; x_wconf 82' lang='lat' dir='ltr'><strong>ï¬dem,</strong></span> 
     </span>
    </p>
   </div>
   <div class='ocr_carea' id='block_1_43' title="bbox 96 2525 1700 2602">
    <p class='ocr_par' dir='ltr' id='par_1_43' title="bbox 96 2525 1700 2602">
     <span class='ocr_line' id='line_1_43' title="bbox 96 2525 1700 2602; baseline 0.004 -27"><span class='ocrx_word' id='word_1_316' title='bbox 96 2539 250 2593; x_wconf 87' lang='lat' dir='ltr'><strong>quam</strong></span> <span class='ocrx_word' id='word_1_317' title='bbox 302 2525 580 2596; x_wconf 86' lang='lat' dir='ltr'><strong>aliquando</strong></span> <span class='ocrx_word' id='word_1_318' title='bbox 611 2528 936 2599; x_wconf 76' lang='lat' dir='ltr'><strong>expugnabat</strong></span> <span class='ocrx_word' id='word_1_319' title='bbox 968 2545 986 2582; x_wconf 88' lang='lat'><strong><em>:</em></strong></span> <span class='ocrx_word' id='word_1_320' title='bbox 1015 2538 1062 2581; x_wconf 84' lang='lat' dir='ltr'><strong>et</strong></span> <span class='ocrx_word' id='word_1_321' title='bbox 1102 2529 1156 2582; x_wconf 88' lang='lat' dir='ltr'><strong>in</strong></span> <span class='ocrx_word' id='word_1_322' title='bbox 1187 2546 1266 2583; x_wconf 89' lang='lat' dir='ltr'><strong>me</strong></span> <span class='ocrx_word' id='word_1_323' title='bbox 1296 2530 1700 2602; x_wconf 82' lang='lat' dir='ltr'><strong>magniï¬cabant</strong></span> 
     </span>
    </p>
   </div>
   <div class='ocr_carea' id='block_1_44' title="bbox 100 2615 1701 2689">
    <p class='ocr_par' dir='ltr' id='par_1_44' title="bbox 100 2615 1701 2689">
     <span class='ocr_line' id='line_1_44' title="bbox 100 2615 1701 2689; baseline 0.005 -21"><span class='ocrx_word' id='word_1_324' title='bbox 100 2615 291 2670; x_wconf 88' lang='lat' dir='ltr'><strong>Deum.</strong></span> <span class='ocrx_word' id='word_1_325' title='bbox 331 2616 445 2672; x_wconf 84' lang='lat' dir='ltr'><strong>Hoc</strong></span> <span class='ocrx_word' id='word_1_326' title='bbox 483 2618 636 2683; x_wconf 88' lang='lat' dir='ltr'><strong>dicit,</strong></span> <span class='ocrx_word' id='word_1_327' title='bbox 671 2621 792 2689; x_wconf 89' lang='lat' dir='ltr'><strong>quia</strong></span> <span class='ocrx_word' id='word_1_328' title='bbox 839 2635 958 2674; x_wconf 90' lang='lat' dir='ltr'><strong>cum</strong></span> <span class='ocrx_word' id='word_1_329' title='bbox 1005 2619 1343 2676; x_wconf 77' lang='lat' dir='ltr'><strong>Judaismum</strong></span> <span class='ocrx_word' id='word_1_330' title='bbox 1379 2621 1701 2678; x_wconf 79' lang='lat' dir='ltr'><strong>defenderet</strong></span> 
     </span>
    </p>
   </div>
   <div class='ocr_carea' id='block_1_45' title="bbox 99 2711 1702 2786">
    <p class='ocr_par' dir='ltr' id='par_1_45' title="bbox 99 2711 1702 2786">
     <span class='ocr_line' id='line_1_45' title="bbox 99 2711 1702 2786; baseline 0.007 -24"><span class='ocrx_word' id='word_1_331' title='bbox 99 2720 291 2764; x_wconf 91' lang='lat' dir='ltr'><strong>contra</strong></span> <span class='ocrx_word' id='word_1_332' title='bbox 328 2711 509 2778; x_wconf 82' lang='lat' dir='ltr'><strong>fidem,</strong></span> <span class='ocrx_word' id='word_1_333' title='bbox 558 2713 703 2768; x_wconf 89' lang='lat' dir='ltr'><strong>sicut</strong></span> <span class='ocrx_word' id='word_1_334' title='bbox 733 2724 786 2768; x_wconf 91' lang='lat' dir='ltr'><strong>ct</strong></span> <span class='ocrx_word' id='word_1_335' title='bbox 825 2717 928 2768; x_wconf 84' lang='lat' dir='ltr'><strong>hia</strong></span> <span class='ocrx_word' id='word_1_336' title='bbox 979 2715 1176 2786; x_wconf 90' lang='lat' dir='ltr'><strong>quibus</strong></span> <span class='ocrx_word' id='word_1_337' title='bbox 1228 2714 1434 2770; x_wconf 70' lang='lat' dir='ltr'><strong>Galatae</strong></span> <span class='ocrx_word' id='word_1_338' title='bbox 1482 2715 1702 2773; x_wconf 88' lang='lat' dir='ltr'><strong>fuerant</strong></span> 
     </span>
    </p>
   </div>
   <div class='ocr_carea' id='block_1_46' title="bbox 98 2805 1697 2875">
    <p class='ocr_par' dir='ltr' id='par_1_46' title="bbox 98 2805 1697 2875">
     <span class='ocr_line' id='line_1_46' title="bbox 98 2805 1697 2875; baseline 0.007 -19"><span class='ocrx_word' id='word_1_339' title='bbox 98 2805 311 2870; x_wconf 81' lang='lat' dir='ltr'><strong>eversi;</strong></span> <span class='ocrx_word' id='word_1_340' title='bbox 351 2819 382 2859; x_wconf 89' lang='lat' dir='ltr'><strong>a</strong></span> <span class='ocrx_word' id='word_1_341' title='bbox 415 2805 525 2860; x_wconf 88' lang='lat' dir='ltr'><strong>Deo</strong></span> <span class='ocrx_word' id='word_1_342' title='bbox 555 2807 764 2862; x_wconf 89' lang='lat' dir='ltr'><strong>electus</strong></span> <span class='ocrx_word' id='word_1_343' title='bbox 805 2817 910 2875; x_wconf 90' lang='lat' dir='ltr'><strong>est,</strong></span> <span class='ocrx_word' id='word_1_344' title='bbox 945 2815 1000 2862; x_wconf 86' lang='lat' dir='ltr'><strong>et</strong></span> <span class='ocrx_word' id='word_1_345' title='bbox 1049 2808 1245 2864; x_wconf 91' lang='lat' dir='ltr'><strong>doctus</strong></span> <span class='ocrx_word' id='word_1_346' title='bbox 1285 2809 1636 2866; x_wconf 87' lang='lat' dir='ltr'><strong>dissimulare</strong></span> <span class='ocrx_word' id='word_1_347' title='bbox 1667 2826 1697 2866; x_wconf 89' lang='lat' dir='ltr'><strong>a</strong></span> 
     </span>
    </p>
   </div>
   <div class='ocr_carea' id='block_1_47' title="bbox 98 2893 1694 2974">
    <p class='ocr_par' dir='ltr' id='par_1_47' title="bbox 98 2893 1694 2974">
     <span class='ocr_line' id='line_1_47' title="bbox 98 2893 1694 2974; baseline 0.007 -26"><span class='ocrx_word' id='word_1_348' title='bbox 98 2893 407 2964; x_wconf 82' lang='lat' dir='ltr'><strong>Judaismo,</strong></span> <span class='ocrx_word' id='word_1_349' title='bbox 434 2908 487 2953; x_wconf 92' lang='lat' dir='ltr'><strong>et</strong></span> <span class='ocrx_word' id='word_1_350' title='bbox 510 2913 700 2953; x_wconf 89' lang='lat' dir='ltr'><strong>novam</strong></span> <span class='ocrx_word' id='word_1_351' title='bbox 719 2898 917 2971; x_wconf 87' lang='lat' dir='ltr'><strong>Legem</strong></span> <span class='ocrx_word' id='word_1_352' title='bbox 945 2901 1239 2970; x_wconf 58' lang='lat' dir='ltr'><strong>praedicare</strong></span> <span class='ocrx_word' id='word_1_353' title='bbox 1266 2919 1278 2954; x_wconf 89' lang='lat'><strong>:</strong></span> <span class='ocrx_word' id='word_1_354' title='bbox 1311 2902 1384 2956; x_wconf 88' lang='lat' dir='ltr'><strong>ita</strong></span> <span class='ocrx_word' id='word_1_355' title='bbox 1416 2911 1472 2957; x_wconf 91' lang='lat' dir='ltr'><strong>ut</strong></span> <span class='ocrx_word' id='word_1_356' title='bbox 1500 2905 1694 2974; x_wconf 82' lang='lat' dir='ltr'><strong>gaude-</strong></span> 
     </span>
    </p>
   </div>
   <div class='ocr_carea' id='block_1_48' title="bbox 98 2991 1700 3068">
    <p class='ocr_par' dir='ltr' id='par_1_48' title="bbox 98 2991 1700 3068">
     <span class='ocr_line' id='line_1_48' title="bbox 98 2991 1700 3068; baseline 0.007 -25"><span class='ocrx_word' id='word_1_357' title='bbox 98 2998 218 3045; x_wconf 91' lang='lat' dir='ltr'><strong>rent</strong></span> <span class='ocrx_word' id='word_1_358' title='bbox 244 2991 303 3045; x_wconf 93' lang='lat' dir='ltr'><strong>in</strong></span> <span class='ocrx_word' id='word_1_359' title='bbox 339 3007 408 3047; x_wconf 78' lang='lat' dir='ltr'><strong>eo</strong></span> <span class='ocrx_word' id='word_1_360' title='bbox 432 3009 496 3048; x_wconf 80' lang='lat' dir='ltr'><strong>ex</strong></span> <span class='ocrx_word' id='word_1_361' title='bbox 525 2993 728 3049; x_wconf 68' lang='lat' dir='ltr'><strong>Judaais</strong></span> <span class='ocrx_word' id='word_1_362' title='bbox 766 2995 1072 3064; x_wconf 88' lang='lat' dir='ltr'><strong>credentes,</strong></span> <span class='ocrx_word' id='word_1_363' title='bbox 1098 3011 1234 3067; x_wconf 92' lang='lat' dir='ltr'><strong>quos</strong></span> <span class='ocrx_word' id='word_1_364' title='bbox 1261 2997 1467 3066; x_wconf 89' lang='lat' dir='ltr'><strong>pridem</strong></span> <span class='ocrx_word' id='word_1_365' title='bbox 1515 3014 1700 3068; x_wconf 87' lang='lat' dir='ltr'><strong>perse-</strong></span> 
     </span>
    </p>
   </div>
   <div class='ocr_carea' id='block_1_49' title="bbox 99 3084 1697 3160">
    <p class='ocr_par' dir='ltr' id='par_1_49' title="bbox 99 3084 1697 3160">
     <span class='ocr_line' id='line_1_49' title="bbox 99 3084 1697 3160; baseline 0.008 -24"><span class='ocrx_word' id='word_1_366' title='bbox 99 3084 394 3152; x_wconf 89' lang='lat' dir='ltr'><strong>quebatur,</strong></span> <span class='ocrx_word' id='word_1_367' title='bbox 425 3085 538 3142; x_wconf 93' lang='lat' dir='ltr'><strong>Deo</strong></span> <span class='ocrx_word' id='word_1_368' title='bbox 566 3097 792 3158; x_wconf 83' lang='lat' dir='ltr'><strong>agentes</strong></span> <span class='ocrx_word' id='word_1_369' title='bbox 821 3090 1047 3159; x_wconf 84' lang='lat' dir='ltr'><strong>gratias,</strong></span> <span class='ocrx_word' id='word_1_370' title='bbox 1095 3091 1183 3160; x_wconf 90' lang='lat' dir='ltr'><strong>qui</strong></span> <span class='ocrx_word' id='word_1_371' title='bbox 1225 3090 1294 3145; x_wconf 91' lang='lat' dir='ltr'><strong>de</strong></span> <span class='ocrx_word' id='word_1_372' title='bbox 1342 3102 1697 3160; x_wconf 89' lang='lat' dir='ltr'><strong>persecutore</strong></span> 
     </span>
    </p>
   </div>
   <div class='ocr_carea' id='block_1_50' title="bbox 1807 1862 3406 1934">
    <p class='ocr_par' dir='ltr' id='par_1_50' title="bbox 1807 1862 3406 1934">
     <span class='ocr_line' id='line_1_50' title="bbox 1807 1862 3406 1934; baseline 0.001 -18"><span class='ocrx_word' id='word_1_373' title='bbox 1807 1863 2261 1932; x_wconf 89' lang='lat' dir='ltr'><strong>cognoscentibus</strong></span> <span class='ocrx_word' id='word_1_374' title='bbox 2300 1862 2424 1932; x_wconf 89' lang='lat' dir='ltr'><strong>quia</strong></span> <span class='ocrx_word' id='word_1_375' title='bbox 2471 1863 2845 1919; x_wconf 86' lang='lat' dir='ltr'><strong>concordabat</strong></span> <span class='ocrx_word' id='word_1_376' title='bbox 2897 1863 3250 1932; x_wconf 81' lang='lat' dir='ltr'><strong>Evangeliutn</strong></span> <span class='ocrx_word' id='word_1_377' title='bbox 3285 1863 3406 1934; x_wconf 87' lang='lat' dir='ltr'><strong>ejus</strong></span> 
     </span>
    </p>
   </div>
   <div class='ocr_carea' id='block_1_51' title="bbox 1807 1955 3405 2028">
    <p class='ocr_par' dir='ltr' id='par_1_51' title="bbox 1807 1955 3405 2028">
     <span class='ocr_line' id='line_1_51' title="bbox 1807 1955 3405 2028; baseline 0 -18"><span class='ocrx_word' id='word_1_378' title='bbox 1807 1969 1928 2010; x_wconf 92' lang='lat' dir='ltr'><strong>cum</strong></span> <span class='ocrx_word' id='word_1_379' title='bbox 1960 1957 2246 2023; x_wconf 87' lang='lat' dir='ltr'><strong>apostolis.</strong></span> <span class='ocrx_word' id='word_1_380' title='bbox 2277 1955 2546 2011; x_wconf 74' lang='lat' dir='ltr'><strong>Pra-terea</strong></span> <span class='ocrx_word' id='word_1_381' title='bbox 2580 1967 2600 1994; x_wconf 76' lang='grc' dir='ltr'><strong>Î¿</strong></span> <span class='ocrx_word' id='word_1_382' title='bbox 2627 1972 2748 2012; x_wconf 91' lang='lat' dir='ltr'><strong>cum</strong></span> <span class='ocrx_word' id='word_1_383' title='bbox 2782 1957 2958 2028; x_wconf 89' lang='lat' dir='ltr'><strong>legem</strong></span> <span class='ocrx_word' id='word_1_384' title='bbox 2987 1956 3272 2012; x_wconf 88' lang='lat' dir='ltr'><strong>dedissent</strong></span> <span class='ocrx_word' id='word_1_385' title='bbox 3297 1971 3405 2011; x_wconf 93' lang='lat' dir='ltr'><strong>non</strong></span> 
     </span>
    </p>
   </div>
   <div class='ocr_carea' id='block_1_52' title="bbox 1805 2048 3408 2120">
    <p class='ocr_par' dir='ltr' id='par_1_52' title="bbox 1805 2048 3408 2120">
     <span class='ocr_line' id='line_1_52' title="bbox 1805 2048 3408 2120; baseline 0.001 -18"><span class='ocrx_word' id='word_1_386' title='bbox 1805 2048 2087 2104; x_wconf 88' lang='lat' dir='ltr'><strong>molestari</strong></span> <span class='ocrx_word' id='word_1_387' title='bbox 2108 2063 2222 2112; x_wconf 89' lang='lat' dir='ltr'><strong>eos,</strong></span> <span class='ocrx_word' id='word_1_388' title='bbox 2248 2049 2336 2119; x_wconf 92' lang='lat' dir='ltr'><strong>qui</strong></span> <span class='ocrx_word' id='word_1_389' title='bbox 2363 2064 2429 2104; x_wconf 80' lang='lat' dir='ltr'><strong>ex</strong></span> <span class='ocrx_word' id='word_1_390' title='bbox 2459 2051 2712 2120; x_wconf 88' lang='lat' dir='ltr'><strong>gentibus</strong></span> <span class='ocrx_word' id='word_1_391' title='bbox 2759 2051 3091 2114; x_wconf 90' lang='lat' dir='ltr'><strong>credebant;</strong></span> <span class='ocrx_word' id='word_1_392' title='bbox 3126 2049 3221 2104; x_wconf 88' lang='lat' dir='ltr'><strong>sed</strong></span> <span class='ocrx_word' id='word_1_393' title='bbox 3254 2058 3313 2104; x_wconf 94' lang='lat' dir='ltr'><strong>ut</strong></span> <span class='ocrx_word' id='word_1_394' title='bbox 3339 2049 3408 2104; x_wconf 88' lang='lat' dir='ltr'><strong>ab</strong></span> 
     </span>
    </p>
   </div>
   <div class='ocr_carea' id='block_1_53' title="bbox 1808 2139 3412 2215">
    <p class='ocr_par' dir='ltr' id='par_1_53' title="bbox 1808 2139 3412 2215">
     <span class='ocr_line' id='line_1_53' title="bbox 1808 2139 3412 2215; baseline 0.002 -22"><span class='ocrx_word' id='word_1_395' title='bbox 1808 2139 1893 2196; x_wconf 87' lang='lat' dir='ltr'><strong>his</strong></span> <span class='ocrx_word' id='word_1_396' title='bbox 1927 2151 2139 2197; x_wconf 89' lang='lat' dir='ltr'><strong>tantmu</strong></span> <span class='ocrx_word' id='word_1_397' title='bbox 2168 2144 2550 2212; x_wconf 88' lang='lat' dir='ltr'><strong>observarent,</strong></span> <span class='ocrx_word' id='word_1_398' title='bbox 2587 2144 2637 2198; x_wconf 91' lang='lat' dir='ltr'><strong>id</strong></span> <span class='ocrx_word' id='word_1_399' title='bbox 2661 2155 2766 2210; x_wconf 90' lang='lat' dir='ltr'><strong>est,</strong></span> <span class='ocrx_word' id='word_1_400' title='bbox 2797 2161 2826 2199; x_wconf 90' lang='lat' dir='ltr'><strong>a</strong></span> <span class='ocrx_word' id='word_1_401' title='bbox 2857 2145 3123 2215; x_wconf 85' lang='lat' dir='ltr'><strong>sanguine</strong></span> <span class='ocrx_word' id='word_1_402' title='bbox 3149 2152 3207 2199; x_wconf 91' lang='lat' dir='ltr'><strong>et</strong></span> <span class='ocrx_word' id='word_1_403' title='bbox 3241 2143 3412 2198; x_wconf 84' lang='lat' dir='ltr'><strong>forni-</strong></span> 
     </span>
    </p>
   </div>
   <div class='ocr_carea' id='block_1_54' title="bbox 1805 2233 3410 2309">
    <p class='ocr_par' dir='ltr' id='par_1_54' title="bbox 1805 2233 3410 2309">
     <span class='ocr_line' id='line_1_54' title="bbox 1805 2233 3410 2309; baseline 0.004 -21"><span class='ocrx_word' id='word_1_404' title='bbox 1805 2233 2021 2289; x_wconf 87' lang='lat' dir='ltr'><strong>catione</strong></span> <span class='ocrx_word' id='word_1_405' title='bbox 2061 2243 2117 2290; x_wconf 88' lang='lat' dir='ltr'><strong>et</strong></span> <span class='ocrx_word' id='word_1_406' title='bbox 2160 2235 2470 2290; x_wconf 90' lang='lat' dir='ltr'><strong>idololatria</strong></span> <span class='ocrx_word' id='word_1_407' title='bbox 2515 2237 2668 2308; x_wconf 82' lang='lat' dir='ltr'><strong>(Act.</strong></span> <span class='ocrx_word' id='word_1_408' title='bbox 2699 2253 2813 2304; x_wconf 70' lang='grc' dir='ltr'>Ï‡Î¹Î¹Î¹,</span> <span class='ocrx_word' id='word_1_409' title='bbox 2860 2237 2987 2309; x_wconf 70' lang='grc'><strong>25).</strong></span> <span class='ocrx_word' id='word_1_410' title='bbox 3032 2237 3185 2293; x_wconf 85' lang='lat' dir='ltr'><strong>Nunc</strong></span> <span class='ocrx_word' id='word_1_411' title='bbox 3229 2238 3410 2294; x_wconf 88' lang='lat' dir='ltr'><strong>dicant</strong></span> 
     </span>
    </p>
   </div>
   <div class='ocr_carea' id='block_1_55' title="bbox 1806 2328 3402 2402">
    <p class='ocr_par' dir='ltr' id='par_1_55' title="bbox 1806 2328 3402 2402">
     <span class='ocr_line' id='line_1_55' title="bbox 1806 2328 3402 2402; baseline 0.003 -20"><span class='ocrx_word' id='word_1_412' title='bbox 1806 2329 2066 2399; x_wconf 86' lang='lat' dir='ltr'><strong>sophistae</strong></span> <span class='ocrx_word' id='word_1_413' title='bbox 2115 2328 2458 2396; x_wconf 71' lang='lat' dir='ltr'><strong>Grzecorum,</strong></span> <span class='ocrx_word' id='word_1_414' title='bbox 2490 2331 2580 2400; x_wconf 89' lang='lat' dir='ltr'><strong>qui</strong></span> <span class='ocrx_word' id='word_1_415' title='bbox 2631 2331 2733 2386; x_wconf 88' lang='lat' dir='ltr'><strong>sibi</strong></span> <span class='ocrx_word' id='word_1_416' title='bbox 2788 2332 3044 2402; x_wconf 89' lang='lat' dir='ltr'><strong>peritiam</strong></span> <span class='ocrx_word' id='word_1_417' title='bbox 3099 2332 3402 2396; x_wconf 82' lang='lat' dir='ltr'><strong>vindicant,</strong></span> 
     </span>
    </p>
   </div>
   <div class='ocr_carea' id='block_1_56' title="bbox 1805 2423 3401 2496">
    <p class='ocr_par' dir='ltr' id='par_1_56' title="bbox 1805 2423 3401 2496">
     <span class='ocr_line' id='line_1_56' title="bbox 1805 2423 3401 2496; baseline 0.003 -20"><span class='ocrx_word' id='word_1_418' title='bbox 1805 2423 2328 2491; x_wconf 85' lang='lat' dir='ltr'><strong>subtilitatcingenii</strong></span> <span class='ocrx_word' id='word_1_419' title='bbox 2359 2439 2416 2479; x_wconf 92' lang='lat' dir='ltr'><strong>se</strong></span> <span class='ocrx_word' id='word_1_420' title='bbox 2447 2425 2775 2480; x_wconf 83' lang='lat' dir='ltr'><strong>naturaliter</strong></span> <span class='ocrx_word' id='word_1_421' title='bbox 2799 2425 3006 2495; x_wconf 88' lang='lat' dir='ltr'><strong>vigere,</strong></span> <span class='ocrx_word' id='word_1_422' title='bbox 3039 2440 3160 2496; x_wconf 56' lang='lat' dir='ltr'><strong>qua:</strong></span> <span class='ocrx_word' id='word_1_423' title='bbox 3205 2425 3401 2480; x_wconf 91' lang='lat' dir='ltr'><strong>tradita</strong></span> 
     </span>
    </p>
   </div>
   <div class='ocr_carea' id='block_1_57' title="bbox 1805 2518 3402 2589">
    <p class='ocr_par' dir='ltr' id='par_1_57' title="bbox 1805 2518 3402 2589">
     <span class='ocr_line' id='line_1_57' title="bbox 1805 2518 3402 2589; baseline 0.001 -16"><span class='ocrx_word' id='word_1_424' title='bbox 1805 2533 1928 2573; x_wconf 84' lang='lat' dir='ltr'><strong>sunt</strong></span> <span class='ocrx_word' id='word_1_425' title='bbox 1958 2518 2210 2588; x_wconf 87' lang='lat' dir='ltr'><strong>gentibus</strong></span> <span class='ocrx_word' id='word_1_426' title='bbox 2260 2519 2628 2574; x_wconf 79' lang='lat' dir='ltr'><strong>observanda?</strong></span> <span class='ocrx_word' id='word_1_427' title='bbox 2659 2519 2787 2584; x_wconf 66' lang='lat' dir='ltr'><strong>Qum</strong></span> <span class='ocrx_word' id='word_1_428' title='bbox 2812 2519 3153 2589; x_wconf 90' lang='lat' dir='ltr'><strong>ignorabant,</strong></span> <span class='ocrx_word' id='word_1_429' title='bbox 3182 2534 3251 2574; x_wconf 87' lang='lat' dir='ltr'><strong>an</strong></span> <span class='ocrx_word' id='word_1_430' title='bbox 3281 2535 3402 2589; x_wconf 72' lang='lat' dir='ltr'><strong>qua:</strong></span> 
     </span>
    </p>
   </div>
   <div class='ocr_carea' id='block_1_58' title="bbox 1805 2610 3396 2683">
    <p class='ocr_par' dir='ltr' id='par_1_58' title="bbox 1805 2610 3396 2683">
     <span class='ocr_line' id='line_1_58' title="bbox 1805 2610 3396 2683; baseline 0.001 -18"><span class='ocrx_word' id='word_1_431' title='bbox 1805 2610 2075 2666; x_wconf 87' lang='lat' dir='ltr'><strong>sciebant?</strong></span> <span class='ocrx_word' id='word_1_432' title='bbox 2115 2612 2218 2666; x_wconf 87' lang='lat' dir='ltr'><strong>Sed</strong></span> <span class='ocrx_word' id='word_1_433' title='bbox 2269 2612 2542 2682; x_wconf 76' lang='lat' dir='ltr'><strong>quomodo</strong></span> <span class='ocrx_word' id='word_1_434' title='bbox 2587 2611 2702 2666; x_wconf 82' lang='lat' dir='ltr'><strong>fieri</strong></span> <span class='ocrx_word' id='word_1_435' title='bbox 2737 2621 2936 2682; x_wconf 87' lang='lat' dir='ltr'><strong>potest,</strong></span> <span class='ocrx_word' id='word_1_436' title='bbox 2989 2623 3046 2666; x_wconf 94' lang='lat' dir='ltr'><strong>ut</strong></span> <span class='ocrx_word' id='word_1_437' title='bbox 3073 2612 3277 2683; x_wconf 89' lang='lat' dir='ltr'><strong>aliquis</strong></span> <span class='ocrx_word' id='word_1_438' title='bbox 3332 2627 3396 2668; x_wconf 89' lang='lat' dir='ltr'><strong>ea</strong></span> 
     </span>
    </p>
   </div>
   <div class='ocr_carea' id='block_1_59' title="bbox 1806 2707 3408 2779">
    <p class='ocr_par' dir='ltr' id='par_1_59' title="bbox 1806 2707 3408 2779">
     <span class='ocr_line' id='line_1_59' title="bbox 1806 2707 3408 2779; baseline 0.001 -16"><span class='ocrx_word' id='word_1_439' title='bbox 1806 2708 1997 2773; x_wconf 81' lang='lat' dir='ltr'><strong>discat,</strong></span> <span class='ocrx_word' id='word_1_440' title='bbox 2024 2724 2144 2779; x_wconf 68' lang='lat' dir='ltr'><strong>qua:</strong></span> <span class='ocrx_word' id='word_1_441' title='bbox 2166 2708 2343 2763; x_wconf 87' lang='lat' dir='ltr'><strong>novit?</strong></span> <span class='ocrx_word' id='word_1_442' title='bbox 2373 2709 2510 2779; x_wconf 78' lang='lat' dir='ltr'><strong>Ergo</strong></span> <span class='ocrx_word' id='word_1_443' title='bbox 2535 2707 2649 2762; x_wconf 74' lang='lat' dir='ltr'><strong>lttec</strong></span> <span class='ocrx_word' id='word_1_444' title='bbox 2668 2707 2855 2762; x_wconf 88' lang='lat' dir='ltr'><strong>illicita</strong></span> <span class='ocrx_word' id='word_1_445' title='bbox 2888 2723 3011 2764; x_wconf 89' lang='lat' dir='ltr'><strong>esse</strong></span> <span class='ocrx_word' id='word_1_446' title='bbox 3034 2720 3252 2763; x_wconf 90' lang='lat' dir='ltr'><strong>ostensa</strong></span> <span class='ocrx_word' id='word_1_447' title='bbox 3281 2717 3408 2764; x_wconf 90' lang='lat' dir='ltr'><strong>sunt</strong></span> 
     </span>
    </p>
   </div>
   <div class='ocr_carea' id='block_1_60' title="bbox 1804 2802 3408 2873">
    <p class='ocr_par' dir='ltr' id='par_1_60' title="bbox 1804 2802 3408 2873">
     <span class='ocr_line' id='line_1_60' title="bbox 1804 2802 3408 2873; baseline 0.001 -16"><span class='ocrx_word' id='word_1_448' title='bbox 1804 2802 2080 2873; x_wconf 86' lang='lat' dir='ltr'><strong>gentibus,</strong></span> <span class='ocrx_word' id='word_1_449' title='bbox 2111 2818 2231 2873; x_wconf 65' lang='lat' dir='ltr'><strong>quae</strong></span> <span class='ocrx_word' id='word_1_450' title='bbox 2264 2802 2530 2871; x_wconf 86' lang='lat' dir='ltr'><strong>putabant</strong></span> <span class='ocrx_word' id='word_1_451' title='bbox 2561 2802 2727 2857; x_wconf 90' lang='lat' dir='ltr'><strong>licere</strong></span> <span class='ocrx_word' id='word_1_452' title='bbox 2760 2820 2772 2857; x_wconf 92' lang='lat'>:</span> <span class='ocrx_word' id='word_1_453' title='bbox 2805 2817 2869 2857; x_wconf 89' lang='lat' dir='ltr'><strong>ac</strong></span> <span class='ocrx_word' id='word_1_454' title='bbox 2897 2818 2993 2873; x_wconf 89' lang='lat' dir='ltr'><strong>per</strong></span> <span class='ocrx_word' id='word_1_455' title='bbox 3019 2802 3121 2858; x_wconf 90' lang='lat' dir='ltr'><strong>hoc</strong></span> <span class='ocrx_word' id='word_1_456' title='bbox 3152 2818 3259 2858; x_wconf 92' lang='lat' dir='ltr'><strong>non</strong></span> <span class='ocrx_word' id='word_1_457' title='bbox 3301 2805 3408 2859; x_wconf 85' lang='lat' dir='ltr'><strong>uti-</strong></span> 
     </span>
    </p>
   </div>
   <div class='ocr_carea' id='block_1_61' title="bbox 1806 2893 3398 2988">
    <p class='ocr_par' dir='ltr' id='par_1_61' title="bbox 1806 2893 3398 2988">
     <span class='ocr_line' id='line_1_61' title="bbox 1806 2893 3398 2988; baseline -0.001 -36"><span class='ocrx_word' id='word_1_458' title='bbox 1806 2913 1909 2968; x_wconf 89' lang='lat' dir='ltr'><strong>que</strong></span> <span class='ocrx_word' id='word_1_459' title='bbox 1939 2897 2006 2951; x_wconf 90' lang='lat' dir='ltr'><strong>ab</strong></span> <span class='ocrx_word' id='word_1_460' title='bbox 2037 2896 2341 2952; x_wconf 89' lang='lat' dir='ltr'><strong>homicidio</strong></span> <span class='ocrx_word' id='word_1_461' title='bbox 2381 2897 2646 2968; x_wconf 85' lang='lat' dir='ltr'><strong>prohibiti</strong></span> <span class='ocrx_word' id='word_1_462' title='bbox 2675 2905 2824 2959; x_wconf 88' lang='lat' dir='ltr'><strong>sunt,</strong></span> <span class='ocrx_word' id='word_1_463' title='bbox 2869 2912 2992 2951; x_wconf 92' lang='lat' dir='ltr'><strong>cum</strong></span> <span class='ocrx_word' id='word_1_464' title='bbox 3028 2896 3288 2988; x_wconf 51' lang='lat' dir='ltr'><strong>jubentiâ€˜tr</strong></span> <span class='ocrx_word' id='word_1_465' title='bbox 3318 2893 3344 2933; x_wconf 74' lang='grc' dir='ltr'><strong>Î¹Î¹</strong></span> <span class='ocrx_word' id='word_1_466' title='bbox 3370 2914 3398 2950; x_wconf 88' lang='lat' dir='ltr'><strong>a</strong></span> 
     </span>
    </p>
   </div>
   <div class='ocr_carea' id='block_1_62' title="bbox 1804 2989 3404 3062">
    <p class='ocr_par' dir='ltr' id='par_1_62' title="bbox 1804 2989 3404 3062">
     <span class='ocr_line' id='line_1_62' title="bbox 1804 2989 3404 3062; baseline 0 -16"><span class='ocrx_word' id='word_1_467' title='bbox 1804 2992 2070 3061; x_wconf 85' lang='lat' dir='ltr'><strong>Sanguine</strong></span> <span class='ocrx_word' id='word_1_468' title='bbox 2098 2991 2416 3048; x_wconf 86' lang='lat' dir='ltr'><strong>observare.</strong></span> <span class='ocrx_word' id='word_1_469' title='bbox 2447 2991 2556 3048; x_wconf 90' lang='lat' dir='ltr'><strong>Sed</strong></span> <span class='ocrx_word' id='word_1_470' title='bbox 2604 2992 2707 3046; x_wconf 86' lang='lat' dir='ltr'><strong>hoc</strong></span> <span class='ocrx_word' id='word_1_471' title='bbox 2735 3000 3082 3062; x_wconf 90' lang='lat' dir='ltr'><strong>acceperunt,</strong></span> <span class='ocrx_word' id='word_1_472' title='bbox 3116 2995 3258 3062; x_wconf 92' lang='lat' dir='ltr'><strong>quod</strong></span> <span class='ocrx_word' id='word_1_473' title='bbox 3289 2989 3404 3046; x_wconf 86' lang='lat' dir='ltr'><strong>Noe</strong></span> 
     </span>
    </p>
   </div>
   <div class='ocr_carea' id='block_1_63' title="bbox 1802 3084 3405 3155">
    <p class='ocr_par' dir='ltr' id='par_1_63' title="bbox 1802 3084 3405 3155">
     <span class='ocr_line' id='line_1_63' title="bbox 1802 3084 3405 3155; baseline -0.001 -14"><span class='ocrx_word' id='word_1_474' title='bbox 1802 3101 1832 3141; x_wconf 91' lang='lat' dir='ltr'><strong>a</strong></span> <span class='ocrx_word' id='word_1_475' title='bbox 1864 3087 1976 3142; x_wconf 89' lang='lat' dir='ltr'><strong>Deo</strong></span> <span class='ocrx_word' id='word_1_476' title='bbox 1997 3086 2282 3154; x_wconf 89' lang='lat' dir='ltr'><strong>didicerat,</strong></span> <span class='ocrx_word' id='word_1_477' title='bbox 2311 3097 2370 3140; x_wconf 93' lang='lat' dir='ltr'><strong>ut</strong></span> <span class='ocrx_word' id='word_1_478' title='bbox 2393 3086 2754 3143; x_wconf 89' lang='lat' dir='ltr'><strong>observarent</strong></span> <span class='ocrx_word' id='word_1_479' title='bbox 2771 3102 2830 3141; x_wconf 90' lang='lat' dir='ltr'><strong>se</strong></span> <span class='ocrx_word' id='word_1_480' title='bbox 2851 3101 2880 3140; x_wconf 91' lang='lat' dir='ltr'><strong>a</strong></span> <span class='ocrx_word' id='word_1_481' title='bbox 2904 3086 3170 3155; x_wconf 79' lang='lat' dir='ltr'><strong>sanguine</strong></span> <span class='ocrx_word' id='word_1_482' title='bbox 3190 3084 3405 3141; x_wconf 88' lang='lat' dir='ltr'><strong>edendo</strong></span> 
     </span>
    </p>
   </div>
   <div class='ocr_carea' id='block_1_64' title="bbox 99 3176 3405 3256">
    <p class='ocr_par' dir='ltr' id='par_1_64' title="bbox 99 3176 3405 3256">
     <span class='ocr_line' id='line_1_64' title="bbox 99 3176 3405 3256; baseline 0.002 -27"><span class='ocrx_word' id='word_1_483' title='bbox 99 3176 221 3230; x_wconf 88' lang='lat' dir='ltr'><strong>fecit</strong></span> <span class='ocrx_word' id='word_1_484' title='bbox 247 3177 634 3246; x_wconf 81' lang='lat' dir='ltr'><strong>defensorem;</strong></span> <span class='ocrx_word' id='word_1_485' title='bbox 665 3191 722 3235; x_wconf 92' lang='lat' dir='ltr'><strong>ut</strong></span> <span class='ocrx_word' id='word_1_486' title='bbox 754 3183 980 3252; x_wconf 89' lang='lat' dir='ltr'><strong>perinde</strong></span> <span class='ocrx_word' id='word_1_487' title='bbox 1005 3184 1208 3239; x_wconf 88' lang='lat' dir='ltr'><strong>scirent</strong></span> <span class='ocrx_word' id='word_1_488' title='bbox 1228 3184 1434 3240; x_wconf 81' lang='lat' dir='ltr'><strong>Galatae</strong></span> <span class='ocrx_word' id='word_1_489' title='bbox 1463 3188 1698 3243; x_wconf 90' lang='lat' dir='ltr'><strong>circum-</strong></span> <span class='ocrx_word' id='word_1_490' title='bbox 1727 3176 1772 3238; x_wconf 88' lang='lat' dir='ltr'>C</span> <span class='ocrx_word' id='word_1_491' title='bbox 1804 3196 1928 3238; x_wconf 90' lang='lat' dir='ltr'><strong>cum</strong></span> <span class='ocrx_word' id='word_1_492' title='bbox 1959 3197 2122 3238; x_wconf 90' lang='lat' dir='ltr'><strong>carne</strong></span> <span class='ocrx_word' id='word_1_493' title='bbox 2153 3182 2314 3256; x_wconf 79' lang='lat' dir='ltr'><strong>(Gen.</strong></span> <span class='ocrx_word' id='word_1_494' title='bbox 2342 3199 2416 3247; x_wconf 70' lang='grc' dir='ltr'>Î¹Ï‡,</span> <span class='ocrx_word' id='word_1_495' title='bbox 2453 3183 2485 3236; x_wconf 74' lang='grc'>4</span> <span class='ocrx_word' id='word_1_496' title='bbox 2505 3184 2544 3252; x_wconf 91' lang='grc'><strong>).</strong></span> <span class='ocrx_word' id='word_1_497' title='bbox 2576 3181 2708 3236; x_wconf 89' lang='lat' dir='ltr'><strong>Nam</strong></span> <span class='ocrx_word' id='word_1_498' title='bbox 2739 3181 3012 3251; x_wconf 87' lang='lat' dir='ltr'><strong>qumnodo</strong></span> <span class='ocrx_word' id='word_1_499' title='bbox 3043 3181 3156 3236; x_wconf 81' lang='lat' dir='ltr'><strong>fieri</strong></span> <span class='ocrx_word' id='word_1_500' title='bbox 3192 3191 3405 3252; x_wconf 85' lang='lat' dir='ltr'><strong>poterat</strong></span> 
     </span>
    </p>
   </div>
   <div class='ocr_carea' id='block_1_65' title="bbox 98 3278 1693 3350">
    <p class='ocr_par' dir='ltr' id='par_1_65' title="bbox 98 3278 1693 3350">
     <span class='ocr_line' id='line_1_65' title="bbox 98 3278 1693 3350; baseline 0.008 -24"><span class='ocrx_word' id='word_1_501' title='bbox 98 3284 288 3330; x_wconf 87' lang='lat' dir='ltr'><strong>ventos</strong></span> <span class='ocrx_word' id='word_1_502' title='bbox 319 3289 401 3341; x_wconf 92' lang='lat' dir='ltr'><strong>se,</strong></span> <span class='ocrx_word' id='word_1_503' title='bbox 431 3285 488 3330; x_wconf 93' lang='lat' dir='ltr'><strong>ut</strong></span> <span class='ocrx_word' id='word_1_504' title='bbox 513 3279 612 3332; x_wconf 89' lang='lat' dir='ltr'><strong>sub</strong></span> <span class='ocrx_word' id='word_1_505' title='bbox 644 3278 864 3334; x_wconf 89' lang='lat' dir='ltr'><strong>nomine</strong></span> <span class='ocrx_word' id='word_1_506' title='bbox 903 3278 1105 3334; x_wconf 84' lang='lat' dir='ltr'><strong>ChriSti</strong></span> <span class='ocrx_word' id='word_1_507' title='bbox 1135 3279 1355 3335; x_wconf 64' lang='lat' dir='ltr'><strong>Judmos</strong></span> <span class='ocrx_word' id='word_1_508' title='bbox 1381 3297 1440 3336; x_wconf 88' lang='lat' dir='ltr'><strong>se</strong></span> <span class='ocrx_word' id='word_1_509' title='bbox 1470 3284 1693 3350; x_wconf 80' lang='lat' dir='ltr'><strong>profite-</strong></span> 
     </span>
    </p>
   </div>
   <div class='ocr_carea' id='block_1_66' title="bbox 98 3368 1694 3444">
    <p class='ocr_par' dir='ltr' id='par_1_66' title="bbox 98 3368 1694 3444">
     <span class='ocr_line' id='line_1_66' title="bbox 98 3368 1694 3444; baseline 0.009 -26"><span class='ocrx_word' id='word_1_510' title='bbox 98 3375 308 3432; x_wconf 86' lang='lat' dir='ltr'><strong>rcntur,</strong></span> <span class='ocrx_word' id='word_1_511' title='bbox 358 3368 807 3426; x_wconf 90' lang='lat' dir='ltr'><strong>circumcidentes</strong></span> <span class='ocrx_word' id='word_1_512' title='bbox 858 3387 1078 3429; x_wconf 87' lang='lat' dir='ltr'><strong>carnem</strong></span> <span class='ocrx_word' id='word_1_513' title='bbox 1133 3375 1383 3444; x_wconf 87' lang='lat' dir='ltr'><strong>praeputii</strong></span> <span class='ocrx_word' id='word_1_514' title='bbox 1433 3376 1537 3442; x_wconf 92' lang='lat' dir='ltr'><strong>sui,</strong></span> <span class='ocrx_word' id='word_1_515' title='bbox 1571 3392 1694 3432; x_wconf 92' lang='lat' dir='ltr'><strong>cum</strong></span> 
     </span>
    </p>
   </div>
   <div class='ocr_carea' id='block_1_67' title="bbox 98 3458 1695 3535">
    <p class='ocr_par' dir='ltr' id='par_1_67' title="bbox 98 3458 1695 3535">
     <span class='ocr_line' id='line_1_67' title="bbox 98 3458 1695 3535; baseline 0.008 -23"><span class='ocrx_word' id='word_1_516' title='bbox 98 3458 298 3514; x_wconf 74' lang='lat' dir='ltr'><strong>Christi</strong></span> <span class='ocrx_word' id='word_1_517' title='bbox 333 3460 422 3514; x_wconf 76' lang='lat' dir='ltr'><strong>lex</strong></span> <span class='ocrx_word' id='word_1_518' title='bbox 472 3463 615 3517; x_wconf 89' lang='lat' dir='ltr'><strong>aliud</strong></span> <span class='ocrx_word' id='word_1_519' title='bbox 660 3464 917 3534; x_wconf 83' lang='lat' dir='ltr'><strong>imperet,</strong></span> <span class='ocrx_word' id='word_1_520' title='bbox 970 3481 1131 3535; x_wconf 86' lang='lat' dir='ltr'><strong>quam</strong></span> <span class='ocrx_word' id='word_1_521' title='bbox 1180 3465 1530 3534; x_wconf 85' lang='lat' dir='ltr'><strong>.ludaismus;</strong></span> <span class='ocrx_word' id='word_1_522' title='bbox 1585 3469 1695 3524; x_wconf 91' lang='lat' dir='ltr'><strong>illic</strong></span> 
     </span>
    </p>
   </div>
   <div class='ocr_carea' id='block_1_68' title="bbox 97 3552 1695 3623">
    <p class='ocr_par' dir='ltr' id='par_1_68' title="bbox 97 3552 1695 3623">
     <span class='ocr_line' id='line_1_68' title="bbox 97 3552 1695 3623; baseline 0.008 -19"><span class='ocrx_word' id='word_1_523' title='bbox 97 3553 236 3608; x_wconf 85' lang='lat' dir='ltr'><strong>enim</strong></span> <span class='ocrx_word' id='word_1_524' title='bbox 289 3552 637 3610; x_wconf 87' lang='lat' dir='ltr'><strong>circumcisio</strong></span> <span class='ocrx_word' id='word_1_525' title='bbox 679 3560 862 3610; x_wconf 89' lang='lat' dir='ltr'><strong>carnis</strong></span> <span class='ocrx_word' id='word_1_526' title='bbox 899 3567 1004 3623; x_wconf 91' lang='lat' dir='ltr'><strong>est,</strong></span> <span class='ocrx_word' id='word_1_527' title='bbox 1051 3557 1137 3611; x_wconf 91' lang='lat' dir='ltr'><strong>bic</strong></span> <span class='ocrx_word' id='word_1_528' title='bbox 1190 3558 1369 3614; x_wconf 90' lang='lat' dir='ltr'><strong>cordis</strong></span> <span class='ocrx_word' id='word_1_529' title='bbox 1403 3576 1416 3611; x_wconf 90' lang='lat'><strong>:</strong></span> <span class='ocrx_word' id='word_1_530' title='bbox 1451 3560 1560 3615; x_wconf 91' lang='lat' dir='ltr'><strong>illic</strong></span> <span class='ocrx_word' id='word_1_531' title='bbox 1593 3561 1695 3617; x_wconf 92' lang='lat' dir='ltr'><strong>sub</strong></span> 
     </span>
    </p>
   </div>
   <div class='ocr_carea' id='block_1_69' title="bbox 98 3646 1694 3718">
    <p class='ocr_par' dir='ltr' id='par_1_69' title="bbox 98 3646 1694 3718">
     <span class='ocr_line' id='line_1_69' title="bbox 98 3646 1694 3718; baseline 0.007 -19"><span class='ocrx_word' id='word_1_532' title='bbox 98 3646 386 3701; x_wconf 89' lang='lat' dir='ltr'><strong>elementis</strong></span> <span class='ocrx_word' id='word_1_533' title='bbox 407 3649 641 3703; x_wconf 85' lang='lat' dir='ltr'><strong>servitur</strong></span> <span class='ocrx_word' id='word_1_534' title='bbox 664 3651 963 3704; x_wconf 86' lang='lat' dir='ltr'><strong>neomeniis</strong></span> <span class='ocrx_word' id='word_1_535' title='bbox 991 3660 1045 3704; x_wconf 89' lang='lat' dir='ltr'><strong>et</strong></span> <span class='ocrx_word' id='word_1_536' title='bbox 1066 3651 1314 3718; x_wconf 81' lang='lat' dir='ltr'><strong>sabbato,</strong></span> <span class='ocrx_word' id='word_1_537' title='bbox 1340 3652 1426 3706; x_wconf 75' lang='lat' dir='ltr'><strong>hic</strong></span> <span class='ocrx_word' id='word_1_538' title='bbox 1457 3653 1555 3707; x_wconf 91' lang='lat' dir='ltr'><strong>soli</strong></span> <span class='ocrx_word' id='word_1_539' title='bbox 1583 3655 1694 3710; x_wconf 89' lang='lat' dir='ltr'><strong>Deo</strong></span> 
     </span>
    </p>
   </div>
   <div class='ocr_carea' id='block_1_70' title="bbox 97 3737 1690 3812">
    <p class='ocr_par' dir='ltr' id='par_1_70' title="bbox 97 3737 1690 3812">
     <span class='ocr_line' id='line_1_70' title="bbox 97 3737 1690 3812; baseline 0.007 -21"><span class='ocrx_word' id='word_1_540' title='bbox 97 3737 147 3792; x_wconf 92' lang='lat' dir='ltr'><strong>in</strong></span> <span class='ocrx_word' id='word_1_541' title='bbox 189 3739 422 3808; x_wconf 90' lang='lat' dir='ltr'><strong>spiritu;</strong></span> <span class='ocrx_word' id='word_1_542' title='bbox 470 3743 593 3812; x_wconf 90' lang='lat' dir='ltr'><strong>quia</strong></span> <span class='ocrx_word' id='word_1_543' title='bbox 639 3744 801 3797; x_wconf 81' lang='lat' dir='ltr'><strong>Corde</strong></span> <span class='ocrx_word' id='word_1_544' title='bbox 829 3742 1072 3798; x_wconf 89' lang='lat' dir='ltr'><strong>creditur</strong></span> <span class='ocrx_word' id='word_1_545' title='bbox 1115 3762 1126 3797; x_wconf 90' lang='lat'>:</span> <span class='ocrx_word' id='word_1_546' title='bbox 1179 3743 1289 3799; x_wconf 89' lang='lat' dir='ltr'><strong>illic</strong></span> <span class='ocrx_word' id='word_1_547' title='bbox 1310 3745 1557 3800; x_wconf 89' lang='lat' dir='ltr'><strong>conditio</strong></span> <span class='ocrx_word' id='word_1_548' title='bbox 1603 3757 1690 3802; x_wconf 88' lang='lat' dir='ltr'><strong>est</strong></span> 
     </span>
    </p>
   </div>
   <div class='ocr_carea' id='block_1_71' title="bbox 95 3836 1688 3911">
    <p class='ocr_par' dir='ltr' id='par_1_71' title="bbox 95 3836 1688 3911">
     <span class='ocr_line' id='line_1_71' title="bbox 95 3836 1688 3911; baseline 0.007 -25"><span class='ocrx_word' id='word_1_549' title='bbox 95 3844 251 3887; x_wconf 86' lang='lat' dir='ltr'><strong>eausa</strong></span> <span class='ocrx_word' id='word_1_550' title='bbox 275 3837 512 3904; x_wconf 88' lang='lat' dir='ltr'><strong>peccati,</strong></span> <span class='ocrx_word' id='word_1_551' title='bbox 533 3837 620 3892; x_wconf 92' lang='lat' dir='ltr'><strong>hic</strong></span> <span class='ocrx_word' id='word_1_552' title='bbox 637 3836 861 3892; x_wconf 87' lang='lat' dir='ltr'><strong>libertas</strong></span> <span class='ocrx_word' id='word_1_553' title='bbox 884 3853 956 3892; x_wconf 81' lang='lat' dir='ltr'><strong>ex</strong></span> <span class='ocrx_word' id='word_1_554' title='bbox 980 3839 1302 3894; x_wconf 88' lang='lat' dir='ltr'><strong>remissione</strong></span> <span class='ocrx_word' id='word_1_555' title='bbox 1319 3852 1688 3911; x_wconf 88' lang='lat' dir='ltr'><strong>peccatorum.</strong></span> 
     </span>
    </p>
   </div>
   <div class='ocr_carea' id='block_1_72' title="bbox 99 3923 883 3997">
    <p class='ocr_par' dir='ltr' id='par_1_72' title="bbox 99 3923 883 3997">
     <span class='ocr_line' id='line_1_72' title="bbox 99 3923 883 3997; baseline 0.008 -19"><span class='ocrx_word' id='word_1_556' title='bbox 99 3923 255 3981; x_wconf 78' lang='lat' dir='ltr'><strong>Multa</strong></span> <span class='ocrx_word' id='word_1_557' title='bbox 291 3925 474 3997; x_wconf 89' lang='lat' dir='ltr'><strong>itaque</strong></span> <span class='ocrx_word' id='word_1_558' title='bbox 498 3928 752 3985; x_wconf 84' lang='lat' dir='ltr'><strong>distantia</strong></span> <span class='ocrx_word' id='word_1_559' title='bbox 779 3941 883 3985; x_wconf 90' lang='lat' dir='ltr'><strong>est.</strong></span> 
     </span>
    </p>
   </div>
   <div class='ocr_carea' id='block_1_73' title="bbox 724 4025 1056 4084">
    <p class='ocr_par' dir='ltr' id='par_1_73' title="bbox 724 4025 1056 4084">
     <span class='ocr_line' id='line_1_73' title="bbox 724 4025 1056 4084; baseline -0.003 -2"><span class='ocrx_word' id='word_1_560' title='bbox 724 4025 953 4084; x_wconf 84' lang='lat' dir='ltr'><strong>CAPUT</strong></span> <span class='ocrx_word' id='word_1_561' title='bbox 994 4027 1056 4082; x_wconf 92' lang='lat' dir='ltr'><strong>ll.</strong></span> 
     </span>
    </p>
   </div>
   <div class='ocr_carea' id='block_1_74' title="bbox 165 4115 1689 4194">
    <p class='ocr_par' dir='ltr' id='par_1_74' title="bbox 165 4115 1689 4194">
     <span class='ocr_line' id='line_1_74' title="bbox 165 4115 1689 4194; baseline 0.005 -22"><span class='ocrx_word' id='word_1_562' title='bbox 165 4115 358 4187; x_wconf 86' lang='lat' dir='ltr'><strong>(Vers.</strong></span> <span class='ocrx_word' id='word_1_563' title='bbox 394 4117 540 4187; x_wconf 60' lang='lat'><strong>1,9.)</strong></span> <span class='ocrx_word' id='word_1_564' title='bbox 569 4118 772 4176; x_wconf 84' lang='lat' dir='ltr'><strong>Deinde</strong></span> <span class='ocrx_word' id='word_1_565' title='bbox 810 4133 923 4194; x_wconf 85' lang='lat' dir='ltr'><strong>post</strong></span> <span class='ocrx_word' id='word_1_566' title='bbox 969 4139 1132 4176; x_wconf 83' lang='lat' dir='ltr'><strong>annos</strong></span> <span class='ocrx_word' id='word_1_567' title='bbox 1168 4124 1562 4190; x_wconf 85' lang='lat' dir='ltr'><strong>quatuordecint</strong></span> <span class='ocrx_word' id='word_1_568' title='bbox 1591 4125 1689 4179; x_wconf 87' lang='lat' dir='ltr'><strong>ite-</strong></span> 
     </span>
    </p>
   </div>
   <div class='ocr_carea' id='block_1_75' title="bbox 98 4211 1688 4288">
    <p class='ocr_par' dir='ltr' id='par_1_75' title="bbox 98 4211 1688 4288">
     <span class='ocr_line' id='line_1_75' title="bbox 98 4211 1688 4288; baseline 0.008 -29"><span class='ocrx_word' id='word_1_569' title='bbox 98 4223 204 4262; x_wconf 88' lang='lat' dir='ltr'><strong>rum</strong></span> <span class='ocrx_word' id='word_1_570' title='bbox 230 4211 441 4264; x_wconf 86' lang='lat' dir='ltr'><strong>ascendi</strong></span> <span class='ocrx_word' id='word_1_571' title='bbox 464 4211 882 4284; x_wconf 83' lang='lat' dir='ltr'><strong>Hierosolymam</strong></span> <span class='ocrx_word' id='word_1_572' title='bbox 908 4232 1025 4268; x_wconf 88' lang='lat' dir='ltr'><strong>cum</strong></span> <span class='ocrx_word' id='word_1_573' title='bbox 1042 4213 1307 4280; x_wconf 85' lang='lat' dir='ltr'><strong>Barnaba,</strong></span> <span class='ocrx_word' id='word_1_574' title='bbox 1338 4228 1601 4288; x_wconf 84' lang='lat' dir='ltr'><strong>assumpto</strong></span> <span class='ocrx_word' id='word_1_575' title='bbox 1642 4228 1688 4272; x_wconf 88' lang='lat' dir='ltr'><strong>et</strong></span> 
     </span>
    </p>
   </div>
   <div class='ocr_carea' id='block_1_76' title="bbox 97 4300 1690 4366">
    <p class='ocr_par' dir='ltr' id='par_1_76' title="bbox 97 4300 1690 4366">
     <span class='ocr_line' id='line_1_76' title="bbox 97 4300 1690 4366; baseline 0.008 -12"><span class='ocrx_word' id='word_1_576' title='bbox 97 4300 227 4356; x_wconf 87' lang='lat' dir='ltr'><strong>Tito.</strong></span> <span class='ocrx_word' id='word_1_577' title='bbox 262 4305 484 4359; x_wconf 79' lang='lat' dir='ltr'><strong>Ascendi</strong></span> <span class='ocrx_word' id='word_1_578' title='bbox 511 4315 683 4361; x_wconf 87' lang='lat' dir='ltr'><strong>autem</strong></span> <span class='ocrx_word' id='word_1_579' title='bbox 704 4307 986 4361; x_wconf 86' lang='lat' dir='ltr'><strong>secundant</strong></span> <span class='ocrx_word' id='word_1_580' title='bbox 1013 4311 1374 4364; x_wconf 80' lang='lat' dir='ltr'><strong>reuelationem</strong></span> <span class='ocrx_word' id='word_1_581' title='bbox 1410 4330 1421 4363; x_wconf 90' lang='lat'>:</span> <span class='ocrx_word' id='word_1_582' title='bbox 1455 4320 1479 4346; x_wconf 77' lang='grc' dir='ltr'><strong>Î¹Î¹</strong></span> <span class='ocrx_word' id='word_1_583' title='bbox 1523 4321 1570 4365; x_wconf 85' lang='lat' dir='ltr'><strong>et</strong></span> <span class='ocrx_word' id='word_1_584' title='bbox 1597 4328 1690 4366; x_wconf 80' lang='lat' dir='ltr'><strong>ex-</strong></span> 
     </span>
    </p>
   </div>
   <div class='ocr_carea' id='block_1_77' title="bbox 98 4397 1688 4475">
    <p class='ocr_par' dir='ltr' id='par_1_77' title="bbox 98 4397 1688 4475">
     <span class='ocr_line' id='line_1_77' title="bbox 98 4397 1688 4475; baseline 0.008 -27"><span class='ocrx_word' id='word_1_585' title='bbox 98 4397 237 4464; x_wconf 85' lang='lat' dir='ltr'><strong>posui</strong></span> <span class='ocrx_word' id='word_1_586' title='bbox 269 4398 374 4451; x_wconf 82' lang='lat' dir='ltr'><strong>illis</strong></span> <span class='ocrx_word' id='word_1_587' title='bbox 404 4397 761 4470; x_wconf 85' lang='lat' dir='ltr'><strong>Evangelium,</strong></span> <span class='ocrx_word' id='word_1_588' title='bbox 795 4402 934 4470; x_wconf 89' lang='lat' dir='ltr'><strong>quod</strong></span> <span class='ocrx_word' id='word_1_589' title='bbox 961 4402 1189 4471; x_wconf 63' lang='lat' dir='ltr'><strong>praedico</strong></span> <span class='ocrx_word' id='word_1_590' title='bbox 1226 4404 1280 4457; x_wconf 85' lang='lat' dir='ltr'><strong>in</strong></span> <span class='ocrx_word' id='word_1_591' title='bbox 1309 4405 1565 4475; x_wconf 85' lang='lat' dir='ltr'><strong>gentibus,</strong></span> <span class='ocrx_word' id='word_1_592' title='bbox 1607 4423 1688 4459; x_wconf 87' lang='lat' dir='ltr'><strong>se-</strong></span> 
     </span>
    </p>
   </div>
   <div class='ocr_carea' id='block_1_78' title="bbox 95 4493 1681 4570">
    <p class='ocr_par' dir='ltr' id='par_1_78' title="bbox 95 4493 1681 4570">
     <span class='ocr_line' id='line_1_78' title="bbox 95 4493 1681 4570; baseline 0.008 -30"><span class='ocrx_word' id='word_1_593' title='bbox 95 4496 226 4542; x_wconf 85' lang='lat' dir='ltr'><strong>creto</strong></span> <span class='ocrx_word' id='word_1_594' title='bbox 254 4498 425 4542; x_wconf 84' lang='lat' dir='ltr'><strong>autent</strong></span> <span class='ocrx_word' id='word_1_595' title='bbox 449 4507 469 4545; x_wconf 91' lang='lat'><strong><em>:</em></strong></span> <span class='ocrx_word' id='word_1_596' title='bbox 499 4493 577 4546; x_wconf 83' lang='lat' dir='ltr'><strong>Itis</strong></span> <span class='ocrx_word' id='word_1_597' title='bbox 605 4493 693 4563; x_wconf 88' lang='lat' dir='ltr'><strong>qui</strong></span> <span class='ocrx_word' id='word_1_598' title='bbox 719 4494 918 4563; x_wconf 83' lang='lat' dir='ltr'><strong>aliquid</strong></span> <span class='ocrx_word' id='word_1_599' title='bbox 943 4511 1053 4550; x_wconf 89' lang='lat' dir='ltr'><strong>esse</strong></span> <span class='ocrx_word' id='word_1_600' title='bbox 1078 4495 1378 4550; x_wconf 82' lang='lat' dir='ltr'><strong>videbantur</strong></span> <span class='ocrx_word' id='word_1_601' title='bbox 1402 4516 1419 4561; x_wconf 86' lang='lat'><strong>;</strong></span> <span class='ocrx_word' id='word_1_602' title='bbox 1449 4515 1511 4551; x_wconf 91' lang='lat' dir='ltr'><strong>ne</strong></span> <span class='ocrx_word' id='word_1_603' title='bbox 1547 4501 1681 4570; x_wconf 83' lang='lat' dir='ltr'><strong>forte</strong></span> 
     </span>
    </p>
   </div>
   <div class='ocr_carea' id='block_1_79' title="bbox 97 4575 1765 4657">
    <p class='ocr_par' dir='ltr' id='par_1_79' title="bbox 97 4575 1765 4657">
     <span class='ocr_line' id='line_1_79' title="bbox 97 4575 1765 4657; baseline 0.008 -24"><span class='ocrx_word' id='word_1_604' title='bbox 97 4580 146 4633; x_wconf 88' lang='lat' dir='ltr'><strong>in</strong></span> <span class='ocrx_word' id='word_1_605' title='bbox 171 4597 387 4637; x_wconf 79' lang='lat' dir='ltr'><strong>uacuum</strong></span> <span class='ocrx_word' id='word_1_606' title='bbox 409 4601 686 4651; x_wconf 81' lang='lat' dir='ltr'><strong>currerent,</strong></span> <span class='ocrx_word' id='word_1_607' title='bbox 711 4596 799 4641; x_wconf 89' lang='lat' dir='ltr'><strong>aut</strong></span> <span class='ocrx_word' id='word_1_608' title='bbox 820 4588 1183 4643; x_wconf 82' lang='lat' dir='ltr'><strong>cucurrissem.</strong></span> <span class='ocrx_word' id='word_1_609' title='bbox 1215 4590 1482 4657; x_wconf 87' lang='lat' dir='ltr'><strong>Quoniam</strong></span> <span class='ocrx_word' id='word_1_610' title='bbox 1513 4591 1684 4646; x_wconf 90' lang='lat' dir='ltr'><strong>multo</strong></span> <span class='ocrx_word' id='word_1_611' title='bbox 1712 4575 1765 4634; x_wconf 69' lang='grc' dir='ltr'><strong>Î’</strong></span> 
     </span>
    </p>
   </div>
   <div class='ocr_carea' id='block_1_80' title="bbox 101 4674 1686 4750">
    <p class='ocr_par' dir='ltr' id='par_1_80' title="bbox 101 4674 1686 4750">
     <span class='ocr_line' id='line_1_80' title="bbox 101 4674 1686 4750; baseline 0.007 -23"><span class='ocrx_word' id='word_1_612' title='bbox 101 4681 338 4743; x_wconf 90' lang='lat' dir='ltr'><strong>tempore</strong></span> <span class='ocrx_word' id='word_1_613' title='bbox 367 4674 394 4713; x_wconf 57' lang='grc' dir='ltr'><strong>Î’</strong></span> <span class='ocrx_word' id='word_1_614' title='bbox 428 4677 564 4731; x_wconf 90' lang='lat' dir='ltr'><strong>fama</strong></span> <span class='ocrx_word' id='word_1_615' title='bbox 597 4678 713 4748; x_wconf 87' lang='lat' dir='ltr'><strong>ejus</strong></span> <span class='ocrx_word' id='word_1_616' title='bbox 766 4679 1144 4734; x_wconf 85' lang='lat' dir='ltr'><strong>crebrescebat</strong></span> <span class='ocrx_word' id='word_1_617' title='bbox 1187 4683 1327 4750; x_wconf 88' lang='lat' dir='ltr'><strong>apud</strong></span> <span class='ocrx_word' id='word_1_618' title='bbox 1369 4698 1556 4737; x_wconf 88' lang='lat' dir='ltr'><strong>omnes</strong></span> <span class='ocrx_word' id='word_1_619' title='bbox 1588 4682 1686 4738; x_wconf 80' lang='lat' dir='ltr'><strong>Ju-</strong></span> 
     </span>
    </p>
   </div>
   <div class='ocr_carea' id='block_1_81' title="bbox 99 4766 1683 4842">
    <p class='ocr_par' dir='ltr' id='par_1_81' title="bbox 99 4766 1683 4842">
     <span class='ocr_line' id='line_1_81' title="bbox 99 4766 1683 4842; baseline 0.008 -23"><span class='ocrx_word' id='word_1_620' title='bbox 99 4766 261 4834; x_wconf 68' lang='lat' dir='ltr'><strong>daeos,</strong></span> <span class='ocrx_word' id='word_1_621' title='bbox 293 4767 425 4824; x_wconf 90' lang='lat' dir='ltr'><strong>facie</strong></span> <span class='ocrx_word' id='word_1_622' title='bbox 447 4779 622 4827; x_wconf 90' lang='lat' dir='ltr'><strong>autem</strong></span> <span class='ocrx_word' id='word_1_623' title='bbox 647 4787 753 4825; x_wconf 90' lang='lat' dir='ltr'><strong>non</strong></span> <span class='ocrx_word' id='word_1_624' title='bbox 779 4771 1079 4839; x_wconf 78' lang='lat' dir='ltr'><strong>videbatur,</strong></span> <span class='ocrx_word' id='word_1_625' title='bbox 1108 4773 1516 4842; x_wconf 89' lang='lat' dir='ltr'><strong>perambulabat</strong></span> <span class='ocrx_word' id='word_1_626' title='bbox 1538 4777 1683 4831; x_wconf 88' lang='lat' dir='ltr'><strong>enim</strong></span> 
     </span>
    </p>
   </div>
   <div class='ocr_carea' id='block_1_82' title="bbox 99 4857 1686 4925">
    <p class='ocr_par' dir='ltr' id='par_1_82' title="bbox 99 4857 1686 4925">
     <span class='ocr_line' id='line_1_82' title="bbox 99 4857 1686 4925; baseline 0.008 -14"><span class='ocrx_word' id='word_1_627' title='bbox 99 4857 319 4916; x_wconf 89' lang='lat' dir='ltr'><strong>fundare</strong></span> <span class='ocrx_word' id='word_1_628' title='bbox 341 4873 394 4917; x_wconf 89' lang='lat' dir='ltr'><strong>et</strong></span> <span class='ocrx_word' id='word_1_629' title='bbox 422 4863 680 4919; x_wconf 89' lang='lat' dir='ltr'><strong>roborare</strong></span> <span class='ocrx_word' id='word_1_630' title='bbox 711 4863 1009 4920; x_wconf 84' lang='lat' dir='ltr'><strong>Ecclesiam</strong></span> <span class='ocrx_word' id='word_1_631' title='bbox 1032 4867 1190 4921; x_wconf 86' lang='lat' dir='ltr'><strong>solita</strong></span> <span class='ocrx_word' id='word_1_632' title='bbox 1216 4866 1521 4922; x_wconf 85' lang='lat' dir='ltr'><strong>constantia</strong></span> <span class='ocrx_word' id='word_1_633' title='bbox 1546 4867 1686 4925; x_wconf 86' lang='lat' dir='ltr'><strong>inter</strong></span> 
     </span>
    </p>
   </div>
   <div class='ocr_carea' id='block_1_83' title="bbox 97 4955 1690 5028">
    <p class='ocr_par' dir='ltr' id='par_1_83' title="bbox 97 4955 1690 5028">
     <span class='ocr_line' id='line_1_83' title="bbox 97 4955 1690 5028; baseline 0.007 -23"><span class='ocrx_word' id='word_1_634' title='bbox 97 4965 286 5021; x_wconf 83' lang='lat' dir='ltr'><strong>gentes</strong></span> <span class='ocrx_word' id='word_1_635' title='bbox 313 4972 326 5004; x_wconf 90' lang='lat'><strong>:</strong></span> <span class='ocrx_word' id='word_1_636' title='bbox 355 4971 381 5008; x_wconf 92' lang='lat' dir='ltr'><strong>a</strong></span> <span class='ocrx_word' id='word_1_637' title='bbox 413 4955 619 5011; x_wconf 69' lang='lat' dir='ltr'><strong>Judaeis</strong></span> <span class='ocrx_word' id='word_1_638' title='bbox 649 4967 830 5012; x_wconf 89' lang='lat' dir='ltr'><strong>autem</strong></span> <span class='ocrx_word' id='word_1_639' title='bbox 861 4971 1022 5012; x_wconf 87' lang='lat' dir='ltr'><strong>causa</strong></span> <span class='ocrx_word' id='word_1_640' title='bbox 1054 4957 1213 5028; x_wconf 85' lang='lat' dir='ltr'><strong>Legis</strong></span> <span class='ocrx_word' id='word_1_641' title='bbox 1250 4960 1388 5014; x_wconf 91' lang='lat' dir='ltr'><strong>mala</strong></span> <span class='ocrx_word' id='word_1_642' title='bbox 1414 4960 1490 5015; x_wconf 90' lang='lat' dir='ltr'><strong>illi</strong></span> <span class='ocrx_word' id='word_1_643' title='bbox 1526 4961 1690 5016; x_wconf 85' lang='lat' dir='ltr'><strong>liebat</strong></span> 
     </span>
    </p>
   </div>
   <div class='ocr_carea' id='block_1_84' title="bbox 99 5047 1680 5120">
    <p class='ocr_par' dir='ltr' id='par_1_84' title="bbox 99 5047 1680 5120">
     <span class='ocr_line' id='line_1_84' title="bbox 99 5047 1680 5120; baseline 0.008 -23"><span class='ocrx_word' id='word_1_644' title='bbox 99 5047 300 5113; x_wconf 84' lang='lat' dir='ltr'><strong>Opinio,</strong></span> <span class='ocrx_word' id='word_1_645' title='bbox 335 5049 485 5115; x_wconf 88' lang='lat' dir='ltr'><strong>quasi</strong></span> <span class='ocrx_word' id='word_1_646' title='bbox 521 5049 865 5104; x_wconf 88' lang='lat' dir='ltr'><strong>discordaret</strong></span> <span class='ocrx_word' id='word_1_647' title='bbox 889 5064 917 5102; x_wconf 90' lang='lat' dir='ltr'><strong>a</strong></span> <span class='ocrx_word' id='word_1_648' title='bbox 945 5050 1335 5120; x_wconf 71' lang='lat' dir='ltr'><strong>praedicatione</strong></span> <span class='ocrx_word' id='word_1_649' title='bbox 1361 5064 1680 5110; x_wconf 77' lang='lat' dir='ltr'><strong>caeterorum</strong></span> 
     </span>
    </p>
   </div>
   <div class='ocr_carea' id='block_1_85' title="bbox 99 5139 1684 5215">
    <p class='ocr_par' dir='ltr' id='par_1_85' title="bbox 99 5139 1684 5215">
     <span class='ocr_line' id='line_1_85' title="bbox 99 5139 1684 5215; baseline 0.009 -28"><span class='ocrx_word' id='word_1_650' title='bbox 99 5139 502 5208; x_wconf 85' lang='lat' dir='ltr'><strong>apostolorum;</strong></span> <span class='ocrx_word' id='word_1_651' title='bbox 537 5152 594 5196; x_wconf 90' lang='lat' dir='ltr'><strong>et</strong></span> <span class='ocrx_word' id='word_1_652' title='bbox 619 5140 748 5196; x_wconf 85' lang='lat' dir='ltr'><strong>hinc</strong></span> <span class='ocrx_word' id='word_1_653' title='bbox 777 5141 945 5196; x_wconf 84' lang='lat' dir='ltr'><strong>fiebat</strong></span> <span class='ocrx_word' id='word_1_654' title='bbox 977 5143 1159 5198; x_wconf 90' lang='lat' dir='ltr'><strong>multis</strong></span> <span class='ocrx_word' id='word_1_655' title='bbox 1191 5145 1497 5215; x_wconf 91' lang='lat' dir='ltr'><strong>scrupulus,</strong></span> <span class='ocrx_word' id='word_1_656' title='bbox 1535 5148 1684 5202; x_wconf 91' lang='lat' dir='ltr'><strong>itaut</strong></span> 
     </span>
    </p>
   </div>
   <div class='ocr_carea' id='block_1_86' title="bbox 97 5236 1683 5306">
    <p class='ocr_par' dir='ltr' id='par_1_86' title="bbox 97 5236 1683 5306">
     <span class='ocr_line' id='line_1_86' title="bbox 97 5236 1683 5306; baseline 0.006 -21"><span class='ocrx_word' id='word_1_657' title='bbox 97 5241 281 5299; x_wconf 81' lang='lat' dir='ltr'><strong>gentes</strong></span> <span class='ocrx_word' id='word_1_658' title='bbox 314 5245 533 5304; x_wconf 88' lang='lat' dir='ltr'><strong>possent</strong></span> <span class='ocrx_word' id='word_1_659' title='bbox 562 5236 898 5306; x_wconf 89' lang='lat' dir='ltr'><strong>perturbari,</strong></span> <span class='ocrx_word' id='word_1_660' title='bbox 929 5251 996 5291; x_wconf 89' lang='lat' dir='ltr'><strong>ne</strong></span> <span class='ocrx_word' id='word_1_661' title='bbox 1026 5237 1077 5292; x_wconf 92' lang='lat' dir='ltr'><strong>in</strong></span> <span class='ocrx_word' id='word_1_662' title='bbox 1119 5237 1267 5292; x_wconf 90' lang='lat' dir='ltr'><strong>aliud</strong></span> <span class='ocrx_word' id='word_1_663' title='bbox 1293 5238 1683 5296; x_wconf 84' lang='lat' dir='ltr'><strong>inducerentur</strong></span> 
     </span>
    </p>
   </div>
   <div class='ocr_carea' id='block_1_87' title="bbox 97 5324 1680 5400">
    <p class='ocr_par' dir='ltr' id='par_1_87' title="bbox 97 5324 1680 5400">
     <span class='ocr_line' id='line_1_87' title="bbox 97 5324 1680 5400; baseline 0.008 -23"><span class='ocrx_word' id='word_1_664' title='bbox 97 5324 159 5379; x_wconf 89' lang='lat' dir='ltr'><strong>ab</strong></span> <span class='ocrx_word' id='word_1_665' title='bbox 187 5341 275 5393; x_wconf 84' lang='lat' dir='ltr'><strong>eo,</strong></span> <span class='ocrx_word' id='word_1_666' title='bbox 324 5343 480 5399; x_wconf 90' lang='lat' dir='ltr'><strong>quam</strong></span> <span class='ocrx_word' id='word_1_667' title='bbox 508 5328 800 5385; x_wconf 89' lang='lat' dir='ltr'><strong>tradebant</strong></span> <span class='ocrx_word' id='word_1_668' title='bbox 843 5329 1104 5400; x_wconf 89' lang='lat' dir='ltr'><strong>apostoli,</strong></span> <span class='ocrx_word' id='word_1_669' title='bbox 1135 5333 1226 5400; x_wconf 90' lang='lat' dir='ltr'><strong>qui</strong></span> <span class='ocrx_word' id='word_1_670' title='bbox 1279 5346 1399 5385; x_wconf 90' lang='lat' dir='ltr'><strong>cum</strong></span> <span class='ocrx_word' id='word_1_671' title='bbox 1445 5331 1680 5389; x_wconf 91' lang='lat' dir='ltr'><strong>Domino</strong></span> 
     </span>
    </p>
   </div>
   <div class='ocr_carea' id='block_1_88' title="bbox 166 5465 1542 5543">
    <p class='ocr_par' dir='ltr' id='par_1_88' title="bbox 166 5465 1542 5543">
     <span class='ocr_line' id='line_1_88' title="bbox 166 5465 1542 5543; baseline 0.004 -24"><span class='ocrx_word' id='word_1_672' title='bbox 166 5473 190 5543; x_wconf 64' lang='grc' dir='ltr'>Î¾Î¹</span> <span class='ocrx_word' id='word_1_673' title='bbox 233 5465 384 5543; x_wconf 60' lang='lat' dir='ltr'><strong>Bonl.</strong></span> <span class='ocrx_word' id='word_1_674' title='bbox 414 5467 571 5543; x_wconf 86' lang='lat' dir='ltr'><strong>edit.,</strong></span> <span class='ocrx_word' id='word_1_675' title='bbox 601 5479 649 5523; x_wconf 89' lang='lat' dir='ltr'><strong>et</strong></span> <span class='ocrx_word' id='word_1_676' title='bbox 678 5468 874 5543; x_wconf 84' lang='lat' dir='ltr'><strong>contuli</strong></span> <span class='ocrx_word' id='word_1_677' title='bbox 894 5485 1010 5522; x_wconf 85' lang='lat' dir='ltr'><strong>cum</strong></span> <span class='ocrx_word' id='word_1_678' title='bbox 1035 5469 1147 5543; x_wconf 84' lang='lat' dir='ltr'><strong>illis</strong></span> <span class='ocrx_word' id='word_1_679' title='bbox 1181 5468 1542 5543; x_wconf 81' lang='lat' dir='ltr'><strong>Evangelinm.</strong></span> 
     </span>
    </p>
   </div>
   <div class='ocr_carea' id='block_1_89' title="bbox 164 5533 1675 5611">
    <p class='ocr_par' dir='ltr' id='par_1_89' title="bbox 164 5533 1675 5611">
     <span class='ocr_line' id='line_1_89' title="bbox 164 5533 1675 5611; baseline 0.006 -21"><span class='ocrx_word' id='word_1_680' title='bbox 164 5533 198 5611; x_wconf 26' lang='grc' dir='ltr'>Î¹â€™.</span> <span class='ocrx_word' id='word_1_681' title='bbox 233 5538 430 5593; x_wconf 80' lang='lat' dir='ltr'><strong>Eadem</strong></span> <span class='ocrx_word' id='word_1_682' title='bbox 463 5533 619 5604; x_wconf 88' lang='lat' dir='ltr'><strong>edit.,</strong></span> <span class='ocrx_word' id='word_1_683' title='bbox 652 5545 792 5611; x_wconf 72' lang='lat' dir='ltr'><strong>fama</strong></span> <span class='ocrx_word' id='word_1_684' title='bbox 822 5540 1063 5609; x_wconf 75' lang='lat' dir='ltr'><strong>Apostoli</strong></span> <span class='ocrx_word' id='word_1_685' title='bbox 1109 5533 1675 5610; x_wconf 57' lang='lat' dir='ltr'><strong>percrebFescebat...â€</strong></span> 
     </span>
    </p>
   </div>
   <div class='ocr_carea' id='block_1_90' title="bbox 101 5607 1680 5685">
    <p class='ocr_par' dir='ltr' id='par_1_90' title="bbox 101 5607 1680 5685">
     <span class='ocr_line' id='line_1_90' title="bbox 101 5607 1680 5685; baseline 0.008 -27"><span class='ocrx_word' id='word_1_686' title='bbox 101 5607 228 5685; x_wconf 77' lang='lat' dir='ltr'><strong>[acie</strong></span> <span class='ocrx_word' id='word_1_687' title='bbox 256 5620 423 5685; x_wconf 46' lang='lat' dir='ltr'><strong>alitem</strong></span> <span class='ocrx_word' id='word_1_688' title='bbox 465 5626 563 5685; x_wconf 78' lang='lat' dir='ltr'><strong>non</strong></span> <span class='ocrx_word' id='word_1_689' title='bbox 608 5607 1074 5683; x_wconf 67' lang='lat' dir='ltr'><strong>agnoscebatur....</strong></span> <span class='ocrx_word' id='word_1_690' title='bbox 1109 5607 1393 5685; x_wconf 66' lang='lat' dir='ltr'><strong>fundanda</strong></span> <span class='ocrx_word' id='word_1_691' title='bbox 1443 5626 1489 5672; x_wconf 87' lang='lat' dir='ltr'><strong>et</strong></span> <span class='ocrx_word' id='word_1_692' title='bbox 1528 5615 1680 5671; x_wconf 81' lang='lat' dir='ltr'><strong>robo-</strong></span> 
     </span>
    </p>
   </div>
   <div class='ocr_carea' id='block_1_91' title="bbox 99 5679 566 5737">
    <p class='ocr_par' dir='ltr' id='par_1_91' title="bbox 99 5679 566 5737">
     <span class='ocr_line' id='line_1_91' title="bbox 99 5679 566 5737; baseline 0.017 -8"><span class='ocrx_word' id='word_1_693' title='bbox 99 5679 257 5733; x_wconf 84' lang='lat' dir='ltr'><strong>randa</strong></span> <span class='ocrx_word' id='word_1_694' title='bbox 297 5679 566 5737; x_wconf 84' lang='lat' dir='ltr'><strong>Ecclesias.</strong></span> 
     </span>
    </p>
   </div>
   <div class='ocr_carea' id='block_1_92' title="bbox 109 5749 1673 5832">
    <p class='ocr_par' dir='ltr' id='par_1_92' title="bbox 109 5749 1673 5832">
     <span class='ocr_line' id='line_1_92' title="bbox 109 5749 1673 5832; baseline 0.009 -29"><span class='ocrx_word' id='word_1_695' title='bbox 109 5794 140 5832; x_wconf 36' lang='grc' dir='ltr'>Î»</span> <span class='ocrx_word' id='word_1_696' title='bbox 171 5759 191 5787; x_wconf 78' lang='grc' dir='ltr'>Îµ</span> <span class='ocrx_word' id='word_1_697' title='bbox 237 5749 367 5832; x_wconf 61' lang='lat' dir='ltr'><strong>Vet._</strong></span> <span class='ocrx_word' id='word_1_698' title='bbox 382 5753 510 5808; x_wconf 87' lang='lat' dir='ltr'><strong>edit.</strong></span> <span class='ocrx_word' id='word_1_699' title='bbox 536 5764 589 5814; x_wconf 83' lang='lat' dir='ltr'><strong>et</strong></span> <span class='ocrx_word' id='word_1_700' title='bbox 616 5771 746 5832; x_wconf 79' lang='lat' dir='ltr'><strong>mss.</strong></span> <span class='ocrx_word' id='word_1_701' title='bbox 773 5757 1000 5832; x_wconf 67' lang='lat' dir='ltr'><strong>aliquot,</strong></span> <span class='ocrx_word' id='word_1_702' title='bbox 1031 5773 1146 5816; x_wconf 88' lang='lat' dir='ltr'><strong>cum</strong></span> <span class='ocrx_word' id='word_1_703' title='bbox 1165 5760 1332 5832; x_wconf 78' lang='lat' dir='ltr'><strong>legem</strong></span> <span class='ocrx_word' id='word_1_704' title='bbox 1351 5760 1673 5817; x_wconf 79' lang='lat' dir='ltr'><strong>didicissent:</strong></span> 
     </span>
    </p>
   </div>
   <div class='ocr_carea' id='block_1_93' title="bbox 106 5811 1672 5905">
    <p class='ocr_par' dir='ltr' id='par_1_93' title="bbox 106 5811 1672 5905">
     <span class='ocr_line' id='line_1_93' title="bbox 106 5811 1672 5905; baseline 0.01 -31"><span class='ocrx_word' id='word_1_705' title='bbox 106 5811 254 5878; x_wconf 66' lang='lat' dir='ltr'><strong>Rom.</strong></span> <span class='ocrx_word' id='word_1_706' title='bbox 287 5823 443 5893; x_wconf 89' lang='lat' dir='ltr'><strong>edit.,</strong></span> <span class='ocrx_word' id='word_1_707' title='bbox 487 5811 600 5883; x_wconf 82' lang='lat' dir='ltr'><strong>cum</strong></span> <span class='ocrx_word' id='word_1_708' title='bbox 627 5811 734 5901; x_wconf 72' lang='grc' dir='ltr'><strong>Î¹ÎµÏÎµ</strong></span> <span class='ocrx_word' id='word_1_709' title='bbox 776 5811 1113 5894; x_wconf 68' lang='lat' dir='ltr'><strong>didicissent;</strong></span> <span class='ocrx_word' id='word_1_710' title='bbox 1144 5811 1246 5886; x_wconf 66' lang='lat' dir='ltr'><strong>alii</strong></span> 
     </span>
    </p>
   </div>
   <div class='ocr_carea' id='block_1_94' title="bbox 1802 3276 3405 3348">
    <p class='ocr_par' dir='ltr' id='par_1_94' title="bbox 1802 3276 3405 3348">
     <span class='ocr_line' id='line_1_94' title="bbox 1802 3276 3405 3348; baseline -0.002 -17"><span class='ocrx_word' id='word_1_711' title='bbox 1802 3287 1861 3331; x_wconf 94' lang='lat' dir='ltr'><strong>ut</strong></span> <span class='ocrx_word' id='word_1_712' title='bbox 1886 3276 2148 3332; x_wconf 81' lang='lat' dir='ltr'><strong>Romanis</strong></span> <span class='ocrx_word' id='word_1_713' title='bbox 2172 3277 2385 3348; x_wconf 86' lang='lat' dir='ltr'><strong>legibus</strong></span> <span class='ocrx_word' id='word_1_714' title='bbox 2417 3276 2632 3340; x_wconf 91' lang='lat' dir='ltr'><strong>imbuti,</strong></span> <span class='ocrx_word' id='word_1_715' title='bbox 2668 3291 2897 3346; x_wconf 90' lang='lat' dir='ltr'><strong>quorum</strong></span> <span class='ocrx_word' id='word_1_716' title='bbox 2929 3284 3076 3330; x_wconf 88' lang='lat' dir='ltr'><strong>tanta</strong></span> <span class='ocrx_word' id='word_1_717' title='bbox 3109 3278 3405 3331; x_wconf 89' lang='lat' dir='ltr'><strong>auctoritas</strong></span> 
     </span>
    </p>
   </div>
   <div class='ocr_carea' id='block_1_95' title="bbox 1801 3367 3398 3434">
    <p class='ocr_par' dir='ltr' id='par_1_95' title="bbox 1801 3367 3398 3434">
     <span class='ocr_line' id='line_1_95' title="bbox 1801 3367 3398 3434; baseline -0.001 -10"><span class='ocrx_word' id='word_1_718' title='bbox 1801 3370 1854 3424; x_wconf 92' lang='lat' dir='ltr'><strong>in</strong></span> <span class='ocrx_word' id='word_1_719' title='bbox 1899 3369 2182 3426; x_wconf 78' lang='lat' dir='ltr'><strong>servandis</strong></span> <span class='ocrx_word' id='word_1_720' title='bbox 2225 3369 2496 3424; x_wconf 88' lang='lat' dir='ltr'><strong>mandatis</strong></span> <span class='ocrx_word' id='word_1_721' title='bbox 2546 3377 2651 3434; x_wconf 87' lang='lat' dir='ltr'><strong>est,</strong></span> <span class='ocrx_word' id='word_1_722' title='bbox 2701 3369 2979 3423; x_wconf 86' lang='lat' dir='ltr'><strong>nescirent</strong></span> <span class='ocrx_word' id='word_1_723' title='bbox 3040 3367 3398 3423; x_wconf 86' lang='lat' dir='ltr'><strong>homicidium</strong></span> 
     </span>
    </p>
   </div>
   <div class='ocr_carea' id='block_1_96' title="bbox 1801 3460 3402 3532">
    <p class='ocr_par' dir='ltr' id='par_1_96' title="bbox 1801 3460 3402 3532">
     <span class='ocr_line' id='line_1_96' title="bbox 1801 3460 3402 3532; baseline -0.001 -16"><span class='ocrx_word' id='word_1_724' title='bbox 1801 3477 1908 3516; x_wconf 92' lang='lat' dir='ltr'><strong>non</strong></span> <span class='ocrx_word' id='word_1_725' title='bbox 1941 3477 2063 3517; x_wconf 87' lang='lat' dir='ltr'><strong>esse</strong></span> <span class='ocrx_word' id='word_1_726' title='bbox 2096 3461 2434 3521; x_wconf 84' lang='lat' dir='ltr'><strong>faciendum:</strong></span> <span class='ocrx_word' id='word_1_727' title='bbox 2463 3461 2663 3532; x_wconf 90' lang='lat' dir='ltr'><strong>quippe</strong></span> <span class='ocrx_word' id='word_1_728' title='bbox 2697 3477 2819 3516; x_wconf 90' lang='lat' dir='ltr'><strong>cum</strong></span> <span class='ocrx_word' id='word_1_729' title='bbox 2845 3460 3127 3516; x_wconf 88' lang='lat' dir='ltr'><strong>adulteros</strong></span> <span class='ocrx_word' id='word_1_730' title='bbox 3151 3471 3206 3516; x_wconf 91' lang='lat' dir='ltr'><strong>et</strong></span> <span class='ocrx_word' id='word_1_731' title='bbox 3227 3461 3402 3515; x_wconf 74' lang='lat' dir='ltr'><strong>Inomi-</strong></span> 
     </span>
    </p>
   </div>
   <div class='ocr_carea' id='block_1_97' title="bbox 1798 3552 3397 3626">
    <p class='ocr_par' dir='ltr' id='par_1_97' title="bbox 1798 3552 3397 3626">
     <span class='ocr_line' id='line_1_97' title="bbox 1798 3552 3397 3626; baseline -0.003 -17"><span class='ocrx_word' id='word_1_732' title='bbox 1798 3553 1972 3621; x_wconf 85' lang='lat' dir='ltr'><strong>cidas,</strong></span> <span class='ocrx_word' id='word_1_733' title='bbox 2020 3553 2179 3626; x_wconf 72' lang='lat'><strong>215</strong></span> <span class='ocrx_word' id='word_1_734' title='bbox 2209 3565 2262 3608; x_wconf 94' lang='lat' dir='ltr'><strong>et</strong></span> <span class='ocrx_word' id='word_1_735' title='bbox 2309 3553 2472 3607; x_wconf 74' lang='lat' dir='ltr'><strong>lalsos</strong></span> <span class='ocrx_word' id='word_1_736' title='bbox 2505 3561 2691 3617; x_wconf 91' lang='lat' dir='ltr'><strong>testes,</strong></span> <span class='ocrx_word' id='word_1_737' title='bbox 2729 3560 2784 3606; x_wconf 91' lang='lat' dir='ltr'><strong>et</strong></span> <span class='ocrx_word' id='word_1_738' title='bbox 2821 3552 2988 3618; x_wconf 87' lang='lat' dir='ltr'><strong>fures,</strong></span> <span class='ocrx_word' id='word_1_739' title='bbox 3015 3562 3071 3607; x_wconf 91' lang='lat' dir='ltr'><strong>et</strong></span> <span class='ocrx_word' id='word_1_740' title='bbox 3097 3552 3397 3617; x_wconf 88' lang='lat' dir='ltr'><strong>malelicos,</strong></span> 
     </span>
    </p>
   </div>
   <div class='ocr_carea' id='block_1_98' title="bbox 1797 3646 3389 3716">
    <p class='ocr_par' dir='ltr' id='par_1_98' title="bbox 1797 3646 3389 3716">
     <span class='ocr_line' id='line_1_98' title="bbox 1797 3646 3389 3716; baseline -0.002 -12"><span class='ocrx_word' id='word_1_741' title='bbox 1797 3659 1852 3704; x_wconf 91' lang='lat' dir='ltr'><strong>et</strong></span> <span class='ocrx_word' id='word_1_742' title='bbox 1897 3657 2218 3704; x_wconf 75' lang='lat' dir='ltr'><strong>czcterorum</strong></span> <span class='ocrx_word' id='word_1_743' title='bbox 2264 3649 2528 3702; x_wconf 90' lang='lat' dir='ltr'><strong>malorum</strong></span> <span class='ocrx_word' id='word_1_744' title='bbox 2571 3646 2904 3702; x_wconf 90' lang='lat' dir='ltr'><strong>admissores</strong></span> <span class='ocrx_word' id='word_1_745' title='bbox 2957 3647 3184 3716; x_wconf 91' lang='lat' dir='ltr'><strong>puniant</strong></span> <span class='ocrx_word' id='word_1_746' title='bbox 3237 3647 3389 3716; x_wconf 89' lang='lat' dir='ltr'><strong>leges</strong></span> 
     </span>
    </p>
   </div>
   <div class='ocr_carea' id='block_1_99' title="bbox 1798 3739 3399 3810">
    <p class='ocr_par' dir='ltr' id='par_1_99' title="bbox 1798 3739 3399 3810">
     <span class='ocr_line' id='line_1_99' title="bbox 1798 3739 3399 3810; baseline -0.001 -16"><span class='ocrx_word' id='word_1_747' title='bbox 1798 3739 2082 3795; x_wconf 70' lang='lat' dir='ltr'><strong>Romanae?</strong></span> <span class='ocrx_word' id='word_1_748' title='bbox 2107 3740 2353 3810; x_wconf 91' lang='lat' dir='ltr'><strong>Denique</strong></span> <span class='ocrx_word' id='word_1_749' title='bbox 2385 3740 2488 3793; x_wconf 88' lang='lat' dir='ltr'><strong>tria</strong></span> <span class='ocrx_word' id='word_1_750' title='bbox 2525 3741 2638 3792; x_wconf 74' lang='lat' dir='ltr'><strong>ltmc</strong></span> <span class='ocrx_word' id='word_1_751' title='bbox 2670 3740 2919 3793; x_wconf 87' lang='lat' dir='ltr'><strong>mandata</strong></span> <span class='ocrx_word' id='word_1_752' title='bbox 2945 3740 3015 3793; x_wconf 90' lang='lat' dir='ltr'><strong>ab</strong></span> <span class='ocrx_word' id='word_1_753' title='bbox 3043 3739 3311 3809; x_wconf 90' lang='lat' dir='ltr'><strong>apostolis</strong></span> <span class='ocrx_word' id='word_1_754' title='bbox 3342 3748 3399 3793; x_wconf 89' lang='lat' dir='ltr'><strong>et</strong></span> 
     </span>
    </p>
   </div>
   <div class='ocr_carea' id='block_1_100' title="bbox 1796 3829 3393 3902">
    <p class='ocr_par' dir='ltr' id='par_1_100' title="bbox 1796 3829 3393 3902">
     <span class='ocr_line' id='line_1_100' title="bbox 1796 3829 3393 3902; baseline -0.002 -15"><span class='ocrx_word' id='word_1_755' title='bbox 1796 3833 2101 3888; x_wconf 89' lang='lat' dir='ltr'><strong>senioribus</strong></span> <span class='ocrx_word' id='word_1_756' title='bbox 2132 3832 2258 3886; x_wconf 89' lang='lat' dir='ltr'><strong>data</strong></span> <span class='ocrx_word' id='word_1_757' title='bbox 2282 3831 2657 3901; x_wconf 90' lang='lat' dir='ltr'><strong>reperiuntur,</strong></span> <span class='ocrx_word' id='word_1_758' title='bbox 2685 3847 2806 3902; x_wconf 74' lang='lat' dir='ltr'><strong>qua:</strong></span> <span class='ocrx_word' id='word_1_759' title='bbox 2837 3829 3093 3901; x_wconf 86' lang='lat' dir='ltr'><strong>ignorant</strong></span> <span class='ocrx_word' id='word_1_760' title='bbox 3119 3831 3263 3900; x_wconf 87' lang='lat' dir='ltr'><strong>leges</strong></span> <span class='ocrx_word' id='word_1_761' title='bbox 3286 3830 3393 3885; x_wconf 84' lang='lat' dir='ltr'><strong>Ro-</strong></span> 
     </span>
    </p>
   </div>
   <div class='ocr_carea' id='block_1_101' title="bbox 1797 3920 3391 3990">
    <p class='ocr_par' dir='ltr' id='par_1_101' title="bbox 1797 3920 3391 3990">
     <span class='ocr_line' id='line_1_101' title="bbox 1797 3920 3391 3990; baseline -0.001 -12"><span class='ocrx_word' id='word_1_762' title='bbox 1797 3939 1991 3990; x_wconf 67' lang='lat' dir='ltr'><strong>manae,</strong></span> <span class='ocrx_word' id='word_1_763' title='bbox 2025 3923 2076 3978; x_wconf 92' lang='lat' dir='ltr'><strong>id</strong></span> <span class='ocrx_word' id='word_1_764' title='bbox 2105 3935 2209 3988; x_wconf 74' lang='grc' dir='ltr'>ÏÎµÎ¹,</span> <span class='ocrx_word' id='word_1_765' title='bbox 2235 3934 2291 3977; x_wconf 87' lang='grc' dir='ltr'><strong>Î¹Î¹Î¹</strong></span> <span class='ocrx_word' id='word_1_766' title='bbox 2310 3922 2618 3977; x_wconf 86' lang='lat' dir='ltr'><strong>abstineant</strong></span> <span class='ocrx_word' id='word_1_767' title='bbox 2643 3937 2703 3977; x_wconf 93' lang='lat' dir='ltr'><strong>se</strong></span> <span class='ocrx_word' id='word_1_768' title='bbox 2731 3922 2800 3976; x_wconf 90' lang='lat' dir='ltr'><strong>ab</strong></span> <span class='ocrx_word' id='word_1_769' title='bbox 2831 3920 3158 3986; x_wconf 89' lang='lat' dir='ltr'><strong>idololatria,</strong></span> <span class='ocrx_word' id='word_1_770' title='bbox 3179 3932 3234 3976; x_wconf 91' lang='lat' dir='ltr'><strong>et</strong></span> <span class='ocrx_word' id='word_1_771' title='bbox 3264 3935 3391 3976; x_wconf 87' lang='lat' dir='ltr'><strong>san-</strong></span> 
     </span>
    </p>
   </div>
   <div class='ocr_carea' id='block_1_102' title="bbox 1793 4012 3393 4086">
    <p class='ocr_par' dir='ltr' id='par_1_102' title="bbox 1793 4012 3393 4086">
     <span class='ocr_line' id='line_1_102' title="bbox 1793 4012 3393 4086; baseline 0.001 -18"><span class='ocrx_word' id='word_1_772' title='bbox 1793 4016 1975 4086; x_wconf 85' lang='lat' dir='ltr'><strong>guine,</strong></span> <span class='ocrx_word' id='word_1_773' title='bbox 2003 4016 2142 4070; x_wconf 91' lang='lat' dir='ltr'><strong>sicut</strong></span> <span class='ocrx_word' id='word_1_774' title='bbox 2170 4014 2304 4080; x_wconf 87' lang='lat' dir='ltr'><strong>Noe,</strong></span> <span class='ocrx_word' id='word_1_775' title='bbox 2329 4023 2383 4068; x_wconf 91' lang='lat' dir='ltr'><strong>ct</strong></span> <span class='ocrx_word' id='word_1_776' title='bbox 2404 4013 2784 4068; x_wconf 86' lang='lat' dir='ltr'><strong>fornicatione.</strong></span> <span class='ocrx_word' id='word_1_777' title='bbox 2808 4014 2937 4081; x_wconf 63' lang='lat' dir='ltr'><strong>Quae</strong></span> <span class='ocrx_word' id='word_1_778' title='bbox 2956 4012 3218 4084; x_wconf 67' lang='lat' dir='ltr'><strong>sophistae</strong></span> <span class='ocrx_word' id='word_1_779' title='bbox 3245 4013 3393 4069; x_wconf 66' lang='lat' dir='ltr'><strong>Grae-</strong></span> 
     </span>
    </p>
   </div>
   <div class='ocr_carea' id='block_1_103' title="bbox 1793 4108 3391 4179">
    <p class='ocr_par' dir='ltr' id='par_1_103' title="bbox 1793 4108 3391 4179">
     <span class='ocr_line' id='line_1_103' title="bbox 1793 4108 3391 4179; baseline 0 -15"><span class='ocrx_word' id='word_1_780' title='bbox 1793 4125 1980 4164; x_wconf 90' lang='lat' dir='ltr'><strong>corum</strong></span> <span class='ocrx_word' id='word_1_781' title='bbox 2015 4126 2119 4163; x_wconf 92' lang='lat' dir='ltr'><strong>non</strong></span> <span class='ocrx_word' id='word_1_782' title='bbox 2149 4109 2536 4179; x_wconf 87' lang='lat' dir='ltr'><strong>intelligentes,</strong></span> <span class='ocrx_word' id='word_1_783' title='bbox 2573 4108 2811 4164; x_wconf 89' lang='lat' dir='ltr'><strong>scientes</strong></span> <span class='ocrx_word' id='word_1_784' title='bbox 2841 4118 3020 4164; x_wconf 87' lang='lat' dir='ltr'><strong>tamen</strong></span> <span class='ocrx_word' id='word_1_785' title='bbox 3066 4125 3095 4162; x_wconf 91' lang='lat' dir='ltr'><strong>a</strong></span> <span class='ocrx_word' id='word_1_786' title='bbox 3122 4109 3391 4178; x_wconf 85' lang='lat' dir='ltr'><strong>sanguine</strong></span> 
     </span>
    </p>
   </div>
   <div class='ocr_carea' id='block_1_104' title="bbox 1791 4201 3384 4272">
    <p class='ocr_par' dir='ltr' id='par_1_104' title="bbox 1791 4201 3384 4272">
     <span class='ocr_line' id='line_1_104' title="bbox 1791 4201 3384 4272; baseline -0.001 -15"><span class='ocrx_word' id='word_1_787' title='bbox 1791 4201 2196 4269; x_wconf 90' lang='lat' dir='ltr'><strong>abstinendum,</strong></span> <span class='ocrx_word' id='word_1_788' title='bbox 2264 4201 2638 4256; x_wconf 88' lang='lat' dir='ltr'><strong>adulterarunt</strong></span> <span class='ocrx_word' id='word_1_789' title='bbox 2699 4201 3058 4272; x_wconf 89' lang='lat' dir='ltr'><strong>Scripturam,</strong></span> <span class='ocrx_word' id='word_1_790' title='bbox 3129 4209 3384 4272; x_wconf 90' lang='lat' dir='ltr'><strong>quartum</strong></span> 
     </span>
    </p>
   </div>
   <div class='ocr_carea' id='block_1_105' title="bbox 1792 4296 3390 4363">
    <p class='ocr_par' dir='ltr' id='par_1_105' title="bbox 1792 4296 3390 4363">
     <span class='ocr_line' id='line_1_105' title="bbox 1792 4296 3390 4363; baseline 0 -11"><span class='ocrx_word' id='word_1_791' title='bbox 1792 4297 2108 4352; x_wconf 86' lang='lat' dir='ltr'><strong>mandatum</strong></span> <span class='ocrx_word' id='word_1_792' title='bbox 2136 4297 2422 4363; x_wconf 91' lang='lat' dir='ltr'><strong>addentes,</strong></span> <span class='ocrx_word' id='word_1_793' title='bbox 2467 4306 2520 4350; x_wconf 89' lang='lat' dir='ltr'><strong>et</strong></span> <span class='ocrx_word' id='word_1_794' title='bbox 2570 4312 2597 4348; x_wconf 93' lang='lat' dir='ltr'><strong>a</strong></span> <span class='ocrx_word' id='word_1_795' title='bbox 2635 4296 2904 4351; x_wconf 86' lang='lat' dir='ltr'><strong>suffocan</strong></span> <span class='ocrx_word' id='word_1_796' title='bbox 2933 4297 3336 4353; x_wconf 85' lang='lat' dir='ltr'><strong>observandum</strong></span> <span class='ocrx_word' id='word_1_797' title='bbox 3378 4317 3390 4352; x_wconf 89' lang='lat'><strong><em>:</em></strong></span> 
     </span>
    </p>
   </div>
   <div class='ocr_carea' id='block_1_106' title="bbox 1789 4389 3389 4462">
    <p class='ocr_par' dir='ltr' id='par_1_106' title="bbox 1789 4389 3389 4462">
     <span class='ocr_line' id='line_1_106' title="bbox 1789 4389 3389 4462; baseline 0.001 -19"><span class='ocrx_word' id='word_1_798' title='bbox 1789 4391 1955 4462; x_wconf 91' lang='lat' dir='ltr'><strong>quod,</strong></span> <span class='ocrx_word' id='word_1_799' title='bbox 2007 4403 2153 4461; x_wconf 87' lang='lat' dir='ltr'><strong>puto,</strong></span> <span class='ocrx_word' id='word_1_800' title='bbox 2204 4406 2348 4446; x_wconf 93' lang='lat' dir='ltr'><strong>nunc</strong></span> <span class='ocrx_word' id='word_1_801' title='bbox 2399 4389 2490 4445; x_wconf 88' lang='lat' dir='ltr'><strong>Dei</strong></span> <span class='ocrx_word' id='word_1_802' title='bbox 2521 4400 2651 4444; x_wconf 91' lang='lat' dir='ltr'><strong>nutu</strong></span> <span class='ocrx_word' id='word_1_803' title='bbox 2699 4390 3028 4446; x_wconf 90' lang='lat' dir='ltr'><strong>intellecturi</strong></span> <span class='ocrx_word' id='word_1_804' title='bbox 3073 4400 3228 4458; x_wconf 89' lang='lat' dir='ltr'><strong>sunt;</strong></span> <span class='ocrx_word' id='word_1_805' title='bbox 3262 4391 3389 4462; x_wconf 89' lang='lat' dir='ltr'><strong>quia</strong></span> 
     </span>
    </p>
   </div>
   <div class='ocr_carea' id='block_1_107' title="bbox 1785 4484 3024 4555">
    <p class='ocr_par' dir='ltr' id='par_1_107' title="bbox 1785 4484 3024 4555">
     <span class='ocr_line' id='line_1_107' title="bbox 1785 4484 3024 4555; baseline 0 -17"><span class='ocrx_word' id='word_1_806' title='bbox 1785 4484 1896 4555; x_wconf 90' lang='lat' dir='ltr'><strong>jam</strong></span> <span class='ocrx_word' id='word_1_807' title='bbox 1920 4501 2079 4553; x_wconf 84' lang='lat' dir='ltr'><strong>supra</strong></span> <span class='ocrx_word' id='word_1_808' title='bbox 2109 4486 2310 4540; x_wconf 92' lang='lat' dir='ltr'><strong>dictum</strong></span> <span class='ocrx_word' id='word_1_809' title='bbox 2341 4493 2477 4548; x_wconf 89' lang='lat' dir='ltr'><strong>erat,</strong></span> <span class='ocrx_word' id='word_1_810' title='bbox 2511 4485 2652 4554; x_wconf 91' lang='lat' dir='ltr'><strong>quod</strong></span> <span class='ocrx_word' id='word_1_811' title='bbox 2681 4484 3024 4540; x_wconf 89' lang='lat' dir='ltr'><strong>addiderunt.</strong></span> 
     </span>
    </p>
   </div>
   <div class='ocr_carea' id='block_1_108' title="bbox 1863 4575 3392 4650">
    <p class='ocr_par' dir='ltr' id='par_1_108' title="bbox 1863 4575 3392 4650">
     <span class='ocr_line' id='line_1_108' title="bbox 1863 4575 3392 4650; baseline 0 -18"><span class='ocrx_word' id='word_1_812' title='bbox 1863 4583 1879 4648; x_wconf 93' lang='lat'><strong>(</strong></span> <span class='ocrx_word' id='word_1_813' title='bbox 1906 4577 2168 4648; x_wconf 76' lang='lat' dir='ltr'><strong>Vers.5.)</strong></span> <span class='ocrx_word' id='word_1_814' title='bbox 2201 4578 2309 4632; x_wconf 86' lang='lat' dir='ltr'><strong>Sed</strong></span> <span class='ocrx_word' id='word_1_815' title='bbox 2347 4593 2508 4648; x_wconf 89' lang='lat' dir='ltr'><strong>neque</strong></span> <span class='ocrx_word' id='word_1_816' title='bbox 2537 4575 2708 4640; x_wconf 88' lang='lat' dir='ltr'><strong>Titus,</strong></span> <span class='ocrx_word' id='word_1_817' title='bbox 2735 4579 2819 4647; x_wconf 85' lang='lat' dir='ltr'><strong>qui</strong></span> <span class='ocrx_word' id='word_1_818' title='bbox 2852 4593 3047 4632; x_wconf 85' lang='lat' dir='ltr'><strong>mecum</strong></span> <span class='ocrx_word' id='word_1_819' title='bbox 3092 4587 3220 4641; x_wconf 87' lang='lat' dir='ltr'><strong>erat,</strong></span> <span class='ocrx_word' id='word_1_820' title='bbox 3249 4577 3392 4650; x_wconf 87' lang='lat' dir='ltr'><strong>(hoc</strong></span> 
     </span>
    </p>
   </div>
   <div class='ocr_carea' id='block_1_109' title="bbox 1788 4670 3390 4744">
    <p class='ocr_par' dir='ltr' id='par_1_109' title="bbox 1788 4670 3390 4744">
     <span class='ocr_line' id='line_1_109' title="bbox 1788 4670 3390 4744; baseline 0 -16"><span class='ocrx_word' id='word_1_821' title='bbox 1788 4682 1892 4737; x_wconf 88' lang='lat' dir='ltr'><strong>est,</strong></span> <span class='ocrx_word' id='word_1_822' title='bbox 1919 4673 2010 4727; x_wconf 89' lang='lat' dir='ltr'><strong>illo</strong></span> <span class='ocrx_word' id='word_1_823' title='bbox 2040 4674 2158 4742; x_wconf 92' lang='lat' dir='ltr'><strong>ipso</strong></span> <span class='ocrx_word' id='word_1_824' title='bbox 2177 4683 2442 4742; x_wconf 84' lang='lat' dir='ltr'><strong>tempore,</strong></span> <span class='ocrx_word' id='word_1_825' title='bbox 2473 4687 2578 4741; x_wconf 92' lang='lat' dir='ltr'><strong>quo</strong></span> <span class='ocrx_word' id='word_1_826' title='bbox 2612 4670 2710 4737; x_wconf 92' lang='lat' dir='ltr'><strong>fui,</strong></span> <span class='ocrx_word' id='word_1_827' title='bbox 2736 4671 2936 4741; x_wconf 89' lang='lat' dir='ltr'><strong>inquit,</strong></span> <span class='ocrx_word' id='word_1_828' title='bbox 2967 4671 3390 4744; x_wconf 79' lang='lat' dir='ltr'><strong>Hierosolymis,</strong></span> 
     </span>
    </p>
   </div>
   <div class='ocr_carea' id='block_1_110' title="bbox 1786 4761 3389 4835">
    <p class='ocr_par' dir='ltr' id='par_1_110' title="bbox 1786 4761 3389 4835">
     <span class='ocr_line' id='line_1_110' title="bbox 1786 4761 3389 4835; baseline 0.001 -16"><span class='ocrx_word' id='word_1_829' title='bbox 1786 4764 1956 4830; x_wconf 85' lang='lat' dir='ltr'><strong>Titus,</strong></span> <span class='ocrx_word' id='word_1_830' title='bbox 1985 4766 2076 4835; x_wconf 85' lang='lat' dir='ltr'><strong>qui</strong></span> <span class='ocrx_word' id='word_1_831' title='bbox 2121 4781 2318 4820; x_wconf 86' lang='lat' dir='ltr'><strong>mecum</strong></span> <span class='ocrx_word' id='word_1_832' title='bbox 2374 4761 2852 4834; x_wconf 79' lang='lat' dir='ltr'><strong>erat)compulsus</strong></span> <span class='ocrx_word' id='word_1_833' title='bbox 2901 4779 3007 4820; x_wconf 92' lang='lat' dir='ltr'><strong>non</strong></span> <span class='ocrx_word' id='word_1_834' title='bbox 3040 4775 3122 4821; x_wconf 90' lang='lat' dir='ltr'><strong>est</strong></span> <span class='ocrx_word' id='word_1_835' title='bbox 3150 4766 3389 4822; x_wconf 91' lang='lat' dir='ltr'><strong>circum-</strong></span> 
     </span>
    </p>
   </div>
   <div class='ocr_carea' id='block_1_111' title="bbox 1788 4861 3391 4933">
    <p class='ocr_par' dir='ltr' id='par_1_111' title="bbox 1788 4861 3391 4933">
     <span class='ocr_line' id='line_1_111' title="bbox 1788 4861 3391 4933; baseline -0.001 -15"><span class='ocrx_word' id='word_1_836' title='bbox 1788 4863 1918 4918; x_wconf 88' lang='lat' dir='ltr'><strong>cidi.</strong></span> <span class='ocrx_word' id='word_1_837' title='bbox 1965 4862 2099 4918; x_wconf 88' lang='lat' dir='ltr'><strong>Cum</strong></span> <span class='ocrx_word' id='word_1_838' title='bbox 2134 4863 2318 4931; x_wconf 90' lang='lat' dir='ltr'><strong>utique</strong></span> <span class='ocrx_word' id='word_1_839' title='bbox 2349 4863 2490 4916; x_wconf 90' lang='lat' dir='ltr'><strong>inter</strong></span> <span class='ocrx_word' id='word_1_840' title='bbox 2537 4861 2840 4931; x_wconf 90' lang='lat' dir='ltr'><strong>apostolos,</strong></span> <span class='ocrx_word' id='word_1_841' title='bbox 2869 4871 2923 4916; x_wconf 88' lang='lat' dir='ltr'><strong>et</strong></span> <span class='ocrx_word' id='word_1_842' title='bbox 2949 4876 3046 4917; x_wconf 92' lang='lat' dir='ltr'><strong>eos</strong></span> <span class='ocrx_word' id='word_1_843' title='bbox 3068 4862 3160 4933; x_wconf 91' lang='lat' dir='ltr'><strong>qui</strong></span> <span class='ocrx_word' id='word_1_844' title='bbox 3190 4878 3256 4917; x_wconf 82' lang='lat' dir='ltr'><strong>ex</strong></span> <span class='ocrx_word' id='word_1_845' title='bbox 3290 4861 3391 4918; x_wconf 81' lang='lat' dir='ltr'><strong>Ju-</strong></span> 
     </span>
    </p>
   </div>
   <div class='ocr_carea' id='block_1_112' title="bbox 1788 4953 3389 5021">
    <p class='ocr_par' dir='ltr' id='par_1_112' title="bbox 1788 4953 3389 5021">
     <span class='ocr_line' id='line_1_112' title="bbox 1788 4953 3389 5021; baseline -0.002 -11"><span class='ocrx_word' id='word_1_846' title='bbox 1788 4957 1920 5011; x_wconf 70' lang='lat' dir='ltr'><strong>drcis</strong></span> <span class='ocrx_word' id='word_1_847' title='bbox 1947 4955 2314 5021; x_wconf 88' lang='lat' dir='ltr'><strong>crediderant,</strong></span> <span class='ocrx_word' id='word_1_848' title='bbox 2339 4967 2604 5018; x_wconf 88' lang='lat' dir='ltr'><strong>essemus,</strong></span> <span class='ocrx_word' id='word_1_849' title='bbox 2633 4968 2794 5008; x_wconf 91' lang='lat' dir='ltr'><strong>nemo</strong></span> <span class='ocrx_word' id='word_1_850' title='bbox 2820 4967 2945 5008; x_wconf 90' lang='lat' dir='ltr'><strong>eum</strong></span> <span class='ocrx_word' id='word_1_851' title='bbox 2970 4953 3038 5009; x_wconf 88' lang='lat' dir='ltr'><strong>de</strong></span> <span class='ocrx_word' id='word_1_852' title='bbox 3068 4953 3172 5020; x_wconf 90' lang='lat' dir='ltr'><strong>his,</strong></span> <span class='ocrx_word' id='word_1_853' title='bbox 3209 4954 3258 5006; x_wconf 93' lang='lat' dir='ltr'><strong>id</strong></span> <span class='ocrx_word' id='word_1_854' title='bbox 3283 4963 3389 5015; x_wconf 89' lang='lat' dir='ltr'><strong>est,</strong></span> 
     </span>
    </p>
   </div>
   <div class='ocr_carea' id='block_1_113' title="bbox 1789 5045 3386 5119">
    <p class='ocr_par' dir='ltr' id='par_1_113' title="bbox 1789 5045 3386 5119">
     <span class='ocr_line' id='line_1_113' title="bbox 1789 5045 3386 5119; baseline -0.003 -15"><span class='ocrx_word' id='word_1_855' title='bbox 1789 5050 1993 5114; x_wconf 90' lang='lat' dir='ltr'><strong>Titum,</strong></span> <span class='ocrx_word' id='word_1_856' title='bbox 2018 5047 2640 5119; x_wconf 87' lang='lat' dir='ltr'><strong>cmnpulitcircumcidi.</strong></span> <span class='ocrx_word' id='word_1_857' title='bbox 2670 5047 2738 5102; x_wconf 86' lang='lat' dir='ltr'><strong>Et</strong></span> <span class='ocrx_word' id='word_1_858' title='bbox 2773 5047 3223 5116; x_wconf 85' lang='lat' dir='ltr'><strong>subintelligitur,</strong></span> <span class='ocrx_word' id='word_1_859' title='bbox 3249 5045 3386 5112; x_wconf 88' lang='lat' dir='ltr'><strong>Quid</strong></span> 
     </span>
    </p>
   </div>
   <div class='ocr_carea' id='block_1_114' title="bbox 1787 5135 3386 5204">
    <p class='ocr_par' dir='ltr' id='par_1_114' title="bbox 1787 5135 3386 5204">
     <span class='ocr_line' id='line_1_114' title="bbox 1787 5135 3386 5204; baseline -0.006 -5"><span class='ocrx_word' id='word_1_860' title='bbox 1787 5153 1873 5199; x_wconf 89' lang='lat' dir='ltr'><strong>est</strong></span> <span class='ocrx_word' id='word_1_861' title='bbox 1905 5151 1962 5198; x_wconf 92' lang='lat' dir='ltr'><strong>ut</strong></span> <span class='ocrx_word' id='word_1_862' title='bbox 1993 5157 2090 5198; x_wconf 91' lang='lat' dir='ltr'><strong>vos</strong></span> <span class='ocrx_word' id='word_1_863' title='bbox 2119 5139 2612 5204; x_wconf 85' lang='lat' dir='ltr'><strong>circumcidamini,</strong></span> <span class='ocrx_word' id='word_1_864' title='bbox 2665 5154 2788 5194; x_wconf 91' lang='lat' dir='ltr'><strong>cum</strong></span> <span class='ocrx_word' id='word_1_865' title='bbox 2823 5138 2982 5193; x_wconf 85' lang='lat' dir='ltr'><strong>Titus</strong></span> <span class='ocrx_word' id='word_1_866' title='bbox 3008 5137 3075 5190; x_wconf 89' lang='lat' dir='ltr'><strong>ab</strong></span> <span class='ocrx_word' id='word_1_867' title='bbox 3100 5135 3386 5204; x_wconf 89' lang='lat' dir='ltr'><strong>apostolis,</strong></span> 
     </span>
    </p>
   </div>
   <div class='ocr_carea' id='block_1_115' title="bbox 1786 5229 3382 5310">
    <p class='ocr_par' dir='ltr' id='par_1_115' title="bbox 1786 5229 3382 5310">
     <span class='ocr_line' id='line_1_115' title="bbox 1786 5229 3382 5310; baseline -0.005 -18"><span class='ocrx_word' id='word_1_868' title='bbox 1786 5239 1876 5310; x_wconf 92' lang='lat' dir='ltr'><strong>qui</strong></span> <span class='ocrx_word' id='word_1_869' title='bbox 1901 5237 2228 5292; x_wconf 81' lang='lat' dir='ltr'><strong>videbantur</strong></span> <span class='ocrx_word' id='word_1_870' title='bbox 2255 5235 2456 5306; x_wconf 90' lang='lat' dir='ltr'><strong>aliquid</strong></span> <span class='ocrx_word' id='word_1_871' title='bbox 2499 5249 2641 5301; x_wconf 80' lang='lat' dir='ltr'><strong>eSSe,</strong></span> <span class='ocrx_word' id='word_1_872' title='bbox 2678 5251 2782 5290; x_wconf 92' lang='lat' dir='ltr'><strong>non</strong></span> <span class='ocrx_word' id='word_1_873' title='bbox 2816 5243 2899 5288; x_wconf 87' lang='lat' dir='ltr'><strong>est</strong></span> <span class='ocrx_word' id='word_1_874' title='bbox 2929 5229 3240 5300; x_wconf 81' lang='lat' dir='ltr'><strong>compulsus</strong></span> <span class='ocrx_word' id='word_1_875' title='bbox 3285 5231 3382 5285; x_wconf 86' lang='lat' dir='ltr'><strong>cir-</strong></span> 
     </span>
    </p>
   </div>
   <div class='ocr_carea' id='block_1_116' title="bbox 1785 5327 3051 5404">
    <p class='ocr_par' dir='ltr' id='par_1_116' title="bbox 1785 5327 3051 5404">
     <span class='ocr_line' id='line_1_116' title="bbox 1785 5327 3051 5404; baseline -0.009 -12"><span class='ocrx_word' id='word_1_876' title='bbox 1785 5335 2046 5401; x_wconf 89' lang='lat' dir='ltr'><strong>cumcidi,</strong></span> <span class='ocrx_word' id='word_1_877' title='bbox 2071 5333 2166 5390; x_wconf 92' lang='lat' dir='ltr'><strong>sed</strong></span> <span class='ocrx_word' id='word_1_878' title='bbox 2196 5344 2483 5404; x_wconf 83' lang='lat' dir='ltr'><strong>susceptus</strong></span> <span class='ocrx_word' id='word_1_879' title='bbox 2513 5341 2597 5388; x_wconf 88' lang='lat' dir='ltr'><strong>est</strong></span> <span class='ocrx_word' id='word_1_880' title='bbox 2621 5327 3051 5385; x_wconf 86' lang='lat' dir='ltr'><strong>incircumcisus.</strong></span> 
     </span>
    </p>
   </div>
   <div class='ocr_carea' id='block_1_117' title="bbox 1786 5467 3390 5550">
    <p class='ocr_par' dir='ltr' id='par_1_117' title="bbox 1786 5467 3390 5550">
     <span class='ocr_line' id='line_1_117' title="bbox 1786 5467 3390 5550; baseline -0.004 -20"><span class='ocrx_word' id='word_1_881' title='bbox 1786 5492 1900 5550; x_wconf 85' lang='lat' dir='ltr'><strong>cum</strong></span> <span class='ocrx_word' id='word_1_882' title='bbox 1931 5474 2102 5550; x_wconf 85' lang='lat' dir='ltr'><strong>legem</strong></span> <span class='ocrx_word' id='word_1_883' title='bbox 2125 5473 2406 5550; x_wconf 79' lang='lat' dir='ltr'><strong>dedissent.</strong></span> <span class='ocrx_word' id='word_1_884' title='bbox 2433 5472 2577 5550; x_wconf 81' lang='lat' dir='ltr'><strong>Infra</strong></span> <span class='ocrx_word' id='word_1_885' title='bbox 2610 5467 2901 5550; x_wconf 35' lang='lat' dir='ltr'><strong>veroâ€˜edit.</strong></span> <span class='ocrx_word' id='word_1_886' title='bbox 2935 5468 3095 5550; x_wconf 63' lang='lat' dir='ltr'><strong>item.</strong></span> <span class='ocrx_word' id='word_1_887' title='bbox 3130 5467 3266 5550; x_wconf 77' lang='lat' dir='ltr'><strong>sola,</strong></span> <span class='ocrx_word' id='word_1_888' title='bbox 3302 5471 3390 5550; x_wconf 80' lang='lat' dir='ltr'><strong>ab-</strong></span> 
     </span>
    </p>
   </div>
   <div class='ocr_carea' id='block_1_118' title="bbox 1786 5542 3381 5616">
    <p class='ocr_par' dir='ltr' id='par_1_118' title="bbox 1786 5542 3381 5616">
     <span class='ocr_line' id='line_1_118' title="bbox 1786 5542 3381 5616; baseline -0.002 -16"><span class='ocrx_word' id='word_1_889' title='bbox 1786 5542 2052 5612; x_wconf 78' lang='lat' dir='ltr'><strong>stinerent,</strong></span> <span class='ocrx_word' id='word_1_890' title='bbox 2085 5545 2140 5599; x_wconf 90' lang='lat' dir='ltr'><strong>id</strong></span> <span class='ocrx_word' id='word_1_891' title='bbox 2170 5556 2267 5616; x_wconf 84' lang='lat' dir='ltr'><strong>est,</strong></span> <span class='ocrx_word' id='word_1_892' title='bbox 2293 5564 2323 5600; x_wconf 91' lang='lat' dir='ltr'><strong>a</strong></span> <span class='ocrx_word' id='word_1_893' title='bbox 2354 5546 2624 5614; x_wconf 80' lang='lat' dir='ltr'><strong>sanguine,</strong></span> <span class='ocrx_word' id='word_1_894' title='bbox 2655 5552 2700 5596; x_wconf 89' lang='lat' dir='ltr'><strong>et</strong></span> <span class='ocrx_word' id='word_1_895' title='bbox 2726 5542 3091 5612; x_wconf 80' lang='lat' dir='ltr'><strong>fornicatione,</strong></span> <span class='ocrx_word' id='word_1_896' title='bbox 3124 5549 3174 5595; x_wconf 86' lang='lat' dir='ltr'><strong>et</strong></span> <span class='ocrx_word' id='word_1_897' title='bbox 3213 5542 3381 5597; x_wconf 87' lang='lat' dir='ltr'><strong>idolo-</strong></span> 
     </span>
    </p>
   </div>
   <div class='ocr_carea' id='block_1_119' title="bbox 1786 5621 3383 5756">
    <p class='ocr_par' dir='ltr' id='par_1_119' title="bbox 1786 5621 3383 5756">
     <span class='ocr_line' id='line_1_119' title="bbox 1786 5621 3383 5756; baseline -0.003 -11"><span class='ocrx_word' id='word_1_898' title='bbox 1786 5621 2079 5746; x_wconf 48' lang='lat' dir='ltr'><strong>Msgofiom.</strong></span> <span class='ocrx_word' id='word_1_899' title='bbox 2111 5690 2271 5756; x_wconf 88' lang='lat' dir='ltr'><strong>edit.,</strong></span> <span class='ocrx_word' id='word_1_900' title='bbox 2305 5707 2335 5742; x_wconf 90' lang='lat' dir='ltr'><strong>a</strong></span> <span class='ocrx_word' id='word_1_901' title='bbox 2357 5686 2607 5754; x_wconf 82' lang='lat' dir='ltr'><strong>sanguine</strong></span> <span class='ocrx_word' id='word_1_902' title='bbox 2633 5682 2908 5737; x_wconf 80' lang='lat' dir='ltr'><strong>abstinere.</strong></span> <span class='ocrx_word' id='word_1_903' title='bbox 2948 5681 3087 5738; x_wconf 87' lang='lat' dir='ltr'><strong>Nam</strong></span> <span class='ocrx_word' id='word_1_904' title='bbox 3117 5686 3214 5739; x_wconf 80' lang='lat' dir='ltr'><strong>hoc</strong></span> <span class='ocrx_word' id='word_1_905' title='bbox 3241 5703 3383 5741; x_wconf 86' lang='lat' dir='ltr'><strong>acce-</strong></span> 
     </span>
    </p>
   </div>
   <div class='ocr_carea' id='block_1_120' title="bbox 1784 5757 2708 5833">
    <p class='ocr_par' dir='ltr' id='par_1_120' title="bbox 1784 5757 2708 5833">
     <span class='ocr_line' id='line_1_120' title="bbox 1784 5757 2708 5833; baseline -0.014 -14"><span class='ocrx_word' id='word_1_906' title='bbox 1784 5774 1968 5833; x_wconf 83' lang='lat' dir='ltr'><strong>perunt</strong></span> <span class='ocrx_word' id='word_1_907' title='bbox 1995 5781 2027 5817; x_wconf 86' lang='lat' dir='ltr'><strong>a</strong></span> <span class='ocrx_word' id='word_1_908' title='bbox 2057 5761 2193 5826; x_wconf 84' lang='lat' dir='ltr'><strong>Noe,-</strong></span> <span class='ocrx_word' id='word_1_909' title='bbox 2222 5759 2363 5830; x_wconf 84' lang='lat' dir='ltr'><strong>quod</strong></span> <span class='ocrx_word' id='word_1_910' title='bbox 2381 5775 2414 5812; x_wconf 90' lang='lat' dir='ltr'><strong>a</strong></span> <span class='ocrx_word' id='word_1_911' title='bbox 2445 5757 2570 5822; x_wconf 77' lang='lat' dir='ltr'><strong>(leo,</strong></span> <span class='ocrx_word' id='word_1_912' title='bbox 2600 5765 2708 5810; x_wconf 89' lang='lat' dir='ltr'><strong>etc.</strong></span> 
     </span>
    </p>
   </div>
  </div>
