3978 6310
576 231 608 286 3
621 228 684 287 i7
1528 223 1618 281 AD
1655 221 1890 282 οΡΕΙιΑ
1936 222 2147 282 SANC'I

2237 221 2549 282 M18308"
2592 223 2957 282 APPENDIX.
3731 233 3808 288 3i8

643 347 661 416 (
688 342 840 400 Vors.
867 343 990 410 4,5.
1016 343 1037 414 )
1066 342 1288 414 Propter
1319 351 1344 380 α
1368 343 1786 397 subintroductos
1814 350 1986 399 autem
2005 343 2168 416 falsos
2196 344 2250 406 Α
2273 342 2353 400 De
2381 345 2675 414 gentilibus
2700 353 2883 400 autem
2927 344 3243 400 scandalum
3270 360 3377 401 non
3411 345 3689 413 habebant,
3709 351 3811 406 unde

577 443 788 511 fratres,
844 435 933 505 qui
962 437 1379 492 subintraoerunt
1409 437 1681 510 explorare
1711 436 1996 492 libertatm:
2042 453 2176 492 nos-
2279 436 2433 493 Titus
2455 451 2562 493 non
2587 448 2671 494 est
2698 438 3012 510 compulsus
3037 440 3377 495 circumcidi.
3414 441 3497 495 Ad
3530 443 3700 497 horam
3717 459 3811 514 ergo

579 544 733 597 traut,
767 547 923 601 quam
953 532 1198 587 Ital-smus
1223 533 1276 586 in
1309 531 1516 587 Christo
1544 528 1694 600 Iesu,
1729 541 1783 587 ut
1812 547 1905 587 nos
1935 535 1991 587 ln
2018 534 2178 587 serata
2279 534 2478 599 cessit;
2513 541 2569 588 ut
2592 531 2794 589 veritas
2824 533 3106 605 Evangelii
3135 543 3457 604 permaneat
3486 536 3621 605 apud
3645 548 3808 606 gentes,

578 636 739 682 tutem
792 627 1131 702 subjicerent,
1160 626 1230 679 ad
1261 627 1438 681 horam
1463 628 1709 681 cessimus
1743 627 2092 701 subjectioni;
2124 633 2179 681 ut
2279 643 2403 685 cum
2428 642 2533 682 non
2564 627 2859 695 subiiciunt
2903 641 2961 684 se
2990 627 3421 685 circnmcisioni.
3454 628 3606 697 Apud
3649 626 3817 687 ludens

579 720 768 774 ueritas
799 718 1074 789 Evangelii
1129 726 1426 790 permaneat
1477 720 1620 789 apud
1657 735 1761 774 vos.
1797 717 2005 787 Titum,
2053 723 2177 792 quia
2279 731 2458 776 autem
2488 737 2594 776 non
2639 733 2756 775 erat
2808 722 3012 777 veritas
3042 721 3358 794 Evangelii;
3418 723 3546 794 quia
3588 723 3819 783 credentes

579 812 803 869 Gratcus
833 821 951 868 erat
991 813 1130 869 sicut
1157 811 1391 877 Galatae,
1441 822 1603 883 negat
1629 813 2031 868 circumcisum.
2061 813 2182 882 Quo
2281 815 2743 872 circumcidebant
2786 813 2930 870 filios
2981 831 3141 881 suos;
3178 817 3230 870 in
3280 814 3507 871 Christo
3556 817 3689 871 cnim
3728 817 3821 872 lem

579 904 747 972 dicto,
781 905 884 960 hos
909 905 1109 977 arguit,
1142 905 1232 974 qui
1265 914 1584 976 paterentur
1604 919 1662 961 se
1685 905 2024 974 circumcidi,
2054 919 2178 963 cum
2284 923 2458 978 neque
2483 907 2828 978 pmputium,
2857 922 3035 978 neque
3066 907 3416 963 circumcisio
3459 907 3656 978 aliquid
3681 909 3819 966 valet:

581 1006 770 1056 essent
797 997 999 1055 Graeci.
1024 997 1131 1054 Sed
1152 1013 1222 1053 ne
1248 998 1388 1054 forte
1416 1010 1785 1070 opponeretur
1811 999 1883 1066 ei,
1913 1002 2036 1072 quia
2063 1001 2182 1073 ipse
2284 1001 2378 1055 sed
2410 999 2546 1056 fides
2595 1015 2692 1072 per
2719 1001 3067 1056 dilectionem
3118 1015 3348 1072 operans
3387 1002 3408 1073 (
3427 1000 3605 1056 Galat.
3637 1017 3702 1068 vt,
3735 1006 3818 1076 l5).

583 1092 1005 1148 circumcideret
1030 1091 1406 1160 Timotheum;
1441 1107 1581 1147 nunc
1609 1106 1802 1148 causas
1831 1094 2058 1164 exponit
2086 1103 2184 1148 cur
2285 1093 2419 1149 Nam
2451 1108 2557 1149 non
2582 1094 2756 1149 solum
2778 1094 3024 1161 historia,
3053 1094 3150 1152 sed
3178 1105 3236 1151 et
3262 1095 3464 1151 litterae
3488 1095 3593 1152 hoc
3615 1096 3824 1166 indicant,

582 1184 794 1251 iecerit,
843 1185 986 1256 quod
1039 1184 1344 1241 faciendum
1401 1184 1652 1256 negabat,
1701 1184 1889 1242 dicens
1924 1183 2184 1259 :Propter
2286 1187 2412 1257 quia
2440 1187 2625 1242 cessit.
2650 1187 2783 1241 Nam
2815 1201 2977 1259 supra
3001 1187 3132 1243 dicit
3167 1187 3373 1254 Titum,
3405 1203 3536 1243 cum
3567 1201 3699 1244 esset
3718 1191 3825 1246 Gra-

578 1278 1002 1333 subintroductos
1049 1288 1221 1332 autem
1270 1279 1432 1351 falsos
1477 1279 1691 1348 fratres,
1723 1280 1812 1350 qui
1856 1281 2183 1336 sabintrave-
2287 1297 2403 1346 cus,
2457 1296 2561 1336 non
2597 1295 2719 1336 esse
2745 1283 3087 1353 compulsum
3132 1282 3458 1337 circumcidi
3494 1300 3507 1334 :
3543 1291 3599 1337 et
3639 1283 3824 1354 subjicit.

582 1381 704 1425 runt
733 1371 1006 1440 explorare
1035 1370 1321 1425 libertatem
1369 1380 1624 1436 nostram,
1656 1386 1812 1442 quam
1840 1370 2085 1426 habemus
2132 1373 2186 1426 in
2287 1376 2474 1432 dicens
2495 1373 2740 1446 :Pwpter
2762 1376 3178 1432 subintroductos
3198 1377 3363 1450 ἰθ
3387 1387 3564 1431 autent
3586 1379 3730 1447 falsos
3748 1384 3824 1447 {ra-

587 1465 793 1520 Christo
821 1465 970 1531 Jesu,
1005 1475 1061 1519 ut
1088 1481 1180 1520 nos
1219 1466 1271 1519 in
1303 1466 1599 1520 servitutem
1629 1467 1957 1540 subjicerent,
1990 1466 2058 1520 ad
2089 1466 2187 1520 ho-
2291 1477 2413 1523 tres.
2436 1467 2572 1535 Quid
2589 1467 2699 1538 jam
2723 1452 2903 1532 sonat,
2928 1465 3030 1522 nisi
3050 1468 3173 1538 quia
3187 1471 3354 1523 cessit
3371 1469 3444 1524 ad
3461 1469 3648 1524 horam
3663 1481 3828 1541 propter

587 1575 698 1613 ram
727 1559 974 1613 cessimus
993 1559 1320 1632 subjectioni,
1352 1569 1407 1613 ut
1435 1561 1619 1615 veritas
1643 1559 1914 1631 Evangelii
1940 1563 2083 1634 apud
2102 1577 2189 1617 vos
2292 1561 2732 1617 subintrodnctos
2757 1561 2921 1616 falsos
2942 1559 3164 1616 fratres?
3183 1559 3244 1617 Si
3270 1563 3594 1633 quominus,
3620 1565 3830 1632 quomodo

587 1662 882 1725 permaneat
913 1653 933 1721 (
957 1656 1064 1707 Act.
1093 1669 1201 1719 ινι,
1228 1653 1320 1722 ὅ).
1350 1652 1522 1710 Οιωοί
1555 1668 1584 1708 e
1612 1663 1801 1709 contra
1831 1655 2017 1711 dicunt
2043 1675 2054 1711 :
2081 1656 2191 1713 Nec
2296 1654 2459 1710 verba
2502 1663 2595 1708 aut
2637 1669 2831 1708 sensus
2861 1654 3248 1724 sequerentur?
3303 1653 3493 1709 Titum
3538 1665 3679 1710 certe
3720 1667 3830 1726 negat

589 1746 654 1801 ad
689 1745 876 1800 horam
920 1746 1206 1812 cessimus,
1253 1757 1308 1802 et
1336 1747 1436 1802 hoc
1482 1746 1630 1801 aittnt
1653 1749 1947 1804 convenire
1973 1763 2180 1815 cansze;
2217 1739 2266 1799 B
2291 1745 2636 1817 compulsum
2665 1744 2982 1801 circumcidi
3017 1763 3032 1799 :
3066 1753 3290 1816 propter
3319 1746 3828 1802 subintroductosau-

591 1845 716 1910 quia
752 1839 842 1907 qui
875 1838 992 1894 ﬁeri
1039 1838 1381 1910 prohibebat,
1431 1855 1537 1894 non
1570 1841 1877 1912 oportebat,
1915 1842 2188 1912 inquiunt,
2300 1851 2406 1895 tem
2455 1839 2618 1895 falsos
2657 1838 2874 1904 fratres,
2925 1838 3053 1909 quid
3092 1850 3274 1905 sonat,
3333 1841 3443 1894 nisi
3476 1841 3602 1912 quia
3631 1842 3832 1897 εδειδίιῖδὶ

590 1932 774 1987 dicere
805 1947 865 1987 se
895 1931 1117 1999 fecisse;
1162 1947 1231 1986 ne
1272 1931 1526 2002 probaret
1573 1947 1697 1988 esse
1726 1932 2048 1989 iaciendum.
2079 1933 2191 1990 Sed
2298 1942 2478 1990 autem
2528 1943 2750 2006 propter
2798 1933 3250 1989 subintroductos
3305 1933 3484 1988 falsos
3551 1935 3730 1990 fratres
3763 1950 3832 1989 non

602 2028 881 2097 apostolus
931 2029 1013 2082 vir
1062 2027 1281 2082 divinus
1327 2025 1508 2082 sciens
1537 2042 1696 2097 posse
1727 2027 1829 2083 hoc
1857 2029 2054 2099 opponi
2079 2031 2196 2098 ipse
2297 2029 2488 2096 cessit,
2537 2045 2642 2083 non
2673 2028 2952 2083 voluntate
2977 2043 3084 2083 non
3130 2028 3332 2094 cessit;
3366 2043 3498 2083 nam
3520 2043 3773 2084 cessurum
3796 2041 3834 2084 te

598 2121 728 2176 illud
760 2123 1042 2193 proponit,
1077 2129 1138 2176 nt
1169 2123 1469 2192 prreveniat
1497 2123 1863 2177 calnntniosos
1891 2140 1903 2177 :
1929 2129 1984 2178 et
2019 2123 2194 2179 reddit
2299 2122 2643 2192 significavit,
2679 2123 2725 2176 si
2754 2121 2856 2176 hoc
2898 2132 2982 2176 est
3010 2139 3024 2174 :
3058 2121 3152 2177 sed
3199 2130 3425 2193 propter
3457 2122 3833 2178 subintroductos

590 2231 807 2286 causas,
857 2217 1052 2288 quibus
1082 2219 1396 2289 compulsus
1439 2227 1522 2274 est
1535 2217 1748 2297 facere,
1781 2218 1921 2287 quod
1951 2219 2190 2273 nolebat.
2301 2215 2465 2270 falsos
2498 2214 2691 2270 fratres
2716 2231 2822 2269 non
2847 2215 3033 2271 cessit.
3066 2213 3126 2270 Si
3149 2229 3278 2286 ergo
3308 2215 3622 2270 cedendum
3648 2213 3831 2274 incoluit.

602 2308 824 2379 Propter
873 2311 1296 2366 subintroductos
1326 2322 1512 2382 autem,
1548 2311 1742 2382 inquit,
1775 2312 1935 2383 falsos
1983 2315 2192 2384 fratres.
2300 2326 2470 2380 quare
2501 2309 2622 2365 falsi
2670 2309 2864 2364 fratres
2892 2309 3168 2376 dicuntur,
3199 2325 3440 2381 quorum
3490 2307 3736 2364 benclicio
3765 2323 3834 2362 non

597 2405 1054 2462 Snbintroductos
1097 2407 1253 2472 dicit,
1308 2407 1436 2477 quia
1480 2421 1603 2461 cum
1655 2406 1781 2462 dolo
1831 2407 2194 2473 intraverunt,
2302 2404 2452 2471 fecit,
2485 2405 2628 2476 quod
2658 2403 2965 2460 facientium
3018 2418 3123 2458 non
3175 2404 3320 2458 erat?
3351 2403 3547 2475 Itaque
3574 2403 3616 2457 si
3648 2402 3736 2456 hoc
3762 2413 3831 2467 ett,

595 2499 954 2556 ostendentes
979 2514 1039 2556 se
1065 2498 1288 2566 fratres,
1311 2515 1434 2556 cum
1462 2510 1646 2555 essent
1672 2499 1896 2555 inimici.
1947 2499 2048 2564 Qui
2077 2499 2198 2554 sub—
2301 2500 2622 2557 beneficium
2655 2501 3020 2570 prmstiteruut
3043 2497 3339 2568 Apostolo;
3359 2499 3494 2569 quia
3520 2501 3702 2552 horum
3723 2507 3833 2550 causa

594 2596 938 2657 intrauerunt,
975 2594 1078 2648 hoc
1124 2603 1229 2659 est,
1260 2594 1350 2663 qui
1379 2608 1502 2648 cum
1532 2592 1834 2648 humilitate
1859 2593 2198 2648 intraverunt
2304 2609 2411 2650 non
2439 2595 2624 2654 cessit,
2651 2593 2792 2665 quod
2820 2592 3015 2648 cedere
3042 2590 3296 2646 habebat.
3321 2589 3437 2645 Cur
3469 2591 3628 2662 igitur
3651 2587 3835 2657 explora-

605 2689 873 2758 tingentes
919 2687 1236 2741 amicitiam.
1295 2684 1592 2756 Explorare
1619 2685 1906 2740 libertatem
1949 2697 2197 2746 nostram.
2304 2696 2453 2742 tores
2478 2686 2605 2742 dicti
2643 2695 2788 2750 situt,
2822 2685 2866 2740 si
2902 2686 3004 2738 hoc
3035 2685 3189 2739 illum
3228 2683 3416 2739 facere
3449 2683 3714 2747 uolebant,
3740 2680 3832 2749 quod

598 2797 753 2850 quam
798 2778 1048 2834 habemus
1076 2780 1133 2832 in
1159 2777 1366 2833 Christo
1395 2776 1546 2840 Iesu,
1579 2787 1632 2831 ut
1660 2793 1754 2832 nos
1796 2778 1852 2831 in
1902 2777 2195 2832 servitutem
2305 2779 2544 2834 fit-turus
2567 2787 2714 2834 erat:
2739 2776 2834 2834 sed
2866 2786 3089 2848 propter
3136 2778 3272 2831 istos
3303 2790 3413 2830 non
3457 2775 3609 2831 fecit?
3638 2776 3688 2829 Si
3711 2782 3835 2826 autem

593 2878 924 2947 subiicerent.
951 2876 1252 2944 Espiorare
1275 2875 1457 2930 estsic
1487 2877 1712 2938 intrare,
1741 2883 1799 2930 ut
1821 2872 1969 2929 aliud
2007 2873 2200 2946 lingat,
2307 2891 2413 2928 non
2461 2883 2582 2930 erat
2627 2872 2886 2938 facturus,
2921 2872 3038 2926 sine
3083 2871 3250 2926 dubio
3280 2881 3510 2941 propter
3565 2872 3689 2926 istos
3720 2867 3831 2922 fecit:

599 2981 654 3025 et
682 2969 824 3025 aliud
848 2978 1080 3040 quaerat.
1103 2969 1222 3037 Quo
1247 2979 1468 3039 possent
1490 2981 1749 3024 accusare
1776 2968 2062 3024 libertatem
2083 2982 2204 3023 nos-
2306 2967 2450 3021 aliud
2481 2967 2628 3022 enim
2653 2982 2758 3019 non
2787 2973 2892 3021 est.
2925 2964 3146 3019 Litterae
3177 2964 3323 3018 enim
3357 2962 3468 3018 hoc
3500 2959 3834 3028 indinuuqnit

599 3075 754 3128 trum,
811 3079 968 3137 quam
1019 3063 1266 3119 habemus
1317 3065 1371 3118 in
1401 3063 1607 3120 Christo
1659 3063 1811 3118 Jesu.
1842 3059 2091 3119 Libertas
2137 3061 2195 3118 in
2235 3115 2278 3137 η
2309 3063 2495 3124 cessit.
2525 3070 2580 3116 et
2607 3061 2832 3115 historia
2865 3057 3065 3114 factum
3092 3059 3382 3114 exclamat.
3432 3055 3706 3127 Quomodo
3737 3054 3832 3108 enim

603 3115 837 3212 Christo1
865 3157 994 3214 Jesu
1028 3157 1142 3213 haec
1197 3167 1304 3220 est,
1337 3171 1444 3211 non
1485 3156 1674 3224 subjici
1709 3155 1859 3226 Legi.
1897 3155 1967 3211 Ut
2017 3171 2111 3210 nos
2146 3155 2205 3210 in
2233 3115 2281 3179 C
2310 3157 2377 3213 ad
2411 3159 2596 3213 horam
2622 3165 2846 3227 negaret
2869 3170 2931 3211 se
2955 3155 3212 3220 cessisse,
3243 3168 3366 3210 cum
3398 3154 3658 3224 probetur
3684 3157 3836 3220 propter

609 3254 905 3307 servitutem
951 3251 1310 3316 subiicerent:
1348 3251 1451 3305 hoc
1497 3261 1600 3318 est,
1631 3250 1698 3306 sd
1743 3250 1846 3306 hoc
1869 3251 2206 3306 intraverunt
2309 3251 2527 3309 Judatos
2545 3250 2894 3306 Timotheum
2913 3249 3508 3317 circumcidisse.quod
3528 3257 3609 3304 est
3629 3245 3686 3300 ad
3708 3246 3833 3298 hortm

608 3361 730 3400 cum
760 3346 888 3402 dolo
909 3357 964 3402 et
994 3347 1230 3411 fallacia,
1263 3357 1316 3402 ut
1348 3357 1588 3402 nostram
1615 3346 1922 3402 libertatem
1954 3345 2206 3402 servituti
2310 3347 2564 3412 cessisse,
2609 3356 2664 3402 et
2721 3346 3020 3402 secundum
3074 3347 3270 3417 Legem
3303 3341 3646 3413 purilicatnm
3671 3339 3716 3392 in
3739 3347 3833 3389 lctu-

610 3441 962 3509 suhjicerent.
993 3451 1251 3510 cogentes
1270 3457 1369 3496 nos
1394 3441 1587 3509 subjici
1616 3441 1718 3511 legi
1746 3440 2205 3495 circmncisionis.
2313 3441 2456 3508 plum
2511 3440 2826 3496 ascendisse
2865 3439 3018 3510 (Act.
3064 3437 3208 3512 xxi).
3255 3437 3356 3494 Ille
3420 3440 3569 3494 enim
3607 3439 3756 3502 posset
3787 3427 3835 3482 tli-

609 3532 688 3586 Ad
719 3537 897 3588 harant
943 3534 1192 3589 cessimus
1242 3534 1589 3607 snbjectioni;
1624 3533 1724 3588 hoc
1765 3544 1870 3600 est,
1911 3529 1980 3590 ad
2016 3533 2208 3588 horam
2312 3548 2438 3590 cere
2461 3549 2563 3589 nec
2592 3534 2660 3589 ad
2695 3531 2883 3589 horam
2916 3547 2975 3588 se
3007 3534 3260 3597 cessisse,
3287 3533 3380 3603 qui
3419 3545 3698 3601 numquam
3735 3526 3839 3578 inve

609 3643 709 3682 nos
756 3628 1079 3699 subjicimns
1110 3628 1381 3692 servituti,
1437 3625 1784 3681 nominantes
1829 3640 1931 3681 nos
1951 3626 2112 3697 Legi;
2147 3634 2205 3680 ut
2316 3631 2528 3685 niretur
2568 3631 2824 3686 cessisse.
2876 3630 3155 3684 Autenitn
3184 3641 3461 3690 cessurus,
3508 3617 3837 3698 proiilerlalsos

601 3724 930 3780 circumciso
975 3722 1286 3790 Timotheo,
1320 3731 1564 3779 cessaret
1591 3722 1752 3776 dolns
1794 3729 1851 3777 et
1884 3719 2209 3776 scandalum
2314 3724 2511 3779 fratres
2543 3737 2648 3778 non
2672 3723 2872 3779 cessit:
2899 3732 2989 3776 aut
3019 3736 3125 3776 non
3155 3736 3438 3784 cessurus,
3467 3732 3679 3792 propter
3701 3715 3838 3768 ῐηῑτθθ

600 3815 936 3873 Judaeorum.
974 3818 1150 3872 Parati
1182 3820 1328 3874 enim
1359 3827 1538 3885 erant,
1573 3817 1712 3873 sicut
1762 3815 1924 3871 datur
1955 3815 2208 3886 intelligi,
2317 3815 2483 3871 falsos
2528 3818 2716 3872 cessit.
2763 3815 2940 3872 Unum
2991 3829 3125 3884 ergo
3173 3831 3204 3869 e
3243 3813 3463 3870 duobus
3487 3811 3718 3882 accipite.
3742 3796 3838 3858 Ftlsi

603 3923 952 3965 cinnmovere
981 3910 1058 3964 illi
1094 3911 1386 3966 tumultum
1420 3919 1476 3967 et
1507 3909 1856 3966 seditionem.
1897 3908 2023 3964 Fuit
2061 3907 2208 3964 enim
2316 3909 2512 3965 fratres
2538 3919 2717 3963 antem
2749 3909 3031 3973 dicuntur,
3059 3908 3151 3978 qui
3179 3906 3473 3962 credentes
3498 3901 3812 3976 judaizaban'.

606 4019 795 4070 eausa,
818 4005 1093 4075 quomodo
1109 4006 1371 4061 haberent
1394 4006 1595 4060 aditum
1619 4006 1906 4061 calumnia:
1929 4003 2210 4069 faciendae;
2391 4003 2580 4075 (Vers.
2617 4001 2710 4074 6.)
2740 4001 2818 4056 Ab
2867 4001 2946 4055 his
2995 4015 3112 4056 uero
3167 4000 3253 4071 qui
3303 4001 3663 4054 existimantur
3699 3983 3836 4057 αΙὶφιίά

610 4096 936 4152 Timotheus
983 4098 1128 4152 enim
1162 4107 1282 4154 erat
1329 4105 1501 4152 matre
1553 4099 1769 4169 quidem
1797 4096 2005 4163 .lndzea,
2054 4104 2208 4166 patre
2318 4112 2446 4160 esse,
2473 4095 2649 4165 quales
2669 4094 2954 4163 aliquando
2977 4095 3203 4163 fuerunt,
3229 4091 3363 4147 nihil
3383 4093 3503 4147 mea
3523 4093 3729 4148 interest,
3748 4079 3838 4134 De“

612 4200 793 4246 autem
833 4190 1070 4247 Graeco:
1107 4193 1249 4248 unde
1286 4191 1487 4246 factum
1519 4200 1626 4261 est,
1670 4199 1732 4247 ut
1759 4191 2062 4247 secundum
2108 4189 2214 4246 Le-
2319 4206 2589 4263 personam
2635 4191 2858 4244 hominis
2907 4203 3008 4244 non
3040 4189 3252 4258 accipit.
3284 4187 3398 4243 Hoc
3448 4185 3719 4259 signiﬁcat,
3753 4173 3832 4246 quia

615 4298 736 4352 gem
782 4284 1139 4338 circumcisus
1184 4283 1362 4338 infans
1415 4301 1519 4338 non
1559 4293 1724 4340 esset.
1785 4284 1989 4341 Volens
2029 4292 2211 4340 autem
2319 4284 2548 4356 apostoli
2579 4285 2730 4355 prius
2759 4283 3032 4354 simplices
3080 4285 3332 4339 homines
3382 4291 3542 4338 erant
3569 4290 3621 4336 et
3666 4265 3838 4368 impubi

612 4376 909 4447 Apostolus
937 4391 1060 4431 cum
1093 4391 1402 4444 assumere,
1455 4386 1514 4433 ut
1540 4379 1821 4434 ordinaret
1875 4379 2026 4434 illum
2057 4379 2213 4449 epis~
2323 4379 2524 4434 nullius
2550 4379 2827 4449 dignitatis
2854 4377 2906 4432 in
2934 4377 3096 4448 Lege,
3129 4377 3224 4432 sed
3253 4375 3358 4431 hoc
3387 4391 3496 4430 non
3547 4373 3739 4430 obesse.
3759 4362 3840 4429 0"”

610 4482 829 4535 copum,
881 4469 1020 4523 sicut
1083 4469 1212 4525 fecit
1257 4473 1413 4542 (quia
1470 4469 1848 4525 testimonium
1909 4471 1980 4536 ei,
2040 4469 2471 4542 inquitneuim
2518 4481 2738 4528 accuset
2786 4487 2933 4537 eum,
2966 4487 3126 4542 quem
3179 4472 3325 4527 Deus
3359 4469 3611 4526 excusat?
3637 4463 3838 4534 ρυιειυου

612 4563 628 4633 (
657 4561 772 4618 Act.
801 4561 1221 4634 xv:,2),bonnm
1256 4554 1619 4635 perhibebant
1648 4578 1838 4618 omnes
1864 4564 1968 4619 loci
1998 4562 2208 4637 illius),
2243 4552 2300 4580 ν
2323 4568 2605 4640 quaeritur,
2653 4567 2777 4636 quis
2815 4567 2943 4636 quid
2975 4567 3136 4621 fuerit
3169 4583 3182 4620 :
3217 4565 3311 4620 sed
3344 4564 3475 4636 quid
3522 4564 3611 4619 sit.
3634 4552 3838 4614 Prmtcritt

617 4654 846 4709 insidias
896 4670 1092 4724 passus
1121 4667 1207 4712 est
1253 4657 1588 4713 Jndzuorum.
1643 4656 2016 4720 Explorabant
2068 4657 2214 4712 enim
2323 4658 2466 4713 enim
2495 4656 2521 4695 δ
2550 4673 2649 4713 nec
2679 4657 3048 4713 condemnant
3080 4672 3180 4714 nec
3234 4655 3535 4711 vindicant.
3590 4650 3682 4708 Sed
3723 4653 3838 4701 tamen

615 4749 658 4802 si
690 4746 858 4803 lilium
885 4749 1088 4805 ludat-ec
1117 4751 1558 4806 incircumcisum
1601 4752 1928 4818 susciperet,
1960 4757 2220 4820 parantes
2321 4752 2434 4808 vult
2461 4751 2690 4823 intelligi
2718 4754 2843 4824 quia
2875 4764 2927 4808 et
2963 4753 3173 4822 peritus
3202 4764 3315 4807 erat
3364 4753 3414 4806 iu
3443 4751 3609 4823 Lege,
3639 4755 3686 4802 et
3719 4741 3839 4795 clarus

615 4842 975 4909 seditionem;
1029 4845 1153 4914 quia
1198 4845 1243 4900 si
1288 4846 1357 4901 de
1387 4845 1599 4902 Grmcis
1642 4845 2057 4901 contradicebat
2108 4859 2217 4900 non
2323 4847 2430 4901 vita
2460 4863 2472 4900 :
2502 4860 2565 4901 ac
2596 4861 2695 4917 per
2727 4847 2832 4902 hoc
2890 4855 2944 4902 et
2983 4847 3397 4916 dispensatione
3452 4839 3716 4914 Evangelii
3750 4844 3838 4903 prf-

619 4951 744 4991 esse
774 4937 1264 5005 circumcidendos,
1299 4941 1444 4995 sicut
1488 4948 1544 4995 et
1593 4939 1824 5010 epistola
1856 4939 1924 4994 ab
1952 4940 2220 5007 apostolis
2320 4942 2512 5009 cipnus
2538 4943 2806 4997 minister.
2845 4941 2980 4995 Mihi
3010 4942 3169 5007 enim,
3201 4943 3291 5014 qui
3319 4941 3675 4996 existimantur
3699 4919 3839 4996 aliti"id

613 5029 682 5086 de
714 5030 815 5086 hac
843 5045 901 5085 re
935 5030 1113 5086 fuerat
1139 5031 1261 5087 data
1294 5033 1310 5106 (
1330 5032 1443 5086 Aet.
1466 5032 1650 5099 ιν,ἓό
1671 5040 1721 5086 et
1756 5031 1923 5104 seq.),
1955 5031 2041 5087 vel
2075 5031 2219 5087 tliios
2328 5050 2455 5098 esse,
2504 5035 2636 5088 nihil
2687 5035 3030 5089 contulerunt.
3083 5033 3226 5090 Nihil
3283 5034 3412 5089 dicit
3447 5047 3505 5089 se
3552 5033 3615 5087 ab
3651 5015 3837 5097 aposwlis

619 5125 786 5180 Israel
831 5124 1147 5180 circumcidi
1180 5141 1286 5180 non
1319 5133 1560 5193 vetaret;
1587 5125 1712 5198 quia
1760 5125 1894 5181 nihil
1924 5124 1994 5181 de
2046 5125 2133 5180 his
2162 5124 2218 5180 in
2328 5139 2704 5193 consecutum,
2735 5127 2832 5183 sed
2857 5142 2887 5182 a
2922 5127 3063 5194 Deo;
3095 5130 3220 5200 quia
3252 5128 3343 5198 qui
3395 5126 3650 5198 imperitis
3678 5121 3835 5174 sensum

619 5216 854 5286 epistola
899 5217 1090 5273 eadem
1134 5217 1578 5288 signiﬁcaverant
1626 5219 1904 5289 apostoli:
1951 5233 2015 5273 ex
2065 5219 2221 5287 cujus
2331 5220 2517 5275 tribuit
2556 5221 2860 5291 disciplina:
2887 5222 3222 5284 christianos.
3269 5221 3386 5292 ipse
3413 5233 3466 5277 et
3522 5217 3663 5283 mihi,
3703 5203 3837 5278 inquit

620 5311 948 5367 auctoritate
973 5311 1099 5382 plus
1141 5312 1496 5366 iusmviebant
1537 5313 1829 5368 credentes
1858 5309 2068 5373 Judaei;
2097 5311 2225 5380 quia
2330 5329 2452 5368 cum
2484 5327 2660 5369 essem
2705 5315 2838 5385 legis
2863 5315 3088 5384 peritus,
3109 5314 3366 5385 dignatus
3397 5325 3478 5369 est
3511 5305 3741 5379 impertiri
3762 5311 3841 5353 stn-

624 5417 728 5458 tton
765 5405 1092 5474 prohibebat
1120 5404 1344 5461 .ludaeos
1373 5406 1512 5462 filios
1538 5422 1666 5462 suos
1688 5405 2084 5462 circumcidere
2110 5407 2224 5474 ipsa
2331 5422 2450 5462 sum
2485 5407 2710 5462 rationis
2736 5408 3062 5478 hujucmodi.
3087 5407 3372 5476 Quomodo
3394 5423 3524 5478 ergo
3550 5403 3653 5461 ﬁeri
3675 5397 3836 5486 poleral.

623 5497 878 5564 epistola.
928 5495 1104 5564 Tunc,
1139 5498 1315 5570 inquit
1347 5498 1495 5573 (Act.
1527 5498 1744 5570 xvt,5).
1796 5495 2071 5566 accipiens
2099 5512 2224 5552 eum
2333 5509 2391 5552 ut
2419 5498 2508 5554 hic
2523 5500 2591 5554 ab
2615 5498 2701 5554 his
2722 5499 2983 5566 disceret,
3006 5515 3166 5570 quem
3197 5497 3428 5570 peritum
3455 5497 3728 5553 inveniens
3748 5493 3839 5555 ρετι-

623 5587 967 5644 circumcidit
1006 5601 1228 5660 propter
1274 5589 1511 5658 Judaios,
1542 5595 1631 5661 qui
1661 5600 1819 5646 erant
1847 5589 1899 5643 in
1926 5589 2062 5643 locis
2090 5587 2222 5644 illis.
2333 5592 2528 5648 tiosetn
2564 5593 2686 5648 iecit
2712 5593 2884 5666 gratia
2918 5592 3142 5649 Christi.
3191 5617 3196 5622 τ

691 5743 740 5861 ἓ.
763 5731 902 5860 ossa}
917 5746 1023 5787 non
1057 5731 1229 5802 pauci,
1260 5741 1578 5790 constanter
1601 5729 1688 5784 hic
1708 5736 1766 5786 et
1794 5725 1934 5786 inira
1951 5723 2220 5792 scaibunt,
2409 5729 2437 5770 ι»
2475 5728 2657 5788 Codex
2687 5731 2860 5802 Ἴδη,
2889 5747 2983 5788 me
3008 5733 3375 5801 condemnant,
3403 5746 3499 5791 nee
3515 5729 3743 5803 judicent.

722 5823 773 5861 ιη
817 5820 880 5860 ac
903 5819 981 5861 os.
1425 5849 1442 5861 .

624 5819 981 5865 suomauctas.
