3978 6310
129 317 246 374 549

1103 313 1605 376 (ΣΟΜΜΕΝΤΜΠΔ
1649 318 1713 376 IN
1747 316 1960 376 EPIST.
2008 317 2099 374 AD
2135 316 2482 376 GALATAS.

3333 327 3441 384 530

208 435 421 506 (γεῖς.
459 433 510 504 7,
533 434 622 505 8.)
655 434 760 490 Sed
787 451 813 489 ο
839 443 1036 502 contra,
1099 449 1217 486 cum
1285 431 1530 486 vidissent
1601 431 1741 502 quod
1768 436 1814 497 Α
1849 430 2105 500 veritate,
2134 431 2220 487 cui
2277 431 2379 487 hoc
2425 433 2624 489 factum
2680 435 3092 492 adversabatur.
3138 439 3268 494 Nam
3323 443 3448 510 quis

128 528 404 606 creditum
445 537 518 583 est
543 527 669 581 milii
720 527 1058 598 Evangelium
1107 524 1370 596 prwputii,
1418 525 1548 580 sicut
1575 522 1736 580 Petro

129 621 565 676 circumcisionis
591 637 610 687 ;
639 622 725 690 qui
753 621 890 674 enim
920 629 1164 691 operatus
1209 630 1280 675 est
1313 619 1473 676 Petro
1499 621 1554 676 in
1585 638 1740 691 apos-

130 714 365 768 tolatum
386 714 808 777 circumcisionis,
845 725 1082 787 operatus
1103 721 1176 768 est
1201 724 1247 766 et
1274 713 1326 767 in
1348 730 1428 769 me
1448 713 1516 768 ad
1541 723 1734 786 gentes.

127 804 365 861 Petrum
399 806 572 862 solum
606 806 872 872 nominat,
899 816 953 863 et
983 806 1084 862 sibi
1127 814 1445 878 comparat;
1477 807 1602 878 quia
1629 807 1739 877 pri-

129 907 350 953 matum
379 898 494 971 ipse
523 907 807 970 acceperat
834 898 901 954 ad
932 899 1262 955 lundandam
1293 898 1596 956 Ecclesiam
1637 917 1650 952 ε
1675 912 1739 956 se

126 1007 362 1064 quoque
395 993 508 1065 pari
540 993 702 1048 modo
733 993 992 1062 electum,
1044 1004 1096 1049 ut
1144 995 1432 1066 primatum
1462 994 1657 1049 habeat
1680 994 1736 1050 iu

128 1085 439 1142 fundandis
464 1087 708 1159 gentium
753 1087 1012 1143 Ecclesiis
1047 1106 1060 1142 :
1097 1089 1170 1142 ita
1206 1099 1412 1150 tamen.
1445 1097 1503 1143 ut
1533 1096 1589 1142 et
1632 1086 1733 1142 Po-

128 1190 256 1234 trus
290 1181 542 1252 gentibus
575 1181 912 1252 praedicaret,
942 1184 984 1238 si
1019 1198 1181 1237 causa
1213 1182 1423 1251 fuisset,
1459 1193 1513 1240 et
1538 1183 1739 1239 Paulus

126 1271 370 1328 Juda'is.
414 1272 545 1328 Nam
580 1285 811 1345 uterque
844 1275 1122 1330 invenitur
1154 1283 1444 1345 ntrmnque
1498 1275 1733 1330 fecisse:

127 1363 231 1419 sed
271 1373 452 1420 tamen
498 1365 654 1436 plena
685 1367 986 1422 auctoritas
1015 1366 1179 1422 Petro
1209 1368 1260 1422 in
1307 1366 1571 1422 Judaismi
1602 1383 1740 1438 prte-

127 1457 418 1514 dicatione
443 1457 568 1513 data
601 1458 966 1528 dignoscitur,
994 1467 1051 1515 ct
1079 1459 1229 1515 Pauli
1261 1459 1504 1531 perlecta
1549 1469 1741 1516 aucto-

127 1552 274 1608 ritas
326 1553 379 1608 in
431 1552 823 1625 prredicatione
869 1553 1111 1624 gentium
1153 1555 1450 1610 invenitur.
1497 1555 1652 1610 Unde
1686 1564 1742 1612 et

127 1647 463 1718 magistrum
512 1662 573 1703 se
600 1647 844 1718 gentium
892 1657 1052 1703 vocat
1081 1648 1133 1703 in
1186 1647 1289 1703 ﬁde
1320 1656 1377 1703 et
1407 1650 1634 1704 veritate
1667 1647 1741 1718 (ll

125 1738 413 1806 Tim.l,H
436 1739 453 1811 )
474 1757 487 1804 ;
512 1740 888 1810 unusquisque
913 1740 1058 1796 enim
1101 1756 1198 1812 pro
1229 1741 1438 1796 viribus
1484 1741 1598 1796 suis
1629 1741 1737 1797 dis-

1838 543 2028 583 eurum
2051 526 2279 583 auderet
2299 527 2464 584 Petro
2489 531 2667 601 primo
2688 532 2958 602 apostolo,
2984 534 3071 588 cui
3093 533 3276 590 claves
3290 535 3442 604 regni

1839 621 2107 678 coriorum
2138 621 2400 676 Dominus
2425 621 2614 689 dedit,
2645 625 2944 692 resistere;
2980 627 3084 682 nisi
3113 628 3251 683 alius
3287 630 3443 693 talis,

1839 716 1928 787 qui
1965 713 2161 770 ﬁducia
2215 713 2504 770 electionis
2533 730 2646 770 sua)
2685 717 2870 772 sciens
2897 733 2958 774 se
3004 735 3113 774 non
3147 721 3445 790 imparem,

1839 818 2156 866 constanter
2185 809 2518 880 improbaret
2547 849 2562 876 ,
2589 811 2734 882 quod
2769 812 2862 868 ille
2891 815 3009 869 sine
3040 813 3271 871 consilio
3304 815 3445 871 fece-

1839 912 1944 958 rat.

1911 993 2103 1068 (Voss.
2141 993 2239 1061 12,
2267 991 2391 1064 15.)
2422 992 2580 1048 Prius
2611 996 2748 1050 enim
2777 1012 2932 1067 quam
2955 1000 3208 1053 venissent
3233 1000 3444 1070 quidam

1840 1107 1871 1143 tt
1894 1085 2124 1155 Iacobo,
2150 1104 2266 1142 cum
2297 1087 2530 1161 gentibus
2559 1088 2778 1143 edebat:
2809 1106 2926 1144 cum
2947 1101 3116 1146 autem
3153 1095 3442 1161 venissent,

1841 1181 2171 1238 subtrahebat
2201 1189 2249 1237 et
2287 1181 2586 1256 segregabat
2611 1199 2701 1249 se,
2747 1183 2933 1238 timens
2962 1199 3050 1238 eos
3088 1187 3175 1254 qui
3213 1194 3448 1240 erantex

1838 1275 2252 1330 circumcisione.
2301 1273 2368 1328 Et
2398 1273 2771 1329 simulaverunt
2803 1291 2919 1329 cum
2949 1275 3042 1330 illo
3067 1287 3115 1330 et
3145 1279 3319 1331 cwteri
3345 1276 3446 1331 Ju-

1841 1370 1962 1435 dai,
1977 1369 2048 1422 ita
2063 1379 2116 1422 ut
2137 1378 2187 1424 et
2203 1367 2472 1423 Barnabas
2486 1368 2796 1422 consentiret
2815 1368 3139 1422 simulationi
3163 1384 3362 1423 eorum.
3380 1368 3445 1425 Hi

1840 1477 2033 1518 omnes
2060 1460 2232 1517 Judaei
2256 1505 2268 1525 ,
2301 1463 2392 1534 qui
2421 1470 2822 1516 consenserunt
2843 1461 3184 1516 simulationi
3217 1461 3363 1516 Petri
3393 1469 3451 1517 et

1820 1538 2138 1621 'Barnabm,
2169 1555 2324 1610 bona:
2356 1553 2479 1610 ﬁdei
2531 1553 2791 1609 fuerunt:
2824 1554 2921 1610 sed
2953 1565 3176 1625 propter
3223 1553 3455 1609 scanda-

1843 1649 1953 1704 lum
1987 1649 2239 1715 illorum,
2274 1647 2365 1720 qui
2407 1648 2697 1704 veniebant
2743 1648 2813 1702 ab
2843 1647 3045 1704 Jacobi)
3077 1648 3268 1719 (erant
3299 1649 3446 1702 enim

1842 1744 2190 1799 aemulatores
2215 1742 2376 1814 Legis
2396 1783 2413 1809 ,
2445 1743 2536 1812 qui
2564 1751 2618 1799 et
2645 1740 2842 1815 Legem
2893 1753 2947 1798 et
2976 1743 3249 1799 Christum
3293 1757 3450 1814 a~qno

129 1839 516 1906 pensationem
557 1834 785 1890 sortitus
831 1844 935 1891 est.
973 1834 1255 1891 Difﬁcilius
1307 1837 1453 1891 enim
1501 1836 1598 1890 fuit
1644 1849 1740 1892 eos
1770 1834 1963 1908 Bjure
1990 1847 2414 1894 venerareutur:
2441 1835 2584 1907 quod
2605 1847 2798 1892 contra
2829 1836 2951 1891 ﬁdei
2975 1836 3319 1906 disciplinam
3343 1835 3452 1906 est)

133 1930 233 2002 qui
282 1930 444 2001 longe
476 1943 506 1983 a
538 1928 653 1984 Deo
679 1937 856 1996 erant,
890 1927 957 1984 ad
990 1927 1151 1984 ﬁdem
1175 1943 1329 1983 suam
1359 1927 1637 1985 attrahere
1681 1940 1738 1984 et

127 2020 396 2087 suadere,
429 2036 588 2092 quam
617 2021 926 2092 proximos.

202 2115 404 2191 (Vers.
454 2117 508 2182 9,
540 2115 667 2187 10.)
707 2114 772 2170 Et
816 2117 1033 2172 scientes
1064 2117 1286 2188 gratiam
1316 2114 1448 2184 Dei,
1477 2132 1594 2188 quae
1616 2116 1740 2171 data

127 2222 204 2265 est
258 2208 415 2274 mihi,
451 2205 642 2263 Petrus
690 2217 738 2264 et
765 2206 994 2264 Jacobus
1019 2219 1064 2265 et
1087 2207 1337 2274 Joannes,
1368 2211 1457 2281 qui
1485 2209 1736 2264 uideban-

139 2317 229 2362 tur
270 2294 531 2360 columna
577 2321 707 2370 esse,
736 2304 943 2360 dextras
966 2303 1223 2360 dederunt
1254 2305 1380 2360 mihi
1411 2315 1456 2360 et
1489 2305 1743 2360 Burnubte

126 2399 521 2455 communionis
545 2415 564 2466 ;
592 2407 646 2451 ut
677 2413 771 2451 nos
795 2398 865 2451 ad
886 2408 1082 2470 gentes,
1117 2399 1219 2467 ipsi
1238 2415 1356 2453 vero
1383 2399 1438 2452 in
1466 2399 1740 2453 circumci-

126 2493 369 2556 sionem;
400 2500 602 2544 tantum
631 2500 686 2543 ut
717 2506 1005 2562 pauperum
1037 2507 1286 2547 memores
1321 2507 1574 2557 essemus,
1603 2491 1742 2560 quod

125 2597 171 2641 et
203 2587 436 2640 sollicta
461 2584 636 2639 curaui
664 2586 758 2638 hoc
786 2584 957 2652 ipsum
1005 2584 1196 2653 facere.
1230 2584 1312 2640 Ab
1338 2573 1608 2655 apostolis
1640 2583 1734 2654 qui

127 2679 410 2734 clariores
465 2677 609 2732 inter
654 2683 890 2731 caeteros
928 2687 1106 2742 erant,
1150 2692 1288 2749 quos
1344 2686 1399 2733 et
1466 2676 1742 2733 ﬁrmitatis

127 2790 298 2831 causa
328 2774 610 2828 columnas
639 2771 901 2843 appellat,
935 2774 1139 2843 quique
1180 2787 1303 2828 cum
1341 2771 1568 2827 Domino
1599 2787 1744 2826 sem-

130 2884 229 2938 per
263 2867 321 2922 itt
352 2866 582 2922 secretis
611 2863 846 2928 fuerant,
879 2864 1112 2935 gloriam
1144 2866 1266 2936 ejus
1293 2865 1440 2937 digni
1472 2865 1525 2920 in
1557 2873 1743 2920 monte

130 2964 415 3032 t'eSpicerc
447 2959 678 3036 (Matth.
718 2960 960 3032 tht,2):
1006 2961 1074 3015 ab
1115 2961 1196 3016 Ιιίς
1229 2963 1413 3031 itaque
1454 2962 1741 3032 probatum

126 3057 265 3112 dicit
292 3053 523 3122 donum,
574 3059 718 3128 quod
745 3058 958 3127 accepit
995 3071 1025 3112 a
1073 3057 1212 3122 Deo;
1247 3067 1306 3110 ut
1357 3057 1553 3127 dignus
1597 3064 1745 3110 esset

132 3153 348 3205 habere
393 3151 685 3220 primatum
712 3150 766 3206 in
809 3150 1196 3221 prtedicalione
1226 3150 1491 3220 gentium,
1519 3150 1658 3203 sicut
1688 3159 1741 3203 et

135 3243 381 3299 habebat
411 3243 606 3299 Petrus
646 3245 698 3300 in
749 3244 1137 3316 prmdicatiune
1178 3243 1636 3298 circumcisionis.
1677 3242 1740 3296 Et
1768 3240 1811 3298 (ἶ

128 3342 275 3396 sicut
299 3339 393 3393 dat
422 3337 583 3394 Petro
610 3340 810 3402 socios,
839 3341 984 3394 viros
1002 3339 1249 3410 egregios
1277 3339 1415 3393 inter
1437 3337 1735 3407 apostolos:

129 3437 200 3489 ita
235 3444 294 3492 et
318 3435 422 3490 sibi
449 3434 630 3506 jungit
656 3435 982 3501 Barnabatn,
1017 3435 1105 3504 qui
1134 3435 1317 3488 divino
1345 3433 1546 3503 judicio
1573 3435 1622 3488 ei
1646 3433 1741 3487 ad-

124 3532 358 3601 junctus
388 3542 502 3596 eSl;
532 3531 760 3602 gratiam
794 3539 971 3584 tamen
1003 3531 1272 3600 primatus
1296 3528 1396 3582 sibi
1427 3529 1527 3583 soli
1565 3527 1738 3582 vindi-

129 3633 219 3678 cat
251 3637 578 3679 c0ncessam
623 3639 652 3677 a
687 3623 823 3689 Deo,
859 3624 1000 3679 sicut
1031 3631 1086 3677 et
1111 3621 1211 3677 soli
1265 3622 1425 3676 Petro
1477 3636 1738 3675 concessa

129 3728 215 3774 est
249 3721 397 3774 inter
414 3718 695 3788 apostolos
729 3718 883 3792 (Act.
907 3733 1028 3784 xui,
1050 3716 1150 3786 2):
1178 3717 1248 3771 ita
1278 3727 1336 3770 ut
1362 3717 1593 3786 apostoli
1623 3719 1736 3774 cir-

130 3813 500 3868 cumcisionis
528 3813 752 3868 dextras
784 3813 1128 3884 porrigerent
1181 3811 1446 3879 apostolis
1498 3811 1740 3880 gentium

129 3906 196 3962 ad
231 3906 588 3964 concordiam
627 3906 914 3964 societatis
959 3905 1477 3970 demonstrandam;
1525 3912 1582 3956 ut
1611 3903 1742 3958 utri-

129 4016 239 4071 que
270 4003 515 4056 scientes
543 3998 896 4070 perfectionis
943 3998 1197 4068 spiritum
1247 3998 1302 4052 in
1333 3995 1742 4066 dispensatione

133 4091 427 4163 Evangelii
469 4106 531 4148 se
576 4107 607 4147 a
655 4092 887 4147 Domino
932 4100 1278 4157 consecutos,
1311 4090 1365 4144 in
1398 4090 1548 4144 nullo
1574 4106 1632 4144 se
1661 4089 1742 4144 in-

133 4186 317 4240 vicem
347 4185 528 4257 legere
558 4185 932 4241 ostenderent.
965 4185 1075 4239 lloc
1106 4184 1278 4239 solum
1312 4195 1490 4238 tamen
1521 4185 1661 4237 inter
1682 4199 1744 4239 se

130 4281 503 4347 convenisse;
532 4288 588 4335 ut
617 4278 765 4350 quod
799 4294 907 4334 non
938 4293 1003 4333 ex
1038 4288 1308 4350 pra-cepto
1331 4279 1412 4332 vel
1455 4277 1604 4332 dono
1635 4276 1741 4331 Do-

133 4373 271 4427 mini
310 4370 526 4428 fuerant
557 4370 836 4434 instructi;
870 4371 994 4442 quia
1025 4371 1180 4426 facile
1203 4379 1320 4425 erat
1352 4371 1510 4442 217
1541 4369 1645 4425 hoc
1673 4385 1743 4425 es

131 4467 286 4540 Lege
318 4475 678 4540 Cognoscere,
710 4466 810 4523 hos
849 4467 1048 4536 quilms
1095 4466 1488 4537 praadicabant,
1541 4477 1744 4537 paupe-

131 4578 256 4617 rum
293 4577 563 4618 memores
592 4577 715 4618 esse
739 4561 1024 4632 juberent;
1060 4571 1118 4616 ut
1144 4560 1606 4627 misericordiam,
1643 4576 1740 4630 per

1839 1929 2206 1997 praesentibus
2226 1930 2306 1985 eis
2329 1945 2435 1985 non
2457 1927 2955 1984 commiscebantur
2972 1929 3243 1999 gentibus.
3265 1927 3448 1984 Time-

1841 2025 1974 2081 bant
1996 2025 2141 2081 enim
2169 2025 2429 2094 impetum
2459 2023 2699 2078 audacia:
2728 2039 2916 2079 eorum
2937 2065 2952 2090 ,
2980 2025 3071 2094 qui
3102 2023 3440 2078 aemulaban-

1845 2127 1928 2172 tur
1956 2117 2176 2188 Legcm.
2227 2117 2384 2185 Quod
2414 2117 2458 2171 si
2489 2115 2668 2171 solum
2698 2115 2887 2172 fuisset
2912 2157 2927 2182 ,
2963 2132 3072 2170 non
3101 2123 3220 2170 erat
3258 2130 3447 2184 repre-

1844 2208 2114 2265 bcnsibile
2136 2227 2148 2262 :
2173 2208 2266 2263 sed
2281 2209 2346 2280 in
2369 2223 2476 2277 quo
2501 2215 2740 2263 erratum
2770 2217 2876 2271 est,
2901 2206 2952 2261 in
2978 2206 3240 2275 subjectis
3265 2213 3451 2260 osten-

1843 2301 1939 2356 dit.
1973 2300 2106 2358 Nam
2135 2311 2189 2357 et
2218 2302 2332 2372 ipse
2367 2301 2550 2371 utique
2575 2299 2742 2356 cessit
2770 2300 3104 2354 animositati
3131 2308 3186 2353 et
3207 2297 3450 2353 audaciae

1841 2397 2160 2454 Judarorum
2180 2440 2194 2459 .
2229 2399 2426 2452 timens
2461 2410 2528 2450 ne
2559 2410 2654 2464 per
2681 2393 2784 2448 hoc
2803 2393 2946 2463 quod
2981 2391 3142 2446 facile
3184 2400 3288 2455 est,
3313 2391 3446 2444 sub-

1845 2501 2065 2564 reperet
2110 2491 2425 2548 scandalum
2450 2529 2464 2552 ,
2504 2487 2649 2560 quod
2699 2487 2922 2542 difﬁcile
2962 2485 3290 2549 sedaretur;
3323 2484 3449 2553 quia

1844 2595 1898 2641 et
1926 2585 2229 2641 secundum
2262 2584 2460 2655 Legem
2496 2582 2801 2653 puriﬁcavit
2829 2596 2887 2636 se
2914 2591 3138 2636 coactus
3169 2579 3304 2649 (Act.
3331 2593 3446 2645 ut,

1843 2681 1959 2753 26),
1990 2681 2408 2737 etTimotbeum
2441 2675 2782 2734 circumcidit
2807 2676 3008 2730 invitus
3039 2673 3176 2746 (Act.
3210 2687 3325 2736 xvr,
3355 2673 3446 2742 5).

1917 2775 2108 2846 (Vera.
2144 2772 2260 2843 M.)
2293 2773 2400 2828 Sed
2428 2789 2543 2826 cum
2590 2770 2828 2824 tidtssem
2872 2768 3010 2840 quod
3047 2776 3320 2821 nonrecta
3369 2766 3450 2820 cia

1843 2872 2141 2926 incederent
2184 2871 2252 2923 ad
2289 2868 2548 2923 t'eritatem
2600 2863 2896 2936 Evangelii,
2926 2864 3035 2918 dixi
3076 2861 3234 2916 Petro
3273 2876 3448 2915 coram

1845 2967 2106 3022 omnibus.
2137 2964 2262 3019 Ideo
2296 2966 2346 3016 in
2380 2962 2555 3016 solum
2589 2961 2808 3014 Petrum
2861 2958 3159 3019 invi-bitur,
3191 2968 3248 3010 ut
3297 2957 3350 3008 in
3382 2970 3450 3009 eo

1846 3062 1936 3130 qui
1972 3061 2178 3128 primus
2219 3066 2296 3110 est
2321 3099 2332 3120 ,
2361 3054 2635 3109 discerent
2676 3051 2881 3108 caeteri.
2915 3051 2976 3106 Si
3017 3061 3071 3104 tu
3103 3067 3215 3104 cum
3250 3050 3320 3102 sis
3345 3047 3452 3102 Ju-

1845 3160 2013 3221 dteus,
2039 3152 2300 3225 gentiliter
2331 3151 2454 3205 vivis
2474 3190 2488 3215 ,
2521 3148 2778 3218 quomodo
2800 3156 2975 3219 gentes
2990 3145 3130 3216 cogis
3135 3143 3451 3216 judaizare?

1847 3253 1998 3308 Nunc
2027 3251 2202 3320 aperit
2241 3264 2462 3306 causam
2510 3244 3124 3316 reprehensionismon
3155 3242 3299 3296 enim
3345 3240 3448 3293 ali-

1843 3346 1971 3418 quid
2019 3345 2208 3402 fuisset
2235 3341 2440 3400 erroris
2469 3341 2514 3395 si
2567 3340 2932 3410 praesentibus
2961 3337 3164 3394 Jndzris
3191 3336 3449 3391 dissimu-

1846 3441 2015 3496 lasset
2041 3455 2070 3494 a
2097 3436 2393 3508 gentilibus
2417 3476 2431 3500 ,
2467 3435 2664 3488 timens
2702 3431 3022 3487 scandalum
3045 3448 3057 3482 :
3084 3429 3180 3484 sed
3216 3429 3303 3484 hic
3335 3437 3447 3483 tota

1844 3551 2008 3592 causa
2036 3531 2482 3604 reprehensionis
2509 3539 2626 3594 est;
2652 3529 2774 3599 quia
2806 3527 3224 3582 advenientibus
3245 3524 3451 3580 ludatis

1844 3631 1913 3687 ab
1943 3629 2175 3693 Jacobo,
2217 3643 2327 3682 non
2373 3625 2554 3680 solum
2607 3621 2926 3694 segregabat
2960 3638 3017 3675 se
3052 3620 3120 3673 ab
3159 3619 3271 3684 eis,
3324 3633 3446 3672 cum

1844 3727 2042 3797 quibus
2094 3724 2377 3795 gentiliter
2427 3721 2676 3783 vixerat,
2709 3717 2804 3772 sed
2848 3726 2903 3769 et
2930 3713 3294 3783 compellebat
3347 3726 3446 3765 eos

1841 3819 2158 3890 judaizare,
2198 3830 2359 3869 causa
2414 3813 2624 3868 timoris
2679 3811 2894 3864 illorum
2925 3816 3027 3871 ,ιιι
3075 3805 3204 3875 quid
3255 3803 3447 3858 borum

1847 3927 2035 3967 verum
2089 3919 2266 3975 esset,
2327 3908 2640 3978 ignorarent
2688 3902 2938 3975 gentiles.
2992 3899 3248 3956 Sciebant
3299 3898 3449 3953 enim

1847 4008 2023 4078 ipsum
2053 4019 2238 4059 secum
2263 4018 2376 4057 non
2402 4000 2556 4072 quasi
2586 3997 2834 4053 Judaeum
2856 3995 3097 4050 vixisse:
3122 4001 3244 4064 post
3268 3999 3449 4046 autem

1847 4103 2131 4159 audientes
2155 4099 2224 4155 ab
2271 4116 2337 4155 eo
2365 4099 2488 4168 quia
2519 4095 2834 4152 .ludmornm
2888 4093 3062 4148 instar
3111 4088 3450 4160 sequendum

1846 4205 1995 4258 erat,
2026 4193 2350 4251 itaasitabant
2377 4193 2560 4262 utique
2606 4189 2733 4261 quid
2782 4197 2925 4244 esset
2959 4202 3170 4242 verum.
3215 4186 3270 4239 Si
3305 4186 3451 4240 cnim

1847 4287 1950 4344 hoc
1981 4303 2168 4343 verum
2198 4296 2318 4342 erat
2358 4297 2412 4341 ut
2445 4285 2827 4356 jndaizarent,
2862 4282 3040 4351 ipsum
3065 4279 3453 4349 praevaricato-

1847 4398 1961 4437 rem
1992 4379 2282 4443 tenebant,
2313 4379 2436 4448 quia
2459 4377 2736 4448 gentiliter
2758 4374 3008 4428 vixerat:
3041 4372 3087 4425 si
3109 4379 3288 4426 autem
3321 4369 3452 4425 illud

1849 4472 2044 4529 melius
2070 4481 2191 4527 erat
2214 4481 2266 4525 et
2290 4486 2513 4535 verum,
2543 4477 2604 4524 ut
2625 4467 2955 4537 simpliciter
2978 4466 3264 4528 viverent,
3296 4475 3456 4517 ever-

1845 4569 1926 4622 sio
1943 4565 2352 4638 eratgentilium
2384 4579 2477 4634 per
2507 4563 2626 4633 ejus
2650 4561 2943 4632 ignaviam,
2965 4558 3163 4626 quibus
3187 4555 3443 4624 adempto

129 4675 303 4730 quam
323 4674 354 4712 8
388 4659 498 4714 θεο
525 4657 790 4730 redempti
824 4665 969 4723 ειιηῐς
1023 4655 1290 4711 θοιθτθῐὶι·
1341 4655 1549 4710 Idem"
1576 4655 1740 4725 ἱείιητ
1766 4640 1820 4701 Ῑ)
1848 4664 1990 4718 bono
2014 4704 2030 4729 ,
2058 4676 2147 4718 res
2177 4659 2448 4716 laboriosa
2478 4670 2533 4714 et
2563 4658 2809 4712 inellicas
2843 4654 3186 4711 tradebatur.
3219 4654 3455 4721 Aposto-

132 4751 280 4818 hzec,
303 4766 424 4820 quae
444 4752 583 4806 inter
603 4767 664 4805 se
685 4759 741 4806 et
764 4750 1044 4820 apostolos
1071 4748 1212 4804 facta
1233 4756 1380 4813 sunt,
1403 4747 1738 4814 manilestat;

135 4856 193 4900 nt
225 4846 404 4900 sciant
448 4845 654 4901 Galatas
685 4845 809 4915 quia
856 4843 998 4916 quod
1031 4843 1100 4900 ab
1143 4857 1212 4900 eo
1241 4850 1588 4913 acceperant,
1636 4841 1741 4898 hoc

133 4954 332 4995 verum
365 4947 446 4993 est
476 4951 530 4995 et
561 4939 878 5012 probatum.

210 5035 230 5104 (
257 5033 409 5088 Vers.
436 5033 494 5088 Η
511 5031 563 5104 .)
587 5032 716 5088 Cum
737 5042 908 5088 autem
929 5033 1142 5086 venisset
1170 5030 1360 5086 Petrus
1382 5030 1740 5097 Antiochiam,

135 5129 190 5182 in
218 5127 410 5200 {aciem
436 5127 514 5180 illi
540 5127 734 5193 restiti;
757 5125 880 5196 quia
927 5126 1268 5194 reprehensus
1295 5134 1425 5179 erat.
1459 5123 1588 5180 Post
1613 5139 1744 5179 con-

135 5220 383 5276 cordiam
438 5218 753 5283 societatis,
802 5228 858 5276 et
909 5217 1382 5274 honoriﬁcentiam
1434 5219 1741 5289 primatus,

135 5328 304 5383 quam
331 5310 437 5366 sibi
471 5312 698 5366 invicem
727 5325 824 5382 per
844 5315 1072 5382 gratiam
1102 5310 1198 5365 Dei
1221 5311 1571 5377 detulerunt;
1597 5325 1743 5368 nunc

138 5405 545 5463 interveniente
596 5421 759 5460 causa
811 5405 1154 5476 negligentia
1186 5406 1266 5459 vel
1317 5407 1550 5470 erroris,
1582 5405 1740 5460 dissi-

136 5500 276 5556 dere
328 5500 473 5555 inter
525 5514 584 5554 se
629 5498 886 5556 videntur
935 5499 1202 5566 apostoli,
1261 5515 1367 5552 non
1422 5499 1472 5553 in
1521 5499 1744 5568 propria

137 5607 311 5648 causa
334 5632 350 5657 ,
380 5589 481 5646 sed
510 5593 561 5644 in
587 5591 952 5648 sollicitudine
988 5590 1271 5650 Ecclesiae.
1305 5588 1374 5644 In
1399 5592 1586 5662 faciem
1609 5633 1626 5659 ,
1659 5593 1745 5648 itt-

137 5686 302 5756 quit,
334 5683 419 5738 illi
452 5683 629 5736 restiti.
677 5683 813 5752 Quid
844 5691 930 5740 est
961 5685 1063 5738 boe
1084 5725 1099 5750 ,
1141 5684 1240 5738 nisi
1272 5683 1322 5738 in
1361 5686 1649 5754 praesentia
1695 5685 1746 5740 ei

137 5771 506 5830 contradixi?
528 5771 591 5830 Et
618 5783 718 5846 qua
747 5786 909 5833 causa
937 5772 1218 5848 subiunxit
1247 5774 1472 5835 dicens:
1506 5777 1644 5848 auia
1671 5796 1752 5834 re-

146 5866 448 5939 prehensus
471 5868 611 5922 erat?
631 5865 1093 5942 Reprehensibilis
1122 5871 1310 5942 utique
1339 5871 1408 5927 ab
1440 5873 1752 5946 evangelica

1848 4759 1932 4812 lus
1957 4763 2140 4811 autem
2169 4755 2370 4810 Paulus
2397 4753 2614 4824 quando
2643 4752 2710 4807 ad
2757 4751 2944 4806 horam
2972 4749 3140 4805 cessit
3162 4789 3176 4808 .
3209 4763 3315 4801 non
3350 4745 3453 4800 hoc

1847 4859 1902 4905 et
1932 4849 2135 4913 suasit;
2162 4846 2258 4903 sed
2309 4861 2428 4903 rem
2473 4861 2532 4898 se
2557 4844 2883 4914 superﬂuam
2917 4851 2972 4898 et
3018 4841 3235 4895 inanem
3270 4839 3452 4893 facere

1847 4940 2179 5003 clamitavit,
2214 4949 2440 5009 pr0pter
2468 4937 2705 4992 furorem
2731 4935 3066 4991 .lndn-ornm.
3099 4931 3196 4988 Cui
3225 4931 3446 5001 quidem

1848 5037 1930 5090 rei
1961 5052 2067 5090 non
2119 5033 2530 5096 succubuisset,
2577 5031 2684 5087 nisi
2721 5046 2884 5087 causa
2935 5029 3307 5086 interfuisset,
3343 5039 3446 5094 qua

1850 5128 2072 5182 audacia
2101 5126 2417 5182 Jtnlzenrum
2452 5125 2804 5194 plurimorum
2839 5121 3166 5188 sejactaret.
3196 5117 3324 5171 Erat
3351 5129 3448 5168 au-

1851 5229 1962 5276 tem
2000 5220 2322 5276 Timotheus
2354 5219 2496 5272 ﬁlius
2529 5215 2771 5272 nutlieris
2805 5213 3008 5269 Judactn
3031 5254 3044 5275 ,
3075 5221 3229 5282 patre
3265 5217 3450 5264 autem

1847 5315 2039 5371 Grazcu
2070 5314 2220 5382 (Act.
2253 5329 2360 5378 χιιι,
2392 5312 2479 5381 '1);
2517 5313 2656 5366 unde
2683 5309 2881 5364 factum
2914 5317 3032 5369 est,
3059 5315 3113 5357 nt
3152 5300 3329 5356 infans
3362 5315 3451 5356 se-

1849 5405 2084 5460 (‘UItdtllll
2132 5405 2329 5472 Legem
2385 5404 2609 5458 minime
2648 5397 3162 5454 circun‘tciderctnr.
3217 5393 3453 5448 Insidia-

1851 5501 2045 5555 bantur
2069 5515 2199 5570 ergo
2223 5541 2238 5564 ,
2269 5499 2619 5567 explorantes
2648 5494 2692 5548 si
2722 5507 2844 5546 eum
2873 5532 2887 5554 ,
2919 5490 3009 5557 qui
3039 5487 3262 5544 Judaeus
3293 5496 3452 5543 natus

1849 5603 2001 5658 erat,
2038 5591 2482 5646 incircumcisum
2523 5591 2861 5640 assumeret:
2893 5579 3035 5649 quod
3067 5582 3317 5636 illicitum
3347 5596 3449 5648 pn-

1849 5689 2037 5743 tabant
2087 5686 2273 5757 generi
2323 5683 2635 5740 Judaeorum
2663 5720 2678 5742 ,
2713 5677 3070 5730 occasionem
3103 5685 3452 5748 qu:rrentes,

1853 5793 1958 5852 qua
1991 5791 2114 5834 eum
2165 5789 2477 5833 eversorem
2532 5779 2783 5826 tenerent
2815 5765 3012 5838 chis;
3045 5768 3145 5825 bac
3188 5779 3349 5823 causa
3383 5765 3451 5819 ad

1855 5871 2043 5929 horam
2071 5870 2238 5926 cessit
2268 5867 2439 5924 furori
2472 5879 2682 5922 eorum.
