3978 6310
501 225 608 292 351
1455 235 1547 292 AD
1585 233 1819 292 OPERA
1855 235 2101 292 SANCTI
2139 235 2460 295 AMBROSII
2499 235 2870 296 APPENDIX.
3690 238 3776 296 552

579 348 790 424 (Vers.
815 354 896 424 lii,
931 353 1055 424 16.)
1085 353 1198 410 Nos
1237 361 1428 408 natura
1453 351 1632 408 Judaei
1646 397 1660 423 ,
1693 366 1741 408 et
1767 371 1870 409 non
1901 369 1966 408 ex
1993 369 2118 425 gen—
2143 351 2196 413 Α
2221 352 2458 409 Christus
2483 355 2644 426 gratis
2685 367 2918 411 mortuus
2939 365 3033 410 est.
3065 355 3208 413 Nihil
3239 367 3346 412 tam
3373 366 3654 427 apertum;
3681 359 3780 426 quia

517 443 656 502 tibus
691 457 1004 517 peccatores.
1035 447 1276 504 Scientes
1319 459 1488 503 autem
1514 449 1636 520 quia
1671 464 1772 502 non
1796 447 2118 519 justiﬁcatur
2217 449 2262 503 si
2289 463 2385 518 per
2429 447 2625 519 Legem
2657 450 2925 520 potuisset
2971 449 3134 505 homo
3175 450 3468 520 justilicari
3497 491 3514 516 ,
3541 447 3786 510 Christum

514 538 672 595 homo
699 557 766 596 ea:
810 543 1046 611 oneribus
1076 540 1260 613 Legis,
1293 543 1395 596 nisi
1435 560 1526 614 per
1551 541 1710 613 ﬁdem
1735 539 1863 598 Jesu
1887 541 2116 609 Christi;
2221 558 2326 596 non
2361 551 2676 614 Oportuerat
2705 543 2866 598 muri.
2907 543 3013 600 Sed
3057 545 3182 615 quia
3225 544 3336 600 Lex
3367 544 3506 598 dare
3545 545 3786 598 remissio-

517 643 566 690 et
595 650 692 689 nos
723 635 776 689 in
801 633 1064 692 Christum
1095 635 1276 694 Iesum
1305 637 1562 692 credimus
1582 681 1597 702 ,
1617 647 1672 692 ut
1687 637 2121 711 justiﬁcemurex
2221 651 2346 692 nem
2375 647 2722 706 peccatorum
2751 652 2856 692 non
2891 647 3134 707 poterat,
3160 651 3336 708 neque
3357 635 3652 692 secundam
3673 651 3788 692 mor-

523 728 628 800 ﬁde
657 727 885 799 Christi,
915 741 965 786 et
995 747 1097 786 non
1129 749 1192 787 ea:
1230 733 1469 804 aperibus
1517 731 1694 804 Legis.
1721 731 1996 788 Manifesta
2029 748 2120 788 ra-
2223 739 2330 784 tem
2360 729 2778 802 detriumphans
2799 731 3105 802 exspoliare
3125 731 3403 802 captivos,
3431 745 3577 802 quos
3607 731 3792 785 tenebat

521 821 670 878 tione
693 823 1102 880 circumventos
1146 840 1242 880 eos
1290 824 1562 890 ostendit,
1595 835 1650 880 ut
1689 833 1972 881 servarent
2015 825 2120 880 Lc-
2222 837 2384 878 causa
2419 824 2660 894 peccati;
2697 825 2902 879 idcirco
2944 823 3192 881 Christus
3225 837 3476 882 mortuus
3517 834 3601 880 est
3631 867 3644 888 ,
3669 837 3721 879 ut
3744 841 3792 881 ca

522 927 685 986 gem;
719 915 772 970 in
819 932 922 986 qna
958 931 1120 972 nemo
1153 918 1483 988 justiticatur
1511 917 1656 987 apud
1689 919 1886 980 Deum;
1919 917 2122 989 quippe
2225 927 2544 988 praestaret,
2573 934 2692 988 qua:
2734 917 2844 974 Lex
2893 937 2998 974 non
3041 929 3285 991 poterat:
3329 937 3391 975 ac
3423 937 3530 991 per
3571 921 3672 975 hoc
3709 936 3792 974 noa

522 1020 646 1063 cum
681 1005 736 1062 bi
761 1008 863 1078 ipsi
906 1011 998 1081 qui
1032 1019 1226 1067 natura
1256 1010 1432 1066 Judaei
1460 1019 1616 1076 sunt,
1651 1011 1903 1066 volentes
1927 1011 2124 1080 justiti-
2227 1013 2395 1083 gratis
2425 1023 2673 1070 mortuus
2699 1023 2822 1082 est;
2853 1029 2996 1070 mors
3025 1016 3170 1071 enim
3197 1015 3319 1087 ejus
3345 1015 3670 1086 justiticatio
3697 1030 3792 1086 pec-

521 1100 670 1167 cari,
723 1101 912 1158 relicta
959 1101 1138 1174 Lege,
1187 1103 1506 1173 confugiant
1559 1101 1626 1158 ad
1679 1103 1840 1158 tidem
1895 1101 2122 1158 Christi.
2227 1116 2472 1163 calorum
2508 1116 2610 1164 est.

527 1193 790 1263 Quoniam
835 1212 902 1250 ex
951 1197 1193 1268 operibus
1243 1196 1394 1268 Legis
1437 1215 1540 1252 non
1584 1197 1908 1271 justiﬁcatur
1959 1197 2128 1252 omnis
2839 1203 3072 1262 CAPUT
3125 1204 3210 1260 111.

519 1304 668 1345 caro.
694 1289 915 1345 Nullum
949 1289 1222 1348 hominem
1249 1292 1604 1362 iustiﬁcatam
1631 1293 1768 1348 dicit
1787 1310 1851 1350 ex
1871 1295 2128 1362 operibus
2303 1298 2484 1372 (Vers.
2517 1299 2593 1371 1.)
2622 1299 2666 1354 0
2697 1300 2942 1355 insensati
2967 1300 3207 1356 Galam?!
3235 1302 3348 1372 quis
3390 1317 3480 1355 ros
3509 1299 3802 1371 fascinat-it?

524 1380 717 1452 Legis;
753 1384 1082 1454 quicumque
1115 1386 1258 1440 enim
1286 1385 1416 1455 justi
1441 1395 1587 1450 sunt,
1625 1388 1788 1459 218
1807 1395 1860 1440 et
1881 1387 1986 1443 [ide
2017 1387 2130 1458 jus-
2232 1391 2524 1449 lrascentis
2545 1409 2666 1448 cum
2693 1395 2958 1450 miraculo
2979 1395 3144 1450 verba
3167 1405 3331 1460 sunt;
3357 1397 3483 1466 quia
3517 1395 3598 1450 sic
3625 1394 3802 1449 fuerant

527 1473 717 1530 titicati
749 1487 906 1544 sunt,
935 1478 1080 1533 sicut
1104 1477 1378 1534 Abraham
1407 1487 1462 1535 et
1489 1479 1636 1535 Isaac
1663 1491 1718 1536 et
1742 1481 1914 1537 Jacob
1941 1491 1996 1538 et
2025 1497 2130 1538 ειη-
2233 1485 2540 1554 depravati,
2569 1497 2628 1542 ut
2673 1503 2775 1543 nec
2819 1503 2878 1544 sc
2925 1499 3284 1560 agnoscerent
3331 1489 3748 1544 circumventos.
3785 1489 3802 1524 ι’

532 1570 635 1626 teri
662 1571 860 1627 sancti.
1129 1579 1132 1582 λ
1367 1653 1400 1658 __
1613 1651 1620 1658 .
2235 1581 2508 1636 Prommio
2555 1596 2684 1636 usus
2726 1591 2840 1648 est;
2885 1583 3064 1638 cunnis
3101 1585 3245 1639 enim
3293 1585 3384 1654 qui
3415 1583 3731 1646 fascinatur,
3757 1581 3806 1636 de

606 1665 956 1739 (νει-δίη.)
982 1668 1044 1723 Si
1059 1663 1232 1724 autem
1257 1655 1540 1740 querentes
1557 1655 1846 1744 justi/icari
1865 1671 1920 1726 in
1949 1671 2130 1728 Chris-
2239 1673 2383 1729 bono
2416 1677 2610 1730 transit
2644 1677 2695 1730 in
2735 1678 2958 1742 malum,
3001 1677 3142 1732 sicut
3186 1685 3240 1732 et
3289 1677 3340 1732 hi
3391 1678 3460 1733 de
3491 1677 3734 1732 libertate
3767 1685 3806 1730 et

533 1767 618 1824 to,
643 1759 931 1814 invenimur
968 1769 1016 1815 et
1057 1762 1161 1832 ipsi
1191 1773 1519 1832 peccatores;
1561 1780 1681 1816 num
1733 1781 1855 1832 ergo
1899 1763 2134 1820 Christus
2165 1752 2214 1812 B
2239 1769 2533 1824 seCuritate
2558 1769 2624 1822 ad
2649 1770 2930 1824 servitium
2955 1783 3009 1826 et
3031 1770 3452 1826 sollicitudinem
3481 1771 3804 1825 transierunt.

532 1853 731 1925 peccati
758 1855 993 1910 minister
1019 1857 1131 1912 est?
1151 1858 1316 1912 Absit.
1343 1857 1627 1926 Quomodo
1653 1856 1902 1914 Christus
1931 1861 2136 1930 peccati
2245 1864 2478 1930 Quorum
2510 1874 2627 1918 ante
2653 1865 2834 1919 oculos
2864 1865 3098 1920 Christus
3123 1863 3276 1919 Iesus
3307 1865 3636 1938 proscriptus
3661 1874 3744 1926 est,
3777 1873 3806 1917 et

533 1950 788 2006 minister
819 1960 996 2020 potest
1017 1967 1178 2020 esse,
1205 1953 1298 2024 qui
1325 1953 1491 2008 donat
1521 1954 1784 2024 peccata?
1811 1953 1958 2020 Ideo,
1983 1955 2135 2022 absit,
2239 1958 2295 2013 in
2341 1959 2478 2014 vobis
2529 1961 2828 2030 crucifixus.
2863 1959 3206 2016 Manifestum
3239 1971 3322 2015 est
3371 1960 3500 2031 quia
3553 1957 3808 2014 stultorum

535 2047 734 2120 inquit.
768 2049 874 2106 Sed
907 2050 952 2104 si
975 2050 1261 2120 justiticari
1293 2053 1544 2108 volentes
1573 2069 1666 2125 per
1695 2053 1856 2108 ﬁdem
1892 2051 2136 2122 Christi,
2245 2051 2417 2108 oculis
2445 2053 2698 2108 Christus
2731 2055 3065 2124 proscriptus
3095 2053 3329 2120 videtur,
3355 2053 3408 2108 id
3433 2063 3546 2120 est,
3571 2052 3810 2122 exspolia-

539 2142 670 2214 Legi
717 2145 988 2202 servimus
1008 2187 1024 2214 ,
1075 2147 1178 2203 sub
1227 2160 1452 2219 peccato
1481 2165 1582 2206 nos
1631 2165 1753 2206 esse
1782 2151 2138 2223 proﬁtemur;
2246 2153 2335 2200 tus
2355 2147 2440 2202 vel
2466 2147 2858 2202 condemnatus
2884 2167 2896 2202 :
2927 2147 3271 2217 prudentium
3293 2163 3424 2202 vero
3447 2147 3628 2202 oculis
3645 2157 3698 2200 et
3717 2159 3810 2199 seu-

540 2241 670 2310 quia
717 2239 851 2296 fides
880 2243 1120 2298 extrahit
1152 2243 1430 2301 hominem
1469 2261 1498 2301 a
1531 2247 1673 2318 Lege
1693 2288 1709 2312 ,
1741 2257 1800 2302 ιη
1841 2247 2018 2317 justus
2047 2247 2140 2302 sit.
2247 2241 2396 2295 sibus
2425 2255 2531 2296 non
2555 2241 2731 2296 solum
2757 2257 2863 2296 non
2890 2241 3308 2308 condemnatus,
3331 2241 3432 2296 sed
3465 2241 3585 2311 ipse
3611 2249 3806 2294 mortem

547 2331 689 2403 Ergo
719 2334 764 2389 si
817 2334 1012 2392 damus
1061 2353 1160 2394 nos
1210 2339 1370 2411 Legi,
1427 2351 1751 2412 peccatores
1801 2342 2140 2404 invenimur;
2249 2349 2412 2392 cruce
2452 2351 2546 2392 sua
2577 2337 2866 2393 damnasse
2913 2337 3158 2403 videtur;
3209 2337 3392 2406 passio
3431 2337 3584 2392 enim
3635 2333 3809 2389 Domini

543 2425 668 2496 quia
700 2426 792 2497 qui
813 2429 914 2483 sub
944 2427 1088 2500 Lege
1125 2441 1275 2498 sunt,
1307 2432 1410 2487 sub
1439 2433 1733 2490 maledicto
1773 2445 1920 2490 sunt.
2249 2433 2354 2484 vita
2381 2441 2568 2488 nostra
2591 2442 2694 2497 est,
2720 2440 2774 2485 et
2799 2430 3097 2486 destructio
3129 2433 3339 2485 mortis.
3365 2428 3476 2486 Sed
3505 2431 3634 2501 quia
3665 2428 3712 2482 hi
3737 2428 3808 2482 in-

621 2495 816 2590 (Vers.
867 2519 993 2592 18.)
1025 2495 1098 2578 ῖςὶ
1151 2495 1286 2578 enim
1331 2542 1448 2596 qutc
1491 2526 1757 2596 dcstruai,
1806 2529 1916 2582 Ittcc
1957 2529 2146 2583 iterum
2251 2521 2410 2594 digne
2449 2533 2730 2594 eruperant
2759 2523 2964 2579 sentire
3007 2523 3252 2578 translati
3283 2523 3350 2578 ad
3383 2495 3808 2594 Legemridcirco

547 2613 848 2683 rea’diﬁco,
902 2617 1346 2684 prwt'aricatorettt
1391 2636 1471 2674 me
1516 2624 1788 2675 constituo.
1823 2623 2144 2680 Absolutum
2251 2617 2524 2673 mentibus
2545 2634 2732 2674 eorum
2760 2617 3032 2674 Christum
3059 2619 3484 2674 condemnatum
3517 2615 3685 2672 videri
3711 2629 3808 2670 con-

549 2711 634 2759 est
665 2711 688 2740 ει
715 2704 844 2774 quia
872 2707 1142 2762 accedens
1181 2708 1249 2763 ad
1283 2709 1560 2765 Christum
1585 2755 1598 2774 ,
1630 2714 1886 2784 relinquit
1912 2714 2144 2786 Legem;
2251 2713 2524 2784 queritur;
2557 2713 2782 2782 ideoque
2811 2713 3043 2783 subjecit
3075 2733 3088 2770 :
3122 2713 3187 2769 In
3219 2715 3358 2768 vobis
3397 2713 3698 2782 cruciﬁxus.
3725 2709 3810 2765 [loc

549 2793 620 2849 de
657 2809 818 2850 servo
866 2797 1011 2852 enim
1045 2799 1106 2852 lit
1134 2797 1289 2854 liber.
1341 2800 1496 2868 Quod
1552 2801 1598 2856 si
1632 2805 1829 2858 iterum
1859 2806 2044 2861 redeat
2080 2813 2148 2863 ad
2253 2815 2357 2873 est,
2377 2821 2541 2862 sensu
2571 2817 2755 2864 vestro
2775 2809 3065 2864 cruciﬁxus
3095 2817 3196 2874 est,
3229 2810 3386 2880 quasi
3417 2809 3628 2875 homo;
3657 2809 3704 2862 in
3729 2821 3807 2877 quo

555 2887 781 2960 Legem,
803 2890 919 2962 ipse
942 2893 1028 2947 sui
1051 2903 1338 2950 accusator
1355 2895 1540 2950 existit
1570 2914 1582 2950 :
1610 2899 1735 2967 quia
1767 2897 1968 2954 factum
1993 2915 2148 2956 suum
2254 2901 2398 2956 enim
2429 2917 2555 2973 spes
2579 2904 2731 2970 plena
2759 2919 2867 2958 non
2896 2913 3003 2970 est,
3033 2903 3196 2958 homo
3225 2913 3328 2960 est.
3359 2902 3491 2958 Ideo
3523 2903 3584 2958 hi
3613 2919 3708 2956 non
3737 2917 3810 2971 pu-

549 2981 908 3040 condemnat.
2255 2993 2444 3050 tabam
2474 2995 2688 3064 plenam
2721 2997 2954 3052 salutem
2983 3011 3106 3052 esse
3139 2997 3194 3051 in
3225 2995 3470 3060 Christo,
3503 2995 3624 3066 quia
3653 2994 3806 3065 Legem

629 3077 827 3151 (Vers.
858 3080 985 3154 l9.)
1033 3081 1149 3156 Ego
1197 3085 1336 3140 enim
1383 3103 1473 3157 per
1517 3087 1706 3160 Legem
1749 3087 1876 3160 Legi
1921 3099 2152 3145 mortuus
2257 3087 2331 3142 illi
2371 3089 2678 3159 aequabant.
2723 3091 2778 3144 ln
2823 3088 2907 3145 his
2937 3105 3066 3146 vero
3111 3089 3202 3159 qtti
3246 3105 3492 3159 congrue
3543 3089 3810 3154 intelligunt

556 3191 703 3243 sum,
735 3185 791 3228 ut
825 3175 931 3230 Deo
959 3177 1142 3231 rivom.
1177 3178 1287 3234 Hoc
1318 3179 1472 3246 dicit,
1523 3183 1644 3252 quia
1677 3197 1773 3252 per
1815 3183 1988 3254 legem
2023 3184 2148 3241 fidei
2177 3161 2222 3222 Ο
2256 3180 2554 3249 Christum,
2579 3183 2712 3236 vivit
2739 3183 2789 3236 in
2819 3183 2898 3238 eis
2921 3181 3193 3247 Christus,
3219 3183 3272 3237 in
3297 3182 3540 3237 Photino
3565 3181 3810 3237 crucifixus

559 3277 808 3324 mortuus
851 3279 936 3324 est
985 3271 1088 3341 legi
1129 3271 1363 3340 Moysis;
1417 3275 1647 3328 moritur
1693 3275 1836 3330 enim
1871 3277 2010 3346 legi.
2065 3277 2155 3346 qui
2260 3281 2366 3328 est.
2394 3271 2492 3328 llic
2517 3273 2662 3327 enim
2687 3289 2814 3329 vere
2835 3284 3082 3329 mortuus
3103 3273 3282 3340 est,in
3311 3291 3418 3344 quo
3435 3274 3690 3332 Christus.
3709 3271 3812 3327 dici-

560 3360 829 3416 liberatur
843 3362 910 3417 ah
928 3379 1022 3418 ea:
1057 3373 1114 3420 et
1134 3364 1267 3420 vivit
1297 3367 1431 3432 Deo,
1457 3366 1612 3437 cujus
1636 3367 1694 3422 tit
1723 3383 1914 3423 servus
1940 3381 2157 3440 emptus
2261 3373 2348 3420 tur
2368 3367 2680 3432 cruciﬁxus;
2708 3367 2829 3438 quia
2861 3367 3006 3422 istud
3045 3369 3163 3422 loco
3183 3367 3560 3423 accusationis
3583 3367 3810 3436 olsjicitur.

560 3469 590 3509 a
621 3453 862 3511 Christo.
895 3455 1099 3513 Christo
1129 3461 1366 3530 conﬁxus
1386 3477 1499 3516 sum
1523 3463 1683 3516 cruci.
1715 3461 1814 3518 Hic
1852 3465 1998 3519 cruci
2029 3479 2160 3519 cou-
2335 3459 2514 3532 (Vers.
2547 3460 2628 3531 2.)
2661 3459 2772 3514 Hoc
2794 3462 2962 3514 solum
2989 3461 3104 3515 uoto
3125 3461 3324 3516 discere
3345 3478 3378 3515 a
3406 3463 3550 3515 vobis
3583 3478 3602 3515 :
3627 3459 3702 3516 Ea:
3721 3475 3810 3526 ope-

563 3547 745 3620 ligitur
767 3548 985 3607 Christo
1003 3594 1018 3619 ,
1049 3554 1140 3625 qui
1181 3554 1410 3611 aemulus
1439 3555 1794 3627 vestigiorum
1822 3557 1942 3627 ejus
1962 3599 1974 3622 ,
2012 3559 2159 3612 nulla
2261 3553 2402 3609 ribus
2423 3553 2577 3625 Legis
2602 3554 2857 3626 Spiritum
2878 3555 3172 3624 accepistis,
3195 3573 3262 3610 an
3289 3572 3353 3609 ea:
3375 3555 3568 3608 auditu
3589 3553 3734 3624 ﬁdei?
3752 3551 3814 3606 Si:

563 3645 747 3702 mundi
769 3648 1212 3719 concupiscentia
1233 3649 1474 3719 capitur;
1505 3658 1563 3705 ut
1591 3650 1703 3705 Deo
1724 3652 1934 3718 vivens,
1959 3651 2162 3706 mundo
2265 3645 2373 3699 sine
2411 3645 2672 3700 intellectu
2703 3648 2860 3701 estis?
2883 3646 3077 3702 Adhuc
3107 3662 3230 3702 cum
3272 3649 3560 3702 stomacho
3589 3647 3812 3718 loquitur;

561 3754 809 3799 mortuus
838 3743 1108 3799 videatur.
1141 3744 1243 3812 Qui
1289 3743 1438 3800 enim
1490 3759 1599 3800 non
1650 3744 1762 3816 agit
1809 3760 1930 3815 qua:
1975 3745 2164 3800 mundi
2264 3737 2414 3794 dolet
2443 3741 2586 3794 enim
2611 3739 2768 3796 valde
2797 3755 2960 3812 super
2986 3757 3174 3797 errore
3195 3757 3408 3810 eorum,
3443 3744 3572 3812 quia
3601 3740 3814 3796 fabricant

561 3847 720 3902 sunt,
754 3836 838 3892 vel
867 3837 1106 3901 erroris,
1141 3845 1387 3893 mortuus
1413 3845 1500 3894 est
1528 3837 1751 3893 mundo.
2268 3847 2418 3886 suam
2444 3875 2457 3898 ,
2486 3849 2590 3902 qua
2621 3849 2719 3889 eos
2751 3849 2848 3904 per
2877 3835 3229 3904 Evangelium
3271 3835 3664 3900 :edificaverat,
3701 3833 3816 3887 vide-

636 3929 829 4000 (Vers.
881 3932 1016 3999 20.)
1065 3931 1188 3985 Vivo
1239 3942 1440 3997 autem,
1474 3933 1592 4003 jam
1634 3947 1738 3985 non
1781 3947 1904 4002 ego,
1959 3931 2048 3985 sed
2087 3933 2161 3986 υἱ·
2269 3925 2360 3981 bat
2395 3941 2515 3981 esse
2559 3927 2915 3985 destructam.
2949 3927 3065 3982 Non
3099 3929 3178 3983 sic
3219 3927 3287 3984 de
3331 3927 3638 3984 Corinthiis
3681 3934 3816 3980 ructus

563 4023 669 4088 vit,
709 4024 798 4095 qui
839 4025 894 4078 in
944 4040 1024 4078 me
1066 4035 1168 4092 est,
1213 4025 1471 4080 Christus.
1512 4026 1629 4082 Non
1683 4035 1767 4082 est
1811 4027 2160 4097 ambiguum,
2269 4025 2518 4090 cst,qttia
2567 4021 2817 4090 quamvis
2841 4021 3093 4077 carnales
3125 4037 3221 4076 eos
3251 4023 3493 4092 appellet
3529 4023 3579 4095 (Ι
3623 4021 3730 4077 Cor.
3757 4032 3812 4078 tu,

564 4117 714 4173 ineo
750 4117 840 4188 qui
889 4133 988 4188 per
1033 4117 1194 4174 ﬁdem
1244 4119 1506 4175 liberatur
1553 4135 1582 4174 ει
1639 4131 1850 4188 mone,
1889 4120 2167 4177 Christum
2268 4113 2350 4184 2).
2385 4129 2491 4168 non
2528 4123 2708 4170 tamen
2740 4131 2911 4186 usque
2941 4116 3079 4170 adeo
3127 4115 3344 4171 fuerant
3387 4129 3574 4172 tuente
3600 4115 3745 4180 capti,
3779 4119 3816 4163 ut

567 4210 785 4276 vivere;
831 4221 1009 4267 morte
1039 4211 1182 4268 enim
1212 4212 1376 4283 digno
1396 4213 1522 4268 dum
1550 4215 1719 4270 donat
1749 4225 1969 4286 peccata
2001 4257 2018 4283 ,
2050 4216 2168 4286 ipse
2269 4209 2584 4265 circumcidi
2615 4227 2678 4266 se
2709 4220 3044 4280 paterentur.
3069 4209 3195 4266 Ideo
3221 4221 3276 4265 et
3301 4209 3359 4264 hi
3381 4210 3536 4266 stulti
3556 4221 3606 4265 et
3635 4209 3738 4262 sine
3759 4205 3816 4258 in-

569 4307 701 4362 vivit
741 4308 792 4360 in
849 4307 980 4375 illo;
1009 4307 1128 4380 ejus
1158 4307 1300 4363 enim
1331 4309 1585 4379 praesidio
1610 4324 1831 4382 ereptus
1878 4321 1960 4367 est
1979 4311 2140 4367 morti

2271 4301 2489 4356 tellectu
2522 4317 2646 4357 esse
2674 4301 2965 4368 dicuntur;
3001 4303 3128 4372 quia
3177 4317 3278 4358 nec
3305 4301 3486 4357 dolori
3529 4300 3698 4357 carnis
3737 4309 3815 4350 sum

570 4401 726 4467 Quod
763 4417 880 4456 vero
911 4420 1046 4458 nunc
1073 4403 1186 4458 υίυο
1208 4405 1262 4460 in
1290 4422 1480 4473 σαι-ηε,
1511 4407 1564 4460 in
1609 4407 1715 4478 ﬁde
1738 4408 1849 4462 υίυο
2032 4405 2134 4460 Dei
2153 4449 2168 4471 ,
2272 4387 2560 4452 consulere
2587 4395 2896 4451 valuerunt.
2927 4393 3112 4466 Usque
3141 4397 3210 4450 ad
3241 4393 3344 4448 hoc
3383 4395 3531 4449 enim
3575 4393 3706 4448 SOIC'.
3729 4387 3816 4456 (ιυὶδ

567 4497 658 4564 qui
688 4495 870 4550 dilexit
899 4514 978 4552 me
1001 4539 1015 4561 ,
1047 4507 1094 4552 et
1125 4499 1343 4554 tradidit
1369 4517 1421 4555 se
1451 4519 1545 4572 pro
1567 4517 1666 4556 me.
1703 4500 1826 4556 Non
1854 4519 1966 4557 sum
1989 4501 2138 4574 ingra

2273 4489 2478 4554 induci,
2524 4491 2670 4560 quod
2717 4490 2981 4557 delectat,
3025 4499 3118 4544 aut
3165 4489 3410 4544 dolorem
3464 4503 3570 4543 non
3621 4487 3813 4557 praestat.

572 4599 654 4643 tus
695 4593 876 4660 gratia:
924 4587 1046 4648 Dei.
1099 4593 1364 4660 Quoniam
1415 4593 1595 4650 futura
1639 4595 1748 4650 vita
1781 4595 2045 4665 promissa
2085 4609 2143 4648 es

2244 4591 2246 4612 '
2275 4585 2439 4658 219
2470 4583 2862 4654 lnterrogantis
2891 4599 3022 4654 ergo
3054 4583 3216 4639 verba
3259 4592 3410 4648 sunt,
3442 4591 3498 4637 et
3524 4580 3661 4653 quod
3689 4581 3815 4633 inter-

571 4682 921 4747 christianis,
957 4684 1078 4741 ideo
1123 4687 1216 4757 qui
1250 4703 1392 4742 nunc
1432 4689 1483 4742 in
1536 4687 1634 4743 hac
1663 4688 1770 4742 vita
1798 4687 2024 4742 auxiliis
2074 4687 2142 4740 De

2277 4687 2432 4747 rogat
2457 4693 2524 4732 ex
2557 4687 2710 4746 parte
2738 4675 3136 4742 conﬁrmantis,
3171 4689 3296 4730 cum
3327 4675 3460 4730 dicit
3502 4691 3516 4729 :
3561 4673 3669 4728 Hoc
3691 4669 3817 4725 solum

573 4774 816 4830 munitus
845 4777 1006 4842 vivit,
1038 4777 1091 4833 in
1121 4777 1229 4834 fide
1259 4783 1382 4836 vita:
1411 4784 1694 4850 promissae
1721 4779 1874 4836 vivit.
1905 4779 2004 4834 llic
2026 4779 2144 4834 enin

2279 4773 2392 4826 rolo
2418 4773 2616 4826 discere
2641 4791 2672 4825 a
2710 4771 2850 4826 vobis
2878 4787 2895 4825 :
2927 4770 3011 4824 Ex
3053 4771 3290 4842 operibus
3319 4769 3468 4841 Legis
3499 4769 3735 4843 Spiritum
3757 4777 3815 4815 cc-

573 4870 866 4942 imaginem
909 4871 1027 4940 ejus
1063 4875 1492 4944 contemplatur,
1535 4875 1686 4945 quasi
1731 4874 1922 4944 pignus
1963 4873 2171 4929 habens
2280 4867 2506 4938 cepistis,
2532 4883 2597 4920 ιιη
2620 4882 2685 4920 ex
2709 4865 2887 4919 αυάίιιι
2909 4865 3073 4935 ﬁdei?
3104 4863 3217 4918 Hoc
3236 4864 3304 4919 3b
3326 4863 3403 4918 Eii
3433 4864 3648 4934 quaerit.
3675 4862 3720 4914 ίη

577 4965 702 5020 vine
733 4965 958 5030 futurus,
991 4979 1112 5034 quae
1148 4981 1246 5036 per
1278 4967 1370 5022 Dei
1403 4976 1592 5021 nutum
1621 4964 1825 5021 Christi
1857 4982 2043 5022 amore
2075 4981 2172 5020 no-
2279 4967 2337 5015 et
2364 4959 2755 5030 gloriabantur,
2789 4969 2842 5012 et
2869 4972 3070 5026 negare
3112 4971 3218 5010 non
3267 4965 3520 5026 poterant
3549 4955 3666 5026 quia
3689 4947 3818 5018 Spiri-

573 5057 657 5112 bis
695 5059 922 5128 quaesita
966 5066 1070 5112 est.
1103 5057 1201 5114 Hic
1230 5073 1360 5129 ergo
1393 5075 1498 5114 non
1529 5069 1612 5116 est
1637 5061 1884 5132 ingratus
1914 5059 2170 5126 Christo,
2283 5062 2394 5107 tum
2425 5062 2672 5107 sanctum
2701 5067 2796 5120 per
2819 5050 2978 5106 ﬁdem
3003 5059 3356 5120 acceperant,
3385 5063 3492 5102 non
3520 5062 3614 5118 per
3631 5045 3818 5112 Legem;

574 5153 664 5221 qui
697 5152 748 5204 in
784 5149 892 5206 ﬁde
937 5150 1056 5220 ejus
1103 5149 1390 5220 perdurat,
1435 5152 1614 5208 sciens
1653 5155 1850 5209 nullius
1882 5167 1942 5208 se
1971 5153 2173 5208 habere
2283 5156 2342 5202 ut
2369 5147 2751 5216 resipiscentes
2774 5154 3136 5216 agnoscerent
3165 5145 3290 5213 quia
3321 5143 3526 5197 donum
3549 5142 3659 5206 Dei.
3681 5139 3818 5202 ἱιιίιυο

576 5245 937 5311 beneficium,
967 5243 1070 5299 nisi
1100 5242 1373 5313 hujuszet
1394 5243 1460 5298 ad
1487 5247 1875 5300 contumeliam
1899 5247 2018 5314 ejus
2050 5261 2174 5316 pro-
2279 5242 2673 5312 gloriabantur,
2719 5254 2825 5293 non
2873 5254 2938 5293 ex
2979 5252 3146 5307 opere
3193 5235 3354 5308 Legis
3390 5240 3718 5304 acceperant,
3752 5222 3818 5280 Sed

577 5337 772 5406 licere,
803 5339 848 5394 si
876 5339 1108 5395 alterum
1139 5337 1190 5392 ei
1242 5346 1556 5407 comparet,
1587 5337 1744 5409 cujus
1783 5339 2043 5395 auxilium
2076 5341 2174 5395 ha-
2281 5335 2570 5391 credentes
2603 5335 2654 5387 in
2685 5331 2997 5398 Christum;
3032 5340 3088 5385 ut
3119 5330 3203 5386 vel
3236 5331 3316 5386 sic
3339 5328 3477 5400 grati
3509 5317 3818 5386 Christo,l.e-

583 5429 711 5488 bere
739 5449 845 5487 non
875 5435 1070 5503 potuit.
2282 5446 2404 5503 gem
2437 5445 2597 5500 quam
2631 5429 2732 5485 sibi
2767 5429 2820 5483 in
2861 5429 3009 5482 nullo
3057 5423 3324 5498 prodesse
3354 5423 3671 5487 didicerant,
3699 5413 3820 5472 relin-

649 5523 845 5591 (Vers.
906 5523 1033 5596 21.)
1082 5525 1146 5582 Si
1197 5525 1330 5581 enim
1385 5545 1474 5597 per
1535 5527 1720 5600 Legem
1765 5527 2008 5599 justitia,
2058 5543 2178 5599 ergo
2285 5535 2538 5600 querent.
2571 5525 2684 5581 Hoc
2708 5523 2985 5595 proponit,
3015 5519 3163 5592 quod
3196 5520 3288 5574 illo
3323 5518 3375 5572 in
3410 5527 3650 5586 tempore
3683 5505 3819 5578 negari

657 5677 682 5707 ι
724 5668 814 5743 Sic
843 5633 988 5743 editi.
1022 5669 1245 5743 Amerl).
1294 5681 1350 5742 et
1376 5689 1506 5734 mss.
1537 5673 1760 5743 plures:
1808 5670 1962 5743 liras.
1997 5678 2178 5743 autem
2359 5665 2390 5743 ιῆ
2427 5665 2648 5743 Ultima:
2676 5663 2808 5720 edit.
2859 5659 3109 5743 gavisus!”
3137 5651 3404 5743 ,Ifarttétiiiu
3447 5669 3570 5710 usus
3611 5660 3696 5708 εδιο
3734 5643 3820 5702 Nm

575 5721 640 5868 Set
665 5721 1245 5884 semegiti
1269 5721 2178 5814 Situiaiiédiiz's'.'jf
2287 5721 2465 5802 male,
2491 5740 2535 5794 si
2563 5737 2666 5804 qua
2691 5749 2823 5790 mss.
2857 5727 2964 5788 ﬁde
2991 5721 3276 5788 niteretur.

663 5829 808 5870 servo
878 5825 896 5869 t
947 5831 962 5866 ι
997 5821 1055 5869 er

663 5829 808 5870 servo
839 5821 896 5870 ﬁt
927 5821 1055 5869 liber
