3978 6310
128 305 225 360 553

1058 290 1554 357 COMMENTARIA
1597 291 1660 350 IN
1702 289 1917 350 EPIST.
1960 286 2053 347 AD
2092 288 2436 353 GALATAS.

3301 283 3410 346 δδι

126 439 226 475 nun
254 429 492 488 poterat,
517 419 768 488 Spiritmn
797 417 888 473 Dei
915 417 1095 475 inesse
1119 417 1497 483 credentibus;
1527 416 1590 472 ad
1618 432 1704 470 ru-
1734 417 1783 476 Α
1811 420 1950 474 sunt,
1977 411 2069 465 sub
2102 411 2375 465 maledicto
2405 418 2545 466 sunt.
2577 408 2920 466 Manifestum
2951 417 3036 466 est
3062 408 3188 481 quia
3222 408 3414 464 fideles

124 513 360 568 dimenta
389 513 534 566 enim
569 510 685 566 fidei
729 511 1178 578 commendanda,
1210 510 1414 566 donum
1458 511 1556 566 Dei
1604 509 1707 565 hoc

123 603 575 658 mauifestabatur
597 602 929 670 hominibus;
960 604 1094 657 sicut
1121 603 1268 658 inter
1290 603 1402 673 ipsa
1425 602 1574 656 initia
1599 600 1708 656 fac-

125 703 230 750 tum
263 704 348 750 est
376 696 428 750 in
459 695 715 764 apostolis
741 703 796 750 et
815 695 1032 751 caeteris
1061 694 1369 764 discipulis,
1391 709 1493 750 nec
1521 709 1627 748 non
1655 702 1711 749 et

122 787 173 843 in
199 787 305 842 illis
332 786 640 855 duodecim,
673 803 806 858 quos
844 787 992 858 (quia
1024 797 1050 824 ³
1082 788 1134 843 in
1165 788 1478 843 adulterino
1506 787 1712 856 baptis-

125 890 265 936 tnate
289 883 394 938 sub
423 882 642 938 nomine
661 882 912 951 baptismi
933 882 1159 938 Joannis
1193 882 1411 936 fuerant
1436 897 1543 936 non
1575 880 1714 935 tinc-

126 975 158 1030 ti
179 1017 194 1040 ,
223 974 320 1030 sed
367 975 654 1044 sordidati)
683 975 879 1031 Paulus
914 977 1198 1048 apostolus
1225 975 1277 1029 in
1308 973 1592 1029 Trinitatis
1615 989 1714 1029 no-

125 1069 267 1124 mine
294 1068 558 1136 baptizari
588 1069 866 1140 praccepit,
899 1069 1097 1140 quibus
1127 1069 1396 1140 impositis
1436 1067 1708 1136 manibus,

121 1161 322 1217 decidit
370 1162 422 1216 in
471 1177 564 1217 eos
594 1161 828 1231 Spiritus
870 1175 1113 1230 sanctus,
1144 1175 1199 1218 et
1227 1163 1572 1220 diversarum
1601 1164 1711 1218 lin-

121 1270 342 1325 gnarum
375 1255 722 1310 ministrabat
748 1256 962 1326 eloquia
989 1272 1108 1311 cum
1134 1255 1585 1326 interpretatione
1614 1271 1710 1311 ea-

122 1364 271 1414 rum;
307 1357 365 1403 ut
416 1349 598 1404 nullus
644 1349 875 1405 auderet
925 1365 1124 1421 negare
1171 1349 1431 1420 Spiritum
1462 1358 1710 1407 sanctum

122 1441 298 1495 inesse
323 1442 422 1496 eis.
453 1440 819 1510 Quamobrem
861 1442 981 1497 sine
1013 1441 1293 1504 intellectu
1327 1441 1547 1497 Galatas
1587 1457 1713 1500 esse

120 1535 375 1603 appellat,
403 1535 498 1606 qui
531 1535 692 1605 hujus
716 1536 794 1590 rei
825 1536 980 1606 gnari
1003 1546 1056 1591 et
1087 1535 1318 1602 conscii,
1349 1535 1712 1608 degradantcs

121 1643 198 1690 se,
231 1629 413 1683 carnis
453 1644 603 1684 curae
635 1644 693 1685 se
724 1631 1097 1700 subjecerunt.

194 1719 374 1791 (Vers.
409 1721 486 1791 5.)
519 1720 834 1792 lncipientes
879 1723 1084 1794 spiritu,
1117 1741 1255 1778 nunc
1283 1741 1438 1779 carne
1466 1743 1707 1782 consunt~

122 1813 374 1867 utamini?
423 1812 534 1867 lloc
579 1813 734 1879 dicit,
779 1815 903 1886 quia
942 1832 1066 1870 cum
1116 1817 1186 1870 ab
1240 1816 1592 1875 inferioribus
1644 1819 1711 1875 ad
1744 1822 1792 1882 B

121 1923 328 1961 summa
377 1905 501 1962 ﬁdei
533 1921 796 1962 ascensus
840 1908 933 1972 sit,
984 1908 1036 1962 bi
1070 1919 1258 1964 contra
1289 1910 1357 1966 de
1399 1911 1629 1967 sunnnis
1659 1912 1710 1967 in

121 2002 221 2056 ima
255 2001 466 2072 delapsi
499 2013 642 2057 sunt.
675 2003 777 2059 Per
807 2003 967 2060 fidem
1011 2005 1154 2060 enim
1201 2006 1477 2075 spiritales
1509 2008 1713 2077 effecti,

122 2098 366 2150 conversi
409 2095 476 2150 ad
525 2095 747 2166 Legem,
782 2095 1130 2167 perdiderant
1172 2100 1405 2169 gratiam
1453 2100 1712 2172 Spiritus,

123 2206 278 2260 quam
308 2177 524 2246 fuerant
551 2193 872 2258 consecuti;
907 2196 1309 2250 consummatio
1345 2197 1490 2252 enim
1535 2199 1717 2268 perdi-

127 2285 324 2339 tionem
357 2285 648 2356 significat,
682 2287 730 2342 id
751 2298 854 2355 est,
882 2288 1063 2345 ﬁdem.

195 2380 380 2454 (Vcrs.
411 2381 467 2447 4,
502 2383 584 2452 5.)
614 2381 782 2438 Tanta
814 2387 953 2454 passi
982 2387 1102 2441 estis
1126 2388 1234 2442 sine
1263 2404 1440 2451 causa,
1475 2389 1517 2443 si
1550 2398 1720 2443 tamen

126 2475 230 2528 sine
259 2491 442 2529 causa.
470 2474 631 2530 Multa
654 2492 748 2533 eos
776 2493 968 2549 passos
991 2495 1090 2550 pro
1113 2481 1215 2536 ﬁde
1241 2483 1516 2553 signiﬁcat
1547 2484 1615 2539 ab
1639 2483 1723 2538 in-

129 2567 414 2633 ﬁdelibus;
458 2577 588 2624 tunc
618 2571 762 2626 enim
805 2574 896 2643 qui.
928 2574 1249 2641 credebant,
1277 2575 1491 2631 ca'teris
1517 2592 1720 2646 oppro-

128 2659 244 2714 brio
272 2671 457 2726 erant,
490 2664 605 2718 sive
636 2664 971 2733 domesticis,
999 2669 1113 2722 sive
1137 2670 1413 2724 extraneis
1447 2687 1460 2722 :
1490 2685 1613 2724 nam
1643 2670 1724 2725 di-

128 2757 236 2828 gito
267 2757 628 2826 signabantur
657 2759 808 2829 quasi
835 2760 909 2814 rei
942 2761 1261 2831 majestatis.
1291 2761 1447 2818 Unde
1471 2763 1726 2819 similiter

128 2851 332 2907 Galate
357 2852 524 2907 multa
551 2855 693 2923 passi
723 2863 849 2910 sunt
875 2855 1173 2911 insaniores
1200 2858 1430 2926 experti,
1465 2858 1620 2928 cujus
1648 2858 1724 2913 rei

131 2947 388 3001 meritmn
437 2947 786 3018 perdiderant
817 2949 1098 3004 mittentes
1145 2965 1205 3005 se
1233 2950 1334 3004 sub
1365 2950 1586 3020 Legem.
1622 2950 1730 3007 Sed

130 3041 249 3111 quia
282 3042 490 3111 adjecit
530 3059 542 3098 :
578 3041 640 3096 Si
667 3051 836 3096 tamen
863 3043 971 3098 sine
999 3060 1177 3108 causa,
1222 3045 1462 3100 ostendit
1507 3061 1730 3115 sperare

131 3147 189 3188 se
220 3149 386 3205 posse
415 3134 704 3190 reformari
732 3135 875 3190 illos.
911 3135 1009 3202 Qui
1034 3153 1152 3207 ergo
1175 3138 1362 3208 praebet
1391 3139 1528 3192 vobis
1558 3139 1730 3208 Spiri-

1811 519 1936 559 cum
1987 503 2128 558 ﬁdeli
2187 503 2607 570 benedicuntur,
2656 505 2930 575 quomodo
2981 503 3231 560 inﬁdeles
3285 517 3410 556 cum

1812 596 2124 652 infidelibus
2174 599 2490 665 pttniuntur.
2544 597 2678 653 Nam
2729 599 2821 670 qui
2875 598 2976 654 sub
3029 597 3172 668 Lege
3221 606 3410 668 agunt,

1814 690 1915 745 sub
1941 689 2231 745 maledicto
2257 700 2385 745 sunt
2419 710 2434 748 :
2464 693 2590 762 quia
2617 701 3050 770 transgressores
3071 692 3230 763 Legis
3262 700 3410 747 sunt.

1887 781 2067 855 (Deut.
2101 799 2272 849 xxvn,
2302 783 2422 856 26.)
2456 784 2724 856 Scriptum
2751 787 2943 858 quippe
2974 795 3052 841 est
3093 802 3112 842 :
3163 785 3419 840 Maledic-

1814 886 1893 932 tus
1916 878 2081 932 omnis
2105 880 2194 949 qui
2220 895 2320 933 non
2345 880 2686 948 permanserit
2715 880 2767 933 in
2798 880 3055 945 omnibus,
3079 896 3194 950 qua:
3221 880 3419 949 scripta

1813 979 1933 1024 sunt
1959 971 2011 1024 in
2034 971 2164 1025 libro
2195 970 2371 1045 Legis,
2397 981 2452 1026 ut
2492 973 2653 1044 faciat
2673 989 2753 1028 ea.
2783 973 2900 1028 Hoc
2927 974 3189 1044 scriptum
3232 983 3318 1030 est
3361 974 3415 1028 in

1816 1063 2262 1132 Deuteronomio,
2278 1066 2407 1136 quia
2427 1065 2475 1121 si
2497 1065 2626 1137 quid
2651 1065 2811 1138 Legis
2835 1067 3173 1136 prazterisset
3193 1066 3416 1137 aliquis,

1816 1157 2138 1213 maledictus
2162 1157 2475 1214 haberetur.
2503 1160 2570 1215 Et
2596 1168 2742 1214 tanta
2771 1159 3024 1215 mandata
3053 1167 3202 1224 sunt,
3226 1167 3286 1214 ut
3314 1158 3420 1214 im-

1818 1252 2073 1321 possibile
2103 1253 2173 1308 sit
2218 1255 2425 1310 servari
2460 1270 2548 1312 ea.
2584 1253 2738 1312 Unde
2783 1265 2840 1311 et
2873 1254 3068 1311 Petrus
3109 1255 3420 1327 apostolus,

1817 1344 1868 1398 in
1914 1345 2140 1402 Actibus
2169 1347 2547 1417 apostolorum
2588 1349 2709 1403 ait:
2755 1347 2898 1416 Quid
2942 1348 3209 1420 imponitis
3228 1350 3420 1422 jugum

1816 1440 2087 1510 fratribus,
2119 1443 2258 1513 quod
2284 1459 2443 1513 neque
2468 1453 2642 1515 patres
2693 1443 2876 1509 nostri,
2910 1459 3072 1512 neque
3111 1459 3206 1498 nos
3246 1443 3424 1514 potui-

1817 1549 1929 1587 mus
1971 1544 2178 1605 portare
2211 1534 2347 1608 (Act.
2385 1553 2477 1602 xv,
2515 1535 2649 1608 10)?
2679 1535 2986 1608 Negligenti
3025 1537 3176 1593 enim
3224 1545 3281 1594 et
3327 1552 3422 1593 su-

1819 1630 1987 1700 perbo
2017 1628 2044 1667 b
2069 1631 2268 1701 populo
2299 1631 2415 1688 haec
2441 1631 2565 1688 data
2595 1641 2770 1700 erant,
2803 1641 2862 1688 ut
2900 1647 2998 1703 per
3037 1647 3254 1690 omnem
3286 1645 3424 1689 con-

1816 1723 2186 1778 versationem
2221 1724 2418 1796 Legem
2451 1724 2741 1780 haberent.

1891 1817 2074 1888 (Vers.
2105 1818 2219 1888 12.)
2256 1819 2408 1886 Quod
2435 1829 2608 1874 autem
2640 1820 2696 1874 in
2739 1818 2876 1892 Lege
2919 1836 3066 1874 nemo
3095 1820 3428 1895 justiﬁcatur

1817 1909 1962 1979 apud
1988 1907 2178 1977 Deum,
2219 1913 2551 1983 manifestum
2581 1923 2692 1979 est;
2720 1914 2843 1984 quia
2861 1917 3042 1988 justus
3070 1930 3134 1968 ex
3159 1913 3266 1984 ﬁde
3306 1914 3430 1970 vivit

1819 2001 2046 2072 (Habac.
2075 2019 2132 2070 ll,
2159 2003 2241 2074 4).
2269 2004 2346 2060 Ac
2370 2021 2466 2075 per
2493 2005 2595 2061 hoc
2629 2006 2993 2063 recedendum
3016 2024 3045 2063 a
3071 2007 3215 2079 Lege
3238 2007 3425 2076 docet,

1821 2111 1888 2152 ne
1909 2097 2122 2166 justitia
2143 2113 2239 2167 per
2262 2099 2420 2155 ﬁdem
2443 2101 2670 2171 quaesita
2692 2101 2974 2173 depereat.
2995 2101 3104 2159 Lex
3125 2113 3295 2158 autem
3323 2121 3430 2160 non

1819 2203 1892 2246 est
1931 2209 1992 2246 ex
2016 2193 2140 2261 ﬁde,
2173 2193 2262 2247 sed
2305 2195 2393 2264 qui
2422 2195 2599 2264 fecerit
2630 2213 2710 2259 ea,
2748 2197 2876 2252 vivet
2901 2197 2953 2252 in
2983 2199 3056 2252 eis
3084 2197 3303 2271 (Ezech.
3332 2214 3426 2265 xx,

1818 2282 1933 2354 2t).
1972 2285 2134 2356 220
2176 2285 2292 2341 Non
2323 2295 2406 2341 est
2445 2303 2516 2342 ex
2552 2287 2655 2343 ﬁde
2684 2287 2835 2354 Lex;
2868 2290 2994 2361 quia
3041 2291 3176 2347 nihil
3205 2291 3432 2349 mandat

1821 2377 2176 2432 credendum.
2208 2378 2402 2434 Omnia
2431 2381 2575 2436 enim
2600 2381 2721 2452 ejus
2741 2383 3029 2439 manifesta
3058 2395 3284 2452 sunt,ut
3312 2401 3433 2441 ser-

1824 2485 1958 2525 vans
1987 2470 2206 2540 Legem,
2243 2474 2392 2526 vivat
2425 2490 2439 2526 :
2472 2474 2516 2527 si
2545 2475 2864 2544 quominus,
2910 2492 3138 2532 necesse
3166 2487 3249 2534 est
3281 2477 3431 2548 plec-

1825 2575 1995 2631 tatur;
2029 2568 2153 2637 quia
2204 2566 2349 2638 quod
2399 2567 2557 2623 scivit
2609 2569 2916 2635 vitandum,
2965 2570 3205 2626 admisit.
3241 2571 3433 2628 Potest

1825 2664 2026 2735 opponi
2059 2680 2090 2720 e
2120 2664 2362 2732 diverso,
2402 2675 2454 2720 et
2485 2664 2590 2720 dici
2627 2682 2640 2718 :
2673 2665 2729 2721 Si
2778 2665 2832 2721 in
2874 2666 3018 2737 Lege
3049 2683 3210 2722 nemo
3233 2667 3436 2739 justiﬁ-

1826 2770 2000 2825 catur,
2033 2759 2163 2828 quid
2193 2769 2278 2814 est
2308 2769 2364 2814 ut
2404 2759 2788 2827 maledicatur,
2819 2760 2910 2831 qui
2953 2759 3159 2832 aliquid
3192 2761 3439 2831 praeterit

1827 2853 2021 2923 Legis?
2049 2853 2245 2909 Verum
2271 2863 2355 2909 est
2384 2854 2507 2924 quia
2535 2870 2696 2909 nemo
2726 2870 2825 2925 per
2849 2853 3050 2925 Legem
3075 2853 3432 2925 justiﬁcatur,

1829 2949 1923 3004 sed
1952 2949 2095 3015 apud
2130 2948 2301 3004 Deum
2337 2965 2350 3002 :
2379 2949 2712 3018 jnstiﬁcatur
2741 2958 2925 3004 autem
2973 2947 3116 3020 apud
3147 2949 3434 3019 mundum,

1832 3050 1889 3094 ut
1919 3055 2148 3096 securus
2179 3042 2250 3096 sit
2273 3042 2325 3096 in
2360 3041 2469 3095 vita
2504 3043 2785 3112 prmsenti.
2811 3041 2867 3097 Si
2891 3049 3071 3097 autem
3093 3042 3234 3111 apud
3264 3042 3436 3100 Deum

1826 3133 2114 3203 justiﬁcari
2162 3135 2310 3198 vult,
2339 3144 2393 3188 nt
2439 3134 2511 3189 illi
2540 3135 2608 3189 ad
2662 3133 2916 3190 meritum
2963 3133 3217 3206 proﬁciat
3245 3135 3301 3190 in
3345 3134 3437 3192 die

131 3236 257 3292 tum,
281 3238 328 3282 et
357 3238 605 3294 aperatur
629 3229 813 3283 uirtute
838 3232 890 3282 in
921 3229 1081 3295 vobis,
1110 3247 1174 3284 ex
1194 3231 1431 3302 operibus
1456 3231 1629 3303 Legis,
1662 3249 1729 3286 an
1757 3212 1802 3276 Ο
1829 3226 2046 3297 judicii,
2072 3227 2168 3282 Dei
2211 3238 2473 3297 sequatur
2511 3227 2671 3283 fidem
2700 3245 2714 3294 ;
2759 3229 2999 3299 alioquin
3047 3229 3134 3285 hic
3182 3243 3435 3298 securus,

131 3337 191 3374 ea:
219 3321 412 3374 auditu
441 3320 608 3390 fidei?
638 3322 780 3377 ldem
820 3337 1018 3378 sensus
1049 3331 1153 3387 est,
1204 3324 1288 3378 cui
1321 3323 1594 3379 adduntur
1622 3326 1731 3379 vir-

133 3415 261 3470 tutis
283 3415 548 3486 insignia,
581 3431 705 3486 qua:
735 3418 1108 3471 testimonium
1143 3418 1387 3488 pra~bent
1417 3418 1562 3484 ﬁdei,
1589 3418 1732 3489 quod

133 3509 203 3563 sit
230 3523 362 3579 spes
407 3508 512 3563 ﬁda
545 3519 599 3564 et
630 3510 986 3566 rationabilis.
1020 3511 1218 3581 Legem
1248 3521 1428 3566 autem
1458 3513 1600 3568 nulla
1626 3512 1735 3567 vir-

134 3607 219 3655 tus
248 3602 568 3666 comitatur,
599 3618 718 3673 quae
749 3604 988 3658 attrahat
1017 3604 1084 3658 ad
1108 3605 1227 3673 ejus
1252 3619 1402 3673 Spem
1428 3622 1441 3670 ;
1470 3606 1590 3676 quia
1615 3621 1734 3675 qua:

136 3694 416 3762 videntur,
448 3709 553 3749 non
583 3707 892 3765 sperantur,
922 3696 1016 3752 sed
1048 3705 1174 3750 sunt
1221 3697 1563 3765 temporalia,
1596 3697 1736 3752 sicut

137 3789 219 3845 lex
254 3790 552 3855 factorum,
591 3806 750 3861 quam
782 3806 944 3861 supra
977 3790 1338 3846 ostendimus.

206 3884 397 3958 (Vers.
423 3885 503 3953 6.)
523 3884 670 3941 Sicut
699 3887 943 3956 scriptum
973 3896 1048 3940 est
1071 3884 1221 3959 (Gen.
1256 3902 1345 3953 xv,
1369 3886 1423 3956 6)
1459 3905 1472 3940 :
1505 3886 1737 3942 Credidit

136 3978 404 4034 Abraham
429 3977 561 4045 Deo,
586 3988 630 4032 et
650 3979 957 4033 wstimatum
979 3989 1051 4033 est
1075 3981 1120 4034 ei
1140 3981 1210 4033 ad
1228 3980 1511 4052 justitiam.
1542 3980 1736 4037 Osten-

132 4072 211 4128 dit
239 4073 504 4142 exemplo
549 4071 800 4137 Abrahre,
850 4073 940 4143 qui
980 4080 1135 4144 pater
1166 4073 1289 4128 ﬁdei
1318 4081 1423 4137 est,
1469 4074 1736 4145 justitiam

133 4179 240 4220 non
270 4181 340 4220 ex
372 4165 631 4232 operibus
651 4164 808 4235 Legis
836 4165 1111 4234 imputari,
1135 4165 1230 4221 sed
1263 4182 1360 4235 per
1391 4166 1582 4235 ﬁdem;
1615 4184 1735 4224 crc-

130 4257 270 4315 deus
301 4259 450 4315 enim
489 4257 814 4328 justiﬁcatus
844 4267 926 4314 est
952 4277 963 4312 :
997 4274 1060 4314 ac
1090 4275 1188 4331 per
1220 4260 1322 4316 hoc
1352 4261 1517 4317 Stulte
1548 4273 1602 4317 et
1631 4263 1735 4317 im-

130 4352 367 4422 provide
400 4351 527 4420 Legi
556 4367 651 4406 eos
689 4367 750 4407 se
777 4351 1095 4423 subjecisse,
1129 4369 1248 4424 qua:
1295 4370 1402 4410 non
1435 4355 1501 4410 ad
1533 4356 1734 4426 justiﬁ-

128 4446 406 4502 Cationem
439 4445 563 4500 data
591 4456 694 4502 est.
812 4429 814 4434 ’

200 4537 396 4608 (Vers.
427 4539 506 4609 7.)
538 4537 857 4610 Cognoscitis
883 4557 1004 4614 ergo
1029 4542 1150 4610 quia
1174 4542 1261 4613 qui
1292 4559 1354 4597 ex
1384 4543 1488 4612 ﬁde
1513 4552 1651 4611 sunt,
1683 4545 1737 4598 hi

127 4647 249 4688 sunt
277 4634 381 4704 [itii
403 4633 658 4689 Abralue?
691 4633 889 4690 Verum
913 4645 998 4691 est
1019 4635 1144 4708 quia
1167 4637 1458 4693 credentes
1486 4637 1578 4692 ﬁlii
1610 4648 1736 4694 sunt

131 4726 404 4793 Abrahae;
437 4727 563 4796 quia
595 4728 639 4782 si
691 4727 966 4784 Abraham
1018 4745 1083 4784 ex
1133 4729 1241 4784 ﬁde
1287 4731 1615 4800 iustiﬁcatus
1653 4742 1738 4789 est

127 4821 370 4892 primus,
399 4829 665 4892 quotquot
697 4829 818 4892 post
847 4822 989 4877 hunc
1021 4822 1269 4893 credunt,
1315 4824 1408 4880 ﬁlii
1439 4826 1557 4896 ejus
1585 4835 1734 4895 sunt,

126 4916 247 4973 sive
268 4934 340 4973 ex
363 4917 586 4986 Judzeis,
619 4919 734 4974 sive
755 4933 820 4975 ex
847 4919 1125 4989 gentibus.

200 5011 388 5084 (Vers.
421 5010 502 5085 8.)
549 5011 836 5068 Providens
862 5023 1033 5068 autem
1061 5013 1336 5087 Scriptura
1361 5017 1482 5087 quia
1523 5035 1588 5073 ea:
1634 5020 1739 5088 ﬁde

119 5106 392 5176 justiﬁcat
418 5114 590 5177 gentes
612 5103 776 5172 Deus,
798 5109 1162 5176 praenuntiavit
1189 5107 1413 5163 Abralue
1441 5125 1460 5164 :
1489 5111 1623 5176 Quia
1650 5111 1737 5166 be~

131 5198 438 5253 nedicentur
466 5201 518 5253 in
555 5209 602 5254 te
628 5216 801 5255 omnes
822 5211 996 5274 gentes
1025 5199 1177 5270 (Gen.
1213 5217 1310 5267 xu,
1333 5201 1412 5271 5).
1444 5201 1557 5258 Hoc
1585 5203 1738 5270 dicit,

128 5291 257 5362 quia
301 5291 474 5346 forma
513 5301 599 5349 est
623 5293 892 5349 Abraham
923 5299 1164 5349 omnium
1203 5295 1567 5362 credentium,
1603 5307 1659 5350 nt
1687 5297 1740 5351 hi

130 5384 418 5442 benedicti
469 5391 522 5441 in
571 5401 636 5442 eo
667 5388 798 5452 sint,
831 5388 920 5458 qui
957 5388 1222 5452 credunt;
1259 5397 1552 5458 sequentes
1592 5389 1740 5443 enim

130 5479 300 5536 ﬁdem
326 5480 468 5550 ejus,
497 5481 788 5552 participes
811 5483 945 5536 ﬁunt
971 5482 1366 5538 benedictionis
1396 5482 1666 5552 ejusdem.

204 5572 397 5642 (Vers.
428 5573 484 5637 9,
523 5573 631 5643 l0.)
675 5572 815 5647 Ergo
844 5579 931 5644 qui
959 5592 1022 5631 ea:
1065 5577 1169 5646 ﬁde
1207 5585 1346 5641 sunt,
1377 5575 1742 5631 benedicuntur

127 5685 250 5724 cum
279 5667 432 5736 ﬁdeli
461 5666 755 5736 Abraham;
785 5678 1032 5740 quotquot
1055 5670 1192 5725 enim
1231 5686 1294 5725 ex
1323 5669 1561 5741 aperibus
1589 5668 1742 5740 Legis

204 5859 233 5888 ιι
273 5846 472 5906 Codex
499 5845 694 5915 Laud.,
726 5849 779 5903 in
805 5849 963 5904 altera
990 5847 1319 5918 baptismate.

1837 3335 1964 3375 rens
1993 3321 2099 3375 crit
2144 3320 2196 3375 in
2231 3321 2494 3376 futurum.
2521 3322 2753 3379 Prodest
2790 3338 2926 3394 ergo
2948 3323 3082 3386 Lex,
3107 3324 3204 3379 sed
3236 3339 3356 3395 qua:
3383 3324 3436 3380 in

1837 3415 2034 3471 tabulis
2063 3417 2264 3488 scripta
2291 3426 2413 3483 est;
2445 3433 2567 3473 nam
2591 3427 2812 3485 caetera,
2846 3420 2987 3474 sicut
3009 3419 3167 3489 dixit,
3197 3430 3252 3475 ut
3284 3417 3442 3478 oneri

1837 3518 2042 3575 essent,
2067 3508 2194 3563 data
2221 3521 2369 3564 sunt.

1909 3602 2100 3674 (Vers.
2138 3603 2224 3658 15.
2242 3603 2501 3673 )Christus
2529 3621 2620 3659 nos
2645 3606 2856 3660 redemit
2878 3606 2944 3660 de
2965 3605 3240 3660 maledicto
3261 3605 3440 3680 Legis,

1839 3696 2007 3766 factus
2035 3711 2130 3764 pro
2163 3695 2306 3751 nobis
2334 3697 2686 3751 maledictum.
2714 3699 2984 3765 Quoniam
3035 3713 3196 3753 nemo
3229 3707 3446 3768 poterat

1840 3790 2071 3861 implere
2122 3791 2320 3862 Legem
2343 3833 2358 3859 ,
2390 3795 2467 3849 rei
2517 3805 2673 3849 erant
2703 3811 2894 3850 omnes
2924 3795 3216 3850 maledicto
3245 3795 3404 3867 Legis
3427 3838 3444 3865 ,

1838 3895 1898 3941 ut
1940 3885 2245 3942 vindicaret
2289 3888 2340 3942 in
2390 3903 2520 3944 eos:
2554 3888 2806 3944 Christus
2849 3901 3028 3946 autem
3063 3890 3228 3946 homo
3261 3901 3444 3961 natus,

1838 3981 2055 4037 oblatus
2085 3998 2111 4035 a
2157 3982 2318 4038 Patre
2363 3998 2461 4052 pro
2491 3983 2679 4047 nobis,
2712 3983 2948 4040 redemit
2988 4000 3088 4040 nos
3137 4000 3165 4039 a
3199 3985 3444 4042 diabolo.

1837 4073 1993 4129 Morti
2019 4075 2167 4129 enim
2201 4076 2473 4132 volentem
2502 4076 2740 4132 offerens
2767 4077 2913 4132 illum
2947 4093 3047 4148 pro
3071 4079 3138 4132 iis
3161 4119 3176 4145 ,
3207 4079 3302 4149 qui
3333 4093 3450 4133 ma-

1839 4166 2042 4221 ledicto
2074 4167 2234 4238 Legis
2262 4178 2415 4222 erant
2442 4168 2705 4236 obnoxii,
2745 4169 3100 4225 maledictum
3138 4170 3286 4227 illum
3321 4170 3453 4228 fecit.

1838 4260 1940 4316 hoc
1971 4261 2166 4329 modo,
2199 4262 2341 4317 sicut
2370 4261 2421 4316 in
2454 4261 2596 4333 Lege
2635 4262 2812 4318 hostia
2858 4279 2958 4336 pro
2998 4264 3234 4334 peccatis
3261 4264 3446 4323 oblata

1838 4364 2122 4425 peccatum
2174 4354 2616 4424 nuncupabatur:
2666 4342 2954 4426 prolaterea
3006 4372 3104 4426 pro
3144 4355 3450 4412 maledictis

1838 4447 2056 4502 oblatus
2079 4491 2093 4514 ,
2129 4446 2301 4502 factus
2324 4455 2407 4503 est
2445 4447 2827 4514 maledictum;
2863 4463 2988 4503 nam
3019 4459 3072 4503 et
3096 4447 3300 4505 Iudaeis
3329 4447 3443 4504 fac-

1841 4550 1927 4596 tus
1965 4551 2049 4595 est
2090 4541 2436 4595 maledictum
2461 4583 2475 4607 ,
2525 4539 2654 4596 dum
2685 4539 2842 4612 quasi
2875 4550 3125 4611 peccator
3153 4540 3444 4596 occiditur.

1761 4608 1814 4669 D
1841 4631 1968 4688 ldeo
2008 4649 2114 4687 non
2156 4633 2320 4688 dixit:
2355 4633 2554 4688 Factus
2585 4608 2890 4704 pro-nobis—
2948 4633 3301 4700 maledictus,
3351 4632 3449 4690 sed

1839 4727 2224 4793 maledictum;
2276 4729 2320 4782 is
2363 4729 2507 4782 enim
2569 4728 2663 4799 qui
2713 4737 2938 4800 propter
2992 4738 3274 4802 peccatum
3321 4744 3451 4800 pro-

1841 4821 2022 4892 prium
2069 4822 2231 4877 morti
2267 4820 2621 4888 offerebatur,
2663 4823 2985 4878 maledictus
3014 4822 3213 4890 ﬁebat,
3245 4823 3300 4879 in
3348 4837 3445 4879 sua

1841 4917 1983 4973 enim
2031 4931 2192 4974 causa
2241 4915 2594 4972 moriebatur.
2629 4916 2697 4971 Et
2727 4917 2772 4971 si
2825 4917 3044 4989 propius
3072 4917 3304 4988 aspicias
3325 4956 3340 4981 ,
3370 4914 3453 4970 vi-

1840 5011 1992 5066 debis
2024 5011 2296 5065 Christum
2326 5009 2673 5066 maledictum
2706 5025 2894 5066 eorum
2925 5009 3148 5074 factum,
3181 5025 3210 5062 a
3241 5009 3440 5079 quibus

1841 5106 2053 5160 occisus
2079 5114 2195 5172 est;
2229 5122 2362 5162 crux
2392 5105 2539 5162 enim
2577 5106 2879 5162 Salvatoris
2911 5113 3191 5176 peccatum
3242 5113 3299 5158 et
3337 5117 3452 5158 ma-

1843 5199 2099 5254 ledictum
2127 5209 2210 5252 est
2237 5198 2566 5256 Judteorum.
2599 5200 2736 5268 Quia
2765 5200 3016 5266 scriptum
3047 5207 3157 5253 est:
3194 5193 3448 5251 Maledic-

1842 5300 1924 5345 tus
1951 5293 2140 5358 omnis,
2167 5293 2256 5356 qui
2284 5297 2468 5365 pendet
2509 5295 2565 5347 in
2595 5294 2734 5365 tigno
2784 5290 2984 5366 (Deut.
3016 5306 3132 5358 ut,
3168 5288 3292 5358 15).
3336 5288 3451 5344 Hoc

1843 5388 2055 5460 Moyses
2093 5388 2230 5444 dixit
2280 5391 2333 5444 in
2385 5390 2809 5446 Deuteronomio
2852 5387 2922 5444 de
2951 5387 3063 5444 rcis
3113 5385 3349 5454 mortis;
3393 5394 3456 5445 ut

1847 5485 2122 5540 sufficeret
2147 5486 2428 5556 suspensis
2456 5485 2511 5541 in
2545 5486 2691 5556 ligno
2719 5485 2832 5539 illic
2869 5497 2993 5538 esse
3021 5496 3196 5553 usque
3225 5481 3296 5537 ad
3327 5497 3452 5538 ves-

1850 5592 2033 5648 peram
2056 5619 2070 5643 ,
2102 5588 2154 5633 et
2203 5577 2400 5648 deponi
2452 5579 2505 5633 in
2537 5577 2893 5646 sepulturam.
2933 5574 3108 5641 Quia,
3147 5575 3456 5632 maledictus

1852 5673 2018 5727 omnis
2053 5714 2068 5739 ,
2103 5672 2316 5743 inquit,
2347 5673 2435 5739 qui
2467 5670 2649 5740 pendet
2695 5668 2749 5720 in
2791 5667 2973 5738 tigno;
3021 5677 3082 5721 ut
3123 5682 3220 5724 reo
3265 5667 3458 5728 mortis

1931 5847 1958 5887 δ
2003 5847 2157 5907 ldem
2187 5845 2360 5903 codex
2387 5842 2558 5901 Laud.
2576 5881 2594 5912 ,
2624 5841 2814 5915 populo
2842 5843 2953 5918 [nec
2977 5845 3119 5904 dicta
3143 5857 3314 5906 erant.
