3978 6310
564 264 670 319 533

1495 256 1585 325 AD
1624 255 1854 327 QPEBA
1897 256 2144 324 SANCTI
2191 253 2521 324 AMBROS"
2559 253 2924 324 APPENDIX-
3738 262 3817 322 ω]

561 381 842 437 siit‘liceret
872 380 1003 446 hoc,
1032 381 1158 450 quia
1189 392 1483 451 suspensus
1522 379 1860 436 moriebatur
1895 381 1950 438 in
1977 381 2155 454 ligno;
2187 378 2240 440 A
2266 378 2694 452 quadringentos
2743 388 2798 436 et
2847 376 3065 449 triginta
3117 388 3292 432 annos
3345 376 3520 434 datam
3573 374 3822 442 ostendat;

559 489 627 528 ue
659 472 865 527 diutius
893 471 938 526 si
966 483 1110 526 esset
1141 487 1438 538 suspensus
1467 515 1480 538 ,
1513 472 1685 542 majus
1716 473 1938 529 haberet
1963 491 2164 547 oppro-

561 564 738 620 brium
775 579 920 620 mors
970 565 1120 634 ejus,
1149 581 1311 636 qnam
1360 565 1621 626 deberet:
1651 575 1706 622 et
1757 566 1912 624 ﬁeret
1955 568 2162 624 macula

557 661 745 732 generi
789 660 943 730 ejus,
984 661 1027 714 si
1061 661 1296 738 amplius
1327 676 1474 720 mors
1497 662 1617 731 ejus
1666 662 2054 732 publicaretur.
2090 666 2163 720 Ac

563 768 660 823 per
693 751 796 806 hoc
818 751 1068 808 Salvator
1107 753 1374 810 innocens
1420 769 1716 824 suspensus
1763 756 1814 812 in
1846 755 2023 829 ligno,
2057 773 2161 814 non

561 856 644 901 est
678 848 1002 902 maledictus
1029 889 1044 915 ,
1093 847 1186 902 sed
1240 847 1589 906 maledictum
1624 851 1868 914 illorum,
1913 864 1942 904 a
1969 849 2164 921 quibus

558 954 858 1010 suspensus
898 952 1000 996 est.
1029 940 1302 1010 Quantum
1337 953 1515 1000 tamen
1548 943 1614 1000 ad
1644 943 1862 1004 ludat-os
1891 944 2160 1014 pertinet,

557 1033 710 1106 quasi
744 1043 1086 1104 peccatorem
1119 1034 1271 1090 illum
1313 1034 1674 1092 occidendum
1725 1036 1897 1092 Pilato
1927 1035 2161 1092 oll'eren-

559 1117 674 1190 tes,
707 1125 1054 1182 maledirtum
1090 1126 1239 1182 illttm
1284 1123 1566 1192 fecerunt,
1596 1136 1652 1182 nt
1678 1131 1830 1202 quasi
1856 1143 1980 1184 reus
2011 1129 2160 1184 occi-

557 1217 804 1287 deretur,
852 1237 976 1277 cum
1021 1231 1168 1278 esset
1218 1223 1482 1278 innocens
1513 1265 1527 1286 ,
1577 1222 1698 1294 quia
1747 1222 1942 1294 dignus
1989 1231 2162 1279 morte

561 1312 883 1368 tnaledietus
914 1324 997 1368 est
1038 1314 1191 1384 juxta
1233 1314 1454 1386 Legem.
1490 1314 1749 1370 Videntes
1775 1317 1920 1370 enim
1966 1315 2164 1370 multos

557 1409 838 1480 aggregari
885 1409 1151 1464 doctrina:
1180 1413 1334 1480 ejus,
1367 1408 1529 1464 Zt.‘iilli
1559 1423 1688 1466 sunt
1716 1411 1994 1466 dicentes:
2026 1407 2164 1466 Ecce

557 1490 699 1557 totus
723 1504 944 1558 mundus
979 1505 1103 1559 abiit
1134 1516 1246 1576 post
1275 1505 1427 1560 illuni
1456 1504 1646 1577 (Joan.
1683 1520 1780 1567 stt,
1817 1503 1941 1574 i9);
1973 1517 2037 1558 ac
2071 1519 2164 1573 per

560 1595 668 1651 hoc
701 1613 799 1665 pro
833 1598 988 1651 nobis
1015 1600 1230 1653 occisus
1261 1597 1485 1663 dicitur,
1521 1608 1573 1652 et
1603 1597 1808 1668 duplici
1835 1612 2038 1669 genere
2064 1611 2162 1667 pro

560 1691 750 1754 nobis;
782 1705 904 1746 cum
931 1691 1075 1745 enim
1109 1699 1296 1760 putant
1322 1692 1472 1746 illum
1499 1691 1674 1747 occidi
1703 1691 1935 1756 debere,
1966 1705 2034 1745 ne
2061 1690 2158 1746 do-

2270 473 2565 534 constituta
2618 472 2763 532 enim
2798 469 3161 544 promissione
3212 480 3399 541 postea
3426 469 3544 524 data
3595 478 3678 525 est
3709 467 3827 535 Lex,

2268 580 2390 638 quae
2418 579 2525 624 non
2557 565 2746 635 utique
2777 562 3082 624 inﬁrmaret
3109 563 3524 635 promissionem
3546 601 3562 630 ,
3601 561 3693 618 sed
3717 560 3830 632 quod

2268 658 2444 722 futura
2465 700 2478 722 .
2511 669 2569 715 et
2594 657 2814 730 quando
2842 665 3071 718 ventura
3116 664 3305 725 esset,
3341 654 3690 726 signiﬁcaret.

2340 751 2566 810 Si'mim
2593 769 2658 810 ea:
2686 751 2821 824 Lege
2857 751 3155 819 luereditas,
3178 753 3296 824 jam
3334 765 3434 806 non
3471 765 3536 810 σε
3578 747 3835 818 inclinis-

2269 857 2331 904 ne
2368 864 2382 902 :
2411 847 2633 912 Abrahae
2661 858 2831 903 autem
2861 864 2950 920 per
2979 845 3434 918 repromissiouem
3465 844 3674 904 donauit
3705 840 3834 900 Dm.

2267 938 2290 974 d
2323 939 2466 998 Duas
2489 955 2682 998 causas
2711 941 2812 998 sibi
2842 940 3142 1002 contrarias
3163 938 3465 998 defendunt
3488 935 3694 1002 Judtei;
3721 935 3836 990 nullo

2267 1033 2413 1090 enim
2464 1043 2663 1107 pacto,
2717 1034 2863 1092 nulla
2912 1034 3127 1092 ratione
3179 1031 3398 1092 suaderi
3453 1042 3635 1103 potest
3677 1031 3836 1088 ιειιιαλὶς

2266 1124 2502 1182 Abraha:
2555 1124 2976 1196 promissionem
3029 1138 3347 1184 evacuatam
3399 1141 3495 1197 per
3537 1125 3764 1197 Legem,
3802 1136 3837 1180 et

2265 1227 2415 1276 recte
2447 1235 2459 1272 :
2493 1218 2585 1272 sed
2618 1219 2765 1278 aliud
2797 1219 3085 1276 adversum
3117 1219 3418 1290 improvida
3451 1219 3838 1290 praesumptione

2267 1311 2586 1380 defend-unt,
2617 1322 2872 1384 putantes
2898 1313 3345 1385 jttstillcationem
3377 1315 3495 1372 sine
3521 1329 3691 1383 opere
3719 1312 3840 1385 Legis

2270 1406 2556 1476 provenire
2609 1421 2715 1460 non
2774 1422 2976 1479 posse;
3031 1423 3154 1464 cum
3201 1407 3379 1464 sciant
3427 1407 3736 1471 Abraham.
3775 1409 3840 1477 qui

2268 1497 2440 1554 forma
2483 1499 2600 1568 ejus
2642 1483 2718 1555 rei
2760 1509 2880 1568 est,
2921 1502 3041 1558 sine
3085 1501 3345 1572 operibus
3379 1499 3541 1572 Legis
3574 1516 3673 1570 per
3707 1499 3840 1555 solam

2269 1591 2429 1647 tidem
2480 1594 2855 1661 jnstilicatum.
2895 1606 2917 1634 ο
2960 1595 3068 1652 Sed
3115 1596 3467 1654 aemulatione
3503 1594 3733 1667 quadam
3768 1611 3841 1650 ca:-

2267 1687 2374 1744 cati
2397 1729 2410 1753 ,
2443 1704 2547 1744 non
2589 1689 2932 1760 intelligunt,
2963 1706 3141 1760 neque
3170 1691 3520 1750 considerant
3549 1691 3678 1762 quia
3710 1690 3751 1746 si
3775 1706 3843 1762 per

558 1793 738 1848 ceret,
783 1783 918 1838 nihil
953 1782 1330 1854 profecerunt;
1366 1787 1492 1854 quia
1523 1795 1577 1840 et
1607 1785 1858 1840 doctrina
1888 1784 2006 1855 ejus
2043 1798 2161 1838 cre-
2195 1781 2240 1854 Β
2268 1779 2466 1852 Legem
2505 1782 2860 1851 institis-alio,
2892 1785 3197 1842 excluditur
3229 1786 3562 1854 promissio;
3606 1793 3662 1841 et
3703 1785 3743 1839 si
3776 1801 3844 1840 u-

561 1877 671 1943 vit,
700 1887 756 1943 et
787 1888 1016 1934 mortem
1066 1880 1351 1934 evacuavit
1397 1878 1447 1935 in
1483 1881 1734 1950 passione
1765 1894 1882 1935 sua.
1922 1878 2162 1936 Descen-

560 1968 698 2025 dens
736 1971 882 2024 enim
935 1970 1000 2023 ad
1044 1971 1280 2037 inferos,
1333 1986 1507 2041 genus
1548 1972 1827 2028 hominum
1879 1971 2161 2037 liberavit;

561 2077 667 2132 qua
713 2076 873 2116 eausa
905 2069 964 2117 et
1009 2061 1184 2118 occidi
1230 2079 1290 2118 se
1322 2065 1598 2134 permisit,
1649 2064 1831 2120 sciens
1864 2079 1962 2136 pro
2007 2064 2166 2142 nobis

562 2167 683 2208 eSse
705 2196 718 2220 ,
744 2165 796 2209 el
825 2163 1012 2210 Contra
1040 2155 1340 2211 diabolum.

635 2244 830 2315 (Vers.
863 2244 992 2317 14.)
1029 2245 1097 2302 Ut
1121 2249 1173 2302 in
1202 2249 1436 2322 gentibus
1464 2248 1750 2306 benedictio
1768 2249 1992 2306 Abrahta
2021 2251 2168 2320 ﬁeret

561 2354 652 2409 per
683 2339 946 2394 Christum
973 2340 1191 2396 Jesum:
1219 2351 1244 2378 α
1277 2353 1321 2396 et
1348 2341 1751 2397 benedictionem
1779 2344 2006 2416 Spiritus
2030 2344 2168 2398 acci-

563 2433 766 2503 piamus
786 2449 876 2505 per
897 2433 1075 2503 fidem.
1103 2434 1218 2490 Hoc
1248 2435 1410 2504 dicit,
1445 2439 1566 2506 quia
1598 2436 1946 2506 exprobratis
1972 2447 2026 2493 et
2055 2452 2169 2492 ma-

559 2524 774 2583 ledictis
800 2527 1000 2584 Judaxis
1019 2570 1032 2592 ,
1062 2544 1185 2584 cum
1211 2531 1314 2585 sibi
1345 2530 1411 2586 de
1434 2531 1643 2600 justitia
1669 2530 1830 2602 Legis
1857 2530 2174 2587 blandiren-

565 2629 672 2686 tur,
707 2623 890 2677 occiso
932 2622 1216 2678 Salvatore
1243 2621 1271 2661 ι)
1303 2625 1458 2692 quasi
1497 2625 1708 2680 Sabbati
1756 2624 2016 2680 violatore
2044 2639 2170 2696 pro-

566 2715 845 2769 missionis
877 2715 1186 2770 bencdictio
1211 2716 1442 2772 Abrahae
1470 2717 1759 2772 transitum
1784 2716 1912 2772 fecit
1942 2717 2008 2772 ad
2038 2731 2170 2790 gen-

565 2812 650 2862 tes
680 2823 775 2877 per
805 2807 964 2862 Iidem
995 2806 1198 2863 Christi
1231 2807 1383 2864 Jesu.
1418 2809 1570 2866 Unde
1615 2809 1747 2865 dicit
1783 2810 2043 2866 Dominus
2071 2810 2168 2865 Ju-

564 2900 697 2956 dzeis
725 2918 737 2955 :
772 2900 1006 2957 Tolletur
1056 2921 1086 2957 a
1116 2904 1257 2959 vobis
1289 2922 1501 2977 regnum
1549 2904 1678 2970 Dei,
1713 2916 1758 2959 et
1787 2905 1994 2960 dabitur
2034 2907 2173 2978 genti

570 2997 784 3067 facienti
810 3002 1013 3072 fructus
1043 3003 1154 3074 ejus
1185 2998 1410 3071 (Matth.
1445 3015 1555 3066 nl,
1589 2999 1718 3071 45).

645 3089 838 3163 (Vers.
873 3091 996 3162 15.)
1028 3089 1243 3147 Fratres
1263 3134 1276 3159 ,
1309 3095 1585 3147 secundum
1606 3091 1866 3147 hominem
1890 3091 2027 3147 dico.
2059 3091 2171 3150 Hoc

2267 1874 2416 1930 clusa
2451 1874 2612 1931 fuerit
2644 1875 2963 1948 promissio,
2999 1878 3117 1934 sine
3151 1877 3320 1936 dubio
3364 1877 3721 1935 frustrabitur
3745 1876 3843 1932 ﬁdes

2268 1967 2502 2026 Abrahae
2535 1985 2548 2024 :
2583 1970 2726 2042 quod
2769 1987 2838 2027 ne
2880 1970 3070 2028 audire
3108 1970 3329 2042 quidem
3375 1986 3438 2030 se
3481 1971 3844 2042 patiunturls-

2267 2063 2371 2118 dmi
2399 2105 2415 2130 ,
2455 2065 2696 2122 scientes
2733 2065 2856 2136 quia
2902 2067 3194 2137 promissio
3232 2083 3299 2122 ex
3348 2067 3456 2124 iide
3498 2076 3592 2124 est
3632 2066 3842 2124 Abﬂhr.

2267 2154 2399 2226 Quae
2429 2157 2723 2228 promissio
2756 2175 2851 2230 per
2881 2159 3042 2216 (idem
3066 2160 3353 2230 justiticat,
3389 2175 3498 2218 non
3531 2178 3635 2232 per
3655 2162 3841 2232 Legem:

2268 2250 2413 2303 sicut
2457 2259 2510 2304 et
2541 2249 2815 2305 Abraham
2854 2252 3186 2319 jusﬁlicstus
3226 2268 3293 2314 ex
3341 2253 3446 2312 title
3485 2262 3599 2314 est.
3650 2253 3712 2310 Hi
3750 2266 3845 2324 ergo

2270 2341 2516 2399 laterech
2553 2355 2680 2400 sunt
2722 2345 3100 2415 promissionis
3137 2347 3406 2414 Abrahm,
3439 2349 3536 2418 qni
3579 2349 3659 2404 illi
3700 2365 3846 2405 sacce-

2271 2434 2426 2502 dunt,
2459 2439 2820 2509 suscipientes
2850 2440 3010 2495 ﬁdem
3029 2481 3046 2506 ,
3077 2441 3130 2498 in
3159 2456 3266 2512 qua
3301 2440 3635 2500 benedicms
3659 2455 3704 2497 et
3728 2441 3847 2511 justi-

2272 2528 2462 2586 ﬁcatus
2490 2540 2574 2587 est
2599 2533 2893 2590 Abraham.
2920 2533 3318 2592 Testimonium
3347 2550 3479 2607 ergo
3507 2537 3845 2607 promissionis

2274 2621 2508 2687 Abrahae
2559 2632 2944 2682 testamentum
2991 2627 3329 2700 appellatur;
3381 2639 3437 2688 ut
3489 2641 3618 2698 post
3663 2639 3844 2685 mortem

2272 2713 2392 2783 ejus
2435 2714 2683 2774 hzcrcdes
2720 2725 2910 2773 essent
2953 2719 3006 2774 in
3053 2720 3442 2789 promissione.
3471 2720 3581 2780 ﬁlii
3622 2721 3734 2792 ejus
3759 2721 3845 2780 laeti

2272 2823 2371 2881 per
2405 2807 2585 2864 tidem.
2633 2810 2767 2880 Quae
2797 2827 2958 2869 causa
2999 2815 3248 2882 cucurrit
3286 2831 3457 2886 usque
3497 2817 3576 2874 ad
3615 2816 3846 2875 Clitist

2274 2901 2508 2958 Abrahae
2542 2907 2966 2974 repromissum,
2998 2916 3057 2963 ut
3097 2919 3224 2979 post
3261 2917 3494 2972 mortem
3525 2909 3730 2968 CitriSIi
3763 2925 3846 2965 cre-

2274 2998 2500 3066 dentes,
2538 2999 2784 3058 haeredes
2813 3011 2997 3060 essent
3038 3001 3163 3060 ﬁdei
3191 3002 3427 3062 Abram
3466 3019 3572 3075 per
3602 3014 3847 3066 testamen-

2276 3098 2386 3145 tum
2417 3091 2699 3162 sanguinis
2725 3091 2952 3152 Christi.
2984 3094 3196 3158 Donum
3225 3110 3360 3167 ergo
3385 3097 3530 3167 quod
3567 3098 3847 3168 promissam

568 3183 732 3251 dicit,
783 3187 907 3258 quia
950 3188 1204 3259 exemplo
1254 3187 1506 3244 humanae
1556 3203 1737 3246 causa:
1782 3190 2170 3248 commendare
2197 3181 2244 3248 C
2275 3195 2361 3242 est
2382 3185 2637 3256 Abrahae,
2670 3187 2796 3244 ﬁliis
2825 3188 2943 3260 ejus
2969 3191 3021 3252 in
3047 3189 3268 3252 Christo
3290 3192 3528 3256 solutum
3562 3202 3681 3257 cat;
3704 3209 3848 3264 qun-

569 3281 685 3334 vnlt
728 3282 992 3337 rationem
1044 3281 1241 3337 divinae
1289 3283 1685 3356 promissionis.
1727 3281 1969 3339 Hominis
2014 3293 2169 3340 testa-

571 3382 823 3444 mentum,
851 3377 1212 3447 conﬁrmatum
1254 3387 1454 3444 tamen,
1486 3395 1632 3432 nemo
1663 3379 1868 3433 irritum
1891 3378 2046 3450 facit,
2080 3389 2170 3433 aut

572 3468 959 3537 superordinal.
990 3468 1189 3526 Verum
1225 3481 1310 3526 est
1358 3471 1480 3542 quia
1515 3481 1900 3530 testamentum
1931 3473 2170 3530 defuncti

569 3559 693 3629 jure
734 3561 934 3617 factum
964 3578 1068 3617 non
1101 3571 1282 3633 potest
1308 3564 1502 3619 scindi.

643 3652 836 3724 (Vcrs.
874 3653 997 3723 16.)
1042 3655 1264 3712 Abrahae
1321 3657 1474 3713 dicta:
1520 3669 1640 3714 sunt
1686 3661 2091 3732 promissiones,
2123 3672 2171 3716 et

569 3746 755 3800 semini
782 3745 914 3817 ejus.
951 3745 1076 3802 Non
1098 3748 1251 3802 dicit:
1283 3747 1348 3802 Et
1375 3749 1688 3817 seminibus,
1717 3753 1866 3822 quasi
1895 3751 1949 3805 in
1975 3752 2170 3816 multis;

574 3839 664 3895 sed
702 3841 852 3910 quasi
881 3841 934 3894 in
962 3857 1106 3896 uno:
1150 3841 1218 3895 Et
1261 3844 1441 3897 semini
1485 3853 1600 3909 tuo,
1630 3843 1767 3914 quod
1811 3852 1883 3899 est
1915 3841 2166 3900 Christus.

568 3933 682 3988 Hoc
712 3943 825 4001 est,
857 3934 999 4005 quod
1027 3934 1288 4006 scriptum
1333 3947 1417 3991 est
1443 3937 1496 3991 in
1526 3935 1728 3993 Genesi
1758 3937 1831 3994 ad
1851 3936 2130 3992 Abraham
2155 3955 2169 3991 :

572 4026 637 4080 Et
660 4028 713 4080 in
739 4029 932 4082 semine
957 4039 1044 4082 tuo
1065 4028 1429 4083 benedicentur
1451 4047 1625 4085 omnes
1646 4041 1818 4102 gentes
1841 4028 2010 4100 (Gen.
2039 4045 2168 4098 χχιι,

574 4117 704 4191 l8).
738 4119 892 4186 Quod
928 4120 1115 4190 utique
1146 4120 1429 4192 impletum
1461 4132 1544 4177 est
1576 4124 1627 4177 in
1659 4122 1904 4191 Christo,
1936 4123 1987 4178 in
2014 4123 2172 4192 cujus

575 4215 794 4268 nomine
819 4229 1010 4286 omnes
1039 4226 1229 4285 gentes
1260 4216 1651 4273 benedicentur
1682 4233 1779 4290 per
1807 4218 1989 4275 ﬁdem.
2042 4217 2171 4274 Ideo

577 4321 684 4362 non
707 4307 759 4361 in
789 4307 972 4363 tnultis
993 4350 1007 4374 ,
1032 4308 1130 4363 sed
1157 4309 1208 4364 in
1235 4325 1340 4364 uno
1368 4307 1581 4366 ﬁrmata
1605 4321 1685 4366 est
1718 4311 2006 4384 promissio
2030 4354 2046 4381 ,
2080 4311 2169 4383 qui

575 4408 657 4453 est
685 4397 956 4454 Christus.
995 4399 1104 4455 Hac
1146 4400 1516 4473 disputatione
1545 4419 1641 4458 sua
1687 4405 1985 4474 Apostolus
2015 4403 2171 4474 quasi

576 4507 701 4546 reos
747 4491 921 4547 falsati
974 4495 1278 4550 testamenti
1329 4494 1604 4572 designat,
1639 4495 1731 4568 qui
1779 4499 2070 4554 credentes
2115 4499 2168 4554 in

2277 3279 2360 3333 vis
2400 3287 2455 3336 et
2491 3281 2607 3350 ipse
2641 3280 2914 3336 Abraham
2951 3292 3278 3344 consecutus
3319 3286 3392 3340 sit
3433 3284 3648 3346 denunt
3689 3285 3776 3345 hoc
3804 3283 3848 3340 il-

2277 3370 2368 3437 lic,
2402 3371 2489 3427 ubi
2530 3373 2781 3430 inventus
2813 3384 2915 3431 est.
3804 3434 3808 3438 .

2345 3463 2528 3536 (Vers.
2568 3465 2681 3536 19.)
2726 3465 2743 3505 ί
2785 3466 2927 3534 Quid
2963 3483 3088 3542 ergo
3127 3467 3237 3530 Lee:
3272 3473 3534 3541 factorum
3575 3471 3740 3545 posita
3767 3479 3846 3528 at.

2273 3558 2436 3614 donec
2465 3563 2656 3616 veniret
2685 3578 2880 3631 semen,
2917 3564 3004 3618 cui
3048 3565 3362 3633 promissum
3399 3566 3515 3620 est?
3559 3565 3676 3625 Lex
3715 3565 3847 3620 facto-

2275 3669 2426 3718 rum,
2461 3655 2514 3710 id
2559 3666 2681 3723 est,
2714 3656 2914 3728 Moysi,
2943 3657 3120 3730 posita
3149 3666 3234 3714 est
3261 3657 3317 3715 in
3347 3659 3533 3718 medio
3567 3661 3713 3717 inter
3739 3671 3849 3726 cep-

2274 3755 2381 3800 tam
2432 3748 2852 3818 promissionem
2899 3760 2954 3807 et
3002 3765 3222 3819 semen,
3268 3752 3358 3808 cui
3404 3751 3552 3814 facta
3602 3749 3848 3825 promissio

2273 3848 2390 3906 est,
2443 3844 2543 3896 hoc
2587 3851 2703 3908 est,
2751 3842 2895 3902 inter
2942 3843 3216 3902 Abraham
3257 3853 3314 3900 et
3350 3845 3715 3906 Salutarem.
3753 3844 3849 3902 ldt‘o

2275 3933 2435 4004 longe
2471 3933 2595 3988 data
2631 3946 2753 4005 post
2790 3934 2986 3992 factam
3024 3937 3486 4007 promissionem,
3518 3948 3583 3994 ut
3629 3941 3738 4011 ipsa
3768 3936 3848 4000 dis-

2278 4025 2542 4080 tinctione
2565 4026 2710 4082 aliud
2741 4025 2882 4092 Lex,
2915 4036 2971 4083 et
2994 4027 3140 4084 aliud
3171 4028 3463 4099 promissio
3488 4031 3788 4098 videretur;
3809 4035 3848 4086 et

2276 4117 2529 4187 populum
2561 4118 2656 4174 Dei
2687 4134 2718 4174 a
2743 4119 2998 4190 gentibus
3025 4132 3370 4194 segregatum
3396 4124 3647 4181 erudiret
3670 4123 3762 4184 sub
3780 4119 3846 4178 Dei

2277 4209 2503 4274 timore,
2540 4218 2601 4266 ut
2625 4211 2819 4284 dignus
2866 4213 3020 4273 iieret
3056 4215 3124 4277 ad
3155 4216 3537 4287 excipiendam
3574 4217 3847 4289 promissio-

2277 4318 2422 4371 nem,
2467 4319 2585 4374 quae
2617 4313 2705 4360 est
2749 4303 3022 4362 Christus.
3065 4307 3180 4366 Lex
3221 4318 3404 4368 tamen
3447 4313 3720 4370 factorum
3757 4309 3847 4367 ideo

2275 4396 2493 4462 dicitur,
2522 4399 2644 4468 quia
2690 4399 2848 4456 docet
2894 4417 3046 4473 quae.
3081 4404 3192 4460 Deo
3229 4404 3498 4476 jnbente,
3531 4407 3848 4479 corporan

2277 4494 2407 4548 iiant
2426 4493 2494 4550 de
2521 4495 2828 4566 sacriﬁciis,
2852 4498 2922 4555 de
2946 4500 3350 4572 primogenitis,
3372 4502 3444 4566 de
3741 4511 3784 4557 ει
3803 4500 3849 4555 ἀί

576 4583 883 4654 Christum,
917 4587 1080 4642 etiam
1122 4588 1190 4644 de
1239 4587 1384 4661 Lege
1427 4590 1630 4662 aliquid
1666 4603 1926 4661 sperant;
1959 4602 2014 4647 ut
2061 4608 2168 4648 nou
2195 4585 2251 4654 Β
2275 4589 2484 4646 caeteris
2513 4589 2731 4648 talibus.
2763 4591 3034 4666 Disposita
3059 4611 3152 4669 per
3178 4596 3395 4667 angelos
3423 4598 3480 4656 in
3506 4614 3667 4662 uti!
3687 4595 3849 4656 ⁸σά-

577 4678 752 4734 solum
783 4679 928 4735 salus
957 4681 1223 4752 promissa
1244 4683 1296 4738 in
1324 4682 1577 4751 Christo,
1617 4685 1713 4740 sed
1743 4693 1797 4748 et
1824 4687 1876 4740 in
1909 4685 2049 4757 Lege
2077 4685 2170 4740 sit.

575 4769 705 4827 Ideo
761 4772 952 4842 probat
1005 4774 1427 4843 promissionem
1479 4776 1881 4836 benedictionis
1935 4777 1987 4832 in
2050 4779 2172 4842 solo

578 4864 794 4921 Christo
826 4863 1043 4921 factam.

650 4958 843 5035 (Vers.
879 4959 1008 5033 17.)
1042 4959 1154 5016 Hoc
1200 4974 1369 5018 autem
1396 4964 1540 5034 dico,
1571 4964 1955 5022 Testamentum
1981 4968 2172 5039 conﬁr-

573 5066 771 5111 matum
801 5073 832 5110 a
877 5052 987 5110 Dco
1023 5056 1074 5109 in
1115 5052 1354 5124 Christo,
1396 5071 1417 5098 ο
1449 5076 1563 5128 qua:
1612 5071 1726 5131 post
1772 5061 2174 5134 quadringentos

573 5163 620 5207 et
646 5156 862 5224 triginta
887 5168 1051 5206 annos
1077 5151 1215 5222 facta
1244 5164 1316 5206 est
1525 5153 1636 5210 Lex
1655 5197 1670 5220 ,
1696 5172 1797 5210 non
1820 5157 2080 5228 inﬁrmata
2105 5157 2173 5212 ad

574 5249 922 5304 euacuandam
966 5247 1380 5320 promissionem.
1415 5249 1468 5303 lu
1512 5250 1632 5306 solo
1658 5249 1874 5306 Christo
1903 5249 2170 5314 ﬁrmatam

574 5341 968 5406 benedictionis
1017 5339 1434 5413 promissionem
1485 5343 1682 5411 docet,
1715 5352 1772 5399 ut
1805 5344 1998 5415 Legem
2050 5354 2173 5416 post

657 5488 682 5526 ί*
724 5485 881 5538 Rom.
917 5483 1078 5549 edit.,
1117 5491 1164 5538 et
1202 5485 1592 5554 promissionem
1636 5483 1867 5555 Spiritus
1905 5484 2161 5554 accipere-

580 5569 841 5712 ἷηῗνρι.
875 5626 1005 5682 edit.
1039 5624 1160 5696 cum
1205 5641 1335 5696 mss.
1370 5627 1608 5701 aliquot,
1639 5627 1786 5684 euasi
1832 5626 2032 5684 sabbati
2063 5628 2172 5685 vio-

582 5697 676 5809 lat:
699 5714 877 5826 desim.
908 5770 1064 5836 edit.,
1102 5767 1212 5826 Lex
1235 5788 1348 5841 qua?
1373 5781 1583 5838 post....
1619 5767 1742 5824 data
1776 5779 1880 5838 est,
1911 5787 2010 5827 non
2053 5771 2175 5826 irri-

581 5849 686 5898 tum
714 5844 842 5917 facit
864 5882 880 5912 .
905 5849 962 5904 ut
983 5852 1190 5902 “acuet
1217 5844 1635 5913 promissionem.

2275 4683 2421 4738 toris.
2453 4683 2694 4756 Angelos
2725 4686 2860 4746 dicit
2901 4690 2995 4746 Dei
3029 4691 3281 4759 nuntios,
3312 4691 3365 4748 id
3395 4702 3518 4760 est,
3549 4695 3790 4766 Moysen.
3811 4701 3849 4746 et

2273 4779 2459 4838 Jesum
2492 4781 2660 4838 tilium
2693 4781 2842 4840 Nave
2863 4827 2877 4852 ,
2921 4793 2980 4842 et
3019 4796 3252 4848 caeteros
3283 4788 3585 4859 prophetas
3611 4802 3774 4860 usque
3800 4783 3847 4838 ad

2273 4872 2536 4930 Joannem
2579 4876 2904 4948 Baptistam,
2938 4879 3008 4942 de
3035 4895 3148 4951 quo
3178 4883 3320 4938 Deus
3345 4883 3486 4940 dicit
3515 4902 3530 4939 ε
3566 4884 3700 4944 Esca
3733 4882 3847 4937 uitta

2274 4968 2514 5042 angelum
2541 4986 2708 5025 meum
2731 4981 2853 5030 ante
2878 4973 3070 5045 faciem
3093 4983 3244 5032 tuam
3266 4975 3532 5046 (Malam.
3560 4993 3647 5046 in,
3675 4974 3746 5051 l).
3771 4975 3847 5037 Per

2279 5060 2379 5116 hos
2403 5079 2532 5136 ergo
2561 5065 2673 5124 Lex
2701 5065 2972 5136 ordinata,
2996 5067 3267 5139 disposita.
3290 5079 3378 5133 est
3405 5087 3436 5127 τι
3470 5073 3586 5129 Deo
3610 5072 3672 5128 in
3695 5083 3845 5131 ω,

2279 5155 2332 5212 id
2373 5167 2478 5225 est,
2513 5169 2780 5230 potestate
2809 5162 3138 5232 Sal-ratoris;
3169 5164 3293 5236 ipso
3326 5177 3411 5226 est
3439 5167 3587 5224 enim
3618 5167 3846 5224 mediator

2279 5256 2367 5312 vel
2403 5260 2790 5325 reconciliator
2818 5262 2917 5320 Dei
2946 5274 3001 5320 et
3032 5263 3318 5324 hominum
3345 5265 3404 5337 (1
3436 5266 3572 5322 Tim.
3597 5282 3666 5332 η,
3694 5266 3775 5336 5),
3805 5269 3846 5314 ιι

2279 5349 2458 5408 salvet
2485 5368 2622 5424 quos
2648 5354 2760 5409 vult
2790 5370 2860 5414 ex
2897 5356 2964 5412 iis
2992 5357 3086 5428 qui
3117 5355 3318 5429 Legem
3351 5373 3450 5428 per
3483 5372 3650 5430 supra
3676 5366 3847 5414 momo-

2347 5485 2374 5524 ά
2412 5487 2571 5566 ξοην.
2604 5491 2762 5566 edit.,
2793 5492 3044 5566 Daorsibi
3071 5496 3333 5564 contraria
3361 5495 3672 5566 defendunt.

2351 5570 2373 5638 εξ
2413 5561 2598 5638 Codex
2627 5564 2794 5638 νειμ,
2829 5565 2940 5638 Sed
2963 5567 3295 5624 minutatim
3317 5561 3525 5638 quidem
3551 5571 3742 5625 crrenti.

2310 5702 2321 5714 .
2353 5629 2371 5668 τ
2415 5633 2585 5714 Rom.
2607 5629 3109 5714 edit.,"Quiderga
3148 5637 3298 5704 Leto?
3330 5629 3558 5714 Propter
3592 5649 3843 5712 transegit-

2277 5709 2649 5783 sionesposita
2666 5717 2860 5783 est.....
2877 5709 3124 5783 ordinata
3153 5727 3243 5782 per
3267 5709 3480 5783 angelos
3507 5713 3560 5768 in
3590 5709 3747 5768 manu
3765 5724 3843 5763 tne-

2279 5774 2516 5833 diatoris.
2549 5778 2687 5846 Quid
2714 5797 2836 5854 ergo
2863 5779 2995 5851 Lex,
3025 5789 3133 5838 etc.
