3978 6310
94 318 195 378 85³1

1033 290 1532 373 αοιιιιιιιιίιιιιι
1577 302 1642 370 IN
1685 300 1902 373 EPISt’.
1943 301 2038 362 AD
2077 302 2423 376 (istiuas.

3277 310 3385 366 558

97 438 233 486 ratos
257 425 502 495 Angelos
527 426 872 492 acceperunt
910 418 1029 491 '93?
1062 416 1207 486 βηὶω
1237 417 1314 484 ait
1346 434 1358 472 :
1393 417 1539 474 Sicut
1568 415 1674 476 Pa-
1702 417 1750 492 Α
1782 421 1899 482 tes;
1930 414 2026 470 sed
2060 415 2127 470 ad
2165 414 2266 472 hoc
2307 415 2428 476 data
2459 425 2561 482 est,
2594 425 2651 480 nt
2682 416 2877 488 terrori
2907 426 3052 484 esset
3080 433 3386 490 provocans

97 532 166 576 ter
203 519 420 578 suscitat
459 525 683 580 mortuos
723 523 766 576 et
804 513 1022 584 viviﬁcat
1064 527 1084 578 ς
1129 511 1204 580 σεο
1245 519 1294 566 et
1331 509 1506 566 Filius
1550 525 1676 582 quos

95 613 229 680 ruit,
257 611 479 679 uiuiﬁcat
509 607 688 672 (Joan.
719 622 767 674 v,
799 604 911 677 2!).

165 706 341 776 (Vere.
363 700 484 772 ευ.)
514 699 769 764 Mediam
793 707 963 767 autem
987 697 1140 764 unius
1169 712 1268 756 non
1297 704 1390 752 est.
1423 694 1554 763 Siue
1578 693 1677 754 du-

94 803 179 858 bio
221 797 513 864 ttiediator,
555 794 658 854 hoc
704 803 825 858 est,
857 793 1057 858 arbiter
1091 807 1196 854 non
1229 800 1313 848 est
1345 791 1534 862 unius,
1581 790 1674 859 sed

93 894 350 955 duorum;
379 904 502 949 eum
531 889 675 948 enim
713 887 820 953 duo
861 887 1042 958 populi
1073 887 1303 950 invicem
1329 884 1593 944 adversus
1621 898 1679 950 se

91 986 428 1047 dimicarent,
461 997 677 1052 semper
697 981 1026 1037 dissidentes
1048 989 1101 1036 et
1130 981 1330 1046 inimici
1360 979 1677 1044 diversitate

92 1081 378 1142 doctrinm,
419 1076 670 1136 Salvator
710 1076 898 1132 horum
929 1076 1134 1134 arbiter
1172 1075 1354 1142 venit,
1394 1084 1679 1145 amputans

90 1172 332 1244 utrisque
369 1170 583 1242 populis
621 1185 713 1239 per
741 1169 884 1240 quod
914 1169 1324 1234 discordabant,
1358 1179 1408 1222 ut
1461 1177 1682 1240 possent

91 1280 205 1322 esse
236 1262 464 1334 paciﬁci.
497 1261 734 1328 Abstulit
773 1277 905 1332 ergo
933 1260 1186 1332 gentibus
1223 1275 1513 1329 numerum
1548 1259 1680 1328 deos

90 1373 229 1421 rum,
262 1367 316 1414 et
362 1355 680 1414 famulatum
719 1355 1147 1424 elementorum,
1179 1353 1325 1428 quod
1367 1354 1679 1424 scandalum

90 1462 202 1509 erat
229 1451 469 1512 llehrteis
497 1468 511 1502 :
542 1449 767 1508 absntlit
795 1457 851 1504 et
874 1448 1074 1510 .ludreis
1099 1463 1262 1520 opera
1287 1446 1467 1520 Legis,
1495 1448 1547 1506 id
1575 1456 1682 1516 est,

1779 509 2031 564 homines
2053 507 2117 562 ad
2143 507 2341 570 benant
2359 508 2545 575 vitam,
2569 511 2937 576 irreverentes
2963 512 3209 584 puniens.
3236 512 3386 567 Ideo-

1778 616 1884 682 que
1925 618 2032 659 non
2077 612 2164 659 est
2207 602 2330 668 data
2377 602 2522 676 Lex,
2557 619 2680 677 quae
2723 615 2908 690 posset
2948 607 3219 672 viviticare
3244 648 3259 674 ,
3290 604 3384 662 sed

1777 697 2079 752 Condetnna
2091 714 2167 754 re.

1851 791 2033 862 (Vers.
2065 791 2185 864 2‘2.)
2229 792 2337 848 Sed
2358 794 2611 856 conclusit
2638 793 2912 868 Scriptura
2946 797 3119 852 omnia
3149 797 3240 852 sub
3274 814 3389 866 pec-

1779 895 1914 951 cato,
1941 895 1993 940 ut
2020 886 2294 962 protttissio
2318 904 2382 950 ea:
2411 888 2512 958 (ide
2530 885 2658 950 Jesu
2687 887 2881 956 Christi
2903 891 3116 954 daretur
3139 891 3366 946 credenti
3375 922 3394 933 -

1781 977 1894 1032 bus.
1944 978 2104 1042 Hune.
2137 994 2360 1048 sensum
2393 965 2450 1039 et
2489 982 2554 1046 ad
2589 981 2864 1042 Ronumos
2907 988 3120 1056 posuit,
3153 986 3340 1052 dicens
3374 1004 3386 1040 :

1783 1069 2044 1143 Conclusit
2075 1072 2220 1142 Deus
2259 1077 2430 1142 omnia
2461 1077 2552 1140 sub
2593 1088 2839 1152 peccato;
2882 1088 2938 1136 ut
2979 1081 3206 1146 omnium
3237 1083 3392 1136 mise-

1782 1175 1958 1226 reatur
1986 1165 2166 1239 (Rom.
2196 1184 2280 1244 xl,
2312 1169 2426 1241 52).
2471 1169 2583 1237 Hoc
2614 1171 2752 1236 dixit
2784 1172 2930 1244 quod
2972 1189 3132 1244 supra
3179 1191 3387 1231 menm-

1783 1257 1926 1323 ravi,
1957 1258 2080 1330 quia
2111 1258 2221 1327 Lex
2247 1261 2314 1324 ad
2346 1267 2447 1330 hoc
2472 1262 2594 1328 data
2622 1275 2725 1334 est,
2751 1275 2807 1318 ut
2836 1277 3152 1338 peccatores
3183 1283 3304 1321 reos
3334 1284 3391 1323 se

1785 1355 1988 1417 scirent
2016 1355 2157 1426 apud
2195 1355 2388 1421 Deum.
2418 1357 2777 1422 manifestans
2805 1360 2949 1416 enim
2982 1363 3220 1436 peccatis
3257 1366 3391 1432 SlliS,

1783 1447 2027 1512 conclusi
2056 1458 2204 1514 sunt,
2238 1459 2294 1512 ut
2323 1466 2382 1506 se
2410 1466 2677 1514 excusare
2704 1469 2811 1509 non
2845 1464 3092 1524 possent,
3124 1454 3218 1510 sed
3249 1472 3398 1524 (μιω-

91 1545 418 1612 neomenias,
461 1543 960 1608 cireurncisionem,
1004 1552 1058 1598 et
1102 1557 1293 1600 curam
1341 1541 1586 1612 sabbati,
1630 1551 1686 1610 et
1787 1550 1971 1602 t'crenl
1997 1543 2460 1614 miSericordiam;
2489 1555 2547 1608 ιιι
2573 1548 2798 1612 veniens
2819 1550 2910 1622 (ιιιί
2944 1552 3247 1622 promissus
3276 1561 3396 1619 erat

91 1638 440 1695 discretiones
465 1653 740 1704 escarum,
773 1648 827 1694 et
855 1649 1050 1703 cetera
1082 1653 1201 1708 qua:
1231 1636 1686 1700 abominabantnr
1789 1633 2043 1708 Abrahzn,
2077 1637 2236 1704 tidem
2270 1639 2442 1706 solam
2481 1641 2548 1700 ab
2580 1641 2658 1706 eis
2695 1653 2946 1712 posceret
2967 1684 2982 1709 ,
3016 1660 3178 1716 quam
3212 1645 3400 1710 habuit

89 1734 350 1804 gentiles;
377 1743 432 1790 et
461 1733 542 1789 sic
571 1731 701 1790 [acti
733 1743 858 1788 sunt
890 1732 1096 1802 pacitici
1120 1773 1135 1800 ,
1165 1732 1254 1801 qui
1289 1732 1438 1802 prius
1473 1733 1688 1790 fuerant
1788 1729 2064 1796 Abraham
2094 1749 2106 1798 ;
2147 1741 2206 1799 ut
2233 1740 2290 1788 et
2326 1735 2594 1802 malorum
2624 1750 2847 1798 suorum
2876 1737 3086 1804 veniat,
3119 1749 3174 1804 et
3196 1737 3398 1808 justiti-

90 1828 309 1884 inimici.
342 1825 399 1882 Si
435 1841 567 1895 ergo
606 1825 724 1886 haec
755 1826 823 1880 ita
853 1840 912 1881 se
953 1824 1183 1890 habent,
1214 1825 1342 1896 quid
1374 1834 1460 1886 est
1489 1836 1546 1880 ut
1576 1824 1680 1888 Ga-
1716 1840 1764 1900 Β
1790 1823 2065 1893 cntionem
2093 1840 2457 1892 mererentur.
2487 1828 2599 1888 Hoc
2620 1829 2762 1894 enim
2788 1832 3233 1900 inanitestaverat
3261 1835 3400 1896 Deus

89 1921 203 1977 lata:
250 1920 582 1975 hebetudine
630 1922 877 1976 mentisa
931 1919 1215 1974 arbitrium
1259 1919 1402 1974 istud
1439 1935 1686 1986 corrum-

1791 1931 1890 1987 per
1919 1917 2130 1985 Esaiam
2163 1919 2511 2002 prouinciam,
2543 1922 2732 1990 dicens
2759 1941 2770 1976 :
2810 1924 2988 1986 Veniet
3015 1943 3078 1982 ex
3117 1927 3249 1984 Sion
3273 1970 3287 1994 ,
3311 1929 3400 2000 qui

92 2027 243 2088 paul,
272 2017 524 2073 conscissi
557 2019 625 2072 ad
665 2015 1047 2074 Judaismutn?
1084 2014 1357 2082 iudicium
1389 2015 1533 2078 enim
1571 2015 1688 2074 Sal-
1787 2010 1977 2082 eripiat
2014 2020 2062 2066 et
2091 2024 2287 2078 auertat
2318 2015 2635 2088 impietatem
2665 2019 2729 2082 ab
2757 2017 2954 2086 Jacob;
2986 2032 3032 2080 et
3069 2022 3166 2076 hoc
3207 2023 3301 2086 erit
3333 2023 3400 2075 il-

91 2112 284 2170 vatoris
326 2111 382 2166 in
426 2110 642 2170 irritum
672 2111 911 2175 ducunt,
939 2111 1156 2181 quando
1193 2119 1314 2180 p'ost,
1348 2110 1543 2170 factam
1587 2125 1680 2181 pa-

91 2221 224 2268 cem,
253 2204 414 2274 quasi
444 2204 772 2273 pcenitentes
797 2205 866 2261 de
895 2220 980 2271 ea,
1008 2203 1302 2272 subjiciunt
1328 2217 1388 2264 se
1416 2203 1541 2270 illis,
1568 2218 1688 2274 qua

92 2298 232 2368 prius
260 2299 379 2364 paci
421 2296 633 2354 fuerant
666 2298 906 2355 inimica.
938 2298 1097 2358 Juxta
1124 2311 1344 2358 sensum
1377 2312 1506 2368 ergo
1533 2296 1689 2364 Gala-

93 2401 258 2446 tarum
289 2389 539 2448 Christus
569 2389 772 2450 arbiter
803 2405 909 2444 non
941 2398 1058 2458 est;
1085 2388 1211 2458 quia
1252 2387 1458 2455 inducti
1499 2388 1554 2443 in
1589 2387 1692 2444 Le-

92 2499 205 2555 gem
230 2483 299 2540 de
327 2482 543 2540 duobus
576 2483 790 2553 populis
820 2497 982 2538 unum
1018 2482 1285 2550 fecerunt,
1316 2493 1369 2537 et
1403 2482 1562 2549 unius
1591 2482 1691 2544 uti—

92 2594 190 2648 que
220 2578 408 2648 populi
437 2578 644 2645 arbiter
675 2592 836 2644 nemo
867 2586 970 2632 est.
1003 2577 1157 2644 Hunc
1185 2576 1440 2640 eumdem
1471 2590 1690 2644 sensum

92 2675 156 2730 ad
195 2674 463 2744 Ephesios
504 2672 858 2743 prosequitur
895 2671 1080 2734 dicens
1109 2687 1125 2736 ;
1161 2670 1283 2744 Ipse
1309 2670 1446 2738 enim
1475 2679 1550 2740 est
1591 2686 1694 2742 pax

95 2777 284 2830 nostra,
320 2767 415 2836 qui
457 2765 581 2834 fecit
610 2775 832 2834 utraque
871 2779 1060 2828 unum,
1088 2773 1136 2820 et
1182 2763 1406 2818 medium
1446 2764 1694 2833 parietem

96 2861 326 2914 macerie
351 2861 576 2922 solrens,
600 2857 934 2920 inimicitiam
959 2858 1015 2913 in
1044 2873 1196 2925 carne
1229 2873 1325 2912 sua
1351 2857 1515 2927 legem
1542 2871 1692 2912 man-

98 2951 327 3005 datorum
362 2953 417 3005 in
454 2952 678 3006 decretis
717 2967 1006 3016 evacuans;
1039 2961 1093 3005 ut
1124 2952 1256 3006 duos
1291 2953 1530 3006 conderet
1558 2951 1613 3005 in
1642 2966 1696 3005 se

96 3059 194 3098 una
230 3061 362 3100 nouo
401 3045 639 3111 homine,
675 3046 871 3116 faciens
912 3062 1091 3113 pacem
1119 3043 1342 3116 (Ep/ws.
1377 3060 1443 3112 tt,
1477 3045 1592 3114 ﬂ).
1636 3043 1692 3099 Si

98 3143 147 3198 in
186 3156 294 3198 uno
341 3155 485 3200 novo
527 3139 749 3200 homine
791 3139 918 3196 facit
965 3155 1172 3208 pacem,
1215 3139 1480 3206 ambobus
1511 3141 1694 3208 utique

1790 2101 1853 2160 lis
1897 2121 1928 2158 a
1970 2121 2051 2170 me
2091 2117 2472 2180 testamentum,
2517 2127 2635 2170 cum
2679 2112 2936 2180 abitulero
2980 2126 3190 2196 peccata
3226 2133 3402 2179 eorum

1791 2193 1962 2268 (Esai.
1999 2213 2113 2264 us,
2144 2199 2259 2272 20).

1865 2288 2047 2360 (Vers.
2073 2291 2190 2362 25.)
2225 2290 2388 2374 Prius
2411 2295 2547 2350 enim
2574 2313 2729 2366 quam
2753 2299 2946 2356 veniret
2971 2299 3124 2370 ﬁdes,
3151 2301 3245 2354 sub
3269 2299 3405 2374 Lege

1790 2384 2232 2455 custhiebamur,
2255 2372 2484 2444 conclusi
2513 2391 2567 2452 in
2590 2391 2823 2456 eamdem
2845 2393 3022 2460 ﬁdem,
3047 2411 3162 2468 quae
3187 2372 3404 2466 incipie-

1793 2474 1878 2529 bat
1907 2477 2147 2544 reoeiari.
2186 2478 2299 2536 lloc
2326 2488 2430 2547 est,
2461 2483 2602 2562 quod
2635 2484 2796 2556 dicit,
2828 2485 2950 2556 quia
2984 2496 3275 2559 antequam
3310 2504 3403 2544 ve-

1797 2571 1938 2638 niret
1968 2570 2240 2639 Salvator,
2266 2574 2366 2638 sub
2395 2573 2552 2645 Lugis
2577 2577 2822 2640 custodia
2846 2579 3160 2654 agebamus,
3185 2595 3255 2636 ne
3282 2596 3406 2651 pec-

1795 2675 2045 2720 carctnus
2083 2682 2097 2724 :
2131 2673 2188 2728 ut
2228 2665 2484 2724 veniente
2534 2671 2902 2744 promissione
2943 2672 3092 2746 digni
3138 2689 3406 2740 essemus.

1799 2753 1909 2809 llac
1938 2757 2085 2826 enim
2120 2772 2218 2838 spe
2252 2757 2362 2826 Lex
2397 2768 2544 2822 tutos
2575 2765 2871 2834 praestabat
2901 2747 3032 2838 nos...
3076 2777 3134 2832 ιιι
3169 2768 3410 2826 venienti

1795 2845 2013 2913 Christo
2043 2833 2266 2920 offerret
2297 2865 2419 2919 nos,
2450 2851 2502 2907 id
2537 2833 2642 2920 est,
2672 2853 2913 2912 Judteos.
2986 2833 2989 2834 ν
3025 2839 3030 2844 ’

1869 2940 2053 3013 (Vers.
2085 2940 2204 3014 24.)
2254 2943 2439 3018 Itaque
2483 2944 2593 3001 Lex
2639 2957 2961 3024 prcdagogus
3002 2963 3175 3008 noster
3217 2957 3314 3028 fuit
3359 2957 3411 3012 in

1799 3028 2004 3085 Christo
2029 3031 2180 3099 Jesu,
2227 3045 2280 3086 ut
2319 3051 2383 3088 ea:
2423 3035 2529 3104 [ide
2553 3037 2983 3109 justi/icaremur.
3027 3041 3170 3098 Idem
3219 3060 3411 3100 sensus

1797 3132 1900 3189 est,
1924 3124 2045 3194 quia
2071 3127 2172 3180 sub
2195 3141 2325 3183 cura
2348 3126 2509 3202 Legis
2530 3146 2772 3210 eramus,
2798 3133 2972 3190 donec
2996 3137 3207 3198 veniret
3228 3136 3416 3196 Chris-

97 3233 345 3300 abstulit,
397 3249 490 3303 per
533 3233 679 3304 quod
725 3232 1100 3297 dissidebant:
1142 3241 1196 3288 et
1239 3232 1342 3286 hoc
1382 3233 1462 3288 eis
1506 3230 1697 3288 statuit
1723 3234 1768 3297 ο
1803 3228 1909 3284 tus,
1937 3220 2028 3302 qui
2059 3236 2158 3276 nos
2187 3223 2477 3292 credentes
2501 3224 2857 3309 justincarct.

98 3324 214 3382 data
249 3341 346 3384 sna
383 3326 523 3397 lege,
557 3341 654 3397 per
679 3326 824 3396 quod
853 3334 1040 3382 essent
1081 3324 1308 3395 paciﬁci.
1342 3323 1455 3386 Hoc
1493 3322 1699 3379 Galatae

99 3420 256 3492 323
284 3423 604 3490 irruperunt
631 3419 886 3484 conversi
909 3418 977 3476 ad
1003 3419 1344 3484 Judaismum
1369 3435 1383 3472 :
1418 3415 1557 3472 Deus
1583 3431 1700 3474 vero

98 3527 226 3566 unus
253 3524 348 3569 est.
389 3513 502 3567 lloc
528 3512 694 3579 dicit,
726 3528 797 3568 ne
821 3510 1100 3576 Christum
1131 3509 1480 3580 prtedicandu
1508 3509 1698 3576 Deum,

101 3600 124 3640 δ
152 3618 308 3673 quem
337 3603 604 3666 arbitrum
626 3604 760 3662 dicit
789 3605 880 3660 uni
907 3603 1042 3670 Deo,
1070 3601 1396 3674 praedicasse
1425 3609 1705 3672 putaretur

98 3705 284 3764 contra
310 3695 518 3765 Legem
545 3704 601 3758 et
633 3697 948 3767 prophetas.
975 3696 1253 3764 Arbitrum
1281 3710 1410 3768 ergo
1436 3693 1578 3750 hunc
1610 3708 1702 3763 per

99 3793 530 3860 assumptionetn
569 3791 750 3849 carnis
796 3789 1024 3860 intelligi
1065 3790 1264 3854 docet,
1307 3789 1450 3844 sicut
1477 3786 1611 3844 dicit
1637 3786 1703 3843 ad

101 3882 448 3948 Timetheum
493 3885 745 3952 :Arbiter
787 3882 914 3948 Dei,
957 3892 1006 3938 et
1049 3881 1318 3938 hominum
1359 3881 1512 3935 homo
1550 3879 1704 3938 Jesus

101 3975 336 4040 Christus
364 3975 453 4054 (ll
487 3975 621 4031 Tim.
651 3993 704 4042 v,
735 3976 794 4047 2)
825 3994 838 4030 :
867 3977 1018 4046 juxta
1046 3987 1226 4032 autem
1255 3973 1399 4045 quod
1429 3973 1572 4040 Deus
1599 3982 1702 4039 est,

99 4086 127 4125 a
149 4070 311 4128 Patre
344 4071 493 4126 hunc
521 4087 630 4126 non
665 4071 907 4140 separari
927 4111 940 4134 ,
974 4069 1070 4128 sed
1105 4085 1272 4125 unum
1299 4083 1424 4126 csse
1453 4083 1575 4124 cum
1607 4066 1706 4122 Pa-

103 4172 200 4220 tre.
245 4164 381 4220 Sive
424 4164 567 4224 enim
608 4163 792 4229 Pater,
839 4162 958 4218 sive
997 4161 1198 4228 Filius,
1245 4163 1386 4230 Deus
1421 4177 1559 4224 unus
1587 4171 1704 4226 est;

104 4254 244 4313 Deus
267 4259 418 4324 enim
448 4269 657 4314 naturae
689 4270 885 4310 nomen
920 4264 1005 4310 est
1033 4266 1088 4318 et
1117 4255 1430 4327 potestatis,
1461 4270 1622 4325 quam
1654 4253 1706 4308 in

103 4351 262 4408 Patre
292 4363 352 4410 et
383 4352 522 4419 Filio
554 4350 890 4408 individuam
921 4365 1140 4420 manere
1168 4351 1284 4421 ipsa
1315 4349 1594 4414 nominum
1623 4362 1710 4406 ra-

105 4442 178 4498 tio
201 4443 390 4500 docet.

175 4534 361 4605 (Vers.
389 4534 507 4608 2|.)
552 4534 660 4592 Lex
702 4536 859 4608 igitur
885 4535 1133 4596 adversus
1161 4536 1413 4608 promissa
1441 4533 1578 4602 Dei?
1608 4532 1711 4590 Ab-

1875 3313 2056 3384 (Vers.
2087 3315 2180 3384 25,
2210 3317 2328 3388 ‘26.)
2372 3315 2620 3375 Veniente
2659 3334 2829 3378 autem
2858 3325 2998 3395 ﬁde,
3022 3327 3138 3400 jam
3178 3344 3281 3396 non
3322 3329 3415 3394 sub

1803 3407 2088 3484 paedagogo
2110 3425 2322 3476 sumus;
2352 3428 2529 3468 omnes
2558 3415 2692 3467 enim
2720 3417 2820 3486 ﬁlii
2843 3414 2942 3470 Dei
2968 3407 3092 3474 estis
3122 3437 3213 3489 per
3234 3421 3414 3490 (idern,

1802 3516 1918 3570 (μίας
1937 3510 2010 3555 est
2035 3501 2088 3554 in
2109 3501 2315 3557 Christo
2335 3503 2483 3560 Jesu.
2511 3507 2624 3564 Sub
2652 3510 2947 3582 pmdagogo
2965 3513 3056 3584 qui
3080 3514 3208 3584 agit,
3237 3526 3419 3584 potes-

1805 3595 1929 3648 tatis
1957 3610 2070 3650 suze
2101 3611 2206 3650 non
2232 3609 2346 3662 est;
2383 3601 2644 3670 parvulus
2668 3603 2812 3656 cnim
2842 3615 2893 3658 et
2926 3603 3166 3660 lubricus
3193 3606 3259 3661 ad
3292 3623 3417 3678 pec-

1805 3685 2036 3742 candum
2065 3687 2166 3743 sub
2192 3689 2472 3764 pmdagogi
2502 3708 2630 3747 cura
2664 3693 2915 3750 habetur.
2947 3696 3210 3752 Veniente
3236 3709 3417 3754 autem

1805 3779 2053 3850 Christo,
2085 3782 2175 3854 qui
2205 3786 2359 3856 quasi
2394 3784 2462 3840 de
2493 3787 2798 3842 minoribus
2837 3787 2963 3854 facit
2992 3788 3250 3859 majores,
3282 3792 3418 3847 lihe-

1809 3874 1910 3930 rati
1933 3873 2014 3956 de.
2033 3884 2301 3944 potestate
2335 3877 2637 3952 ptedagogi,
2669 3896 2765 3950 per
2795 3881 3128 3950 ablutionem
3163 3893 3418 3955 peccato-

1809 3981 1925 4020 rtnn
1952 3966 2077 4022 tacti
2099 3981 2286 4023 sumus
2311 3968 2403 4024 lilii
2436 3970 2554 4039 Dei,
2585 3968 2709 4032 com
2737 3987 2980 4040 essemus
3008 3974 3157 4032 servi
3190 3977 3418 4048 peccati.

1882 4059 2061 4133 (Vers.
2086 4060 2205 4134 Ξῖ.)
2239 4063 2501 4140 Quotquot
2527 4066 2666 4121 enim
2693 4066 2750 4120 in
2773 4065 2977 4134 Christo
3004 4067 3254 4140 baptizati
3280 4073 3420 4141 estis,

1810 4153 2071 4222 Christum
2108 4156 2371 4222 induistis,
2417 4158 2530 4215 lloc
2576 4158 2752 4228 dicit,
2791 4162 2914 4234 quia
2961 4163 3252 4220 credentes
3291 4163 3420 4221 dum

1811 4250 2190 4319 immutantur,
2229 4251 2504 4308 Christum
2541 4252 2812 4321 induunt;
2843 4255 3061 4334 quando
3105 4256 3208 4322 hoc
3239 4259 3427 4332 appel-

1812 4342 2012 4408 lantur,
2041 4343 2185 4416 quod
2217 4343 2469 4400 credunt.

1885 4434 2065 4509 (Vers.
2101 4435 2219 4508 28.)
2263 4435 2386 4493 Non
2425 4447 2502 4494 est
2541 4436 2780 4507 Juda'us,
2825 4457 2984 4514 neque
3023 4439 3234 4499 Ct‘tecus
3268 4461 3286 4500 :
3322 4462 3426 4500 non

1813 4539 1886 4584 est
1926 4547 2122 4596 servus,
2162 4547 2322 4606 neque
2361 4531 2535 4587 liber:
2577 4551 2678 4588 non
2715 4543 2788 4602 est
2824 4537 3110 4603 masculus,
3150 4555 3312 4611 neque
3351 4544 3428 4612 [e-

105 4627 186 4682 sit.
218 4628 382 4698 Absit
419 4630 627 4701 utique,
668 4627 798 4699 quia
838 4644 946 4688 non
975 4638 1058 4684 eat
1083 4628 1196 4684 Lex
1231 4627 1448 4692 inimica
1484 4627 1712 4702 promis-
1737 4634 1793 4696 ι)
1819 4625 1988 4692 mina;
2033 4641 2207 4680 omnes
2251 4627 2386 4680 enim
2426 4642 2514 4680 vos
2554 4643 2716 4681 unum
2760 4629 2882 4683 estis
2930 4629 2985 4684 in
3029 4628 3231 4686 Christo
3273 4629 3426 4689 Iesu.

106 4721 312 4789 sionis;
361 4722 560 4795 quippe
608 4738 732 4780 cum
784 4721 1070 4791 confirmet
1119 4735 1262 4778 eam.
1313 4720 1450 4784 Nam
1502 4719 1712 4791 primus

107 4815 323 4888 Moyses
354 4817 485 4887 dicit
514 4835 527 4871 :
564 4817 882 4892 Prophetam
910 4815 1049 4884 vobis
1077 4816 1318 4880 excitabit
1345 4815 1483 4883 Deus
1510 4816 1572 4884 de
1602 4820 1712 4888 {ra-

110 4911 270 4964 tribus
301 4915 485 4965 vestris
516 4909 700 4984 (Deut.
735 4927 892 4978 svnt,
929 4911 1042 4982 15).
1091 4910 1203 4967 Hoc
1240 4908 1310 4978 de
1349 4907 1568 4974 Christo
1596 4906 1712 4963 dic-

115 5009 221 5056 tum
260 5002 456 5068 Petrus
495 5003 773 5075 apostolus
814 5004 1005 5076 probat
1046 5004 1104 5074 in
1140 5005 1288 5064 Actis
1316 5001 1531 5074 apostol
1555 5017 1709 5056 irum.

114 5092 328 5150 Etenim
356 5097 402 5152 si
435 5099 556 5166 data
588 5107 718 5152 esset
747 5095 856 5152 Lex
879 5137 894 5164 ,
925 5113 1039 5168 qua:
1078 5109 1248 5168 posset
1276 5097 1538 5168 uiui/iram
1557 5139 1572 5162 ,
1605 5112 1717 5154 uere

114 5201 176 5241 ex
213 5185 357 5258 Lege
396 5201 523 5256 esset
559 5191 771 5264 justitia
811 5191 949 5264 (Act.
987 5205 1079 5258 nt,
1120 5189 1235 5261 22).
1274 5189 1550 5258 iustitiam
1580 5190 1719 5246 hanc

115 5279 265 5344 dicit,
294 5295 424 5351 qua;
450 5282 590 5358 apud
624 5284 789 5354 Deum
830 5285 1131 5354 imputatur
1155 5281 1365 5359 iustitia
1386 5324 1400 5350 ,
1435 5282 1489 5341 id
1518 5291 1632 5349 est,
1663 5281 1723 5338 li-

115 5371 200 5428 dei
227 5415 244 5440 ,
274 5374 406 5445 quia
431 5387 484 5444 et
515 5377 626 5446 Lex
673 5375 860 5445 habuit
884 5377 1149 5454 justitiam
1174 5418 1189 5443 ,
1220 5376 1318 5438 sed
1359 5376 1425 5446 ad
1460 5391 1722 5448 praesens,

118 5483 224 5521 non
269 5483 400 5539 qua:
437 5469 755 5550 ittstiﬁcaret
802 5472 947 5542 apud
990 5471 1180 5530 Deum.
1235 5471 1532 5539 “emittere
1577 5472 1720 5540 enim

117 5573 344 5630 peccata
379 5579 486 5632 non
518 5567 722 5640 potuit,
761 5573 818 5620 ut
843 5565 910 5622 de
955 5565 1330 5636 peccatoribus
1372 5564 1577 5626 faceret
1609 5564 1725 5632 jus-

194 5723 219 5749 ⁸
260 5719 468 5776 Omnes
515 5721 644 5796 edit.
697 5731 752 5778 et
801 5736 930 5778 mss.
981 5725 1222 5796 aliquot,
1273 5724 1522 5780 arbitrum
1567 5726 1722 5780 istum

119 5803 496 5862 corrumpant;
529 5793 616 5848 alii
643 5796 980 5861 concinnius,
1013 5793 1152 5851 ut'in
1188 5803 1355 5852 textu.

193 5860 221 5902 δ
262 5860 427 5919 Rom.
455 5862 610 5933 edit.,
638 5881 786 5937 quem
816 5860 1065 5926 arbitrum
1088 5869 1380 5939 constituit,
1413 5868 1720 5948 pradicas“

1819 4718 2037 4783 Nullam,
2065 4717 2380 4780 distantiam
2411 4718 2543 4784 dicit
2569 4721 2934 4789 credentium,
2969 4732 3028 4779 ut
3064 4726 3197 4780 nulli
3233 4728 3430 4807 pruriu-

1819 4812 2029 4868 dicetur
2075 4813 2205 4886 quid
2256 4812 2456 4878 fuerit,
2503 4825 2796 4895 antequam
2845 4815 3130 4886 crederet;
3177 4821 3430 4895 omnibus

1819 4907 1964 4961 enim
2007 4906 2092 4968 his
2131 4921 2299 4974 unum
2340 4905 2620 4962 decretum
2657 4893 2748 4964 est
2792 4907 3019 4964 denunt.
3060 4907 3216 4981 Apud
3261 4893 3427 4968 Deum

1821 5002 1965 5056 enim
1996 5002 2143 5056 nulla
2173 5001 2434 5057 discretio
2467 5017 2821 5076 personarum
2852 5015 2960 5073 εει,
2991 5005 3092 5059 nisi
3137 5021 3345 5060 morum
3378 5016 3432 5060 et

1825 5094 1976 5160 vitre;
2011 5103 2069 5147 ut
2110 5093 2361 5149 homines
2391 5094 2552 5149 unius
2589 5093 2715 5150 tidei
2760 5096 2970 5162 meritis
3005 5095 3435 5165 distinguantur,

1822 5202 1930 5242 non
1960 5187 2230 5258 personis.

1895 5278 2077 5352 (Vers.
2126 5277 2245 5350 29.)
2287 5278 2348 5334 Si
2397 5296 2518 5352 ergo
2571 5292 2592 5320 ο
2642 5297 2730 5335 vos
2779 5296 2951 5334 omnes
3002 5296 3163 5334 unum
3210 5281 3332 5337 estis
3379 5281 3431 5338 in

1827 5372 2030 5429 Christo
2056 5371 2206 5439 Jesu,
2238 5389 2361 5448 ergo
2387 5373 2612 5430 Abt-alue
2635 5391 2806 5431 semen
2833 5375 2976 5442 estis,
3001 5375 3281 5428 secundum
3306 5394 3432 5449 pro-

1827 5470 2122 5524 missionem
2155 5469 2402 5525 Itazredes.
2438 5469 2635 5524 Semen
2669 5467 2902 5535 Abrahae
2938 5479 3062 5522 sunt
3093 5483 3282 5526 omnes
3313 5486 3436 5527 cre-

1829 5563 2041 5628 dentes,
2067 5564 2191 5634 quia
2212 5563 2485 5624 Abraham
2510 5573 2664 5642 pater
2679 5569 2765 5615 est
2793 5562 3031 5630 υιιιιιὶιιιιι
3057 5563 3393 5624 credentium
3418 5583 3430 5631 ;

1832 5736 2125 5874 ’“é‘i‘iifaz
2155 5796 2316 5874 can,
2344 5813 2430 5853 σοι
2459 5797 2582 5853 estis
2606 5795 2834 5864 suae,
2865 5814 2987 5874 ergo
3013 5801 3236 5860 aerata
3261 5819 3430 5861 semen

1829 5867 1949 5936 estis
1976 5876 2022 5930 et
2050 5867 2352 5936 secundum.
2922 5867 2943 5874 ⁷
3093 5878 3100 5885 ’
