3978 6310
686 287 790 348 359

1580 288 1674 345 AD
1712 285 1946 348 OPERA
1985 286 2232 348 SANCTI
2273 287 2595 351 AMBROSII
2637 290 3012 354 APPENDIX.

3803 307 3878 368 360

679 424 733 472 et
761 414 802 468 si
831 413 926 467 ﬁlii
955 420 1098 477 sunt,
1129 409 1438 468 necessario
1465 420 1520 468 et
1552 413 1928 483 promissionis
1958 417 2073 487 ejus
2105 417 2276 474 lucre-
2303 420 2354 479 Α
2384 418 2640 486 Quoniam
2672 430 2845 475 autem
2875 421 2995 476 estis
3035 420 3135 491 ﬁlii
3170 418 3301 486 Dei;
3328 428 3384 475 et
3417 418 3878 495 subjungitludnos,

675 510 810 574 des;
861 517 919 563 ut
965 515 1371 578 consequantur
1410 523 1506 578 per
1533 508 1720 576 ﬁdem,
1756 511 1901 582 quod
1950 513 2274 582 promissum

675 614 758 661 est
791 603 1054 670 Abrahae,
1091 610 1151 657 ut
1186 601 1482 675 participes
1518 603 1689 661 simus
1723 605 2125 677 justiﬁcationis
2157 609 2277 678 ejus

673 700 726 756 in
757 714 930 771 regno
959 699 1244 756 caelorum.

1293 790 1524 849 CAPUT
1565 791 1653 848 IV.

741 887 922 960 (Vers.
953 887 1007 952 l,
1037 887 1122 956 2.)
1153 884 1286 941 Dico
1313 897 1486 940 autem
1512 887 1653 956 quod
1681 886 1931 958 quamdiu
1961 887 2123 942 haeres
2154 903 2275 958 par-

665 981 816 1038 vulus
854 990 964 1048 est,
994 979 1128 1035 nihil
1162 979 1338 1048 di/fert
1365 998 1397 1034 a
1425 997 1588 1047 servo,
1629 997 1746 1034 cum
1780 981 1844 1035 sit
1883 981 2124 1035 dominus
2163 999 2274 1037 om-

668 1080 851 1142 nium;
882 1077 972 1132 sed
1009 1077 1104 1131 sub
1138 1075 1463 1130 curatoribus
1503 1085 1551 1130 et
1590 1077 1848 1132 actoribus
1887 1086 1964 1130 est
2005 1093 2165 1148 usque
2202 1078 2272 1133 ad

667 1174 984 1247 prteﬁnitum
1022 1183 1223 1243 tempus
1255 1187 1288 1227 a
1319 1181 1485 1244 patre.
1522 1171 1724 1229 Verum
1759 1183 1864 1239 est,
1893 1173 2018 1243 quia
2043 1174 2131 1244 jus
2171 1190 2269 1246 pa-

667 1275 780 1322 tres
819 1264 1246 1333 ordinaverunt,
1275 1274 1327 1321 et
1372 1278 1542 1336 usque
1581 1265 1648 1321 ad
1685 1281 1845 1336 quam
1889 1276 2102 1322 aetatem
2143 1267 2270 1324 sub-

659 1362 838 1433 jectus
863 1360 1062 1417 debeat
1089 1376 1212 1418 esse
1241 1361 1482 1429 adultus,
1514 1370 1822 1419 statuerunt
1847 1380 1862 1430 ;
1896 1365 1965 1418 ita
1994 1374 2052 1419 ut
2078 1381 2270 1438 quam-

663 1453 758 1508 diu
791 1455 1046 1524 parvulus
1074 1463 1177 1520 est,
1209 1454 1462 1511 libertate
1486 1471 1584 1510 sua
1612 1456 1689 1511 uti
1721 1471 1827 1512 non
1859 1457 2066 1526 possit,
2092 1473 2268 1529 neque

661 1546 822 1620 223
848 1545 1112 1602 dominari
1142 1547 1293 1617 quasi
1326 1546 1536 1613 lateres;
1577 1548 1672 1604 sed
1715 1548 1907 1604 similis
1939 1565 2109 1620 prope
2149 1565 2266 1606 ser-

657 1641 742 1696 vis
779 1639 833 1694 in
875 1637 1194 1695 conditione
1232 1648 1318 1695 est
1359 1649 1670 1696 curatorum
1707 1642 1790 1697 vel
1839 1651 2102 1697 actorum.
2152 1643 2264 1698 lloc

655 1732 907 1803 exemplo
935 1732 1130 1804 probat
1156 1747 1276 1798 eos,
1305 1733 1395 1804 qui
1427 1732 1529 1788 sub
1564 1731 1707 1802 Lege
1736 1732 1973 1793 fuerunt.
2005 1734 2264 1805 parvulos

2379 528 2500 567 cum
2533 514 2609 568 ait
2644 531 2659 568 :
2693 513 2839 568 Misit
2869 513 3011 569 Deus
3043 513 3297 586 Spiritum
3326 512 3454 567 Filii
3482 515 3557 569 sui
3579 516 3626 569 in
3650 519 3780 570 corda
3802 537 3882 574 uos—

2379 614 2478 661 tra.
2510 606 2738 671 Quando
2765 616 2949 663 autem
2985 607 3124 661 dixit
3159 615 3348 677 gentes
3383 607 3520 661 ﬁlios
3555 605 3636 661 Dei
3664 609 3882 667 credentes

2378 697 2430 752 in
2457 696 2757 766 Christum,
2788 700 2876 771 qui
2913 699 3069 771 prius
3096 699 3311 755 fuerant
3339 699 3569 768 inimici,
3595 699 3782 758 dubium
3808 720 3881 761 non

2376 802 2495 848 erat
2520 792 2738 849 Judaeos
2772 794 3059 850 credentes
3089 795 3194 850 dici
3235 793 3378 850 ﬁlios
3416 794 3548 859 Dei,
3580 809 3696 864 quos
3727 806 3884 854 consul

2372 884 2692 957 jampridem
2735 887 2838 944 hoc
2867 888 3086 944 nomine
3126 897 3485 960 nuncupatos.
3515 897 3540 924 α
3571 887 3750 943 Nomen
3780 889 3879 945 enim

2377 977 2470 1034 Dei
2491 990 2813 1052 acceperant
2827 982 2973 1038 velut
2994 982 3248 1054 imagine,
3274 993 3331 1036 ut
3355 990 3538 1052 postea
3557 980 3880 1038 conﬁrmaretur

2377 1087 2473 1140 per
2494 1073 2808 1141 Christum;
2849 1077 2973 1146 quia
3015 1076 3136 1132 sine
3178 1075 3374 1144 spiritu
3416 1089 3520 1130 non
3561 1083 3667 1130 erat
3702 1075 3875 1145 plenum.

2373 1163 2490 1222 Hoc
2528 1176 2642 1235 est,
2680 1169 2822 1239 quod
2863 1169 2994 1224 dicit
3031 1179 3086 1224 et
3114 1169 3181 1224 ad
3213 1169 3490 1225 Romanos
3521 1188 3534 1222 :
3577 1167 3684 1240 Ipse
3715 1168 3875 1239 Spiritu

2373 1262 2542 1316 reddit
2594 1265 2941 1319 testimonium
2987 1265 3192 1337 spiritui
3241 1275 3418 1320 nostra
3464 1267 3593 1336 quod
3636 1283 3782 1320 sumus
3814 1269 3874 1332 ﬁlii

2372 1353 2470 1408 Dei
2508 1354 2686 1426 (Rom.
2719 1372 2844 1421 rm,
2881 1356 2992 1429 16).
3039 1357 3109 1413 Ut
3152 1358 3296 1413 enim
3342 1357 3677 1428 proharemnr
3708 1358 3872 1428 adoptati

2370 1461 2491 1501 esse
2522 1462 2550 1499 a
2595 1448 2704 1504 Deo
2728 1450 2780 1504 in
2815 1449 2976 1513 ﬁlios.
3003 1449 3266 1520 Spiritum
3298 1465 3456 1505 suum
3485 1450 3623 1506 dedit
3648 1451 3869 1518 nobis,qui

2370 1540 2582 1611 signum
2598 1541 2774 1597 Patris
2797 1543 3045 1598 ostendat
3067 1543 3119 1598 in
3145 1544 3313 1609 ﬁlios;
3335 1553 3390 1598 ut
3413 1544 3538 1614 quia
3561 1543 3750 1599 bocnon
3763 1544 3868 1599 aude-

2369 1648 2556 1689 remus
2594 1634 2780 1692 dicere
2822 1635 2875 1690 in
2920 1635 3238 1692 inﬁrmitate
3277 1648 3333 1692 et
3382 1637 3682 1708 indignitate
3718 1647 3864 1705 nostra,

2367 1738 2620 1799 suggerat
2650 1738 2708 1782 ut
2737 1729 3032 1784 audeamus
3054 1730 3242 1786 dicere
3267 1747 3280 1784 :
3308 1729 3486 1797 Abba,
3510 1729 3640 1801 quod
3662 1738 3732 1786 est
3753 1741 3862 1800 pater.

654 1825 822 1881 fuisse
851 1826 998 1882 circa
1028 1826 1315 1894 meritum,
1347 1840 1448 1881 nec
1475 1825 1788 1882 libertatem
1818 1825 2108 1892 habuisse;
2136 1827 2260 1898 quia
2291 1817 2340 1878 B
2367 1819 2612 1892 Denique
2642 1821 2848 1878 Judicis
2887 1822 2991 1878 hoc
3023 1822 3338 1893 jamdudum
3376 1837 3483 1879 non
3521 1831 3602 1879 est
3633 1837 3862 1879 concessum

654 1922 708 1976 in
737 1920 1053 1976 conditione
1083 1919 1238 1990 Legis
1268 1928 1428 1976 erant
1451 1918 1687 1990 subjecti
1713 1935 1876 1976 causa
1905 1921 2136 1991 peccati.

727 2014 908 2086 (νει-ε.
940 2015 1022 2086 5.)
1061 2012 1145 2069 Ita
1174 2024 1220 2068 et
1248 2030 1342 2069 nos
1373 2031 1492 2068 cum
1520 2031 1742 2068 essemus
1771 2015 1973 2085 parvuli
1994 2057 2008 2080 ,
2036 2015 2128 2069 sub
2158 2015 2260 2070 ele-

654 2107 834 2162 mentis
858 2109 1016 2182 hujus
1038 2107 1222 2161 mundi
1248 2122 1450 2162 eramus
1476 2108 1712 2180 subjecti.
1742 2107 1797 2161 In
1821 2106 2106 2164 elementis
2129 2123 2257 2163 neo-

652 2199 860 2255 menias
889 2198 1157 2270 signiﬁcat
1189 2209 1243 2255 et
1272 2201 1593 2266 sabbatum;
1626 2202 1926 2256 neomenia:
1957 2202 2100 2256 enim
2131 2211 2257 2257 sunt

650 2293 768 2350 dies
796 2293 1049 2359 lunares,
1079 2309 1216 2365 quos
1242 2295 1534 2350 observant
1559 2293 1731 2350 Judaei
1763 2311 1776 2348 :
1810 2295 2093 2350 sabbatum
2125 2311 2254 2351 vero

646 2387 766 2446 dies
797 2389 1172 2461 requietionis.
1201 2390 1506 2460 Antequam
1537 2389 1745 2445 veniret
1774 2405 1906 2460 ergo
1939 2388 2250 2460 promissio,

646 2481 700 2539 id
727 2492 842 2549 est,
873 2491 1168 2553 antequam
1193 2481 1395 2537 donum
1425 2483 1613 2553 gratia:
1645 2482 1739 2536 Dci
1771 2483 2062 2553 puriticans
2085 2483 2248 2553 justi-

644 2574 833 2630 licaret
863 2573 1172 2640 credentes,
1197 2575 1351 2645 quasi
1382 2574 1683 2644 imperfecti
1707 2585 1760 2630 et
1793 2575 2000 2645 parvuli
2031 2590 2126 2643 per
2148 2575 2248 2631 Le-

641 2683 764 2739 gem
800 2668 924 2736 Dei,
955 2669 1188 2739 subjecti
1226 2684 1444 2724 eramus
1469 2667 1773 2734 conservis,
1803 2669 1955 2738 quasi
1993 2668 2244 2741 paedago-

635 2762 750 2833 gis;
778 2763 1002 2818 libertas
1029 2763 1174 2817 enim
1203 2771 1387 2818 nostra
1417 2763 1650 2819 obnoxia
1677 2774 1795 2819 erat
1822 2778 1984 2818 causa
2013 2765 2241 2834 peccati.

636 2855 781 2911 Nihil
812 2864 991 2912 tamen
1027 2856 1094 2912 de
1131 2857 1418 2913 elementis
1446 2858 1740 2929 sperabant
1774 2856 1982 2924 Judaei,
2013 2858 2152 2914 sicut
2188 2868 2241 2914 et

631 2953 826 3024 pagani
863 2970 876 3008 :
906 2951 1001 3008 sed
1035 2962 1341 3010 creatorem
1372 2953 1537 3010 Deum
1569 2953 1973 3010 venerabantur
2003 2953 2056 3008 in
2088 2968 2240 3010 crea-

631 3054 775 3101 tura.

701 3139 884 3212 (Vers.
909 3141 967 3209 4,
999 3139 1081 3215 5.)
1116 3145 1182 3198 At
1210 3143 1296 3199 ubi
1327 3144 1459 3198 venit
1485 3143 1758 3213 plenitudo
1788 3142 2063 3214 temporis,
2095 3143 2232 3196 misit

627 3231 770 3289 Deus
814 3231 1014 3290 Filium
1061 3253 1211 3291 suum
1256 3237 1452 3306 factum
1494 3253 1557 3291 ea;
1599 3237 1851 3301 muliere,
1895 3238 2089 3308 factum
2136 3237 2228 3290 sub
2257 3207 2302 3272 Ο
2336 3242 2432 3297 per
2463 3227 2822 3297 ignominiam
2869 3229 3170 3299 peccabant
3211 3232 3516 3287 servientes
3554 3227 3833 3295 idolis,iacilc

623 3324 796 3402 Lege;
825 3337 881 3383 ut
910 3347 994 3384 eos
1030 3331 1118 3400 qui
1153 3328 1246 3384 sub
1277 3329 1413 3404 Lege
1443 3340 1618 3395 erant,
1651 3330 1955 3395 redimeret;
1997 3338 2052 3383 ut
2089 3329 2229 3398 filio-

618 3435 733 3475 rum
763 3421 1094 3491 adoptionem
1131 3423 1490 3494 reciperemus.
1523 3419 1816 3476 Plenitudo
1853 3421 2114 3492 temporis
2144 3431 2228 3476 cst

615 3515 945 3586 completum
992 3527 1240 3586 tempus,
1271 3515 1413 3586 quod
1449 3514 1774 3586 przcﬁnitum
1808 3516 1996 3586 ‘lucrat
2037 3531 2064 3568 a
2112 3515 2223 3572 Dco

614 3607 808 3675 Patre,
846 3609 1062 3680 quando
1094 3609 1336 3664 mitteret
1363 3608 1558 3663 Filium
1593 3624 1774 3674 suum,
1805 3617 1862 3662 ut
1900 3624 1962 3663 ex
2000 3607 2220 3679 Virgine

609 3702 820 3770 factus,
850 3703 1006 3774 quasi
1048 3702 1214 3758 homo
1261 3713 1613 3769 nasceretur,
1647 3699 1941 3768 subjicicns
1986 3716 2045 3757 se
2091 3701 2216 3773 Legi

607 3810 776 3866 usque
812 3793 880 3849 ad
925 3803 1143 3862 tempus
1187 3794 1474 3864 baptismi;
1521 3804 1578 3849 ut
1620 3793 1849 3848 formam
1891 3794 2041 3849 daret
2082 3812 2217 3865 quo-

609 3885 772 3939 modo
819 3894 1136 3955 peccatores
1174 3887 1382 3954 abluti,
1420 3895 1474 3940 et
1503 3901 1533 3940 a
1561 3886 1690 3957 jugo
1730 3885 1888 3956 Legis
1919 3887 2090 3956 erepti
2132 3886 2214 3942 di-

607 3977 866 4047 gnatione
895 3977 1023 4044 Dei,
1056 3977 1152 4032 lilii
1183 3979 1234 4033 ci
1261 3978 1678 4048 adoptarcntur,
1715 3982 1854 4035 sicut
1886 3981 2212 4050 promiserat

607 4068 905 4138 redemptis
933 4069 1198 4139 sanguine
1224 4069 1349 4124 Filii
1375 4071 1515 4141 cjus.
1543 4070 1880 4128 Salvntorem
1909 4084 2087 4128 autem
2115 4089 2208 4130 ne-

601 4176 757 4217 cesse
785 4171 909 4216 erat
941 4161 1056 4216 ﬁeri
1089 4161 1191 4216 sub
1219 4162 1385 4233 Lege,
1411 4163 1563 4232 quasi
1597 4163 1764 4218 ﬁlium
1792 4165 2026 4221 Abrahae
2052 4166 2204 4236 juxta

600 4268 858 4320 carnem;
889 4261 952 4308 ut
984 4253 1339 4309 circumcisus
1375 4266 1659 4324 appareret
1690 4260 1733 4312 is
1761 4273 1913 4326 esse,
1945 4261 2035 4330 qui
2077 4275 2202 4330 pro-

601 4348 800 4402 missus
827 4345 1081 4413 Abrabar,
1110 4346 1320 4402 veniret
1345 4357 1533 4419 gentes
1558 4348 1856 4418 justiﬁcare
1890 4367 1985 4422 per
2017 4353 2194 4420 lidcm,

597 4442 811 4513 signum
843 4443 1049 4497 habens
1071 4441 1210 4513 ejus,
1235 4443 1321 4497 cui
1353 4446 1651 4513 promissus
1677 4446 1870 4502 fuerat.
1899 4448 2028 4504 ideo
2058 4451 2196 4506 ultra

597 4537 868 4592 neminem
909 4536 1150 4607 oportuit
1179 4537 1529 4606 circumcidi;
1561 4540 1684 4610 quia
1720 4541 1922 4596 tamdiu
1955 4547 2197 4600 cucurrit

593 4632 838 4704 signum,
869 4630 1226 4703 quoadusque
1254 4631 1500 4700 veniret,
1545 4635 1633 4705 qui
1677 4634 1975 4703 promissus
2015 4636 2191 4692 fuerat
2220 4658 2222 4660 ν

593 4733 903 4780 restaurare
931 4721 1114 4792 ﬁdem,
1145 4724 1197 4779 in
1225 4739 1326 4795 qua
1354 4723 1686 4795 justilicatus
1721 4736 1804 4780 est
1834 4728 2106 4782 Abraham
2138 4729 2189 4784 in

587 4819 880 4891 pra-putio,
917 4827 976 4874 ut
1004 4817 1354 4876 credentibus
1393 4836 1499 4875 non
1533 4836 1670 4891 Opus
1711 4821 1780 4876 sit
1820 4823 2184 4879 circumcisio.

587 4911 858 4967 Abraham
889 4921 1068 4966 autem
1099 4911 1222 4967 ideo
1252 4913 1607 4969 circumcisus
1633 4923 1740 4979 est,
1770 4915 1894 4984 quia
1930 4916 2097 4971 lilium
2129 4934 2188 4973 se

584 5003 816 5062 credidit
849 5003 1189 5070 habiturum,
1221 5005 1273 5060 in
1305 5021 1412 5076 quo
1441 5022 1632 5062 omnes
1667 5018 1858 5078 gentes
1894 5009 2184 5067 benedice-

579 5108 790 5154 rentnr.
819 5097 948 5153 Ideo
973 5097 1181 5154 tamdiu
1210 5100 1455 5155 cucurrit
1481 5101 1719 5172 signum,
1749 5101 1924 5157 donec
1948 5105 2180 5170 veniret,

577 5191 816 5263 quierat
847 5192 1169 5262 promissus.
1210 5191 1267 5249 Si
1310 5201 1490 5248 autem
1531 5191 1635 5247 hoc
1677 5193 1998 5262 crederent,
2037 5197 2178 5266 quod

574 5285 805 5340 credidit
852 5285 1167 5354 Abraham,
1219 5302 1326 5342 non
1379 5287 1622 5343 stetisset
1671 5285 2052 5356 circumcisio;
2109 5305 2178 5347 ne

573 5377 714 5434 [orte
738 5393 1125 5449 opponeretur,
1151 5381 1275 5451 quia
1307 5382 1352 5435 si
1385 5381 1656 5434 Abraham
1699 5382 1932 5436 credidit
1969 5392 2022 5436 et
2065 5385 2176 5438 cir-

571 5473 842 5525 cumcisus
876 5481 988 5536 cst,
1016 5488 1183 5541 quare
1221 5488 1329 5527 non
1363 5471 1828 5527 circumciduntur
1850 5474 2173 5530 credentes?

641 5560 824 5632 (Vera.
870 5563 950 5630 6.)
1003 5565 1262 5629 Quoniam
1313 5574 1489 5618 autem
1533 5562 1653 5616 estis
1709 5562 1806 5630 filii
1853 5562 1982 5630 Dei,
2031 5567 2170 5622 misit

569 5654 710 5710 Deus
738 5655 976 5724 spiritum
1007 5655 1134 5712 Filii
1165 5659 1247 5712 sui
1277 5659 1330 5712 in
1361 5657 1522 5711 corda
1558 5664 1731 5709 nostra
1751 5696 1767 5723 ,
1807 5659 2115 5714 clamantem
2145 5679 2159 5717 :

559 5747 727 5813 Abba,
753 5743 930 5799 Pater.
962 5747 1042 5804 Ah
1069 5748 1152 5802 bis
1180 5748 1366 5819 capit,
1390 5747 1589 5819 quibus
1615 5757 1672 5802 et
1697 5750 1906 5816 scribit,
1935 5752 2122 5807 dicens
2145 5771 2162 5810 :

626 5859 875 5921 'Omnes
901 5856 1034 5917 edit.
1063 5874 1128 5918 ac
1153 5861 1403 5918 nonnulli
1429 5875 1592 5930 mss.,
1622 5858 1825 5918 Nomen
1851 5863 1986 5919 enim
2011 5865 2132 5923 olim
2170 5878 2474 5942 acceperant
2504 5869 2641 5926 velut
2670 5873 2725 5929 in
2754 5873 3050 5950 imaginem.

2362 1913 2565 1969 dicere.

2433 2007 2614 2078 (Vers.
2643 2010 2724 2081 7.)
2755 2011 2940 2082 Itaque
2970 2021 3073 2064 tam
3096 2028 3196 2065 non
3222 2020 3295 2066 cst
3325 2026 3518 2078 servus,
3548 2012 3630 2066 sed
3649 2011 3858 2081 filiumin

2359 2110 2441 2157 est
2470 2117 2683 2168 servus,
2705 2107 2826 2174 quia
2857 2105 3102 2160 sublatus
3125 2116 3206 2160 est
3231 2121 3260 2159 a
3290 2115 3556 2177 potestate
3576 2105 3857 2176 Legis,socius

2356 2196 2530 2252 lactus
2555 2198 2950 2254 benedictionis
2976 2200 3178 2270 proprii
3210 2199 3330 2255 Filii
3362 2201 3482 2256 Dei.
3507 2199 3568 2256 Si
3589 2211 3732 2254 autem
3751 2199 3854 2268 ﬁliis,

2355 2299 2401 2344 et
2432 2291 2592 2345 horres
2633 2307 2722 2358 per
2763 2291 2949 2346 Deum.
2990 2291 3219 2346 Dubium
3255 2309 3363 2348 non
3407 2302 3491 2347 est
3518 2293 3630 2363 quia
3666 2291 3763 2346 ideo
3781 2290 3853 2360 qis

2353 2385 2575 2458 adoptat
2602 2387 2701 2442 sibi
2733 2388 2926 2450 ﬁlium.
2954 2398 3014 2444 ut
3043 2388 3313 2444 bmredem
3347 2389 3500 2444 illum
3526 2389 3768 2458 relinquat.
3789 2385 3850 2442 Sed

2352 2480 2642 2537 bzereditas
2663 2499 2731 2538 ex
2762 2495 2937 2539 morte
2963 2485 3193 2554 alicujus
3222 2483 3514 2554 provenit:
3539 2485 3655 2556 quid
3675 2492 3846 2552 estergo,

2349 2589 2402 2632 ut
2434 2579 2691 2634 mortales
2719 2579 2966 2635 lucredes
2994 2580 3111 2650 ejus
3131 2580 3408 2647 dicantur,
3433 2579 3524 2650 qui
3550 2594 3732 2649 semper
3747 2577 3846 2630 vivit?

2347 2670 2454 2727 Sed
2503 2672 2785 2744 Scriptura
2819 2688 2969 2729 more
3009 2682 3198 2730 nostro
3242 2674 3504 2744 loquitur,
3545 2684 3598 2728 ut
3637 2673 3844 2741 intelligere

2346 2779 2670 2834 possumus;
2706 2777 2762 2820 ut
2799 2767 2945 2821 enim
2992 2767 3244 2823 ostendat
3277 2768 3528 2824 daturum
3569 2778 3742 2837 patrem
3771 2765 3843 2818 lilii:

2344 2858 2411 2911 de
2450 2857 2606 2912 benis
2644 2859 2788 2925 suis,
2824 2858 2940 2916 hmc
2977 2875 3100 2931 qua:
3141 2859 3368 2916 daturus
3410 2871 3522 2927 est,
3570 2858 3840 2915 hereditatem

2340 2949 2594 3004 anneHaL

2450 2965 2594 3004 enat.

2375 2965 2594 3113 pfV’ers.
2625 3040 2704 3113 8.)
2753 3043 2858 3096 Sed
2894 3052 3012 3097 tunc
3055 3043 3264 3114 quidem
3308 3045 3600 3114 ignorantes
3629 3043 3777 3102 Deum,
3802 3043 3836 3094 iit

2337 3135 2425 3206 qui
2464 3144 2652 3188 natura
2691 3151 2792 3189 non
2822 3146 2941 3190 sunt
2971 3135 3086 3202 Dii,
3127 3137 3444 3193 serriebatis.
3484 3139 3714 3208 Quoniam
3744 3136 3833 3206 prius

2328 3319 2435 3374 illis
2465 3324 2709 3387 ignotum
2741 3322 3029 3392 signiﬁcat,
3062 3323 3207 3378 sicut
3235 3322 3370 3379 dicit
3399 3325 3453 3380 in
3480 3323 3666 3381 Genesi
3686 3321 3829 3378 Abire

2326 3412 2450 3468 lech
2496 3413 2561 3467 ad
2607 3415 2772 3470 Deum
2820 3432 2833 3468 :
2878 3415 3128 3480 Domine,
3173 3417 3388 3487 inquit,
3440 3417 3674 3488 numquid
3705 3423 3828 3488 gentm

2324 3507 2646 3578 ignorantem
2680 3508 2861 3576 perdes
2897 3507 3048 3579 (Gen.
3074 3525 3166 3574 xx,
3197 3509 3299 3579 4)?

2393 3599 2572 3671 (Vers.
2605 3599 2686 3672 9.)
2727 3600 2884 3655 Nunc
2921 3612 3095 3656 autem
3136 3614 3500 3676 cognoscentes
3540 3604 3705 3668 Deum,
3733 3605 3824 3655 inm
3895 3633 3897 3676 Ι

2319 3710 2436 3750 vero
2477 3697 2670 3768 cogniti
2705 3713 2737 3749 a
2782 3696 2914 3764 Deo,
2953 3698 3211 3768 quomodo
3250 3700 3439 3754 iterum
3478 3696 3820 3756 contertinriniad

2319 3789 2528 3857 in/irma
2551 3799 2599 3843 et
2624 3807 2782 3861 egena
2807 3793 3080 3858 elementa,
3109 3792 3294 3863 quibus
3322 3794 3494 3849 denuo
3521 3795 3686 3850 servire
3703 3791 3822 3846 talos!
3847 3811 3860 3832 ι

2315 3881 2491 3937 Grave
2530 3883 2746 3937 illorum
2786 3883 3084 3939 admissum
3125 3895 3388 3952 annotat;
3420 3888 3545 3958 quia
3581 3897 3680 3957 post
3700 3899 3815 3951 cogni-

2315 3975 2517 4030 tionem
2565 3973 2695 4038 Dei,
2727 3991 2788 4030 ea
2831 3992 2950 4046 qua:
2991 3991 3322 4046 paganorum
3355 3989 3515 4046 sunt,
3545 3979 3674 4050 sequi
3697 3989 3812 4043 coepe

2314 4076 2454 4123 rant.
2488 4069 2554 4123 Et
2585 4068 2705 4138 plus
2730 4069 2878 4124 addit
2908 4088 2922 4124 :
2953 4070 3088 4137 Quia
3114 4088 3214 4125 non
3244 4072 3330 4125 isti
3356 4069 3809 4144 cognoveruntDeml.

2307 4162 2398 4216 sed
2428 4179 2590 4235 magis
2616 4164 2808 4235 cogniti
2833 4180 2864 4217 a
2891 4163 3000 4219 Deo
3031 4175 3172 4219 sunt.
3197 4164 3333 4220 Cum
3359 4168 3504 4222 enim
3531 4167 3581 4222 bi
3606 4181 3689 4221 non
3710 4156 3808 4235 228

2305 4265 2613 4326 quaererent
2652 4258 2842 4322 Deum,
2874 4256 3158 4312 advocavit
3197 4274 3292 4314 cos
3328 4260 3397 4315 ad
3439 4275 3584 4316 suam
3615 4259 3802 4331 gratiam:

2302 4359 2355 4405 et
2400 4349 2454 4405 bi
2497 4350 2726 4421 ingrati,
2769 4350 2836 4405 ad
2877 4366 2941 4406 ea
2981 4354 3228 4407 converti
3271 4366 3576 4425 cceperant,
3607 4369 3699 4424 qua
3727 4360 3799 4402 tunc

2301 4442 2572 4505 eolcbant,
2597 4442 2812 4513 quando
2843 4443 3168 4514 ignorabant
3198 4445 3403 4504 Deum:
3436 4459 3494 4503 ut
3519 4453 3797 4505 venerareutut

2300 4535 2514 4590 inﬁrma
2544 4546 2600 4591 et
2625 4553 2793 4607 egena
2824 4537 3116 4604 elementa,
3148 4551 3202 4595 et
3232 4557 3338 4597 non
3374 4553 3484 4598 tota
3515 4553 3668 4599 mente
3684 4537 3793 4593 Chris-

2301 4639 2434 4697 tum,
2482 4631 2534 4684 in
2579 4645 2686 4700 quo
2729 4632 2906 4686 omnis
2951 4631 3219 4688 inhabitat
3257 4635 3538 4692 divinitas.
3581 4633 3789 4691 lnﬁrmatl

2295 4736 2466 4791 egena
2501 4721 2633 4777 dicit
2660 4724 2934 4778 elementa
2955 4766 2969 4790 ,
2998 4725 3121 4795 quia
3155 4727 3480 4797 imperfecra
3509 4739 3648 4794 sunt;
3677 4725 3721 4779 ad
3740 4734 3786 4775 re-

2293 4815 2528 4886 gendum
2549 4815 2695 4872 enim
2724 4818 2984 4872 rnundnm
3012 4820 3242 4876 invicem
3267 4833 3431 4894 egent
3455 4824 3537 4880 sui
3559 4841 3572 4877 :
3592 4824 3634 4877 in
3651 4817 3784 4876 Chrislo

2291 4917 2471 4965 autem
2503 4909 2741 4979 perlecta
2775 4911 2921 4966 salus
2949 4921 3054 4967 est.

2363 5001 2543 5074 (Vcrs.
2577 5003 2691 5074 10.)
2723 5002 2844 5058 Dies
2871 5004 3150 5061 observatis
3169 5048 3185 5073 ,
3213 5017 3261 5062 et
3292 5026 3522 5080 menses,
3556 5019 3598 5064 et
3623 5015 3780 5074 tempori.

2290 5103 2336 5148 et
2364 5111 2546 5151 annos.
2575 5098 2706 5164 Quae
2730 5099 3002 5154 elementa
3032 5102 3255 5165 dixerit,
3285 5120 3429 5159 nunc
3449 5105 3671 5160 declarat.
3689 5098 3778 5152 Diem

2288 5188 2370 5242 sol
2411 5189 2563 5257 facit,
2609 5205 2824 5247 menses
2853 5208 3048 5249 cursus
3089 5195 3231 5254 luna;
3276 5215 3290 5251 :
3332 5206 3570 5269 tempora
3593 5209 3688 5251 vero
3705 5193 3777 5244 sunt

2285 5299 2400 5349 ver,
2443 5297 2626 5350 ustas,
2667 5297 2978 5356 autumnus,
3024 5289 3197 5345 hiems
3241 5307 3256 5345 :
3298 5305 3532 5363 quatuor
3557 5293 3662 5356 huc,
3689 5294 3776 5336 tom‘

2286 5377 2430 5446 pleto
2459 5393 2682 5435 numero
2715 5382 2955 5452 proprio,
2985 5383 3188 5438 faciunt
3214 5399 3442 5441 annum.
3475 5386 3590 5441 Dies
3613 5372 3773 5452 ergoob‘

2283 5483 2532 5539 servant,
2565 5475 2655 5545 qui
2686 5475 2905 5539 dicunt,
2938 5487 2997 5533 ut
3039 5488 3168 5550 puta
3209 5498 3222 5534 :
3255 5480 3510 5538 Crastino
3536 5476 3770 5553 proﬁcisccn'

2285 5565 2409 5621 dum
2453 5585 2559 5624 non
2591 5581 2713 5637 est;
2756 5583 2878 5643 post
2910 5577 3208 5630 craStinum
3251 5580 3401 5634 enim
3447 5596 3548 5635 non
3572 5577 3690 5632 debet
3714 5565 3768 5619 ηῘί·

2282 5661 2409 5732 Quid
2440 5661 2684 5720 inchoari
2715 5684 2729 5720 ε
2762 5677 2818 5722 et
2855 5670 2934 5722 sic
2973 5669 3150 5726 solent
3177 5672 3350 5742 magis
3380 5673 3566 5742 deripi.
3593 5670 3761 5724 llisutem

2278 5755 2466 5810 colunt
2507 5773 2720 5814 menses
2745 5801 2759 5825 ,
2801 5760 2891 5830 qui
2934 5777 3128 5820 cursus
3169 5763 3313 5821 luna:
3355 5746 3759 5836 perscrutanturdi-

3907 3071 3912 3226 ί

3849 3900 3892 4274 Ι
