3978 6310
104 287 193 346 561

1012 268 1518 332 COMMENTARIA
1558 269 1624 327 ΙΝ
1666 269 1884 330 EPIST.
1927 271 2020 328 Al)
2060 267 2409 330 GALATAS.

3272 270 3382 330 562

98 409 297 465 centes,
328 402 385 452 ut
421 403 547 467 puta
578 411 593 450 :
630 390 871 463 Septima
909 389 1038 446 luna
1073 390 1441 446 instrumenta
1469 387 1660 445 conﬁci
1688 401 1743 465 Α
1768 389 1822 445 in
1868 389 1971 446 hac
2016 390 2157 458 ﬁde,
2201 390 2419 462 quando
2455 390 2706 447 minister
2745 391 2864 462 ejus
2909 391 2990 448 sic
3031 390 3385 448 humiliatur‘!

100 511 195 552 non
221 491 449 556 debent;
481 502 619 544 nona
651 487 848 542 iterum
892 486 1018 541 luna
1045 498 1262 541 servum
1305 491 1569 554 emptum,
1611 491 1670 538 ut
1769 483 1876 541 Sed
1923 483 2049 555 quia
2091 483 2202 555 jam
2250 483 2494 538 animum
2539 483 2736 541 futuris
2783 483 2986 554 spebus
3038 485 3382 548 infecerant,

99 603 233 663 puta,
263 588 473 644 domum
503 584 623 641 duci
659 599 768 640 non
805 589 1057 654 oportet:
1091 588 1148 636 et
1183 595 1280 652 per
1308 579 1424 636 haec
1454 578 1670 635 facilius
1771 586 2074 649 praesentes
2105 577 2283 633 exitus
2327 592 2426 648 pro
2452 577 2658 634 Christi
2691 579 2915 635 nomine
2945 594 3053 634 non
3094 579 3385 650 pertimes-

98 686 262 741 solent
300 682 518 738 adversa
561 677 874 751 provenire.
906 676 1175 746 Tempora
1205 688 1335 731 vero
1363 672 1442 729 sic
1478 671 1671 729 obser—
1772 673 1994 738 cebant,
2037 670 2174 726 certi
2220 671 2380 726 ﬁdem
2425 681 2671 728 nostram
2703 687 2810 727 non
2855 673 2907 728 in
2955 671 3115 729 terris
3142 715 3156 740 ,
3188 671 3284 729 sed
3330 671 3386 726 in

101 788 235 846 vant,
262 791 380 833 cum
404 775 590 832 dicunt
618 791 632 828 :
663 771 833 828 Hodie
858 771 1002 827 veris
1029 769 1242 825 initium
1271 775 1377 833 est,
1406 765 1672 822 festivitas
1772 762 1931 819 caelis
1971 762 2177 820 habere
2212 762 2556 834 dignitatem,
2591 774 2645 822 et
2680 780 2780 836 pro
2811 765 2900 821 bis
2939 764 3388 823 tribulationibus

99 881 191 937 est,
219 879 335 941 post
357 883 477 926 cras
503 865 813 924 Vulcanalia
835 873 982 921 sunt.
1008 863 1074 920 Et
1103 861 1230 918 talia
1258 862 1453 916 iterum
1481 859 1670 916 aiunt:

99 965 359 1021 Posterum
397 969 514 1030 est,
545 960 766 1017 domum
806 956 994 1030 egredi
1034 969 1144 1011 non
1187 955 1334 1010 licet.
1366 952 1554 1009 Annos
1594 951 1675 1007 sic

97 1060 294 1125 colunt,
333 1071 454 1112 cum
493 1054 682 1112 dicunt
715 1071 728 1108 :
764 1050 1026 1109 Kalendis
1067 1047 1342 1118 Ianuariis
1382 1060 1556 1103 novus
1593 1053 1678 1102 est

99 1168 271 1221 annus,
305 1151 456 1224 quasi
494 1166 604 1206 non
633 1148 876 1221 quotidie
904 1147 1032 1203 anni
1066 1144 1400 1215 impleantur
1429 1160 1442 1196 :
1481 1140 1577 1197 sed
1619 1148 1678 1196 ut

96 1246 202 1302 lani
225 1244 366 1300 illius
419 1243 662 1299 recolant
694 1241 1015 1298 memoriam
1045 1237 1320 1303 bifrontis,
1352 1236 1453 1291 bac
1483 1249 1678 1306 super-

95 1344 292 1398 stitione
321 1347 562 1406 utuntur,
591 1354 714 1410 qua:
755 1337 916 1407 longe
938 1336 1104 1392 debet
1129 1349 1253 1391 esse
1281 1349 1310 1388 a
1342 1332 1523 1388 servis
1557 1329 1676 1385 Dei.

97 1435 145 1490 Si
173 1435 304 1490 enim
332 1432 476 1488 Deus
506 1446 576 1488 ex
611 1438 728 1485 toto
753 1428 928 1485 corde'
948 1426 1229 1499 diligatur,
1259 1425 1380 1496 ipso
1415 1421 1677 1494 propitio,

96 1528 224 1584 nulla
250 1526 405 1583 debet
434 1540 556 1582 esse
597 1523 858 1587 formido,
892 1536 1069 1593 neque
1097 1520 1339 1591 suspicio
1369 1517 1563 1574 harum
1591 1530 1681 1573 re-

98 1637 228 1686 rum;
255 1633 506 1689 prospere
534 1618 682 1674 enim
721 1625 901 1687 potest
925 1613 1147 1681 cedere,
1175 1611 1436 1684 quidquid
1464 1609 1680 1681 simpli-

97 1714 217 1770 citer
239 1713 335 1768 sub
362 1711 455 1767 Dei
480 1709 772 1767 devotione
804 1710 882 1764 ﬁt.

1774 873 1968 930 magna
2000 857 2224 930 rependi
2271 858 2516 929 praemia.
2547 857 2826 915 Ruborem
2857 858 2968 914 illis
2995 859 3229 926 incutit;
3259 858 3387 931 quia

1778 963 1902 1025 post
1937 954 2053 1010 haec
2085 953 2377 1010 laudabilia
2419 954 2780 1010 circumventi
2809 953 3060 1021 fuerant,
3087 965 3146 1010 ut
3169 955 3387 1025 vitupe-

1779 1049 1980 1106 rabiles
2010 1048 2352 1106 viderentur.
2397 1048 2505 1104 Sed
2547 1050 2679 1104 sicut
2708 1049 2947 1121 angelum
2981 1047 3081 1106 Dei
3120 1050 3391 1120 excepistis

1780 1159 1880 1211 me,
1913 1144 2046 1198 sicut
2086 1143 2351 1199 Christum
2378 1142 2580 1199 Jesum.
2625 1144 2740 1200 Hoc
2773 1145 2946 1215 magis
2974 1145 3158 1200 laudat
3195 1145 3248 1199 in
3287 1144 3392 1210 eis,

1781 1238 1907 1310 quia
1954 1239 2229 1310 pressuris
2278 1254 2386 1295 non
2426 1238 2766 1296 deformatus
2803 1248 2886 1295 est
2927 1240 3069 1311 apud
3110 1255 3204 1296 eos
3233 1283 3247 1307 ,
3293 1239 3392 1296 sed

1781 1332 2236 1400 commendatus,
2279 1333 2518 1390 scientes
2569 1349 2669 1404 pro
2715 1334 2782 1389 iis
2820 1333 2911 1405 qui
2961 1333 3232 1398 credunt,
3286 1337 3396 1404 pati

1783 1423 1937 1479 illum
1986 1423 2172 1480 exitia.
2227 1424 2384 1482 Sicut
2430 1440 2564 1497 ergo
2609 1425 2862 1497 angelum
2914 1426 3010 1482 Dei
3059 1435 3393 1498 exceperunt

1781 1518 2137 1591 Apostolum,
2169 1519 2461 1576 credentes
2488 1519 2693 1576 donum
2739 1520 2835 1576 Dei
2865 1535 2988 1577 esse
3016 1521 3161 1592 quod
3197 1521 3399 1593 pracdi-

1783 1624 1872 1672 cat
1921 1632 1934 1671 :
1977 1615 2056 1671 sic
2101 1613 2152 1671 ei
2195 1613 2534 1682 deferentes,
2566 1614 2722 1686 quasi
2764 1614 2866 1686 ipsi
2909 1615 3124 1671 auctori
3164 1615 3402 1672 Domino

1783 1706 1915 1765 Jesu
1944 1708 2190 1765 Christo.

157 1803 321 1875 (Vers.
355 1802 470 1874 11.)
511 1813 540 1842 α
578 1801 762 1858 Timeo
792 1819 879 1857 vos
916 1817 978 1856 ne
1019 1806 1216 1873 frustra
1248 1799 1590 1854 laboraverim
1627 1799 1680 1852 in
1711 1821 1758 1882 Β
1859 1802 2043 1874 (Vers.
2072 1801 2182 1875 l5.)
2215 1802 2242 1840 ά
2264 1804 2392 1872 Qua:
2412 1819 2536 1877 ergo
2559 1814 2668 1858 erat
2694 1805 2955 1859 beatitudo
2975 1806 3181 1860 vestra?
3206 1804 3406 1861 Beatos

96 1903 235 1957 vobis.
274 1899 483 1972 Duplici
524 1915 730 1972 genere
773 1898 1022 1954 subversi
1069 1898 1288 1954 fuerant
1328 1894 1570 1960 Galatae;
1626 1902 1683 1948 ut

98 2005 205 2061 post
234 1994 325 2051 Dei
354 1993 586 2065 gratiam
617 2008 724 2048 non
757 1992 934 2047 solum
967 1991 1032 2046 ad
1059 1989 1262 2061 Legem
1289 1997 1682 2045 converteren-

101 2098 192 2154 tur,
241 2087 332 2142 sed
383 2086 452 2142 ad
510 2101 733 2143 errores
783 2085 1072 2156 pristinos.
1132 2083 1342 2138 Inducti
1400 2081 1546 2138 enim
1599 2079 1685 2136 vel

101 2179 295 2247 eversi,
338 2179 390 2234 in
436 2178 639 2250 Legem
677 2177 840 2234 facile
877 2177 1226 2234 declinarunt
1267 2175 1334 2230 ad
1378 2174 1683 2230 observan-

101 2272 211 2328 tiam
251 2272 458 2330 dierum
501 2281 556 2328 et
592 2271 902 2336 mensium;
940 2270 1154 2327 sabbati
1194 2269 1342 2325 enim
1373 2267 1688 2324 observatio

100 2375 147 2421 et
175 2366 578 2422 neomeniarum
610 2373 960 2422 attraxerant
987 2365 1112 2420 illos
1150 2363 1217 2419 ad
1249 2364 1386 2418 lizec.
1433 2361 1559 2417 ldeo
1600 2361 1686 2416 in-

99 2460 238 2530 quit:
275 2458 450 2515 Timeo
489 2476 556 2516 ne
583 2461 700 2514 sine
741 2475 899 2514 causa
936 2457 1278 2513 laboraverint
1306 2457 1362 2510 in
1394 2453 1571 2520 vobis;
1610 2453 1690 2510 sic

101 2554 226 2610 enim
247 2555 460 2611 videbat
480 2570 580 2611 eos
607 2556 663 2610 in
694 2555 851 2626 pejus
879 2552 1165 2623 proﬁcere,
1189 2560 1249 2607 ut
1277 2559 1500 2622 possent
1522 2548 1688 2604 etiam

98 2662 123 2702 a
150 2646 355 2704 Christo
392 2649 616 2721 penitus
647 2649 933 2706 recedere.

159 2740 327 2811 (Vers.
360 2739 477 2812 i2.)
523 2740 708 2796 Estote
742 2740 878 2795 sicut
903 2755 1039 2811 ego;
1066 2738 1188 2810 quia
1216 2747 1264 2793 et
1294 2752 1387 2808 ego
1417 2736 1549 2792 sicut
1578 2751 1690 2790 vos.

96 2830 196 2889 Hoc
220 2833 374 2900 dicit,
410 2843 469 2888 ut
508 2833 652 2890 dent
680 2848 902 2906 operam
929 2829 1238 2902 corrigendi
1281 2845 1342 2885 ea
1369 2845 1386 2897 ;
1418 2827 1539 2899 quia
1582 2841 1688 2882 non

98 2935 170 2980 cst
207 2927 536 2998 impossibile
567 2937 636 2983 ut
665 2929 778 2983 sint
815 2926 958 2982 sicut.
989 2927 1140 2996 ipse;
1169 2924 1295 2996 quia
1338 2932 1394 2979 et
1433 2923 1552 2993 ipse
1592 2921 1695 2978 hoc

97 3029 232 3088 erat,
262 3021 312 3077 id
348 3033 469 3090 est,
511 3022 724 3090 homo,
751 3023 898 3094 quod
927 3031 983 3078 et
1013 3021 1093 3077 illi
1124 3037 1138 3075 :
1180 3030 1234 3076 et
1263 3034 1386 3075 cum
1420 3018 1611 3074 fuisset
1640 3019 1692 3073 in

96 3128 265 3170 errore
301 3131 654 3188 persequens
701 3115 1038 3184 Ecclesiam,
1085 3121 1374 3184 correptus
1417 3111 1692 3167 convertit

1783 1897 1886 1952 hos
1911 1896 2079 1953 fuisse
2102 1897 2235 1954 dicit
2262 1899 2424 1971 225
2448 1898 2590 1969 apud
2619 1905 2846 1955 caeteras
2871 1899 3168 1967 Ecclesias,
3214 1917 3313 1971 per
3350 1898 3403 1956 id

1785 1989 1930 2060 quod
1943 1990 2175 2060 apostoli
2195 1990 2408 2062 injuriis
2425 2006 2532 2046 non
2548 1991 2959 2062 frangebantur,
2975 1994 3070 2048 sed
3084 1994 3409 2050 crescebant

1785 2083 1840 2138 in
1870 2083 2002 2140 ﬁde.
2036 2083 2204 2139 Testis
2233 2084 2369 2139 enim
2399 2101 2514 2139 sum
2537 2084 2682 2139 vobis
2709 2087 2863 2156 quia,
2899 2086 2944 2140 si
2973 2087 3087 2157 ﬁeri
3114 2089 3366 2157 potuisset
3387 2129 3402 2155 ,

1787 2178 1967 2233 oculos
2009 2189 2202 2234 uestros
2247 2180 2545 2249 eruissetis,
2596 2189 2646 2235 et
2689 2181 2959 2237 dedissetis
3012 2182 3160 2239 milii.
3209 2183 3406 2240 Votum

1788 2285 1979 2326 eorum
2010 2272 2154 2326 circa
2186 2272 2508 2343 religionem
2543 2281 2647 2327 tam
2681 2274 2900 2344 plenum
2930 2276 3170 2331 ostendit
3211 2278 3404 2346 fuisse,

1787 2371 1848 2417 ut
1876 2378 1982 2418 non
2009 2363 2186 2420 solum
2218 2363 2359 2421 bene
2385 2364 2454 2419 ab
2481 2364 2560 2420 eis
2582 2374 2870 2436 susceptus
2899 2367 2990 2431 sit,
3021 2367 3117 2423 sed
3150 2378 3205 2423 ct
3230 2368 3404 2426 fortes

1791 2455 1846 2511 in
1878 2456 1987 2513 ﬁde
2025 2457 2231 2513 inventi
2262 2456 2371 2512 sint
2403 2475 2417 2513 :
2445 2467 2499 2514 et
2521 2459 2667 2528 quod
2699 2458 2766 2513 ad
2795 2457 3008 2516 laudem
3037 2461 3210 2531 magis
3238 2461 3406 2533 proﬁ-

1791 2549 1890 2617 cit,
1920 2549 2104 2606 omnia
2133 2565 2270 2621 pene
2297 2566 2394 2605 sua
2426 2548 2507 2606 illi
2538 2551 2856 2607 obtulerunt
2884 2552 3242 2624 proﬂiganda.
3268 2553 3407 2610 Hinc

1794 2643 1916 2714 plus
1936 2644 2108 2711 dolet,
2135 2645 2261 2716 quia
2294 2653 2441 2701 tanta
2469 2643 2712 2700 charitas
2742 2645 3002 2703 subversa
3028 2645 3208 2703 fuerat
3240 2663 3406 2719 prava

1793 2736 2066 2794 doctrina.

1870 2831 2055 2903 (Vcrs.
2089 2831 2205 2906 16.)
2239 2831 2380 2902 Ergo
2417 2832 2665 2886 inimicus
2695 2831 2834 2888 vobis
2865 2833 3031 2904 {actus
3059 2851 3198 2901 sum,
3222 2851 3399 2890 verum

1795 2926 1972 2982 dicens
1996 2927 2174 2982 vobis?
2209 2927 2322 2982 Hoc
2351 2927 2506 2989 dicit.
2540 2928 2662 3000 quia
2694 2943 2802 2982 non
2831 2938 3014 2999 potest
3045 2929 3182 2994 ﬁeri,
3215 2939 3269 2985 ut
3303 2930 3408 2986 ini-

1798 3019 1994 3085 micus,
2021 3019 2214 3089 inquit,
2245 3035 2345 3090 ego
2371 3018 2524 3076 vobis
2546 3020 2670 3088 sim,
2702 3037 2932 3090 quorum
2962 3031 3104 3077 tanta
3136 3022 3284 3079 sensi
3307 3025 3408 3080 ub-

1796 3112 2006 3182 sequia.
2039 3111 2147 3168 Sed
2176 3114 2308 3184 quia
2351 3127 2512 3167 nemo
2558 3127 2620 3168 se
2652 3115 2808 3186 argui
2841 3114 2954 3170 vult
2997 3126 3295 3182 errantem,
3331 3116 3412 3172 id-

95 3221 164 3262 se.
193 3207 436 3278 Fratres,
469 3212 690 3266 obsecro
728 3226 848 3278 vos,
892 3210 1022 3265 nihil
1063 3209 1191 3263 mihi
1235 3209 1502 3263 nocuistis.
1540 3207 1693 3262 Nunc
1720 3217 1768 3282 α
1798 3205 1948 3261 circo
1996 3205 2251 3261 inimicus
2296 3203 2452 3261 vobis
2497 3205 2724 3275 videor,
2771 3207 2920 3278 juste
2961 3224 3059 3265 vos
3111 3214 3412 3281 reprehen-

96 3303 262 3360 mitius
288 3305 398 3376 agit
424 3321 555 3362 cum
591 3306 699 3372 eis,
730 3303 758 3344 ι’
789 3314 847 3362 et
875 3285 1017 3361 bona
1047 3320 1234 3360 eorum
1267 3304 1462 3374 incipit
1487 3317 1694 3358 memo-

96 3410 238 3464 rare;
278 3409 335 3454 ut
376 3410 508 3472 post
536 3414 772 3472 magnas
806 3399 1182 3470 correptiones
1214 3398 1353 3452 bona
1392 3412 1556 3468 opera
1596 3411 1694 3452 sua

95 3491 358 3549 audientes
404 3503 827 3560 recrearentur,
871 3501 928 3548 et
965 3492 1092 3547 data
1130 3505 1294 3561 opera
1334 3490 1697 3546 reforniarent

100 3599 189 3650 se;
219 3601 284 3642 ne
325 3587 806 3660 objurgationibus
845 3585 1049 3641 diutius
1090 3585 1268 3655 pressi
1305 3583 1693 3654 asperioribus,

97 3679 278 3736 fierent
314 3681 666 3738 exacerbati.
708 3679 852 3734 Nihil
897 3689 1079 3734 tamen
1127 3677 1234 3734 sibi
1277 3677 1530 3732 nocuisse
1575 3676 1698 3732 illos

97 3773 253 3842 dicit;
285 3776 418 3846 ipsis
455 3779 613 3834 enim
653 3776 847 3832 oberat
875 3773 1132 3831 delictum
1164 3773 1378 3828 illorum
1413 3789 1426 3826 :
1461 3774 1694 3842 Aposto-

94 3869 168 3925 lus
211 3874 354 3929 enim
417 3873 755 3944 impleverat
808 3869 1048 3926 ofﬁcium
1104 3867 1536 3937 dispensationis
1595 3866 1697 3922 sibi

95 3965 336 4033 creditas;
390 3977 450 4021 ut
497 3965 657 4022 omni
707 3979 832 4020 cum
875 3961 1154 4033 diligentia
1206 3959 1530 4032 praedicaret
1576 3957 1697 4025 eis,

94 4056 222 4112 sicut
241 4057 374 4114 dicit
399 4058 678 4114 Dominus
706 4056 775 4112 ad
807 4053 1131 4126 prophetam
1159 4050 1410 4109 Ezechiel
1444 4069 1457 4105 :
1485 4049 1587 4115 Tu,
1618 4049 1701 4103 in-

97 4150 218 4219 quit,
250 4151 480 4220 prtedica
509 4167 527 4204 :
557 4151 604 4207 si
635 4159 682 4205 te
721 4148 1010 4213 audierint,
1041 4145 1323 4202 lucraberis
1348 4146 1434 4200 ebs
1452 4163 1472 4214 ;
1503 4143 1547 4198 si
1572 4159 1702 4214 quo-

93 4243 272 4312 minus,
304 4254 360 4298 tu
389 4243 626 4300 saloabis
656 4243 886 4297 animam
915 4249 1054 4294 tuam
1081 4238 1300 4312 (Ezeclt.
1329 4253 1418 4304 tu,
1449 4235 1566 4309 21).

162 4337 336 4407 (Vers.
364 4341 460 4407 15,
491 4338 615 4412 14.)
661 4338 820 4395 Scitis
855 4336 978 4406 quia
1015 4350 1107 4405 per
1135 4334 1487 4404 inﬁmitatem
1531 4331 1701 4386 carnis

94 4432 429 4502 erangelizavi
457 4432 607 4488 vobis
620 4433 744 4503 .jam
777 4428 978 4500 pridem
1003 4443 1022 4482 .'
1049 4436 1095 4483 et
1123 4427 1454 4481 tentationem
1481 4434 1701 4479 vestram

96 4522 144 4574 in
176 4540 324 4580 carne
365 4543 483 4581 mea
523 4542 630 4580 non
663 4524 952 4596 spreuistis,
981 4538 1142 4592 neque
1166 4520 1459 4602 respuistis.
1497 4519 1555 4574 In
1588 4533 1703 4574 tne-

1797 3300 1956 3356 deus.

1871 3395 2054 3468 (Vers.
2086 3395 2202 3465 17.)
2226 3393 2570 3450 Emulantur
2597 3411 2686 3451 vos
2705 3413 2808 3451 non
2829 3397 2954 3453 bene
2978 3414 2998 3453 :
3017 3399 3109 3454 sed
3130 3401 3412 3456 excludere

1798 3503 1889 3543 vos
1911 3490 2112 3556 volunt,
2142 3498 2198 3543 ut
2225 3505 2310 3544 eos
2337 3489 2670 3545 mnulemini.
2704 3491 2909 3547 invidia
2941 3493 3258 3550 Judaeorum
3283 3497 3413 3552 sub-

1801 3597 1992 3639 versos
2031 3598 2127 3639 eos
2170 3581 2479 3654 signiﬁcat;
2516 3584 2767 3641 videntes
2796 3587 2940 3641 enim
2973 3588 3052 3640 sic
3083 3587 3207 3642 illos
3241 3589 3408 3658 proﬁ-

1797 3691 1924 3733 cere
1953 3677 2006 3731 in
2051 3677 2370 3746 Evangelio,
2417 3685 2470 3732 et
2503 3685 2708 3732 tantam
2756 3677 2961 3734 habere
2997 3680 3320 3738 charitatem
3357 3685 3408 3739 in

1799 3769 2088 3841 Apostolo,
2111 3769 2164 3824 id
2182 3779 2429 3840 egerunt,
2449 3780 2722 3841 quatenus
2741 3772 2864 3827 illos
2876 3773 3220 3843 deciperent.
3241 3775 3414 3832 Erant

1801 3863 1946 3918 enim
1975 3862 2138 3934 Legis
2172 3877 2334 3919 causa
2366 3864 2632 3934 apostolis
2669 3864 2898 3933 inimici,
2935 3875 2992 3922 ut
3023 3876 3275 3924 manente
3303 3887 3408 3925 no-

1801 3957 1948 4012 mine
1978 3956 2312 4023 Salvatoris,
2347 3956 2590 4014 facerent
2620 3972 2717 4014 eos
2747 3958 2988 4027 Judzros,
3019 3960 3321 4032 gaudentes
3355 3966 3410 4022 in

1800 4051 2090 4108 eversione
2113 4066 2306 4108 eorum
2334 4069 2348 4119 ;
2381 4067 2490 4108 non
2521 4053 2667 4108 enim
2699 4053 3066 4124 patiebantur,
3097 4065 3154 4111 ut
3182 4058 3408 4128 gratiam

1801 4145 1903 4201 sibi
1947 4147 2270 4216 promissam
2311 4147 2568 4202 audirent
2610 4147 3008 4205 incircumcisis
3033 4151 3289 4222 gentibus
3313 4154 3409 4210 da—

1803 4247 1934 4294 tam.
1983 4238 2111 4295 ldeo
2155 4238 2462 4296 imitatores
2506 4255 2636 4295 suos
2668 4240 2794 4298 illos
2827 4242 3124 4302 voluerunt
3178 4247 3318 4317 ﬁeri,
3355 4262 3411 4304 ut

1803 4347 1956 4388 more
1987 4347 2177 4388 eorum
2205 4331 2756 4394 circumciderentur.

1874 4425 2057 4498 (Vers.
2093 4425 2208 4498 18.)
2242 4426 2593 4482 ιΕηιιιιαηιὶηἱ
2623 4437 2796 4484 autent
2830 4440 2852 4466 ο
2888 4431 3103 4486 meliora
3130 4435 3286 4503 dona,
3322 4439 3411 4490 bo-

1805 4535 1927 4574 num
1955 4521 2272 4575 semulamini
2288 4537 2510 4592 semper,
2533 4531 2582 4576 et
2603 4539 2706 4576 non
2724 4523 2890 4578 solum
2916 4541 3032 4579 cum
3055 4543 3279 4596 prtcsens
3296 4547 3411 4584 sum

95 4616 253 4671 moria
301 4625 539 4674 revocat
581 4617 689 4674 illis
726 4626 974 4686 tempus,
1013 4614 1229 4687 quando
1276 4615 1510 4685 primum
1561 4629 1701 4685 prte-
1726 4625 1778 4685 Ῑ)
1804 4614 1945 4685 apud
1985 4631 2090 4670 ros.
2135 4614 2364 4670 Meliora
2396 4614 2537 4670 dona
2568 4613 2835 4685 spiritalia
2877 4626 3031 4684 sunt,
3065 4635 3186 4690 qua:
3215 4621 3415 4679 imitati

96 4705 288 4765 dicavit
315 4711 430 4766 illis
461 4709 823 4782 Evangelium
854 4709 971 4764 Dei.
1004 4707 1129 4779 Ipso
1156 4709 1300 4765 enim
1333 4719 1578 4779 tempore
1612 4707 1700 4763 in-

88 4799 242 4869 juriis
265 4804 551 4876 agebatur
578 4803 906 4877 Apostolus,
938 4813 991 4859 et
1016 4803 1258 4859 credibus
1287 4800 1699 4867 inﬁrmabatur;

95 4894 334 4952 infirmus
358 4899 515 4954 enim
542 4898 776 4963 videtur,
799 4895 892 4966 qui
918 4895 1255 4961 humiliatur,
1281 4904 1336 4950 et
1365 4909 1469 4948 non
1499 4893 1705 4949 resistit

93 5001 308 5062 propter
343 4993 713 5066 Evangelium
755 4993 871 5050 Dei.
918 4993 983 5049 Et
1011 4993 1068 5050 in
1100 4993 1202 5049 hoc
1230 4991 1413 5048 laudat
1441 4997 1702 5046 constan-

93 5083 215 5140 tiam
241 5101 436 5144 eorum
457 5129 473 5156 ,
507 5089 634 5159 quia
660 5104 768 5143 non
799 5097 928 5145 sunt
956 5087 1218 5144 abstracti
1247 5101 1276 5140 a
1318 5085 1458 5141 ﬁde:
1491 5083 1704 5154 injuriae

89 5179 228 5236 enim
258 5183 526 5253 Apostoli
554 5185 784 5240 tentatio
808 5193 930 5240 erat
963 5183 1314 5252 Galatarum,
1343 5182 1395 5236 in
1423 5196 1528 5252 qua
1564 5179 1707 5236 firmi

93 5269 301 5330 inventi
331 5283 470 5330 sunt
495 5291 512 5340 ;
545 5291 650 5332 non
679 5275 991 5333 dubitantes
1019 5277 1092 5332 de
1118 5273 1246 5331 fide.
1280 5274 1514 5330 Possent
1538 5273 1704 5340 enim,

94 5378 117 5406 ε
146 5374 480 5431 scandalum
519 5376 682 5446 passi,
711 5375 899 5434 dicere
927 5393 939 5430 :
982 5375 1116 5445 Quae
1143 5382 1228 5432 est
1254 5373 1426 5428 virtus
1450 5379 1546 5426 aut
1583 5384 1708 5442 spes

163 5538 190 5567 ⁸
229 5541 399 5598 Rom.
433 5541 594 5607 edit.,
633 5542 807 5597 Timeo
835 5560 897 5598 ne
926 5543 1034 5597 sine
1064 5558 1222 5596 causa
1253 5535 1613 5595 laboraverim.

161 5613 187 5651 δ
229 5613 506 5670 Nonnulli
553 5628 707 5678 mss.,
750 5625 794 5668 et
841 5616 970 5669 bona
1021 5631 1177 5684 opera
1215 5629 1332 5666 sua.
1375 5609 1493 5666 Non
1541 5615 1710 5684 recte.

93 5682 233 5739 Infra
278 5702 419 5742 vero
467 5685 561 5740 ubi
605 5701 794 5742 omnes
831 5686 962 5742 edit.
1009 5680 1073 5742 ac
1122 5685 1280 5755 pauci
1317 5698 1476 5747 mss.,
1520 5680 1716 5755 diutius

94 5757 292 5830 pressi,
332 5757 635 5830 asperiores
666 5760 842 5824 ﬁerent
870 5751 1196 5824 exacerbati;
1227 5756 1318 5813 alii
1355 5769 1488 5812 mss.
1520 5751 1716 5810 melius

95 5825 321 5899 legunt,
355 5825 421 5886 ut
451 5830 512 5886 in
544 5839 826 5886 contextu.

655 5926 922 5989 Parnm"
971 5924 1170 5990 XVII.

1810 4707 2089 4763 habebunt
2121 4706 2372 4764 effectum
2403 4706 2545 4778 apud
2583 4707 2770 4763 Deum.
2806 4707 2935 4766 Haec
2969 4710 3236 4782 spiritalia
3267 4715 3412 4772 bona

1809 4813 1959 4870 sunt,
1985 4820 2106 4876 quae
2137 4805 2252 4859 vult
2278 4812 2338 4858 ut
2359 4818 2577 4874 semper
2601 4804 2907 4872 imitentur,
2938 4821 3047 4863 non
3072 4808 3138 4864 ad
3170 4817 3412 4882 tempus,

1811 4897 1948 4953 sicut
1973 4897 2201 4967 pridem,
2228 4905 2319 4950 aut
2345 4910 2405 4951 se
2428 4905 2697 4964 prtcsente
2727 4904 2960 4969 tantum,
2991 4912 3114 4972 post
3137 4914 3318 4961 autem
3341 4908 3410 4962 ad

1810 4991 1957 5048 aliud
1979 4999 2390 5057 convertantur;
2421 4990 2520 5046 sed
2543 4991 2654 5046 vult
2683 4991 2808 5048 illos
2833 4993 2902 5050 de
2931 5004 3128 5052 catero
3153 5014 3410 5069 perseve-

1811 5099 1937 5142 rare
1963 5087 2017 5142 in
2040 5086 2204 5141 bono.

1889 5180 2068 5254 (Vers.
2102 5177 2216 5251 19.)
2258 5177 2441 5232 Filioti
2463 5177 2582 5245 mei,
2607 5193 2733 5247 quos
2757 5181 2942 5234 iterum
2968 5182 3224 5250 partnrio,
3255 5184 3415 5240 donec

1817 5274 2051 5331 Christus
2094 5273 2347 5345 formetur
2393 5272 2448 5325 in
2476 5271 2637 5326 vobis.
2671 5269 2916 5327 Primum
2965 5285 3062 5340 per
3093 5271 3254 5330 fidem
3297 5277 3421 5335 illos

1815 5377 2082 5444 genuerat
2122 5368 2172 5422 in
2201 5365 2494 5437 baptismo,
2539 5364 2632 5420 sed
2664 5365 2791 5434 quia
2821 5363 2839 5401 τ
2871 5362 3021 5417 velut
3042 5376 3140 5431 per
3169 5366 3420 5427 abortum

1894 5543 1916 5570 ο
1957 5529 2084 5584 Mss.
2114 5527 2362 5583 Laudun.
2381 5565 2396 5590 ,
2438 5521 2742 5576 scandalum
2771 5536 3059 5592 praponere
3080 5565 3093 5590 ,
3123 5535 3174 5579 et
3203 5529 3374 5586 dicere
3409 5551 3424 5586 .-

1823 5602 2044 5671 Quando
2075 5598 2286 5654 Domini
2315 5611 2490 5671 seruus
2518 5596 2632 5666 ejus
2660 5593 2756 5671 scit
2777 5635 2790 5658 ,
2820 5605 2926 5671 etc.

1893 5672 1921 5712 ά
1961 5673 2119 5729 Rom.
2151 5672 2308 5736 edit.,
2349 5667 2446 5723 Ubi
2474 5663 2552 5720 est
2578 5678 2697 5736 ergo
2732 5663 2992 5718 beatitudo
3020 5675 3226 5726 vestra!

1898 5758 1920 5783 υ
1961 5746 2119 5800 Rom.
2146 5733 2306 5806 edit.,
2333 5737 2547 5809 meliora
2569 5733 2711 5809 dona
2732 5736 2786 5809 in
2810 5739 2940 5791 bono
2960 5753 3179 5809 semper.

1902 5816 1919 5854 ί
1964 5818 2092 5873 Mss.
2123 5804 2352 5883 aliqum,
2381 5807 2518 5863 velut
2546 5804 2768 5861 abortiui
2790 5810 2916 5863 nati.

2747 5901 2823 5964 12
