3978 6310
648 281 756 340 363

1563 269 1658 326 AD
1695 269 1930 328 OPERA
1967 267 2215 328 SANCTI

2357 269 2582 328 BHOSII
2623 271 2992 332 APPENDIX.
3742 287 3810 344 ibi

648 400 786 464 nati,
815 392 1102 452 deformati
1125 399 1180 447 et
1203 389 1402 445 infirmi
1421 389 1624 444 inventi
1649 397 1806 454 sunt;
1834 403 1976 444 nunc
1995 402 2120 444 cum
2143 385 2244 444 do-
2271 387 2322 450 Α
2351 389 2685 446 renascimur
2709 389 2760 446 in
2781 391 3106 458 libertatem,
3127 393 3260 450 sicut
3279 403 3330 451 ct
3347 395 3458 464 ipsa
3483 394 3620 452 libers
3639 409 3712 456 est.
3731 399 3814 460 lira

646 496 764 552 lore
795 487 1016 546 consilii
1043 485 1306 542 reformat
1327 498 1425 540 eos
1456 483 1512 539 in
1539 481 1842 538 Christum.
1867 481 2254 554 Concipieutes

647 591 798 646 enim
823 588 1008 654 fidem,
1033 592 1086 640 et
1108 597 1330 640 sensum
1353 580 1479 638 fidei
1503 581 1730 636 minime
1750 579 2118 644 advertentcs,
2145 577 2248 633 lor-

647 693 854 741 matum
887 681 1160 738 Christum
1192 679 1246 734 in
1278 677 1478 734 animis
1501 677 1616 734 suis
1643 685 1910 746 negantur
1939 675 2174 740 habere;
2205 672 2254 729 si

643 781 790 839 enim
822 777 1226 834 intellexissent
1254 775 1485 846 gratiam
1513 771 1610 828 Dei
1655 771 1708 827 in
1741 770 1985 838 Christo,
2035 773 2161 840 post
2189 767 2254 822 li-

643 877 767 934 dem
797 875 851 930 iu
879 873 1212 945 jndaismum
1243 869 1548 926 trattsddcli
1577 883 1688 924 non
1719 873 1926 924 essent.

713 967 900 1041 (Vers.
927 965 1045 1036 20.)
1091 963 1289 1020 Vellem
1334 973 1506 1019 autem
1535 977 1762 1031 praesens
1790 976 1902 1016 esse
1945 973 2081 1014 nunc
2109 957 2254 1028 apud

641 1083 752 1131 vus,
778 1075 822 1121 et
867 1065 1257 1117 mutareroceut
1295 1075 1494 1124 meam;
1523 1057 1646 1128 quia
1685 1054 1981 1126 confundor
2005 1054 2058 1108 iu
2083 1053 2248 1106 vobis.

643 1170 670 1200 α
694 1160 946 1216 Praesens
972 1157 1092 1212 vult
1113 1169 1344 1224 arguere
1367 1153 1588 1223 illos,.ut
1616 1161 1790 1206 mutet
1805 1163 1994 1204 vocem
2007 1162 2160 1202 suam
2183 1145 2252 1201 de

637 1253 803 1313 laude
839 1253 894 1308 in
939 1249 1391 1323 vituperationem
1438 1263 1654 1316 eorum,
1695 1255 1756 1302 ut
1797 1244 2002 1316 duplici
2049 1257 2252 1312 genere

641 1346 1067 1410 confundantur,
1100 1355 1154 1401 et
1183 1343 1252 1400 de
1282 1357 1474 1398 errore
1501 1356 1620 1408 suo,
1665 1351 1718 1396 et
1745 1338 1950 1394 rubore
1975 1335 2250 1406 Apostoli,

643 1457 807 1514 quem
841 1439 1152 1512 patiebatur
1185 1439 1330 1508 apud
1355 1450 1476 1502 eos,
1516 1434 1712 1506 quibus
1741 1431 1866 1486 illos
1913 1429 2251 1501 prtetulerat.

716 1535 902 1609 (Vere.
927 1535 990 1590 ‘21
1007 1575 1022 1600 ,
1045 1533 1165 1604 22.)
1195 1531 1362 1587 Dicite
1379 1531 1529 1595 mihi,
1553 1529 1640 1600 qui
1667 1527 1760 1583 sub
1784 1525 1919 1599 Lege
1945 1525 2098 1579 uultis
2121 1537 2248 1590 esse,

643 1633 834 1706 Legem
871 1647 972 1686 non
1002 1627 1238 1700 legistis?
1271 1626 1534 1698 Scriptum
1561 1633 1632 1677 est
1663 1623 1796 1676 enim
1823 1621 1948 1690 quia
1991 1617 2252 1672 Abraham

645 1727 776 1781 duos
807 1724 944 1794 ﬁlios
973 1719 1214 1774 habuerit
1247 1735 1263 1772 :
1293 1734 1452 1772 unum
1481 1716 1542 1770 de
1569 1714 1783 1778 ancilla,
1819 1723 1868 1766 et
1905 1727 2063 1765 unum
2092 1709 2154 1762 de
2185 1708 2248 1762 li-

2357 492 2414 538 et
2427 483 2670 540 caelestis
2685 484 2904 555 dicitur,
2925 491 3046 558 quia
3063 488 3260 545 caelum
3282 489 3437 545 sedes
3451 490 3557 559 ejus
3575 501 3710 550 est:et
3725 511 3815 568 quos.

2353 587 2600 648 generat,
2629 579 2704 634 ibi
2736 589 2896 636 erunt
2925 593 3044 636 cum
3077 597 3166 648 ea,
3191 585 3332 640 sicut
3359 585 3484 640 dicit
3505 585 3726 645 Dﬂlllllltlsz
3747 591 3816 647 Pa.

2357 680 2454 738 ter,
2484 688 2614 742 quos
2639 673 2828 730 dedisti
2859 676 3008 744 mihi,
3039 677 3156 732 uolo
3183 679 3348 732 utubi
3375 687 3467 749 ego
3495 681 3629 750 [ια-ο,
3649 693 3684 737 et
3703 683 3738 739 lti
3757 687 3820 740 sint

2355 769 2554 848 uiuunt
2583 764 2767 840 (Joan.
2817 779 2953 836 xm,
2983 767 3097 842 24).
3133 769 3262 826 Huc
3289 781 3370 826 est
3415 779 3466 827 et
3495 773 3620 840 vita;
3649 777 3735 846 quia
3757 777 3820 832 im-

2357 861 2686 918 mortalitate
2715 861 3011 932 donantur,
3045 865 3138 936 qul
3163 865 3446 921 credentes
3471 859 3744 924 iusseruntet
3763 885 3822 942 per

2354 969 2498 1008 eam.
2541 953 2632 1012 Sic
2673 955 2875 1012 etenim
2905 956 2978 1014 de
3023 955 3256 1014 Domino
3301 958 3499 1014 dictum
3527 967 3596 1016 est
3611 962 3820 1034 quisque!

2352 1047 2546 1117 factum
2573 1061 2646 1102 est
2677 1049 2732 1102 in
2759 1050 2896 1119 ipso,
2929 1051 3034 1104 rita
3061 1061 3158 1106 est.
3193 1049 3340 1106 διατι
3367 1053 3496 1106 enim
3521 1051 3810 1108 Patulcius

2355 1147 2480 1204 tam,
2509 1140 2582 1194 ita
2613 1139 2754 1194 dedit
2781 1151 2826 1195 et
2859 1139 3002 1196 Filio
3030 1143 3208 1210 ritum,
3241 1151 3286 1196 et
3311 1144 3416 1197 vita
3441 1155 3540 1198 erat
3561 1143 3634 1198 las
3657 1147 3822 1200 homines

2353 1229 2536 1302 (Joan.
2565 1249 2620 1297 v,
2647 1233 2762 1304 26).
2796 1233 2920 1290 llaec
2943 1234 3052 1290 vita
3083 1243 3140 1291 et
3167 1235 3258 1291 lu:
3291 1245 3464 1291 mater
3493 1236 3686 1294 fidelium
3703 1251 3770 1295 est.
3791 1243 3822 1296 lt

2357 1323 2518 1380 Esaia
2545 1323 2650 1382 hoc
2679 1327 2938 1393 habetur,-
2975 1329 3118 1398 quod
3145 1329 3452 1399 subjectum
3483 1337 3586 1386 est:

2430 1420 2610 1492 (Vers.
2635 1421 2754 1494 Ξῖ.)
2775 1422 3039 1496 Scriptum
3058 1435 3134 1480 est
3153 1426 3288 1480 enim
3313 1443 3332 1480 :
3363 1426 3572 1495 Lat-ture,
3593 1429 3746 1492 sterilis,
3761 1447 3826 1496 qm?

2355 1531 2456 1570 non
2487 1518 2628 1586 paris
2655 1535 2675 1572 :
2709 1534 2924 1591 erumpe
2955 1529 3004 1575 et
3041 1521 3234 1588 clama,
3271 1535 3388 1592 qua:
3415 1537 3516 1578 uou
3543 1525 3826 1594 parturit;un

2355 1609 2506 1662 utulti
2535 1610 2636 1679 ﬁlii
2659 1610 2896 1680 desertae,
2927 1615 3096 1682 magis
3127 1629 3282 1682 quam
3309 1617 3445 1688 ejus,
3473 1631 3576 1686 qste
3599 1615 3826 1672 ltabtlrinta

2355 1702 2526 1773 (Esai.
2559 1720 2667 1768 Ltv,
2697 1705 2776 1776 2).
2807 1706 2960 1762 Hanc
2987 1715 3260 1764 terrenam
3291 1709 3610 1766 Hierusalem
3631 1711 3750 1766 virum
3771 1711 3826 1764 lu-

641 1819 784 1873 bera.
818 1817 934 1871 Hoc
965 1813 1020 1868 in
1063 1811 1264 1868 Genesi
1301 1810 1554 1875 habetur,
1585 1807 1712 1878 quia
1746 1817 1870 1860 cum
1911 1805 2044 1860 Sara
2085 1811 2249 1872 genc-
2285 1803 2332 1862 B
2361 1797 2492 1854 bere
2537 1799 2710 1866 dicit;
2761 1802 2885 1872 quia
2916 1803 3216 1858 secundum
3245 1797 3466 1860 carnem
3507 1799 3689 1875 gestiat
3711 1821 3720 1858 :
3742 1805 3826 1858 illia

643 1929 768 1970 rare
811 1927 920 1968 non
955 1915 1164 1980 posset,
1205 1915 1323 1962 erat
1355 1905 1502 1961 enim
1534 1902 1764 1968 sterilis;
1807 1903 1950 1971 Agar
1993 1898 2250 1952 ancillam

641 2022 800 2064 suam
841 2003 1040 2060 obtulit
1079 2001 1200 2056 viro
1247 2015 1348 2054 suo
1397 1997 1630 2053 Abrahae
1676 1996 1728 2050 in
1761 1992 2156 2058 concubinam;
2197 1998 2254 2046 ut

641 2099 790 2174 quod
817 2106 1165 2170 generasset,
1199 2093 1490 2164 adoptaret
1535 2089 1661 2146 sibi.
1689 2087 1782 2145 Sic
1811 2085 2010 2142 factum
2059 2091 2164 2152 est,
2197 2091 2254 2139 ut

641 2199 712 2255 de
741 2199 884 2267 Agar
906 2201 1228 2250 nasceretur
1257 2188 1472 2245 lstnael.
1499 2187 1628 2242 Post
1651 2195 1830 2240 autem
1857 2191 1988 2238 nutu
2009 2183 2106 2238 Dei
2129 2195 2255 2252 pro-

641 2291 843 2347 missus
871 2297 952 2343 est
985 2283 1222 2342 Ahraha:
1273 2282 1415 2336 filius
1445 2279 1514 2336 de
1547 2280 1684 2336 Sara
1719 2287 1890 2334 usore
1939 2277 2078 2346 ejus,
2132 2290 2253 2346 qua:

583 2393 588 2397 '
641 2389 758 2437 erat
785 2377 990 2434 sterilis
1025 2395 1038 2432 :
1071 2375 1190 2430 haec
1232 2371 1446 2444 peperit
1481 2371 1722 2426 Abrahae
1751 2369 1922 2425 Isaac.
1959 2368 2114 2423 Tunc
2143 2381 2254 2422 ca:-

639 2476 720 2546 pit
747 2473 1027 2530 Abraham
1056 2470 1194 2528 duos
1223 2469 1429 2524 habere
1464 2467 1630 2532 ﬁlios,
1663 2481 1828 2522 unum
1853 2464 1921 2520 de
1949 2463 2169 2532 ancilla,
2199 2471 2255 2519 et

639 2577 809 2624 uutnn
839 2567 908 2622 de
939 2566 1136 2622 libera.

709 2663 897 2736 (Vers.
929 2661 1023 2726 25,
1055 2657 1175 2730 ‘24.)
1211 2657 1316 2714 Sed
1339 2657 1382 2710 is
1404 2653 1716 2726 quidemqui
1743 2655 1806 2708 de
1827 2653 2041 2717 ancilla,
2065 2647 2254 2706 Serua?

641 2756 766 2810 dum
787 2769 996 2809 carnem
1020 2761 1176 2806 natus
1203 2759 1280 2804 est
1305 2765 1318 2802 :
1348 2749 1433 2818 qui
1460 2759 1632 2802 autem
1661 2749 1724 2802 de
1747 2748 1930 2812 libera,
1959 2762 2048 2816 per
2071 2759 2251 2814 repro-

644 2849 978 2914 missiouem;
1004 2861 1120 2917 qua:
1149 2851 1272 2898 sunt
1295 2859 1386 2913 per
1408 2841 1714 2913 allegoriam
1735 2839 1895 2896 dicta.
1921 2838 2140 2905 lanael,
2163 2839 2252 2908 qui

642 2959 712 3000 ex
739 2942 937 2996 ancilla
969 2941 1113 3010 Agar
1149 2945 1308 2994 natus
1338 2945 1444 3004 est,
1479 2935 1776 2992 secundum
1807 2937 2028 2989 carnem
2055 2941 2250 2996 natus;

645 3039 774 3110 quia
824 3037 980 3108 juxta
1029 3033 1480 3090 consuetudinem
1537 3035 1698 3086 natus
1741 3039 1870 3086 est:
1931 3029 2078 3082 Isaac
2125 3041 2255 3080 vero

646 3131 675 3170 ι)
698 3133 822 3203 quia
855 3145 952 3201 per
981 3126 1494 3198 repromissiouem,
1522 3141 1630 3180 non
1643 3122 2256 3179 srcuudumconsuctu-

2357 1903 2538 1947 autem
2561 1893 2840 1950 caelestem
2871 1895 3234 1964 Hierusalem,
3261 1913 3424 1968 quam
3449 1897 3570 1953 dicit
3589 1893 3754 1953 matrem
3769 1913 3827 1951 ss-

2357 1992 2548 2052 stram,
2587 1987 2834 2046 sterilem
2863 1989 3138 2060 appellat;
3183 1991 3308 2060 quia
3337 2005 3448 2046 non
3485 1991 3612 2062 parit
3639 1991 3828 2046 secundum

2355 2093 2598 2147 carnem,
2633 2095 2732 2135 nec
2759 2081 2984 2138 dolores
3015 2084 3238 2153 patitur,
3272 2087 3376 2140 hoc
3419 2095 3520 2152 est,
3563 2099 3648 2140 non
3671 2087 3828 2155 parturit.

2357 2173 2597 2230 General
2639 2187 2820 2231 autem
2861 2178 2982 2233 sine
3011 2178 3266 2247 passione
3302 2180 3606 2248 spiritaliter
3627 2180 3828 2234 exclamas

2357 2265 2412 2321 in
2439 2265 2660 2334 laetitia;
2692 2267 2816 2338 quia
2843 2268 3062 2324 deserta
3087 2269 3382 2342 aliquando
3411 2271 3462 2342 (a
3493 2285 3590 2342 quo
3609 2269 3830 2332 antemnis

2355 2358 2424 2414 ab
2446 2357 2640 2423 Adam,
2664 2361 2754 2430 qui
2779 2359 2996 2416 deserta
3021 2361 3128 2416 vita
3149 2373 3376 2418 secutus
3407 2375 3488 2418 est
3511 2363 3828 2432 ntsrtem),nuu

2357 2453 2543 2522 plures
2577 2453 2715 2508 filios
2753 2454 2936 2522 habet,
2981 2461 3142 2526 quam
3175 2457 3295 2513 haec
3323 2473 3446 2528 qua:
3473 2459 3616 2514 habet
3649 2453 3828 2524 viium,ié

2355 2557 2462 2611 εει,
2493 2562 2614 2616 qua:
2640 2550 2938 2604 carnaliter
2961 2561 3206 2620 generat.
3237 2551 3410 2606 Multo
3441 2553 3575 2608 enim
3597 2547 3734 2622 plures
3760 2561 3830 2604 sua

2353 2638 2653 2694 Christiani
2707 2641 2945 2708 Judzeis,
2979 2642 3122 2699 sicut
3164 2645 3364 2700 dicitur
3407 2647 3460 2700 in
3488 2642 3830 2718 Apetalypsi:£:

2355 2733 2458 2788 uidi
2487 2733 2690 2788 turbam
2719 2749 2961 2808 magnam
2981 2780 2996 2806 ,
3047 2749 3200 2811 quam
3233 2737 3554 2797 rliutnlterttre
3575 2753 3694 2797 uento
3713 2747 3830 2810 potest

2359 2844 2425 2882 ett
2455 2830 2596 2882 omni
2625 2830 2761 2883 tribu
2789 2839 2840 2885 et
2867 2840 3018 2902 gente
3043 2833 3228 2904 (Apoc.
3261 2849 3354 2902 vn,
3387 2835 3466 2905 9).

2429 2921 2610 2992 (Vers.
2636 2921 2754 2994 28.)
2785 2923 2886 2978 Vos
2911 2935 3101 2994 autem,
3129 2931 3340 2996 fratres,
3365 2919 3626 2984 secundum
3647 2927 3832 2996 Itddt‘pi'e-

2355 3013 2614 3068 missionis
2637 3016 2736 3084 filii
2765 3019 2908 3072 estis.
2933 3017 3046 3074 Hoc
3075 3027 3156 3074 est
3187 3033 3292 3076 non
3321 3024 3500 3078 curuis
3521 3023 3642 3078 ﬁlios
3661 3033 3762 3084 esse,
3779 3017 3832 3074 sal

2357 3107 2487 3174 Dei;
2523 3111 2648 3178 quia
2680 3109 2830 3166 Isaac
2862 3113 2916 3166 in
2943 3121 3126 3185 typum
3155 3125 3314 3172 natus
3347 3125 3430 3172 est
3457 3118 3570 3173 Filil
3593 3117 3670 3172 Dei
3692 3113 3832 3168 :rlrait

645 3199 869 3288 dinem,
893 3223 988 3281 sed
1023 3220 1326 3279 secundum
1355 3217 1754 3291 providentiam
1803 3215 1900 3272 Dei
1931 3217 2130 3270 virtute
2161 3229 2254 3269 na-
2279 3199 2326 3264 C
2359 3215 2454 3256 eos
2489 3202 2902 3275 subittlelligerc
2931 3207 3054 3276 quia
3083 3206 3210 3262 facti
3239 3210 3332 3264 [Illi
3367 3211 3485 3277 υθίε
3515 3209 3718 3266 conversi
3747 3215 3834 3268 tum.

645 3328 732 3374 tus
752 3331 868 3384 est;
896 3317 1096 3388 quippe
1116 3331 1242 3371 cum
1271 3315 1405 3369 Sara
1437 3323 1491 3368 et
1521 3327 1658 3366 anus
1689 3319 1914 3366 essetet
1943 3309 2168 3364 sterilis.
2194 3308 2252 3363 In

647 3425 832 3486 typum
863 3411 1008 3468 enim
1037 3409 1242 3466 Christi
1289 3417 1446 3463 natus
1484 3413 1570 3460 est
1605 3405 1788 3466 Isaae;
1833 3402 1960 3458 ideo
2005 3401 2120 3456 hate
2159 3415 2254 3472 per

643 3507 964 3578 allegoriam
996 3504 1196 3562 asserit
1221 3501 1365 3558 dicta
1385 3541 1400 3567 ,
1431 3509 1491 3554 ut
1515 3497 1662 3552 aliud
1714 3513 1776 3552 ex
1809 3496 1917 3551 alio
1947 3495 2255 3564 significent

645 3616 894 3672 personae
920 3599 1116 3654 lsmael
1146 3605 1202 3654 et
1229 3595 1400 3650 Isaac.
1433 3591 1628 3647 lsmael
1659 3590 1804 3646 enim
1835 3587 2148 3644 Judzeorum
2181 3589 2254 3644 si—

639 3695 864 3765 gnificat
882 3691 1242 3753 nativitatem,
1268 3685 1350 3740 vcl
1375 3699 1564 3740 eorum
1585 3683 1678 3754 qui
1695 3681 1834 3737 servi
1859 3681 2064 3751 peccati
2089 3689 2252 3736 sunt:

639 3788 794 3845 Isaac
823 3803 955 3844 vero
982 3783 1434 3846 Christianorum,
1479 3779 1605 3850 quia
1652 3779 1703 3832 in
1739 3777 1990 3832 libertate
2023 3785 2255 3829 nascun-

643 3885 764 3946 tur;
801 3879 937 3934 liber
964 3875 1110 3933 enim
1165 3873 1244 3940 ﬁt,
1286 3870 1382 3939 Qui
1409 3869 1610 3940 accipit
1641 3867 2022 3925 remissionem
2058 3873 2252 3936 pecea-

648 3983 826 4029 torum
840 4011 852 4026 .

718 4067 862 4122 Nam
900 4065 1007 4119 haec
1049 4069 1171 4118 sunt
1200 4059 1304 4113 duo
1351 4057 1698 4112 Testamenta.
1731 4055 1945 4126 Moyses
1977 4053 2254 4124 accipiens

645 4159 964 4232 sanguinem
986 4155 1141 4212 vituli
1163 4154 1218 4209 in
1237 4160 1474 4216 cratera,
1498 4149 1734 4220 aspersit
1753 4149 2008 4220 pepulere
2033 4147 2248 4202 dicens:

651 4254 752 4310 llic
775 4261 848 4307 est
874 4249 1086 4321 sanguis
1113 4243 1442 4311 Testamenti,
1471 4241 1606 4313 quod
1637 4239 1895 4310 disposuit
1919 4237 2062 4294 Deus
2078 4239 2145 4293 ad
2165 4255 2253 4294 ros

650 4347 848 4421 (Exod.
881 4360 1029 4410 xxiv,
1063 4341 1141 4413 8).
1185 4341 1298 4394 Hoc
1330 4348 1414 4394 est
1445 4336 1585 4406 quod
1629 4335 1766 4392 dixit
1795 4355 1807 4389 :
1843 4334 2014 4390 Unum
2047 4335 2254 4404 quidem

648 4461 682 4497 a
711 4447 880 4496 monte
925 4435 1080 4503 Sina,
1111 4435 1163 4488 in
1196 4433 1489 4488 servitutem
1519 4445 1792 4504 geuerans,
1825 4437 1939 4501 qua:
1983 4439 2058 4483 est
2089 4427 2248 4501 Agar.

649 4536 762 4594 Lex
787 4532 932 4590 enim
961 4529 1016 4588 in
1047 4539 1233 4586 monte
1262 4527 1390 4584 Sina
1413 4525 1537 4581 data
1559 4535 1661 4591 est,
1687 4539 1848 4595 quam
1877 4523 2090 4596 Moyses
2121 4524 2255 4579 rcci-

2360 3303 2414 3348 ut
2445 3303 2632 3352 essent
2675 3295 2768 3352 lilii
2811 3299 2994 3356 carnis
3025 3317 3038 3353 :
3069 3301 3114 3357 si
3156 3317 3288 3357 vero
3317 3303 3638 3376 resipiscam;
3667 3307 3754 3358 sust
3781 3299 3834 3352 illi

2361 3388 2479 3443 Dei.

2431 3481 2612 3552 (Vers.
2646 3483 2762 3556 29.)
2791 3485 2898 3540 Sed
2917 3489 3172 3553 quoude
3197 3499 3318 3544 tunc
3339 3492 3428 3562 qui
3453 3491 3832 3547 secundumest!!!

2357 3586 2508 3630 natus
2537 3578 2726 3646 fuerat,
2771 3583 3168 3652 persequebatur
3198 3603 3336 3652 eum,
3377 3589 3464 3658 qui
3495 3585 3725 3642 stultitiam
3745 3583 3834 3650 stis-

2357 3686 2500 3744 ιιιηι;
2525 3679 2594 3732 ita
2614 3691 2661 3734 et
2682 3695 2839 3736 nunc.
2865 3681 2980 3736 Non
3003 3683 3176 3738 solum
3203 3683 3398 3740 lsmael
3423 3685 3684 3742 seu“qu
3697 3691 3832 3738 carnem

2359 3783 2519 3830 natus
2552 3783 2660 3842 est,
2690 3777 2786 3832 sed
2815 3785 2868 3832 et
2891 3779 3060 3844 Esau;
3083 3779 3207 3850 quia
3233 3791 3284 3834 et
3315 3781 3431 3850 ipse
3461 3783 3510 3836 in
3539 3777 3690 3852 populi
3709 3769 3834 3831 ,1ηάπέξέ

2357 3877 2544 3941 typum
2575 3881 2734 3927 tratus
2758 3881 2861 3927 est.
2887 3871 2964 3926 De
2991 3887 3098 3943 quo
3125 3873 3178 3928 in
3211 3873 3475 3930 Halat-hia
3499 3875 3714 3945 propheta
3737 3865 3835 3932 strip-

2359 3971 2470 4020 tum
2501 3975 2586 4020 eet
2609 3981 2622 4018 :
2648 3962 2814 4019 Jacob
2853 3965 3038 4030 dilexi,
3071 3963 3214 4022 Esau
3245 3981 3361 4022 rere
3390 3969 3527 4022 adiri
3558 3965 3770 4040 (Malim,
3791 3957 3834 4018 5!.

2357 4057 2456 4113 Hic
2485 4060 2915 4130 persequebatur
2945 4060 3136 4125 laeui),
3161 4063 3250 4132 qui
3283 4061 3336 4116 in
3371 4063 3552 4133 populi
3577 4047 3834 4116 ebris‘tianili-

2359 4165 2490 4222 gura
2521 4161 2702 4220 natus,-
2735 4161 2958 4209 vocatus
2987 4165 3070 4210 est
3100 4155 3291 4222 Israel,
3315 4158 3419 4213 ho‘c
3441 4165 3543 4225 est,
3573 4155 3704 4210 notae
3723 4145 3834 4204 ridens

2357 4245 2528 4302 Deum
2559 4245 2719 4320 (Gen.
2751 4265 2918 4316 xxm,
2944 4247 3059 4321 41).
3087 4251 3356 4308 Similiter
3384 4261 3438 4309 'ct
3465 4251 3657 4309 ludius
3677 4239 3836 4318 perlini-

2357 4337 2500 4394 diam
2551 4340 2804 4411 persequi
2852 4341 3182 4412 significavit
3228 4342 3590 4409 Christianos;
3631 4337 3736 4396 unde
3766 4331 3834 4387 diu

2356 4441 2524 4503 Opera
2549 4432 2768 4488 Galatas
2795 4441 3104 4490 everterant
3127 4438 3336 4492 carnali
3363 4435 3575 4494 aetatis.-

2435 4525 2615 4590 lVel's.
2661 4525 2780 4598 '50.)
2823 4529 2930 4584 Sed
2961 4531 3086 4601 quid
3115 4532 3242 4585 dicit
3271 4532 3584 4604 Scriptura!
3607 4529 3724 4604 Ejite
3739 4515 3833 4578 anal-

649 4642 768 4687 tans
801 4625 1023 4700 populo,
1059 4625 1257 4682 librqu
1289 4622 1434 4676 hunc
1476 4619 1812 4676 Testamenti
1853 4621 2167 4690 appellavit,-
2199 4627 2254 4675 ct
2279 4609 2332 4670 D
2359 4619 2484 4686 lant,
2515 4629 2562 4674 et
2589 4621 2758 4690 ﬁlium
2783 4627 2930 4695 ejus;
2955 4635 3060 4678 non
3088 4626 3230 4679 enim
3259 4625 3426 4682 narres=
3455 4628 3548 4682 erit
3575 4623 3690 4696 ﬁlius
3709 4611 3833 4672 αικῖἰίίῖ

648 4732 777 4780 tunc
797 4719 1026 4792 aspersit
1055 4717 1310 4789 populum
1343 4715 1626 4785 sanguine,
1659 4713 1802 4769 sicut
1831 4713 1965 4768 dixi.
1993 4712 2119 4768 Haec
2138 4712 2251 4768 Lex

646 4831 774 4872 reos
805 4814 980 4871 tenuit
1010 4819 1345 4883 peccatores,
1392 4815 1448 4864 et
1477 4817 1760 4878 cas-petunt
1789 4807 1931 4862 servi
1975 4820 2094 4863 esse
2124 4821 2252 4878 pec-

645 4913 774 4978 cati,
810 4910 933 4965 facti
966 4905 1228 4977 lilii'Agar
1249 4903 1404 4975 quasi
1435 4901 1670 4957 ancillae.

717 5005 884 5081 226
921 5003 1102 5078 (Vers.
1136 4999 1256 5071 25'.)
1287 4999 1420 5056 Sina
1451 5007 1620 5052 autem
1663 5013 1810 5052 mons
1839 5007 1912 5053 est
1951 4999 2002 5052 in
2031 4998 2246 5067 Arabia,

639 5101 728 5172 qui
744 5095 1080 5170 conjungitur
1103 5092 1242 5160 huic,
1264 5107 1378 5162 qua:
1398 5107 1535 5144 nunc
1551 5099 1626 5144 est
1649 5088 2002 5158 Hierusalem,
2025 5093 2248 5148 serviens

637 5213 755 5250 cum
779 5193 904 5262 ﬁliis
929 5190 1056 5246 suis.
1083 5187 1312 5242 Causam
1337 5187 1480 5255 Agar
1504 5185 1812 5256 significare
1835 5185 1966 5241 dicit
1991 5186 2244 5243 Hierusa-

635 5289 745 5344 lem
777 5295 1072 5350 terrenam,
1103 5279 1156 5336 id
1175 5287 1275 5348 est,
1301 5279 1662 5351 Synago’gam,
1695 5294 1815 5348 qua:
1841 5279 1894 5334 in
1921 5281 2244 5337 servitutem

637 5393 893 5452 generat;
926 5393 1062 5451 quos
1095 5375 1239 5432 enim
1267 5385 1512 5446 generat,
1543 5376 1645 5430 sub
1675 5381 1900 5446 peccato
1933 5387 2082 5432 sunt.

713 5472 893 5543 (Vers.
924 5471 1046 5543 26.)
1083 5469 1186 5525 llla
1214 5477 1386 5522 autem
1413 5483 1528 5538 qua:
1555 5483 1758 5522 sursum
1787 5478 1858 5521 est
1890 5467 2239 5538 Hierusalem,

637 5565 799 5621 libera
831 5565 908 5624 est
935 5580 954 5620 :
979 5577 1094 5638 qua:
1119 5567 1194 5620 est
1217 5567 1381 5618 mater
1409 5565 1609 5616 nostra.
1644 5561 1790 5626 Hice,
1817 5575 1980 5632 quam
2011 5565 2240 5621 matrem

635 5667 876 5715 nostram
900 5657 1051 5728 dicit,
1076 5657 1260 5729 regula
1283 5651 1622 5728 estmyslerii
1649 5649 1936 5724 Dominici,
1962 5671 2058 5727 per
2077 5665 2239 5730 quam

698 5855 728 5892 α
766 5855 930 5918 Rom.
957 5851 1116 5924 cuiu,
1143 5851 1388 5936 Prusias,
1415 5851 1522 5934 vult
1548 5861 1700 5926 agere
1729 5867 1843 5914 cum
1875 5843 2004 5914 ηαδ.

2353 4727 2471 4768 cum
2498 4715 2608 4784 ﬁlia
2641 4729 2750 4771 meo
2781 4715 2956 4772 Isaac.
3001 4717 3128 4775 Haec
3155 4719 3324 4777 verba
3369 4721 3519 4779 Sara:
3544 4725 3666 4782 sunt,
3692 4719 3832 4784 quttll‘

2353 4825 2482 4889 pum
2513 4817 2677 4875 habet
2703 4819 3042 4877 Hierusalem
3072 4821 3336 4888 cmlestis,
3372 4823 3438 4879 de
3477 4815 3834 4895 promissionegt'

2354 4927 2554 4968 nerans
2594 4911 2776 4978 Isaac;
2811 4923 2866 4969 ut
2910 4915 3086 4984 ejecta
3129 4913 3240 4972 lilio
3270 4916 3504 4985 ancillas,
3549 4915 3596 4971 id
3621 4901 3831 4975 (‘5',Jlldzﬁl

2353 5007 2577 5077 populo,
2613 5007 3011 5064 incredulitatis
3040 5015 3207 5065 cadsa
3234 5007 3448 5080 ilhjecto
3475 5007 3622 5080 (servi
3642 4999 3747 5060 enim
3763 5005 3832 5066 Ρη*

2356 5101 2462 5156 cati
2485 5111 2632 5171 sant,
2661 5105 2857 5175 quibus
2885 5103 3011 5161 data
3041 5107 3294 5163 remissio
3311 5117 3638 5178 peccatorum
3659 5097 3735 5156 utili
3757 5089 3831 5178 esti.

2354 5191 2530 5252 hzercs
2553 5197 2622 5253 sit
2647 5197 2791 5254 illius
2815 5199 3000 5256 liberm
3029 5191 3169 5256 illius
3193 5177 3531 5259 Hierusalem
3552 5193 3760 5268 ﬁliiﬁlii-Tr
3779 5177 3836 5254 tl“1

2353 5299 2437 5343 est
2465 5289 2693 5358 pupulas
2721 5307 2901 5346 novus
2923 5293 3076 5363 regni
3109 5293 3398 5352 ctelorum.

2425 5381 2735 5456 (Vers.51.)
2752 5381 2934 5457 Itaque
2951 5393 3053 5441 ltolt
3079 5393 3260 5442 sumus
3281 5389 3488 5444 ancilla;-
3505 5385 3608 5459 ﬁlii,
3627 5371 3834 5438 sedliberr.

2351 5491 2455 5544 qua
2481 5476 2712 5534 libertate
2743 5477 2976 5536 Christus
3024 5499 3116 5536 nos
3147 5483 3402 5538 liberavit.
3432 5484 3636 5541 Fuimus
3652 5475 3762 5549 igitur
3777 5478 3840 5520 at"

2350 5567 2489 5624 Cllltﬁ
2521 5561 2638 5640 lilii,
2664 5567 2793 5628 dam
2817 5575 3054 5644 peccatis
3076 5591 3294 5634 eramus
3322 5577 3568 5635 obnoxii:
3590 5571 3672 5632 sed
3697 5563 3847 5634 accepla
3894 5561 3895 5610 ἒ

2351 5663 2676 5724 remissione
2710 5680 3062 5738 peccatorum
3093 5685 3120 5728 a
3149 5669 3396 5740 Christo,
3439 5669 3642 5730 liberati
3665 5675 3816 5723 sumus.

2342 5858 2367 5899 δ
2410 5863 2576 5926 Abest
2603 5883 2634 5926 a
2665 5883 2798 5931 mss.
2837 5869 3184 5950 quibusdam,
3219 5873 3340 5948 quia
3363 5869 3455 5952 per
3483 5851 3827 5948 νερνοηιέεὸἱοηεωι
