3978 6310
86 319 181 376 56ῗὶ

697 424 922 483 CAPUT
954 424 1017 479 ν.

151 529 322 599 (Vers.
355 525 426 594 Ι.)
453 523 598 580 State
627 535 764 592 ergo,
789 529 834 573 et
863 517 1018 573 nolite
1040 517 1220 571 iterum
1247 515 1506 571 seruitutis
1526 519 1659 589 jngo

87 621 335 679 contineri.
368 615 632 674 Standum
679 623 860 670 monet
891 613 941 666 in
973 620 1196 682 accepta
1228 611 1426 681 gratia,
1461 617 1521 664 ut
1553 621 1660 664 non

1010 293 1507 358 COMMENTARIA
1549 295 1616 353 IN
1656 289 1875 354 EI’lST.
1919 295 2012 354 AD
2052 295 2392 358 GALA'I‘AS.

3260 307 3369 370 566

1683 417 1734 479 Α
1759 432 1898 482 eum,
1926 418 1980 471 in
2001 418 2186 488 spiritu
2206 419 2477 477 etverilate
2489 419 2712 476 adorare
2728 431 2924 492 oportet
2945 422 3129 494 (toan.
3148 439 3224 492 tv,
3246 426 3369 500 24).

1764 513 1842 568 Ac
1869 527 1965 584 per
1988 512 2092 570 hoc
2123 528 2299 585 neque
2329 516 2650 586 praeputium
2681 517 2826 573 valet
2851 519 3169 591 quidquam,
3198 536 3374 593 neque

1764 609 2110 667 circumcisio
2144 629 2156 664 :
2189 611 2286 667 sed
2316 610 2432 666 sola
2464 610 2599 668 ﬁdes
2629 627 2768 684 opus
2809 625 2890 670 est
2925 615 2976 670 iu
3005 615 3276 673 charitate
3305 617 3376 673 ad

88 717 359 773 redeuntes
379 711 444 768 ad
473 719 678 777 vetera,
701 708 954 764 amittant
974 705 1178 761 donum
1205 703 1495 772 libertatis,
1521 701 1665 775 quod
1761 701 2240 774 justiﬁcationem;
2287 703 2424 760 ﬁdes
2466 706 2610 761 enim
2642 706 2911 764 charitate
2944 707 3184 765 fraterna
3209 710 3376 768 debet

92 815 286 867 fuerant
307 805 605 863 consecuti.

154 905 330 975 (Vers.
361 900 442 972 2.)
471 900 607 956 Ecce
640 915 732 972 ego
774 896 976 953 Paulus
1007 897 1123 952 dico
1145 896 1308 964 vobis,
1345 896 1464 966 quia
1493 895 1536 949 si
1564 895 1667 949 cir-

93 996 456 1062 cumcidamini,
483 993 716 1050 Christus
744 993 885 1048 vobis
909 991 1040 1047 nihil
1063 991 1308 1061 proderit.
1337 991 1488 1045 Nunc
1512 1003 1668 1060 aper-

95 1105 153 1151 ta:
172 1092 408 1149 veritatis
427 1098 482 1148 et
507 1090 842 1146 auctoritatis
863 1103 976 1142 suae
997 1087 1102 1142 vim
1126 1103 1230 1141 non
1259 1096 1418 1149 tacet,
1449 1085 1666 1142 dicens:

94 1189 213 1244 Ecce
237 1203 327 1258 ego
351 1184 556 1240 Paulus
583 1183 699 1238 dico
729 1184 889 1248 robis,
923 1181 974 1237 id
1005 1193 1104 1250 est,
1137 1196 1237 1252 ego
1262 1181 1517 1251 magister
1541 1193 1669 1250 gen-

93 1283 234 1347 tium,
265 1279 418 1351 cujus
448 1291 582 1349 apus
613 1279 745 1332 estis
774 1277 824 1331 in
855 1274 1096 1342 Christo,
1131 1275 1306 1345 palam
1335 1273 1488 1330 vobis
1513 1273 1669 1328 dico:

97 1377 218 1444 Quia
244 1373 370 1429 nihil
400 1371 626 1444 proderit
655 1371 791 1427 robis
822 1369 1077 1436 Christus,
1111 1369 1152 1423 si
1187 1367 1629 1423 circumridamini
1655 1383 1672 1431 ;

98 1470 210 1539 Ipse
233 1469 375 1525 enim
421 1467 683 1522 Dominus
726 1465 800 1520 ait
843 1484 855 1519 :
899 1463 1009 1520 Lex
1043 1472 1090 1518 et
1121 1462 1384 1535 proli/retur
1411 1473 1571 1531 usque
1607 1460 1675 1513 ad

99 1562 366 1628 Joannem;
412 1575 475 1615 ea:
503 1576 599 1629 quo
631 1575 847 1631 regnum
877 1559 1120 1614 caelorum
1165 1555 1476 1628 pradicatur
1515 1554 1673 1626 (Luc.

103 1672 199 1720 xvi,
232 1653 340 1726 16).
375 1657 680 1724 Antequam
713 1668 842 1723 ergo
874 1665 1010 1706 nova
1044 1649 1311 1719 inciperet
1337 1646 1675 1719 praedicatio,

100 1750 318 1824 oportuit
357 1747 673 1805 circumcidi
711 1765 724 1801 :
768 1762 912 1802 nunc
952 1757 1135 1800 autem
1183 1743 1298 1814 lege
1339 1741 1463 1797 ﬁdei
1494 1757 1680 1798 succe-

1768 797 1990 865 muniri,
2033 806 2091 854 ut
2118 797 2382 869 perfectio
2413 798 2483 854 sit
2509 799 2802 858 credentis.
2838 801 3084 874 Denique
3127 803 3377 862 Salvator

1769 889 1910 963 quod
1942 891 2175 962 primum
2224 890 2539 947 mandatum
2579 902 2726 949 esset
2777 895 3137 968 interroganti
3184 897 3381 955 scriba:

1769 984 2057 1056 reSpondit
2090 1002 2104 1040 :
2139 981 2339 1057 Diliges
2361 981 2644 1040 Dominum
2665 984 2836 1042 Deum
2864 998 3006 1045 tuum
3039 1007 3102 1047 ex
3133 1000 3239 1048 toto
3267 1010 3382 1049 cor-

1773 1078 1839 1134 de
1870 1089 1976 1144 tuo,
2007 1087 2055 1134 et
2085 1095 2150 1134 ea:
2179 1087 2283 1134 tota
2319 1079 2493 1135 anima
2522 1088 2610 1134 tua
2640 1095 2658 1136 :
2689 1090 2736 1135 et
2758 1084 3049 1154 proximum
3077 1096 3222 1140 tuum
3250 1096 3382 1141 tam-

1773 1189 1925 1244 quam
1941 1183 1986 1228 te
2001 1174 2191 1242 ipsum.
2217 1170 2281 1228 In
2299 1171 2399 1241 his,
2419 1174 2618 1244 inquit,
2645 1173 2844 1230 duobus
2865 1176 3124 1232 mandatis
3150 1188 3256 1234 tota
3277 1177 3384 1235 Lex

1777 1267 1960 1339 pendet
2002 1279 2048 1322 et
2091 1267 2359 1339 prophetia
2393 1263 2608 1337 (Matth.
2640 1284 2774 1336 χχιι,
2807 1270 2876 1326 57
2909 1280 2956 1326 et
2991 1271 3144 1343 seq.).
3176 1271 3384 1344 Imper—

1777 1357 1917 1414 fecta
1976 1367 2102 1414 sunt
2142 1359 2328 1432 itaque
2379 1366 2611 1429 caetera,
2645 1361 2864 1433 quando
2929 1363 2985 1419 in
3038 1363 3123 1422 his
3170 1364 3386 1421 duobus

1780 1451 2051 1508 mandatis
2085 1451 2348 1523 perfectio
2380 1455 2715 1511 continetur.

1853 1546 2033 1616 (Vers.
2061 1547 2142 1620 7.)
2182 1546 2478 1605 Currebatis
2510 1549 2656 1618 bene,
2689 1551 2802 1621 quis
2831 1567 2919 1606 vos
2961 1553 3228 1625 impedivit
3257 1555 3393 1610 veri-

1785 1641 1876 1694 lati
1915 1657 2019 1695 non
2059 1642 2300 1698 obedire?
2337 1643 2676 1700 Exercitium
2714 1645 2934 1702 illorum
2979 1648 3032 1704 in
3074 1664 3238 1720 opera
3267 1643 3394 1707 ﬁdei

1786 1735 1989 1791 bonum
2015 1733 2186 1792 fuisse
2217 1743 2473 1805 testatur,
2512 1738 2608 1794 sed
2634 1741 2876 1810 nequitia
2917 1743 3184 1799 malorum
3220 1743 3392 1801 homi-

103 1848 270 1916 dcnte,
300 1859 362 1903 ea
390 1843 665 1916 sequenda
712 1854 860 1909 sunt,
893 1857 1014 1912 qua:
1062 1840 1214 1896 rudis
1254 1840 1451 1895 veritas
1489 1838 1676 1910 jubet;
1713 1825 1758 1888 Β
1789 1843 1913 1884 τιυηῖ
1948 1829 2238 1895 ἀϐῐοηιοεν
2286 1843 2354 1887 ne
2393 1845 2611 1888 cursum
2641 1837 2797 1890 Sillim
2839 1833 3086 1893 efﬁcaCia
3135 1855 3395 1910 perseve-

107 1943 218 2014 quia
246 1951 392 1998 vetus
423 1951 476 1995 et
510 1954 707 1994 novum
741 1934 1031 1991 admisceri
1061 1949 1164 1990 non
1196 1932 1418 1999 debent,
1450 1931 1686 1988 auctori-

107 2047 203 2092 tate
228 2033 438 2090 Domini
461 2031 838 2104 prmdicantis;
865 2030 942 2085 ait
963 2029 1144 2085 enim:
1173 2026 1340 2084 Nemo
1367 2027 1687 2082 additamen-

112 2137 204 2182 tum
239 2127 392 2197 panni
432 2125 578 2180 rudis
621 2125 782 2178 assuit
813 2125 1109 2178 vestimento
1149 2121 1340 2187 reteri;
1383 2121 1515 2175 tollit
1555 2120 1686 2174 enim

111 2221 436 2292 fortitudinem
486 2223 598 2293 ejus
627 2219 1000 2284 avestimento,
1048 2225 1093 2273 el
1141 2219 1309 2287 major
1360 2217 1414 2283 ﬁt
1464 2217 1689 2270 scissura

114 2314 305 2387 (.llatth.
336 2331 406 2379 rx,
443 2314 521 2382 6).
557 2315 634 2369 Ae
678 2329 773 2385 per
799 2312 905 2368 hoc
935 2327 1045 2367 non
1076 2312 1252 2368 solum
1285 2311 1417 2366 nihil
1453 2311 1695 2382 proderit

116 2407 244 2464 ﬁdeli
272 2407 445 2462 addita
475 2405 635 2479 227
667 2405 1034 2471 circumcisio,
1070 2405 1164 2460 sed
1197 2415 1248 2458 et
1279 2405 1480 2466 oberit;
1519 2402 1693 2474 majus

115 2500 241 2556 enim
269 2500 459 2554 malum
494 2510 577 2554 est
606 2513 671 2554 ex
701 2497 874 2554 libero
903 2513 1120 2553 servum
1156 2497 1292 2563 ﬁeri,
1328 2514 1486 2568 quam
1521 2496 1692 2552 nasci.

180 2592 345 2664 (Vers.
380 2591 457 2665 3.)
495 2589 770 2662 Tcstiﬁcor
809 2603 981 2646 autem
1009 2594 1147 2646 omni
1179 2589 1378 2646 homini
1422 2592 1694 2646 circumci-

121 2686 246 2741 denti
291 2702 362 2752 se,
396 2686 518 2757 quia
555 2685 758 2741 debitor
807 2695 882 2739 est
927 2683 1178 2738 universes
1226 2682 1378 2755 Legis
1422 2685 1693 2756 facientlte.

122 2779 330 2836 Possunt
357 2779 524 2852 aliqui
571 2779 770 2852 Legem
801 2780 1147 2849 aliquatenus
1189 2795 1435 2846 servare,
1488 2788 1543 2834 et
1586 2795 1696 2834 non

119 2873 410 2929 circumcidi
436 2891 448 2930 :
472 2890 597 2928 nam
620 2873 777 2928 multi
811 2871 1182 2927 Romanorum
1215 2872 1266 2927 in
1291 2869 1479 2927 Judzca
1512 2887 1700 2927 serva-

123 2964 446 3038 bantLegem
480 2965 874 3022 incircuutcisi.
910 2963 1064 3022 Unde
1093 2965 1223 3021 dicit
1247 2965 1447 3022 Paulus
1481 2977 1702 3036 aposto-

124 3059 196 3113 lus
221 3058 283 3114 ad
312 3058 602 3132 Agrippam
634 3073 817 3131 regem
843 3059 1045 3115 Iudaea:
1079 3076 1092 3114 :
1125 3059 1272 3127 Scio,
1311 3075 1403 3115 rex
1433 3059 1704 3132 Agrippa;

127 3153 272 3208 credis
300 3154 583 3227 praphctis,
626 3156 733 3210 scio
761 3156 882 3227 quia
912 3155 1082 3210 credis
1115 3154 1255 3226 (Act.
1309 3169 1458 3222 xxvr,
1489 3152 1603 3227 27).
1639 3155 1707 3210 Et

1790 1931 1965 1992 rante,
1994 1935 2458 1982 consummarent.
2493 1923 2650 1984 Unde
2679 1939 2736 1985 ut
2764 1931 3092 2002 resipiscant
3123 1933 3396 2003 hortatur,

1790 2017 1854 2073 de
1883 2028 2082 2075 caetero
2113 2019 2250 2074 nulli
2279 2031 2468 2076 eorum
2495 2021 2808 2090 credentes,
2839 2024 2926 2096 qui
2958 2029 3018 2080 ut
3045 2043 3208 2096 Opera
3239 2027 3401 2100 Legis

1789 2113 2060 2168 servanda
2083 2113 2401 2182 suaderent,
2423 2115 2752 2187 evangelica:
2777 2117 2994 2175 veritati
3021 2135 3130 2177 non
3153 2136 3247 2178 eos
3271 2121 3402 2179 obc-

1794 2205 1914 2263 dire
1936 2208 2213 2265 sinebant.

1867 2304 2052 2375 (Vers.
2089 2304 2174 2378 8.)
2210 2305 2402 2361 Suasio
2431 2319 2594 2362 rostra
2641 2327 2744 2364 non
2785 2319 2860 2364 cst
2901 2329 2932 2365 ιι
2973 2307 3102 2379 Deo,
3135 2312 3224 2382 qui
3261 2323 3405 2368 vocat

1795 2413 1901 2451 vos.
1943 2397 2142 2453 Verum
2176 2407 2282 2466 est,
2321 2398 2448 2468 quia
2479 2399 2717 2457 humano
2753 2402 2987 2458 consilio
3018 2401 3134 2459 lucc
3165 2406 3432 2476 agebant'

1796 2490 1990 2556 Judtei,
2028 2502 2090 2548 ut
2128 2493 2409 2549 mitterent
2441 2510 2536 2550 eos
2571 2495 2673 2551 sub
2705 2495 2864 2567 Legis
2893 2496 3078 2567 jugum
3116 2517 3126 2551 :
3161 2515 3268 2553 non
3309 2498 3410 2556 Dei

1792 2583 2025 2655 judicio,
2055 2584 2146 2656 qui
2172 2587 2404 2642 vocabat
2433 2601 2528 2642 eos
2554 2601 2649 2658 per
2671 2585 2993 2658 Apostolum
3017 2605 3172 2647 suum
3196 2591 3263 2648 ad
3285 2607 3409 2664 gra-

1802 2681 1956 2736 tiam.

1875 2772 2060 2846 (Vers.
2092 2771 2174 2845 9.)
2199 2773 2470 2832 Modicum
2509 2781 2819 2850 fermentum
2850 2789 3015 2835 totant
3041 2797 3268 2838 massam
3299 2800 3415 2838 cor-

1802 2871 2016 2942 rumpit.
2053 2869 2167 2926 lloc
2197 2870 2356 2938 dicit,
2387 2872 2513 2943 quia
2540 2871 2675 2929 licet
2701 2875 2978 2946 quidpiam
3012 2875 3176 2948 Legis
3214 2877 3419 2934 admis-

1804 2969 1992 3018 centes
2020 2962 2165 3027 ﬁdei,
2210 2964 2416 3020 violant
2453 2965 2635 3034 ﬁdem,
2681 2983 2750 3024 ne
2783 2967 2982 3025 habeat
3023 2969 3284 3038 fructum,
3319 2983 3417 3026 aut

1807 3058 1879 3113 sit
1900 3057 2273 3130 acceptabilis.
2294 3057 2407 3115 Hoc
2433 3059 2557 3116 ideo
2577 3060 2802 3131 adjecit,
2831 3079 2896 3119 ne
2922 3061 3064 3122 forte
3087 3064 3420 3122 incolumem

1810 3167 1868 3208 se
1895 3160 2151 3222 putarent
2176 3150 2203 3190 ιι
2225 3151 2426 3210 habere
2446 3154 2676 3227 gratiam
2702 3153 2848 3224 ﬁdei,
2870 3157 2916 3212 si
2945 3171 3114 3230 pauca
3141 3158 3299 3231 Legis
3323 3160 3421 3216 ob-

127 3248 370 3315 centur‘io,
398 3250 554 3321 cujus
577 3263 771 3306 servus
793 3259 910 3306 erat
932 3252 1255 3317 moriturus,
1279 3250 1370 3320 qui
1395 3251 1613 3305 mittens
1636 3247 1704 3304 ad
1729 3228 1774 3290 Ο
1809 3257 2114 3302 servarent.

129 3340 316 3412 lesutn,
343 3345 572 3418 rogabat
605 3356 661 3401 ut
692 3347 922 3414 veniret,
957 3353 1010 3403 et
1049 3355 1275 3402 sanaret
1302 3362 1516 3402 servum
1548 3345 1704 3416 ejus;

131 3437 205 3491 cui
233 3438 597 3496 testimonium
639 3437 990 3511 perhibentcs
1029 3440 1200 3497 Judaei
1231 3440 1486 3498 dicebant
1524 3441 1589 3496 ad
1617 3439 1709 3498 Je-

132 3541 235 3586 Sum
267 3549 279 3586 :
309 3529 509 3605 Dignus
534 3543 612 3590 est
636 3543 688 3590 ut
719 3535 815 3590 hoc
845 3545 1057 3609 prwstes
1088 3535 1173 3602 ei;
1207 3536 1378 3609 diligit
1411 3536 1546 3590 enim
1579 3553 1707 3608 gen-

134 3631 220 3676 tem
248 3637 489 3694 nostram,
518 3637 568 3683 et
589 3627 924 3702 Synagoqam
950 3629 1063 3699 ipse
1083 3629 1356 3700 aediﬁcavit
1385 3628 1526 3684 nobis
1550 3625 1708 3698 (Luc.

135 3731 214 3786 \‘II,
239 3715 288 3788 ι,
313 3720 386 3792 5).
413 3722 581 3780 Nemo
609 3733 784 3782 tamen
805 3725 1164 3782 circumcisus
1187 3741 1293 3782 non
1322 3735 1486 3781 totam
1510 3723 1709 3796 Legem

135 3824 322 3878 servat;
369 3815 582 3874 debitor
612 3827 696 3875 est
739 3819 908 3890 enim,
939 3821 1064 3893 quia
1103 3819 1444 3878 circumcisis
1477 3821 1601 3876 data
1631 3829 1715 3876 est

137 3901 259 3964 Lex.
299 3907 408 3968 Hoc
445 3911 571 3968 ideo
613 3912 770 3980 diXit,
803 3914 926 3985 quia
962 3923 1070 3970 tam
1114 3914 1342 3972 hebetes
1370 3932 1428 3972 se
1456 3914 1716 3972 ostende-

139 3997 269 4068 bant,
294 4011 352 4058 nt
375 4002 520 4075 digni
553 4016 737 4062 essent
769 4007 950 4062 omnia
981 4023 1145 4063 onera
1177 4007 1338 4081 Legis
1368 4018 1604 4080 portare.

201 4091 368 4165 (Ye‘rs.
411 4095 490 4170 4.)
542 4097 792 4155 Evacuati
841 4101 964 4156 estis
994 4119 1023 4155 a
1051 4099 1274 4158 Christo.
1325 4102 1535 4171 Quibus
1581 4103 1715 4159 nihil

139 4188 339 4256 prodest
358 4187 630 4260 Christus,
653 4195 896 4251 evacuati
921 4204 1046 4250 sunt
1069 4213 1095 4249 a
1117 4195 1368 4262 Christo;
1398 4208 1553 4253 erant
1571 4198 1714 4253 enim

141 4282 294 4350 gratia
320 4285 436 4357 ejus
467 4287 637 4358 pleni,
666 4305 770 4360 qua
812 4289 1126 4358 recedente,
1161 4292 1411 4346 evacuati
1442 4301 1589 4347 sunt.
1622 4291 1717 4348 llis

143 4375 268 4431 enim
294 4379 550 4452 loquitur,
577 4382 669 4454 qni
693 4394 813 4455 post
837 4395 1121 4454 acceptum
1151 4384 1354 4440 donum
1381 4386 1570 4458 gratiae
1593 4386 1713 4452 Dei,

142 4467 432 4530 circumcidi
462 4491 519 4532 se
557 4478 884 4533 maluerunt.
925 4476 1026 4546 Qui
1063 4479 1198 4534 enim
1227 4489 1252 4518 τι
1282 4482 1334 4535 in
1364 4479 1500 4552 Lege
1521 4481 1719 4553 gloria-

148 4561 280 4631 mini,
309 4581 340 4619 a
365 4570 531 4636 gratia
553 4570 836 4626 excidistis.
861 4569 1080 4626 Justitia
1108 4571 1269 4643 Legis
1291 4580 1395 4638 est,
1428 4573 1471 4628 si
1497 4588 1719 4629 serven-

147 4659 240 4722 tur,
270 4667 383 4728 quae
425 4660 542 4716 data
571 4672 720 4717 sunt.
752 4659 989 4734 Ideoque
1020 4663 1110 4734 qui
1138 4663 1192 4718 in
1227 4664 1312 4718 his
1337 4663 1627 4735 jnstiﬁcari
1657 4681 1716 4722 sc

145 4751 246 4806 vult
270 4765 383 4824 post
409 4755 590 4826 ﬁdem,
634 4759 834 4814 amittit
878 4762 1143 4830 gratiam;
1178 4759 1302 4831 quia
1336 4760 1401 4816 ad
1432 4760 1533 4817 hoc
1567 4761 1717 4818 venit

149 4840 325 4903 donum
353 4849 464 4919 Dei,
490 4863 550 4910 ut
580 4855 924 4910 cessantibus
953 4854 1214 4912 oneribus
1246 4854 1424 4928 Legis,
1452 4857 1717 4926 jnstiﬁca-

147 4947 222 4993 ret
248 4943 522 5002 credentes
551 4947 692 5020 apud
725 4948 923 5005 Deum.

212 5031 378 5106 (Vers.
413 5041 466 5108 5,
497 5042 578 5113 6.)
612 5041 726 5099 Nos
753 5054 925 5100 autem
967 5044 1154 5116 spiritu
1183 5063 1244 5102 ea:
1270 5046 1374 5116 [ide
1400 5064 1543 5119 spem
1557 5048 1716 5122 justi-

152 5127 224 5182 tite
251 5145 629 5206 exspectamus;
657 5157 778 5194 nam
809 5139 861 5194 in
885 5135 1092 5195 Christo
1117 5139 1244 5198 Jesu
1268 5159 1429 5214 neque
1451 5142 1720 5197 circumci-

153 5224 218 5279 sio
245 5231 507 5302 quidquam
529 5235 680 5304 ralel,
721 5251 882 5308 neque
915 5238 1228 5308 praeputium
1258 5253 1276 5290 .°
1302 5238 1392 5293 sed
1422 5237 1575 5308 ﬁdes,
1605 5255 1719 5309 qnte

154 5340 232 5392 per
252 5327 537 5388 charitatem
565 5344 829 5402 operatur.
854 5332 1117 5405 Apertum
1141 5333 1389 5404 estquod
1411 5333 1568 5401 dicit,
1595 5335 1719 5406 quia

156 5419 263 5491 spes
284 5424 672 5496 justiﬁcationis
699 5431 752 5487 in
783 5431 887 5487 ﬁde
917 5439 1001 5486 est
1035 5446 1132 5502 per
1168 5430 1443 5501 spiritum,
1475 5445 1584 5485 non
1626 5443 1721 5500 per

156 5527 301 5587 opera
321 5522 501 5595 Legis;
522 5529 571 5583 in
595 5529 698 5585 lide
720 5527 864 5584 enim
890 5527 1203 5600 spiritaliter
1231 5529 1341 5583 Deo
1363 5525 1599 5582 servitur
1620 5526 1718 5582 deo

157 5613 352 5672 ratione
376 5621 585 5688 mentis,
617 5628 671 5678 et
694 5623 928 5692 puritate
958 5621 1160 5679 cordis.
1200 5619 1350 5678 Unde
1376 5617 1510 5677 dicit
1539 5617 1720 5674 Domi-

158 5715 246 5760 nus
281 5703 343 5762 ad
369 5701 760 5770 Samaritanam
786 5733 799 5770 :
828 5714 969 5771 Deus
995 5715 1207 5784 spiritus
1234 5724 1341 5782 est;
1373 5725 1419 5771 et
1445 5713 1718 5771 adorantes

223 5831 245 5864 ⁸
280 5825 350 5884 lta
380 5845 507 5906 mss.
532 5830 850 5906 _plures,_ac
881 5830 1156 5906 potiores;
1206 5831 1371 5906 aliqui
1423 5839 1625 5901 tamen,
1661 5836 1714 5887 et

159 5903 328 5960 Omnes
352 5901 479 5962 edit.
490 5943 503 5974 ,
526 5902 578 5958 in
603 5901 736 5976 Lege
765 5901 1139 5975 justi/icamini.

1883 3339 2063 3415 (Vers.
2088 3339 2198 3411 10.)
2217 3341 2327 3414 Ego
2342 3341 2548 3413 con/ida
2563 3345 2614 3399 in
2635 3346 2772 3401 vobis
2787 3347 2840 3400 in
2871 3341 3116 3414 Domino,
3142 3350 3264 3421 quia
3290 3348 3425 3405 nihil

1811 3434 1960 3489 aliud
1983 3436 2233 3490 sentietis.
2260 3433 2371 3493 llac
2393 3453 2490 3507 spe
2513 3455 2572 3494 se
2595 3438 2728 3494 dicit
2751 3437 2925 3497 ﬁdere
2951 3439 3018 3496 de
3044 3443 3139 3507 iis;
3167 3443 3290 3513 quia
3316 3460 3427 3500 non

1811 3539 2028 3600 Sponte,
2076 3531 2170 3588 sed
2202 3531 2559 3589 circumventi
2603 3536 2812 3590 erroris
2857 3535 3002 3592 viam
3056 3535 3420 3593 intraverant.

1814 3625 1940 3684 Ideo
1972 3637 2199 3686 ostenso
2241 3645 2376 3686 vero
2423 3631 2642 3696 itinere,
2679 3631 2839 3687 facile
2877 3645 2972 3688 eos
3024 3647 3190 3702 posse
3222 3634 3428 3688 reverti

1814 3723 2058 3779 conlidit.
2095 3723 2196 3791 Qui
2220 3734 2389 3778 autem
2431 3725 2702 3779 conturbat
2738 3727 2845 3793 ras,
2881 3725 3106 3795 portabit
3128 3725 3422 3796 judicium,

1814 3817 2120 3887 quicumque
2148 3826 2220 3870 est
2260 3817 2370 3871 ille.
2403 3817 2690 3885 Quomodo
2737 3819 2828 3888 qui
2869 3826 3142 3874 errantem
3175 3820 3430 3877 converti

1816 3902 1966 3972 facit,
2001 3902 2437 3961 remunerandus
2459 3915 2566 3972 est,
2596 3903 2813 3961 dicente
2847 3905 3056 3961 Jacobo
3084 3908 3338 3978 apostolo
3370 3908 3428 3964 in

1817 3995 2046 4067 cpistola
2077 4012 2174 4053 sua
2207 4013 2219 4051 :
2253 3996 2354 4063 Qui
2381 3997 2606 4052 converti
2629 3997 2812 4068 fecerit
2837 4008 3179 4069 peccatorem,
3213 4000 3432 4057 salvabit

1817 4092 2048 4146 animam
2078 4095 2194 4166 ejus
2236 4102 2256 4130 ο
2298 4109 2330 4146 a
2368 4100 2550 4158 morte,
2583 4100 2630 4146 el
2662 4094 2858 4163 aperiet
2890 4094 3277 4151 multitudinem
3308 4114 3428 4169 pec-

1821 4195 2057 4241 catorum
2089 4184 2297 4256 (Iacob.
2329 4202 2384 4253 ν,
2415 4186 2538 4256 9.0);
2575 4186 2648 4241 ita
2679 4196 2735 4243 et
2762 4188 2851 4258 qui
2885 4196 3032 4244 recta
3081 4190 3430 4248 incedentem

1817 4282 1927 4349 via,
1959 4281 2062 4336 iter
2089 4281 2141 4336 in
2172 4280 2394 4337 devium
2419 4282 2563 4352 cogit
2593 4281 2837 4350 ﬂectere,
2868 4283 3275 4344 damnationem
3297 4304 3431 4346 con-

1817 4375 2088 4446 sequitur,
2110 4375 2445 4446 quicumque
2469 4375 2658 4432 fuerit.
2681 4375 2791 4433 Hoc
2810 4389 3037 4450 propter
3061 4379 3160 4437 hos
3181 4381 3426 4454 subjicit;

1823 4487 1890 4527 ne
1913 4473 2004 4542 qui
2035 4471 2408 4528 sibimeritum
2434 4471 2816 4539 defenderent,
2838 4489 2905 4529 eo
2934 4475 3078 4544 quod
3111 4475 3209 4531 ﬁlii
3228 4486 3420 4535 essent

1822 4564 2055 4622 Abraha:
2076 4566 2234 4637 juxta
2261 4582 2505 4624 carnem.
2543 4568 2785 4640 Denique
2815 4569 3122 4628 exultantes
3148 4587 3207 4629 se
3232 4573 3426 4630 dicunt

1745 4643 1798 4704 D
1822 4660 1889 4716 ad
1923 4659 2111 4716 Jcsum
2143 4678 2156 4715 :
2185 4660 2301 4716 Nos
2327 4662 2425 4730 ﬁlii
2447 4661 2672 4718 Abraha:
2718 4679 2896 4718 sumus
2927 4663 3111 4737 (Joan.
3138 4682 3266 4735 vnt,
3301 4667 3417 4739 55).

1895 4754 2077 4828 (Vers.
2128 4754 2241 4827 Η.)
2288 4754 2403 4827 Ego
2449 4765 2645 4823 autem,
2709 4757 2920 4828 fratres,
2975 4761 3020 4814 si
3066 4761 3427 4818 circumcisio-

1823 4865 1939 4904 nem
1994 4849 2269 4920 prwdico,
2333 4849 2462 4920 quid
2517 4849 2686 4904 adhuc
2752 4853 3156 4921 persecutionem
3208 4854 3420 4925 patior!

1823 4943 2086 5014 Apertum
2133 4951 2238 5011 est,
2267 4945 2410 5016 quod
2441 4945 2602 5012 dicit;
2647 4946 2769 5003 ideo
2797 4949 2940 5005 enim
2973 4952 3126 5020 quasi
3174 4950 3426 5007 inimicus

1823 5038 2030 5096 Judacis
2065 5040 2386 5109 habebatur,
2417 5052 2472 5098 et
2500 5059 2607 5099 non
2637 5042 2965 5102 desinebant
2989 5061 3017 5100 a
3043 5046 3424 5122 persecutione

1821 5138 1976 5208 ejus;
2008 5141 2174 5212 228
2204 5140 2326 5210 quia
2366 5142 2841 5199 circumcisionem
2865 5143 2980 5216 jam
3016 5159 3124 5200 non
3149 5154 3298 5200 stare
3323 5145 3425 5202 do-

1822 5235 2003 5293 cebat.
2040 5236 2286 5308 Denique
2307 5236 2514 5294 Judaeis
2552 5238 3012 5310 compellentibus
3034 5279 3049 5304 ,
3080 5249 3134 5295 et
3175 5255 3428 5310 saepenu-

1824 5346 1976 5387 mero
2004 5329 2170 5385 falsas
2209 5332 2590 5388 accusationes
2625 5343 2814 5389 contra
2851 5348 2974 5388 eum
3005 5330 3380 5391 deferentibus
3407 5377 3422 5402 ,

1826 5425 2108 5499 obliquum
2136 5426 2378 5498 judicem
2419 5427 2632 5496 videns,
2663 5437 2888 5483 coactus
2926 5427 3428 5498 appellavitCmsa-

1826 5537 1966 5578 rem.
1987 5520 2128 5592 Ergo
2155 5531 2459 5577 eracuatum
2485 5532 2561 5577 est
2583 5521 2891 5576 scandalum
2918 5523 3089 5576 crucis
3118 5523 3258 5592 (Act.
3294 5541 3428 5595 xxv,

1831 5617 1944 5690 11).
1980 5617 2313 5676 Scandalum
2365 5626 2485 5674 erat
2553 5615 2761 5672 Judaais
2829 5616 3149 5686 praedicatio
3197 5623 3424 5688 crucis,

1827 5712 1950 5784 quia
2003 5711 2288 5768 sabbatum
2344 5720 2399 5766 et
2470 5708 2943 5766 circumcisionem
3007 5713 3321 5771 evocas-bat.
3369 5715 3426 5772 Si

1895 5827 1922 5870 ι)
1965 5831 2092 5886 Mss.
2121 5828 2389 5893 nonnulli,
2422 5825 2845 5898 haberegratiunt
2869 5829 2992 5888 Del.

1906 5912 1925 5941 ε
1970 5901 2168 5970 Dictio,
2202 5917 2232 5956 α
2263 5907 2444 5968 morte,
2470 5913 2500 5958 e
2528 5897 2649 5959 cod.
2683 5914 2789 5960 non
2815 5904 3000 5975 paucis
3028 5904 3354 5967 restituitur.
