3978 6310
642 248 749 307 567

1615 237 1706 292 AD
1736 235 1966 295 OPERA
2005 234 2252 294 SANCTI
2281 237 2608 302 AMBROSII
2645 246 3013 306 APPENDIX.
3775 265 3840 324 itii

638 383 824 428 autem
849 368 1160 426 admitteret
1187 360 1682 428 circumcisionem,
1703 377 1810 418 non
1835 373 1985 419 esset
2013 363 2242 420 scanda-
2269 365 2322 428 A
2347 367 2667 426 serit'homo
2699 371 2806 444 legi
2837 372 2954 440 Dei,
2982 371 3314 430 contradicit
3339 373 3424 430 lex
3457 378 3659 446 peccati,
3681 382 3842 440 suadens

639 469 774 527 tum,
805 458 1086 531 etpacifici
1117 465 1300 512 essent
1327 455 1484 511 nobis
1513 453 1707 510 Judmi.
1729 455 1861 510 Nam
1887 456 2145 512 dicebant
2173 456 2243 512 de

637 555 924 610 Salvatore
947 550 1102 604 :Non
1123 559 1198 604 est
1223 549 1308 602 hic
1331 548 1482 602 homo
1509 565 1540 601 a
1563 545 1697 617 Deo,
1727 549 1816 620 qui
1847 550 2115 605 sabbatum
2141 567 2242 606 non

640 645 864 702 custodit
894 643 1114 716 (Joann.
1149 659 1226 707 ix,
1257 641 1376 712 16).

707 738 893 808 (Vers.
927 735 1040 808 12.)
1067 735 1284 791 Utinam
1305 745 1354 790 et
1379 735 1754 791 abscinduntur
1780 737 1834 791 lii
1851 779 1866 804 ,
1896 739 1984 808 qui
2007 755 2097 793 vos
2121 739 2243 794 sub-

633 841 834 888 vertant
859 833 880 885 !
906 831 1039 886 Tale
1069 839 1156 885 est
1178 829 1304 896 hoc,
1327 829 1489 900 quale
1515 836 1571 885 et
1591 829 1728 886 illud
1756 831 1824 886 ad
1850 830 2162 888 Corinthios
2187 833 2240 888 in

631 927 804 996 prima
838 942 851 978 :
880 923 982 990 Qui
1011 939 1137 988 non,
1162 922 1340 992 inquit
1367 963 1382 986 ,
1414 929 1552 974 amat
1595 919 1881 976 Dominum
1923 919 2126 992 Iesum,
2175 925 2242 979 sit

627 1018 901 1073 anathema
927 1015 992 1088 (Ι
1020 1015 1142 1070 Cor.
1193 1031 1302 1082 xvi,
1333 1013 1470 1085 22).
1507 1015 1587 1069 Ex
1633 1014 1752 1086 ipso
1780 1031 1946 1088 grege
1989 1015 2240 1073 morbido

623 1120 750 1166 sunt
775 1121 832 1166 et
861 1109 940 1174 hi,
968 1123 1108 1180 quos
1138 1108 1312 1163 sociat
1342 1107 1630 1163 sententias
1672 1123 1864 1163 eorum
1897 1125 1910 1172 ;
1943 1119 2002 1162 ut
2023 1109 2240 1164 abscin-

623 1203 824 1259 dantur
852 1213 878 1240 ιι
909 1218 939 1258 a
971 1199 1352 1256 misericordia
1381 1198 1622 1266 Domini,
1645 1199 1734 1270 qui
1761 1199 1985 1256 Galatas
2002 1199 2097 1257 Dei
2115 1215 2241 1270 gra-

623 1295 694 1350 tia
725 1302 1029 1352 exuerunt:
1063 1303 1118 1350 et
1146 1309 1254 1350 non
1283 1293 1459 1350 solum
1487 1293 1836 1363 Spiritaliter,
1877 1293 1974 1348 sed
2016 1303 2070 1350 et
2110 1309 2236 1350 car-

621 1389 842 1455 naliter,
873 1389 974 1444 hos
1007 1386 1323 1452 maledicit;
1368 1394 1430 1441 ut
1477 1385 1607 1456 quia
1648 1384 1968 1442 circumcidi
2015 1385 2236 1442 Galatas

618 1484 912 1556 cogebant,
934 1483 1038 1553 ipsi
1065 1481 1547 1548 abscinderentur,
1573 1489 1634 1535 ut
1665 1481 2124 1552 multiplicaretur
2149 1481 2234 1538 his

619 1579 782 1636 dolor
805 1577 1076 1649 corporis.

689 1671 870 1746 (Vers.
901 1671 1018 1742 15.)
1050 1669 1156 1725 Vos
1177 1669 1314 1726 enim
1335 1669 1390 1724 in
1417 1669 1706 1724 libertatem
1745 1670 1915 1724 vocati
1945 1670 2088 1736 estis,
2121 1674 2232 1742 fra-

2345 457 2580 531 homini,
2627 478 2696 519 ne
2725 465 2890 520 faciat
2933 465 3076 535 quod
3129 467 3364 538 imperat
3411 467 3496 524 lex
3540 469 3766 530 divinaze
3793 477 3843 529 tl:-

2344 565 2506 609 verso
2534 565 2717 610 autem
2769 555 2854 612 lex
2898 557 2994 614 Dei
3052 567 3274 614 revocat
3319 559 3620 629 hominem;
3649 578 3704 618 ne
3740 564 3845 621 iaciat

2344 647 2492 716 quod
2519 650 2762 720 suggerit
2789 649 2872 706 lex
2906 654 3136 721 peccati.
3169 653 3326 722 Quod
3364 654 3578 724 quidem
3605 654 3740 713 homo
3771 676 3844 716 non

2345 741 2498 798 videt
2527 758 2650 800 esse
2690 745 3016 812 absurdum;
3073 749 3178 802 scit
3221 749 3366 804 enim
3421 759 3616 804 natura:
3645 765 3734 808 sua:
3765 769 3848 810 cnn-

2342 854 2568 910 gruere,
2625 841 2672 896 si
2717 842 2882 898 faciat
2927 845 3071 914 quod
3121 845 3358 916 imperat
3409 847 3494 902 lex
3535 847 3640 903 Dei.
3682 847 3846 920 Denique

2339 933 2560 1002 gaudet,
2595 935 2816 1006 quando
2840 935 2958 992 haec
2986 939 3100 1008 agit
3137 955 3152 993 :
3185 953 3310 994 cum
3351 947 3531 994 autem
3569 955 3625 995 ea
3649 953 3844 1010 operatur,

2341 1042 2465 1098 qua:
2491 1031 2731 1100 suggerit
2755 1031 2838 1086 lex
2863 1033 3074 1102 peccati
3099 1073 3113 1098 ,
3137 1033 3286 1090 videt
3307 1047 3368 1088 se
3415 1045 3642 1105 turpem,
3665 1047 3712 1092 et
3727 1039 3848 1094 horret

2343 1131 2469 1192 post
2495 1123 2721 1178 factum.
2749 1124 2986 1196 Ideoque
3022 1125 3158 1196 legis
3185 1129 3414 1198 spiritus
3433 1142 3682 1198 praecepta
3697 1145 3849 1186 serrae

2343 1214 2409 1270 da
2437 1225 2584 1284 sunt,
2615 1226 2669 1270 et
2695 1217 2934 1273 carnalia
2959 1219 3253 1290 fugienda;
3276 1219 3396 1291 ipsa
3439 1221 3580 1276 enim
3604 1226 3848 1279 conscientia

2339 1319 2584 1376 accusat,
2618 1309 2734 1365 εἰεί
2765 1313 3094 1379 consentiat,
3143 1313 3324 1370 sciens
3375 1313 3586 1371 horrori
3627 1330 3746 1386 esse,
3775 1335 3848 1388 qua:

2337 1403 2583 1474 suggerit
2607 1402 2718 1459 Lex
2750 1405 2980 1473 peccati.

2415 1493 2596 1564 (Vers.
2625 1493 2740 1566 18.)
2783 1495 2935 1560 Quod
2961 1506 2984 1534 ε
3007 1498 3050 1552 si
3087 1497 3294 1568 Spiritu
3343 1500 3614 1570 ducimini,
3659 1519 3743 1558 non
3779 1507 3850 1560 ruit

2337 1587 2430 1642 sub
2461 1587 2618 1660 Lege.
2651 1589 2770 1646 Non
2795 1599 2880 1646 est
2900 1591 3222 1660 obscurum,
3253 1595 3384 1665 quia
3425 1597 3518 1668 qui
3547 1598 3718 1654 ducem
3740 1599 3847 1656 habet

2337 1680 2604 1751 Spiritum
2647 1693 2924 1748 sanctum,
2959 1702 3066 1740 non
3099 1696 3282 1754 errat;
3317 1688 3410 1744 lex
3451 1691 3593 1746 enim
3624 1695 3848 1750 errantibu

615 1778 738 1824 tres.
761 1766 821 1822 In
851 1766 1160 1822 libertatem
1185 1765 1366 1820 vocati
1395 1773 1562 1830 sunt;
1596 1765 1720 1836 quia
1736 1781 1857 1820 cum
1884 1765 2123 1834 peccatis
2140 1781 2229 1822 es-
2255 1763 2304 1828 B
2333 1772 2670 1842 dominatur,
2699 1775 2842 1831 sicut
2869 1777 2980 1833 alio
3029 1777 3152 1835 loco
3204 1779 3341 1836 dicit
3373 1798 3388 1834 :
3415 1782 3562 1854 justo
3605 1800 3692 1838 non
3717 1795 3774 1840 est
3800 1786 3848 1840 tu

615 1871 739 1920 seut
769 1861 1016 1930 obnoxii,
1047 1860 1074 1900 ι’
1111 1862 1203 1917 Dei
1233 1861 1412 1932 gratia
1443 1862 1773 1930 accipientes
1803 1862 2090 1916 remissam
2129 1861 2228 1917 de-

607 1954 894 2020 lictorum,
925 1953 1138 2010 liberati
1167 1963 1317 2009 sunt.
1353 1951 1578 2007 Tantum
1606 1969 1667 2008 ne
1691 1953 1977 2008 libertatem
2005 1957 2056 2008 in
2079 1971 2230 2008 occa—

611 2051 808 2105 sionem
838 2049 983 2103 carni
1012 2048 1162 2102 detis.
1191 2045 1308 2102 Hoc
1330 2045 1486 2110 dicit,
1513 2061 1583 2101 ne
1611 2055 1891 2116 acceptam
1917 2047 2224 2102 libertatem

613 2144 830 2200 occasio
858 2142 1043 2197 carnis
1072 2141 1275 2196 adimat
1307 2157 1322 2194 :
1358 2139 1422 2193 ad
1455 2138 1556 2194 hoc
1595 2139 1741 2193 enim
1771 2139 2091 2194 circumcidi
2133 2155 2228 2196 eos

614 2235 911 2301 volebant,
955 2242 1016 2288 ut
1053 2233 1104 2287 in
1155 2231 1527 2288 conditionem
1569 2232 1733 2302 Legis
1765 2231 2057 2288 intrarent.
2095 2232 2225 2288 Ideo

613 2337 816 2395 monet,
843 2342 910 2382 ne
932 2324 1062 2380 dent
1084 2324 1428 2380 occasionem
1447 2323 1848 2379 consentiendo
1869 2327 1971 2380 eis.
2001 2325 2110 2380 Sed
2133 2341 2226 2397 per

610 2421 938 2476 dilectionem
978 2418 1194 2488 spiritus
1220 2417 1402 2472 servile
1426 2415 1567 2470 vobis
1595 2417 1836 2470 invicem.
1870 2416 1986 2472 Non
2021 2432 2117 2486 per
2143 2418 2224 2472 af-

607 2519 805 2574 fectum
829 2516 1010 2573 carnis
1028 2514 1350 2569 charitatem
1375 2511 1702 2577 habendam,
1733 2511 1828 2566 sed
1857 2527 1952 2580 per
1975 2511 2224 2566 dilectio-

609 2627 735 2668 nem
755 2609 980 2680 Spiritus
1009 2608 1354 2668 exhortatur,
1377 2613 1436 2658 ut
1457 2605 1690 2658 invicem
1715 2601 1818 2658 sibi
1835 2601 2066 2671 subjecti
2087 2603 2217 2656 sint.

681 2705 863 2776 (Vere.
897 2701 1012 2770 14.)
1044 2698 1292 2754 Universa
1319 2697 1458 2750 enini
1485 2695 1596 2750 Lea:
1624 2695 1678 2749 in
1707 2695 1846 2748 vobis
1867 2695 1920 2748 in
1944 2711 2046 2749 uno
2067 2695 2220 2750 verbo

607 2799 852 2868 impletur
897 2813 914 2849 :
965 2792 1167 2865 Diliges
1220 2791 1518 2864 proximum
1573 2801 1721 2843 tuum
1762 2790 1893 2843 sicut
1951 2798 2000 2843 te
2047 2790 2218 2860 ipsum

607 2894 799 2966 (Leuit.
827 2907 943 2956 χιιι,
966 2889 1078 2960 18).
1117 2889 1231 2942 lloc
1258 2886 1520 2955 scriptum
1560 2893 1644 2940 est
1673 2885 1726 2940 in
1761 2883 2006 2940 Levitico
2026 2925 2041 2950 ,
2070 2885 2218 2954 quod

607 3003 772 3060 supra
799 2986 1006 3042 dictum
1039 2992 1146 3048 est,
1190 2981 1318 3052 quia
1360 2978 1623 3050 perfectio
1663 2979 1857 3034 salutis
1903 2993 2000 3048 per
2043 2978 2216 3034 dilec-

607 3085 815 3138 tionem
859 3087 1155 3150 operatur;
1187 3076 1313 3146 quia
1339 3073 1432 3144 qui
1463 3089 1570 3128 non
1600 3072 1777 3144 diligit
1807 3071 2032 3128 fratrem
2054 3113 2068 3138 ,
2105 3089 2211 3127 non

607 3170 1142 3245 diligitDeum,dicit
1168 3167 1409 3224 Joannes
1431 3167 1712 3237 apostolus
1743 3163 1787 3238 (l
1813 3164 1971 3220 Joan.
1997 3182 2072 3232 ιν,
2096 3164 2212 3236 20).
2243 3159 2288 3222 C

681 3268 864 3341 (Vers.
891 3267 978 3322 15.
1005 3264 1024 3338 )
1057 3264 1208 3332 Quod
1227 3263 1272 3318 si
1303 3274 1324 3302 ο
1354 3261 1600 3316 mordetis
1628 3263 1868 3328 invicem,
1896 3269 1944 3316 et
1971 3262 2217 3316 crimina-

606 3364 720 3430 tis;
770 3361 933 3414 videte
975 3376 1038 3412 ne
1069 3357 1131 3412 ab
1172 3357 1385 3412 invicem
1437 3356 1832 3410 consumamini.
1870 3355 2215 3410 Manifestum

607 3467 692 3513 est
722 3455 846 3526 quia
894 3453 1162 3509 dissensio
1215 3451 1439 3507 fratrum
1487 3449 1702 3505 inimica
1746 3457 1832 3506 est
1858 3450 2212 3517 dilecrionis;

607 3552 730 3607 ideo
757 3557 945 3605 monet
971 3558 1029 3602 ut
1059 3545 1275 3618 pacifici
1307 3544 1421 3599 sint
1437 3544 1852 3614 prolicientesin
1881 3543 2046 3598 bono.
2071 3543 2213 3598 Con-

605 3644 883 3699 tentiones
911 3639 1052 3696 enim
1083 3645 1350 3711 generant
1373 3637 1645 3708 jurgium,
1680 3635 1838 3706 cnjus
1875 3634 2086 3691 fructus
2131 3645 2217 3692 est

603 3737 729 3792 vitae
752 3735 1124 3806 consumptio.

677 3829 858 3904 (Vers.
893 3826 1004 3897 16.)
1032 3825 1164 3880 Dico
1188 3832 1387 3889 autem,
1418 3821 1612 3890 spiritu
1639 3819 1920 3886 ambulate,
1953 3829 2001 3876 et
2022 3839 2216 3878 concu—

605 3925 910 3996 piscentiam
938 3921 1112 3975 carnis
1135 3937 1237 3973 non
1258 3917 1558 3988 perﬁcietis.
1583 3913 1878 3987 Postquam
1902 3933 1930 3971 a
1961 3917 2079 3989 lege
2103 3916 2213 3972 fac-

605 4029 785 4073 torum
817 4029 912 4070 eos
940 4012 1238 4082 prohibuit,
1269 4009 1328 4063 in
1351 4023 1456 4079 qua
1485 4016 1616 4063 sunt
1646 4021 1915 4079 prmcepta
1941 4010 2210 4078 carnalia;

610 4124 753 4165 nunc
781 4115 840 4162 ut
869 4122 898 4159 a
921 4105 1070 4159 vitiis
1100 4101 1284 4157 carnis
1315 4115 1374 4156 se
1419 4100 1769 4168 contineant,
1805 4102 2068 4173 praecipit.
2117 4103 2212 4158 llic

609 4207 754 4262 enim
785 4202 980 4272 spiritu
1008 4197 1272 4264 ambulat,
1302 4196 1394 4267 qui
1424 4195 1559 4267 fugit
1591 4205 1832 4266 peccata.

684 4297 870 4370 (Vers.
915 4292 1030 4360 17.)
1073 4289 1213 4344 Nam
1260 4304 1381 4343 caro
1412 4289 1728 4358 concupiscit
1777 4289 2024 4345 adversus
2049 4291 2211 4362 spiri-

614 4404 744 4458 tum,
774 4389 988 4462 spiritus
1011 4401 1125 4440 vero
1155 4383 1405 4438 adversus
1426 4397 1662 4448 carnem;
1685 4381 1795 4436 hwc
1827 4385 1964 4437 enim
1990 4383 2086 4439 sibi
2126 4385 2210 4439 in-

613 4471 1213 4541 ricemadversantur,d
1261 4483 1313 4527 ut
1359 4489 1462 4528 non
1487 4489 1546 4527 ea
1594 4488 1710 4545 qua:
1752 4474 1928 4540 vultis,
1981 4477 2207 4545 faciatis.

615 4577 756 4631 Duas
789 4575 935 4644 leges
981 4568 1258 4641 proponit,
1313 4568 1455 4622 sicut
1489 4567 1613 4620 facit
1663 4573 1718 4620 et
1769 4565 1820 4619 in
1877 4567 2109 4637 epistola
2143 4569 2208 4624 ad

615 4667 890 4722 Romanos
945 4663 1064 4734 (vn,
1118 4659 1245 4732 95),
1301 4675 1419 4729 qua:
1463 4657 1697 4714 invicem
1748 4657 1991 4714 adversa:
2044 4671 2207 4717 sunt:

618 4775 779 4815 uuam
802 4757 922 4824 Dei,
951 4755 1176 4810 alteram
1203 4751 1432 4822 peccati.
1463 4751 1599 4820 Qua:
1623 4750 1746 4806 ideo
1769 4753 1820 4807 in
1850 4767 2013 4809 carne
2042 4756 2213 4827 signi-

615 4857 835 4919 ﬁcatur,
865 4849 988 4921 quia
1015 4845 1321 4902 visibilibus
1371 4845 1698 4911 oblectatur,
1731 4845 1924 4915 cupida
1956 4861 2208 4917 peccato-

615 4965 770 5014 rum;
812 4953 873 5002 ut
919 4943 1006 4998 his
1041 4939 1142 4996 sibi
1175 4937 1614 5002 adversantibus,
1665 4937 1880 4993 medius
1909 4940 2073 4997 homo
2106 4960 2216 5000 non

615 5061 677 5101 ea
710 5055 830 5112 qua:
859 5037 993 5104 vult,
1020 5041 1164 5105 agat.
1195 5029 1384 5084 Divina
1441 5030 1584 5084 enim
1616 5021 1703 5084 lex
1747 5033 1944 5100 premit
1973 5043 2027 5089 et
2071 5035 2219 5108 fugat

615 5141 791 5210 legem
819 5130 1050 5205 peccati,
1076 5125 1372 5183 consulens
1397 5121 1626 5187 homini,
1653 5133 1709 5177 ut
1731 5125 1976 5194 vigorem
2005 5139 2218 5186 naturae

614 5247 724 5287 sum
750 5225 1041 5290 custodiat,
1086 5233 1155 5274 ne
1195 5215 1441 5286 capiatur
1463 5213 1743 5271 illecebris
1776 5232 1789 5268 :
1825 5218 1912 5273 illa
1966 5235 1996 5275 e
2021 5231 2212 5278 contra

615 5325 669 5379 in
726 5319 936 5376 insidiis
982 5327 1174 5384 agens,
1214 5305 1434 5361 lacessit
1489 5304 1768 5361 hominem
1821 5309 2117 5380 blanditiis,
2155 5325 2214 5370 ut

615 5423 836 5486 spernat
862 5418 1193 5482 praeceptum
1223 5399 1360 5470 legis
1393 5397 1611 5452 divinm.
1657 5398 1787 5453 Cum
1817 5416 1948 5473 ergo
1975 5419 2210 5464 consen-

687 5529 714 5559 “
755 5531 885 5584 Mss.
910 5528 1138 5595 aliquot,
1167 5540 1200 5576 a
1239 5523 1406 5595 mente
1436 5511 1682 5595 Domini;
1704 5532 1863 5595 unus.
1892 5536 1922 5595 ᾳ
1951 5523 2213 5581 mandatis
2278 5543 2282 5546 ·

613 5601 859 5664 Domini;
887 5587 1078 5676 reliqui
1109 5587 1164 5651 et
1187 5591 1353 5676 edit.._
1365 5587 1783 5676 gyntiset'igordia
1806 5588 1921 5676 Dei.
2053 5666 2063 5676 .
2108 5666 2119 5676 .

685 5673 711 5712 ι)
751 5659 952 5727 omnes
969 5659 1098 5724 edit.
1130 5683 1194 5721 ac
1225 5659 1378 5735 pauci
1409 5671 1563 5735 t_ns_s.,
1597 5659 1692 5714 Dei
1718 5663 1936 5735 gratiam
1954 5666 2210 5735 accipien-

613 5743 928 5808 lrs,remissa
955 5727 1280 5808 delictorum,
1309 5727 1566 5791 ehLlnfra
1593 5727 1900 5790 vero'Rom.
1918 5736 2050 5791 cdit.
2067 5727 2202 5806 sola,

609 5831 654 5875 et
683 5807 736 5874 in
764 5813 1006 5870 ditionem
1032 5807 1207 5880 Legis,
1235 5816 1339 5864 etc.

2334 1867 2506 1936 posita
2538 1865 2582 1936 (Ι
2613 1866 2748 1922 Tim.
2783 1885 2822 1934 ι,
2843 1867 2922 1940 9).

2405 1958 2590 2031 (Vers.
2643 1960 2725 2026 l9,
2767 1961 2858 2026 20,
2899 1962 3020 2037 21.)
3049 1965 3334 2037 Manifesta
3387 1979 3508 2022 sunt
3553 1980 3706 2024 autent
3748 1988 3848 2044 apert

2329 2053 2526 2110 carnis.
2565 2070 2680 2122 qua:
2717 2065 2838 2108 sunt
2885 2055 3218 2124 adulterium,
3271 2061 3578 2132 fornicatio,
3633 2063 3844 2134 imperitas,

2329 2142 2636 2212 obscenitas,
2683 2146 3002 2214 idololatria,
3057 2151 3334 2218 veneﬁcia,
3399 2154 3844 2223 ininticitite,‘con-

2329 2241 2600 2306 tentiones,
2641 2242 3022 2310 simulationes,
3056 2245 3170 2310 iraa,
3221 2247 3534 2314 simultates,
3563 2249 3842 2314 dissensiones,

2328 2329 2570 2398 Inereses,
2600 2333 2829 2398 invidiae,
2863 2333 3167 2404 homicidia,
3197 2336 3488 2405 ebrietates,
3515 2345 3842 2404 comessatimru,

2327 2431 2374 2475 et
2399 2438 2513 2490 qua?
2535 2431 2658 2476 sunt
2705 2424 2786 2477 his
2809 2425 3025 2490 similia,
3054 2443 3172 2496 qua:
3219 2429 3450 2498 prwdico
3499 2433 3659 2500 vobis,
3707 2435 3843 2488 sicula

2325 2515 2570 2584 praedixi,
2605 2517 2743 2586 quod
2795 2517 2850 2570 lii
2877 2519 2966 2588 qui
2993 2520 3120 2574 talia
3159 2531 3344 2592 agunt,
3395 2526 3542 2594 regni
3577 2523 3668 2580 Dei
3691 2526 3840 2581 literati-

2323 2615 2478 2662 tatem
2499 2625 2604 2661 non
2630 2620 3022 2680 consequentur.
3059 2612 3186 2669 llaec
3213 2617 3396 2670 omnia
3425 2626 3479 2672 et
3503 2617 3585 2674 his
3619 2619 3777 2674 similia
3797 2619 3840 2671 le-

2323 2701 2406 2772 gis
2473 2705 2682 2772 peccati
2747 2705 2996 2761 membra
3043 2717 3194 2776 sunt,
3248 2711 3415 2782 229
3471 2729 3590 2783 qua:
3629 2713 3838 2783 Apostolus

2323 2811 2490 2866 opera
2521 2800 2706 2854 carnis
2735 2801 3012 2870 appellat;
3063 2803 3190 2872 quia
3225 2819 3448 2860 errores
3494 2807 3582 2862 isti
3609 2823 3666 2862 ex
3705 2805 3838 2862 mundo

2323 2900 2476 2955 sunt,
2527 2907 2592 2946 ex
2626 2908 2736 2962 quo
2781 2903 2837 2948 et
2883 2909 3036 2950 caro.
3069 2896 3266 2951 Omnia
3293 2914 3532 2970 namque
3559 2915 3745 2972 peccata
3783 2901 3840 2954 ilc-

2321 2979 2452 3039 foris
2477 2986 2729 3040 oriuntur
2747 3003 2815 3042 ex
2835 2997 2992 3057 parte
3019 2991 3224 3056 carnis,
3249 3007 3358 3045 non
3391 3007 3454 3047 ex
3487 3003 3634 3064 parte
3653 2993 3834 3066 spiritus;

2321 3077 2448 3132 idco
2476 3095 2584 3134 non
2617 3081 2855 3137 absurde
2887 3097 3052 3152 opera
3081 3086 3264 3139 carnis
3295 3085 3570 3142 dicuntur.

2391 3169 2588 3242 (Vers.
2621 3173 2714 3236 2'2,
2737 3174 2828 3238 25,
2860 3173 2980 3247 24.)
3011 3173 3238 3232 Fructus
3271 3195 3388 3233 vero
3429 3180 3651 3252 Spiritus
3683 3189 3741 3236 est
3761 3179 3837 3232 clis-

2317 3263 2467 3328 ritas,
2521 3267 2791 3336 gaudium,
2829 3285 2953 3335 pax,
2997 3269 3384 3341 longanimitas,
3431 3275 3712 3345 benignitas,
3749 3291 3836 3344 spat,

2318 3357 2524 3420 lenitas,
2557 3360 2898 3426 continentia,
2931 3364 3164 3432 castitas,
3199 3367 3400 3422 bonitas
3433 3369 3700 3425 :adversus
3719 3367 3837 3438 huju-

2319 3449 2460 3502 modi
2485 3467 2591 3504 non
2611 3461 2686 3505 est
2710 3451 2814 3506 lex.
2841 3453 2944 3520 Qui
2971 3465 3142 3510 autem
3160 3471 3276 3512 sunt
3307 3459 3521 3530 Christi,
3547 3477 3726 3515 carnem
3744 3475 3836 3513 suae

2319 3543 2690 3609 cruciﬁaerunt
2723 3561 2839 3598 cum
2870 3544 3008 3602 vitiis
3037 3557 3084 3602 et
3107 3552 3556 3621 concupiscentiis.
3591 3553 3694 3609 Non
3719 3552 3834 3606 dixit:

2317 3633 2496 3704 Opera
2525 3637 2752 3708 spiritus
2781 3639 3024 3695 charilas
3055 3651 3166 3706 est,
3201 3643 3296 3698 sed
3325 3649 3530 3716 fructus
3557 3642 3836 3718 spiritus;ch

2316 3725 2465 3782 enim
2495 3729 2724 3798 Spiritus
2755 3731 2904 3800 haec,
2939 3749 3062 3802 qua:
3093 3749 3264 3806 supra
3297 3739 3652 3804 memoravit,
3687 3734 3836 3793 fructili

2316 3829 2435 3886 cat;
2483 3831 2545 3876 ut
2583 3837 2646 3878 ex
2681 3823 2766 3878 his
2809 3825 3102 3882 lia-reditas
3134 3830 3287 3900 regni
3316 3833 3580 3888 caelorum
3608 3840 3834 3904 queratur;

2317 3916 2408 3987 qui
2441 3917 2590 3972 enim
2619 3917 2841 3976 Christo
2869 3920 3056 3976 devoti
3087 3933 3244 3996 sum,
3279 3925 3380 3983 hos
3403 3929 3541 3985 dicit
3568 3929 3784 3992 christos,
3807 3925 3838 3978 id

2315 4017 2422 4072 est,
2459 4017 2674 4066 unctos.
2705 4011 2772 4067 Hi
2794 4028 3042 4082 carnem,
3071 4016 3124 4072 id
3151 4029 3258 4086 est,
3289 4022 3555 4078 mundum
3577 4021 3836 4092 cruciﬁgunl.

2315 4101 2532 4173 quando
2555 4101 2672 4159 htec
2695 4119 2762 4159 ex
2784 4105 2980 4176 quibus
3004 4123 3226 4165 errores
3245 4111 3520 4180 oriuntur,
3541 4113 3838 4170 condemnant.

2317 4196 2472 4253 llunc
2518 4215 2740 4256 sensum
2790 4210 2846 4258 et
2889 4202 3132 4260 Joannes
3169 4209 3456 4276 apostolus
3497 4221 3730 4278 secutus,
3768 4208 3838 4262 ait:

2317 4289 2498 4347 Nolite
2538 4293 2754 4367 diligere
2781 4297 2933 4352 lhunc
2969 4299 3244 4369 mundum,
3282 4319 3450 4375 neque
3489 4322 3549 4360 ea
3585 4321 3686 4376 qua:
3713 4307 3752 4358 in
3783 4301 3842 4352 hac

2316 4385 2512 4439 mundo
2551 4395 2688 4441 sunt.
2723 4388 2787 4444 Si
2817 4390 2930 4460 quis
2960 4391 3131 4464 diligit
3159 4394 3436 4462 mundum,
3470 4415 3572 4452 non
3599 4409 3666 4454 est
3687 4395 3840 4452 εέιιιήωε

2317 4476 2496 4532 Patris
2517 4478 2570 4533 in
2601 4480 2729 4549 illo;
2767 4483 2891 4552 quia
2920 4501 3072 4540 omne
3101 4488 3240 4555 quod
3263 4489 3316 4542 in
3341 4487 3441 4544 hoc
3468 4492 3653 4546 mundo
3671 4499 3746 4556 est,
3767 4503 3842 4542 cos-

2317 4572 2634 4641 cupiscentia
2690 4577 2860 4630 carnis
2918 4589 2994 4633 est
3019 4621 3032 4645 ,
3094 4589 3140 4634 et
3199 4583 3612 4650 concupiscentia
3651 4583 3840 4638 oculorum

2323 4663 2378 4737 (ι
2423 4663 2583 4720 Joan.
2633 4683 2693 4735 ll,
2747 4669 2870 4741 l5).
2915 4669 3017 4739 Qui
3065 4687 3196 4744 ergo
3239 4676 3530 4745 mundum,
3578 4689 3630 4735 et
3668 4675 3838 4748 quodin

2323 4762 2526 4817 mundo
2566 4771 2668 4828 est,
2703 4778 2811 4820 non
2843 4768 3202 4837 concupiscit,
3251 4767 3341 4825 hic
3379 4787 3599 4829 carnem
3629 4767 3837 4836 cruciﬁgit.

2318 4852 2509 4924 Neque
2549 4856 2692 4910 enim
2739 4859 2954 4928 corpori
3005 4859 3243 4916 humano
3275 4863 3394 4920 haec
3431 4866 3560 4921 vitia
3600 4859 3838 4922 ascribeda

2321 4956 2470 5014 sunt,
2500 4947 2550 5002 id
2579 4956 2684 5018 est,
2719 4949 3050 5020 idololatria,
3075 4955 3354 5026 veneficia,
3388 4959 3642 5028 haereses,
3667 4955 3838 5018 invidia.

2320 5040 2654 5109 inimicitias,
2689 5044 2783 5099 ira:
2809 5053 2864 5100 et
2894 5048 3016 5102 talia
3060 5065 3073 5102 :
3103 5049 3199 5106 sed
3227 5051 3350 5106 ideo
3376 5055 3613 5110 carnalia
3639 5053 3840 5110 dicuntur.

2319 5135 2446 5204 quia
2473 5151 2538 5190 ex
2569 5145 2723 5205 parte
2746 5140 2933 5195 mundi
2954 5153 3100 5211 sunt,
3125 5144 3264 5200 sicut
3286 5161 3452 5219 supra
3483 5145 3763 5204 memoravi.
3783 5141 3840 5196 ln-

2323 5235 2469 5284 terea
2522 5246 2629 5285 non
2677 5234 2910 5305 amplius
2953 5251 3114 5308 quam
3165 5239 3353 5295 decem
3396 5257 3486 5298 res
3533 5241 3719 5313 posuit,
3753 5245 3840 5306 ηυδε

2319 5317 2526 5375 fructus
2553 5321 2776 5392 spiritus
2803 5325 3104 5398 significat;
3140 5341 3198 5387 ut
3220 5333 3271 5388 in
3301 5333 3387 5389 his
3407 5335 3584 5390 omnia
3602 5330 3838 5402 complexus

2317 5412 2565 5470 videatur
2595 5419 2891 5475 secundum
2926 5423 3136 5480 tabulas
3163 5425 3502 5484 Testamenti
3532 5429 3656 5494 Dei,
3693 5425 3736 5480 in
3761 5417 3836 5492 qni-

2395 5540 2416 5603 ς
2459 5531 2619 5588 Rom.
2646 5535 2804 5603 edit.,
2831 5540 3078 5594 mordetis
3099 5543 3313 5598 invicem
3334 5555 3384 5598 et
3410 5545 3685 5601 comeditis.

2351 5671 2362 5683 ,
2459 5603 2659 5661 Eadem
2685 5598 2844 5662 ﬂori].
2879 5611 3034 5678 edit.,
3061 5623 3118 5666 ut
3145 5630 3248 5669 non
3275 5598 3606 5689 manus
3631 5598 3769 5678 vultis,
3791 5609 3836 5676 [ας

2351 5689 2396 5726 ιιι
2419 5691 2484 5726 ιε.

2317 5687 2463 5728 cratis
2471 5715 2484 5729 .

2391 5755 2413 5824 ς
2453 5745 2710 5824 ljonnulli
2741 5767 2898 5816 mss.,
2927 5755 2971 5808 si
3004 5757 3206 5824 Spiritu
3237 5757 3336 5815 Dei
3355 5761 3620 5816 duciinini.

2391 5813 2408 5852 ι’
2453 5817 2609 5874 Rom.
2639 5821 2793 5891 edit.,
2831 5813 3203 5900 contentiones,
3225 5813 3619 5902 munienda};
3641 5833 3730 5886 ira.
