3978 6310
84 343 186 400 369

1027 342 1530 407 COMMENTARIA
1569 351 1638 408 IN
1673 352 1892 414 EPIST.
1932 359 2025 414 AD
2063 360 2404 423 GALATAS.

3265 379 3373 438 370

78 456 172 514 bus
213 474 315 515 non
364 459 589 530 amplius
633 475 794 532 quam
845 461 1028 518 decem
1079 464 1242 520 verba
1285 466 1664 524 mandatorum
1694 478 1744 537 Α
1771 473 2061 546 desperat,
2090 480 2183 550 qui
2227 485 2537 542 mercedem
2583 488 2811 559 justitiai
2853 493 2906 548 in
2953 498 3210 564 pressenti
3257 500 3375 555 vult

80 551 260 607 tradita
293 561 437 607 sunt.

144 643 328 716 (Vers.
353 643 444 712 25,
471 646 596 719 26.)
627 647 688 703 Si
719 649 934 704 vivimus
955 651 1168 722 spiritu,
1195 653 1383 722 spiritu
1405 643 1460 708 et.
1477 656 1659 710 ambu-

79 738 249 793 lemus.
293 736 418 792 Non
453 741 614 795 simus
651 741 855 796 inanem
895 745 1113 814 gloriam
1142 756 1412 814 sectantes,
1441 747 1658 803 invicem

75 843 414 904 provocantes,
436 835 648 888 invicem
665 836 969 892 invidentes.
996 838 1108 893 Hoc
1125 839 1288 906 dicit,
1311 840 1436 910 quia
1460 843 1502 895 si
1521 842 1657 899 bene

75 934 124 980 et
145 924 360 980 honeste
380 926 632 993 vivimus,
658 926 831 984 bonos
853 928 1113 985 debemus
1137 931 1338 987 habere
1359 943 1412 988 et
1435 949 1613 989 mores
1638 953 1651 1002 ;

74 1018 170 1071 lioc
182 1027 260 1072 est
277 1017 416 1072 enim
432 1017 624 1086 Spiritu
643 1019 849 1087 vivere,
873 1022 1356 1078 incontaniinatam
1375 1027 1538 1081 vitam
1557 1027 1622 1081 lia
1637 1056 1652 1068 -

73 1109 193 1166 bere
209 1129 220 1164 :
238 1120 284 1166 et
300 1111 377 1165 sic
393 1112 582 1180 spiritu
597 1113 958 1184 ambulamus,
983 1117 1027 1170 si
1049 1121 1165 1186 paci
1183 1118 1520 1185 Studeamus;
1539 1121 1655 1176 haec

71 1207 202 1259 enim
228 1204 358 1273 parit
392 1202 732 1258 charitatem.
757 1204 941 1262 Inanis
972 1219 1151 1262 autem
1187 1209 1357 1279 gloria
1392 1219 1479 1264 est
1508 1211 1654 1268 velle

71 1297 295 1360 vincere,
315 1297 402 1351 ubi
423 1297 698 1366 praemium
719 1313 826 1353 non
847 1309 960 1366 est;
985 1309 1043 1355 ut
1062 1301 1183 1370 quis
1201 1303 1436 1358 studium
1458 1303 1655 1360 habeat

69 1388 414 1445 contentionis
443 1399 498 1444 et
531 1391 898 1447 aemulationis
920 1433 934 1458 ,
975 1394 1154 1450 sciens
1188 1395 1314 1465 quia
1345 1395 1462 1451 bare
1489 1411 1655 1467 gene-

69 1493 178 1539 rant
219 1482 512 1538 discordias
550 1493 608 1540 et
655 1485 780 1542 lites
828 1503 844 1541 :
905 1487 1124 1542 Servum
1175 1499 1382 1555 autem,
1439 1491 1651 1562 inquit,

70 1576 264 1632 Domini
282 1593 379 1632 non
397 1587 592 1650 oportet
611 1579 817 1650 litigare
839 1580 858 1654 (
879 1582 920 1638 ll
935 1579 1073 1638 Tim.
1095 1598 1155 1651 tt,
1178 1582 1248 1639 24
1263 1583 1304 1655 ).
1328 1584 1490 1640 Bona:
1508 1585 1652 1640 enim

66 1672 180 1726 vitce
218 1671 415 1726 fructus
446 1673 628 1728 aridos
669 1674 828 1741 facit,
872 1676 1107 1747 perdens
1135 1694 1287 1749 spem
1329 1680 1652 1750 promissam

67 1772 218 1818 casta:
240 1766 664 1820 conversationis
697 1782 711 1820 :
749 1769 886 1822 bona
911 1769 1054 1824 enim
1083 1777 1140 1825 et
1169 1782 1314 1825 casta
1348 1773 1452 1825 vita
1484 1773 1653 1828 mori-

65 1857 152 1912 bus
175 1857 406 1912 ornanda
435 1868 540 1925 est,
576 1869 630 1915 et
662 1862 1037 1919 benevolentia
1064 1863 1468 1934 locupletanda.

660 1974 888 2032 C.—\PUT
929 1977 1012 2032 VI.

134 2065 318 2135 (Vers.
361 2067 416 2132 1,
454 2066 548 2138 2.)
579 2065 813 2137 Fratres,
861 2078 888 2108 ἰ
931 2071 1025 2125 etsi
1067 2082 1458 2144 prteoccupatus
1501 2074 1656 2144 fuerit

66 2157 205 2214 homo
229 2161 288 2214 ab
309 2162 483 2232 aliquo
509 2163 718 2228 delicto,
742 2180 832 2218 vos
858 2165 947 2235 qui
970 2165 1232 2236 spiritales
1251 2167 1392 2236 estis,
1417 2167 1656 2222 instruite

66 2254 347 2321 huiusmodi
377 2255 430 2309 in
456 2256 642 2327 spiritu
674 2258 1450 2324 mansuetudinis,considerans
1479 2269 1658 2315 temet-

66 2347 243 2414 ipsum,
277 2364 338 2403 ne
364 2358 412 2402 et
442 2359 496 2403 tu
531 2350 764 2416 tenteris,
796 2351 1016 2406 invicem
1047 2368 1204 2406 onera
1232 2362 1401 2407 vestra
1433 2363 1652 2422 portate.

67 2440 210 2497 Nunc
251 2442 348 2498 bos
375 2443 691 2515 alloquitur,
733 2445 825 2516 qui
860 2445 1130 2502 ﬁrmiores
1161 2456 1349 2512 erant;
1395 2464 1465 2502 ne
1504 2447 1659 2502 inﬂa-

69 2535 202 2591 tione
238 2536 387 2591 bonte
433 2538 557 2592 vitae
598 2552 723 2592 eum
749 2579 766 2604 ,
802 2539 893 2608 qui
933 2537 1074 2595 forte
1116 2555 1146 2594 a
1181 2549 1404 2610 peccato
1428 2541 1659 2595 circum-

65 2640 243 2682 ventus
271 2629 481 2698 fuisset,
514 2631 882 2702 spernendum
918 2641 1171 2703 putarent
1191 2643 1247 2689 et
1269 2634 1654 2705 abjiciendum,

69 2718 282 2792 ideoque
320 2724 714 2781 consulendum
751 2725 856 2781 his.
899 2726 1031 2782 Cum
1063 2728 1480 2784 mansuetudine
1509 2729 1655 2784 enim

67 2819 374 2888 provocandi
412 2831 538 2876 sunt
570 2823 636 2876 ad
678 2823 1058 2879 refortnandos
1098 2841 1196 2892 se;
1232 2827 1355 2896 quia
1398 2826 1442 2881 si
1475 2825 1656 2882 acrius

68 2924 128 2966 ex
155 2914 468 2970 auctoritate
494 2915 699 2972 fuerint
725 2921 962 2990 correpti
987 2961 1004 2987 ,
1038 2936 1143 2975 non
1177 2936 1236 2976 se
1270 2924 1544 2992 patientur
1569 2936 1659 2975 ar-

70 3008 148 3076 gui
197 3026 210 3061 :
266 3009 356 3064 sed
408 3019 464 3065 et
516 3011 811 3068 defendere
865 3027 927 3070 se
982 3014 1295 3085 incipient,
1351 3031 1420 3071 ne
1473 3025 1658 3086 turpes

67 3100 367 3170 vidcantur;
402 3113 457 3160 et
489 3106 754 3176 incipiunt
786 3107 1002 3178 pejores
1031 3108 1170 3164 ﬁeri.
1201 3109 1354 3164 Tolle
1385 3109 1528 3164 enim
1561 3108 1659 3164 lio-

70 3197 253 3253 minem
297 3214 326 3254 a
369 3201 720 3258 contentione
767 3211 824 3256 et
873 3202 1119 3270 audacia,
1163 3213 1216 3258 et
1266 3203 1489 3258 habebis
1533 3218 1656 3258 eum

1761 571 2062 638 consequi?
2094 572 2308 640 Quare?
2331 576 2467 643 Quia
2494 595 2600 635 non
2629 586 3081 657 est230justus
3104 591 3157 644 in
3179 605 3369 663 opere,

1760 660 1856 715 sed
1911 678 2010 730 per
2052 662 2322 720 fallaciam
2372 669 2523 742 lingit
2561 675 2872 744 jusﬁtiam;
2925 680 3019 750 qui
3055 660 3370 738 enimvvult

1755 752 1936 822 justus
1959 768 2102 820 esse,
2125 755 2359 812 alterum
2384 760 2484 815 sibi
2512 765 2800 834 przepenit,
2834 780 2890 822 ut
2914 784 3046 826 vere
3069 771 3252 842 justus
3274 775 3366 830 sit.

1761 844 2148 920 Unusquisque
2182 852 2328 907 enim
2378 854 2500 923 plus
2537 859 2676 914 mala
2727 875 2825 916 sua
2872 866 3045 934 novit,
3084 883 3246 939 quam
3287 870 3369 925 al-

1761 939 1950 994 terius.

1831 1033 2012 1105 (Vers.
2045 1036 2128 1108 5.)
2163 1037 2532 1113 Unusquisque
2558 1046 2697 1100 enim
2725 1065 2872 1102 suam
2900 1053 3162 1108 sarcinam
3192 1066 3370 1124 porta-

1760 1126 1853 1181 bit.
1885 1127 1967 1184 Ad
2001 1141 2340 1201 postremum
2372 1135 2474 1192 hoc
2506 1140 2680 1195 voluit
2710 1142 3063 1200 innotescere
3094 1151 3370 1216 superbis,

1758 1222 1887 1292 quia
1915 1239 2023 1278 non
2045 1225 2430 1297 coinquinatur
2455 1233 2578 1302 quis
2595 1234 2777 1292 alieno
2799 1248 3048 1306 peccato,
3074 1240 3370 1299 dummodo

1757 1312 2089 1384 dissentiat,
2140 1329 2198 1374 ut
2239 1338 2400 1378 nemo
2428 1335 2680 1382 vereatur
2707 1343 2768 1384 se
2800 1329 3031 1403 iungere
3063 1336 3334 1402 peccatori
3355 1379 3370 1402 ,

1757 1419 1851 1463 aut
1873 1411 2224 1469 accedentem
2247 1415 2313 1470 ad
2343 1429 2402 1471 se
2423 1419 2725 1491 suscipere,
2756 1431 2814 1477 ut
2839 1438 2962 1479 eum
2993 1425 3256 1482 lucretur.

1828 1503 2012 1575 (Vers.
2059 1506 2138 1578 6.)
2186 1508 2536 1566 Communicet
2583 1524 2755 1568 autem
2785 1517 2850 1581 is,
2894 1519 2978 1587 qui
3022 1520 3375 1574 catechizatur

1758 1593 1787 1633 ι»
1814 1599 1962 1652 verbo
1994 1599 2088 1672 (id
2119 1610 2234 1666 est,
2267 1603 2361 1672 qui
2391 1605 2618 1660 verbum
2652 1606 2748 1663 Dei
2778 1609 3006 1665 audiens
3045 1613 3175 1683 est),
3213 1614 3261 1668 ei
3286 1616 3374 1680 qui

1759 1708 1814 1746 se
1838 1693 2142 1758 catechizat,
2173 1696 2224 1749 in
2253 1699 2492 1753 omnibus
2521 1699 2669 1755 bonis
2696 1717 2715 1756 :
2747 1702 2862 1758 Hoc
2891 1703 3024 1759 dicit
3049 1747 3062 1771 ,
3091 1714 3151 1759 ut
3181 1705 3375 1761 docto-

1758 1783 1910 1839 ribus
1951 1786 2236 1843 audientes
2274 1794 2680 1847 communicent
2715 1795 2766 1847 in
2808 1796 3064 1852 omnibus
3095 1796 3274 1853 bonis.
3316 1798 3373 1854 Si

1681 1895 1728 1954 Β
1758 1887 1941 1933 autem
1962 1879 2118 1934 aliter
2139 1892 2321 1952 agant,
2349 1899 2508 1953 quam
2534 1885 2755 1953 docent,
2781 1887 2833 1942 in
2858 1888 2941 1942 his
2965 1889 3072 1944 illis
3094 1906 3202 1945 non
3227 1905 3376 1946 com-

1758 1974 2177 2043 municandum,
2212 1977 2310 2032 sed
2341 1978 2774 2036 dissentiendum
2807 1997 2822 2046 ;
2863 1991 2924 2036 ut
2954 1983 3125 2054 magis
3155 1983 3244 2039 lex
3273 1985 3370 2040 tibi

1759 2065 1866 2120 dux
1905 2069 1995 2134 sit,
2049 2084 2209 2139 quam
2263 2072 2449 2127 homo.
2494 2073 2608 2130 Sibi
2647 2075 2791 2130 enim
2833 2074 3040 2145 oberit,
3091 2092 3198 2133 non
3243 2077 3372 2144 tibi;

1759 2161 1882 2231 quia
1911 2178 2031 2232 quae
2059 2164 2330 2233 docuerit,
2355 2168 2644 2224 observas.

1832 2255 1852 2326 (
1871 2255 2026 2312 Vers.
2063 2257 2154 2330 7.)
2187 2258 2366 2314 Nolite
2396 2251 2591 2328 errare,
2637 2262 2777 2318 Deus
2815 2281 2919 2318 non
2950 2264 3234 2319 deridetur.
3269 2265 3376 2321 Να-

1760 2347 1894 2402 mini
1917 2348 2140 2404 dubium
2168 2361 2251 2407 cst
2274 2352 2384 2408 Deo
2409 2354 2762 2424 imposturam
2787 2356 2904 2413 ﬁeri
2931 2374 3038 2413 non
3065 2374 3252 2429 posse,
3275 2360 3371 2416 sed

1761 2441 1866 2496 hoc
1896 2442 1965 2497 ab
1989 2459 2058 2499 eo
2086 2461 2526 2518 unumquemque
2554 2450 2842 2521 consequi,
2866 2450 3008 2521 quod
3038 2462 3301 2507 meretur.

1834 2534 2030 2604 (Vers.
2081 2536 2184 2605 8.)
2243 2538 2397 2606 Quod
2441 2542 2577 2595 enim
2616 2543 2732 2612 quis
2781 2544 3132 2614 seminaverit,
3182 2543 3279 2599 hoc
3327 2556 3376 2600 et

1761 2639 1934 2683 metet.
1986 2631 2089 2697 Qui
2121 2631 2260 2686 enim
2293 2635 2624 2689 seminaverit
2665 2636 2723 2689 in
2762 2652 2915 2691 carne
2949 2653 3069 2704 sua,
3113 2655 3178 2693 ea:
3219 2654 3375 2694 carne

1763 2734 1915 2779 metet
1940 2728 2343 2797 corruptionem.
2382 2728 2482 2785 Hic
2511 2732 2756 2787 carnalia
2785 2733 2914 2788 viti'a
2933 2775 2948 2801 ,
2986 2750 3106 2803 quae
3134 2735 3188 2791 in
3212 2751 3378 2792 carne

1761 2817 1974 2873 admitti
1997 2820 2195 2887 solent,
2224 2821 2522 2892 signiﬁcat;
2553 2833 2612 2878 ιιι
2638 2826 2728 2896 qui
2752 2841 2973 2883 carnem
2998 2843 3152 2885 suam
3181 2846 3376 2886 corru-

1761 2913 1924 2982 perit,
1965 2913 2101 2968 sciat
2130 2929 2190 2970 se
2233 2918 2564 2988 corruptela}
2599 2917 2842 2975 futurum
2878 2921 3198 2978 obnoxium.
3244 2923 3377 2980 Cor-

1761 3013 1964 3083 rttmpit
1990 3021 2172 3068 autem
2197 3029 2421 3084 corpus,
2455 3017 2548 3086 qui
2579 3016 2896 3072 inconcessa
2933 3017 3236 3088 praesumit.
3269 3017 3374 3084 Qui

1761 3121 1878 3160 vero
1928 3106 2258 3160 seminaverit
2303 3109 2358 3162 in
2397 3108 2587 3176 spiritu
2615 3150 2628 3175 ,
2677 3111 2741 3163 de
2783 3109 2974 3181 spiritu
3020 3119 3172 3164 metet
3219 3111 3374 3164 vitam

1761 3211 2030 3256 (etei-nam.
2063 3201 2236 3257 Homo
2259 3201 2594 3257 christianns
2621 3204 2812 3273 spiritu
2835 3212 3053 3260 constat
3086 3215 3142 3260 et
3170 3219 3371 3270 carne;

68 3291 387 3360 subjectum;
428 3294 703 3349 humilitas
733 3296 877 3350 enim
910 3296 1072 3351 etiam
1113 3296 1377 3366 superbos
1407 3298 1546 3352 solet
1576 3296 1663 3351 in-
1686 3306 1732 3368 α
1767 3292 1933 3346 Ιιοιιιο
1959 3294 2105 3348 enim
2143 3293 2210 3347 ad
2247 3297 2716 3364 comparationem
2753 3295 2927 3350 sancti
2958 3295 3212 3366 spiritus,
3243 3311 3376 3351 caro

69 3383 279 3440 clinare.
306 3386 369 3440 Et
397 3397 452 3440 ut
474 3401 596 3442 cum
625 3396 729 3442 tota
753 3389 916 3443 animi
949 3389 1175 3444 lenitate
1204 3388 1380 3455 ﬁeret,
1407 3389 1606 3459 adjecit
1632 3407 1644 3445 :

71 3475 146 3532 Ne
184 3489 228 3532 et
268 3489 324 3534 tu
361 3482 601 3547 tenteris;
647 3490 706 3536 ut
751 3482 835 3537 vel
880 3482 981 3536 hac
1021 3496 1183 3536 causa
1220 3497 1326 3536 non
1373 3491 1658 3555 sperneret

69 3583 418 3643 peccatorem,
448 3579 628 3634 sciens
649 3590 702 3634 et
724 3593 783 3634 se
809 3594 968 3648 posse
994 3593 1244 3650 peccare.
1272 3577 1338 3631 Et
1367 3580 1440 3633 sic
1471 3578 1657 3648 imple-

68 3665 172 3720 bitis
197 3669 354 3741 legem
397 3669 622 3736 Christi;
667 3670 750 3725 lex
794 3671 936 3726 enim
989 3668 1191 3725 Christi
1234 3683 1427 3724 omnes
1468 3669 1649 3723 salvos

68 3761 168 3815 vult
193 3763 307 3818 ﬁeri
337 3782 350 3818 ε
379 3779 443 3820 ac
471 3780 567 3836 per
597 3764 701 3820 hoc
729 3765 822 3835 qui
852 3764 1005 3819 l'ratri
1034 3764 1278 3833 peceanti
1309 3764 1573 3830 consulit,
1600 3775 1658 3820 ut

68 3853 244 3908 redeat
268 3855 334 3911 ad
358 3856 718 3928 propositum,
743 3857 935 3929 implet
964 3857 1296 3911 voluntatem
1320 3856 1546 3912 Christi.

132 3948 304 4016 (Vers.
336 3951 373 4005 5
391 3993 406 4018 ,
439 3949 524 4023 4.)
557 3949 620 4007 Si
647 3951 779 4004 enim
806 3957 919 4022 quis
946 3950 1148 4005 videtur
1174 3950 1272 4004 sibi
1301 3966 1408 4004 esse
1433 3948 1652 4019 aliquid,

69 4056 172 4094 cum
198 4043 325 4098 nihil
352 4044 440 4112 sit,
470 4060 524 4098 se
549 4045 722 4113 ipsum
745 4045 962 4099 seducit.
998 4042 1143 4116 Opus
1163 4053 1337 4097 autem
1359 4059 1509 4096 suum
1533 4059 1658 4114 pro-

70 4135 141 4189 bet
163 4141 536 4212 unusquisque;
575 4149 626 4194 et
655 4152 776 4194 tunc
804 4141 856 4193 in
895 4141 1168 4210 semetipso
1204 4149 1403 4193 tantum
1436 4138 1658 4208 gloriam

71 4226 276 4299 habebit,
309 4242 482 4287 etnon
511 4235 566 4286 in
591 4233 776 4288 altero.
815 4232 1018 4288 Verum
1049 4242 1153 4296 est,
1189 4249 1289 4288 nec
1316 4233 1446 4286 latet
1471 4248 1660 4302 quem-

70 4335 238 4390 quam,
264 4325 385 4394 quia
409 4325 453 4380 si
477 4337 631 4380 actus
651 4334 866 4380 nostros
888 4334 943 4381 et
965 4333 1199 4380 mentem
1223 4323 1656 4390 consideremus,

71 4416 194 4470 nulli
228 4433 328 4473 nos
357 4419 740 4488 anteponimus
761 4459 776 4484 ,
808 4427 864 4473 et
897 4433 995 4473 nec
1023 4417 1186 4472 facile
1213 4432 1541 4488 quemquam
1566 4416 1656 4487 ju-

73 4509 321 4567 dicamus.
352 4513 452 4579 Qui
477 4514 622 4569 enim
647 4513 931 4568 extollitur
952 4513 1104 4583 quasi
1133 4512 1337 4582 aliquid
1360 4513 1453 4579 sit,
1479 4520 1654 4576 errat;

74 4608 230 4660 nescit
255 4608 400 4662 enim
425 4609 547 4680 quia
570 4608 638 4663 de
662 4607 975 4664 humilitate
997 4609 1283 4664 crescitur.
1313 4608 1488 4664 Verba
1511 4607 1655 4664 enim

1762 3395 1869 3441 est.
1894 3383 2028 3440 Cum
2061 3401 2194 3456 ergo
2217 3387 2433 3458 spiritui
2465 3387 2556 3442 dat
2589 3403 2897 3455 assensum,
2925 3389 3191 3444 cohibens
3218 3403 3276 3444 se
3305 3389 3375 3446 ab

1762 3477 1827 3531 iis
1845 3519 1859 3545 ,
1891 3493 2012 3548 quae
2035 3481 2308 3534 contraria
2331 3488 2492 3545 sunt,
2520 3481 2846 3550 spiritaliter
2868 3482 3131 3548 seminat;
3170 3490 3227 3537 ut
3248 3497 3376 3553 pos-

1761 3573 1834 3628 sit
1884 3583 2089 3628 metere
2136 3573 2301 3629 vitam
2349 3585 2633 3630 aeternam.
2691 3586 2713 3613 ο
2776 3575 3175 3630 Testimonium
3223 3576 3372 3631 enim

1763 3664 1998 3734 Spiritus
2040 3666 2262 3734 accipit,
2311 3675 2367 3720 et
2410 3667 2878 3722 immortalitatem
2923 3667 3043 3722 loco
3075 3667 3370 3723 mercedis.

1759 3757 1908 3813 Sicut
1933 3759 2078 3814 enim
2107 3760 2196 3830 qui
2219 3761 2520 3829 corrumpit
2551 3759 2920 3815 dehonestans
2949 3775 3150 3829 corpus
3180 3775 3365 3825 suum,

1761 3865 1870 3906 non
1892 3851 1960 3906 ad
1985 3854 2370 3916 aeternitatem,
2397 3854 2494 3908 sed
2518 3854 2584 3908 ad
2607 3854 3012 3924 corruptionem
3038 3851 3367 3925 pertinebit;

1762 3943 1834 3998 ita
1859 3951 1914 3998 ct
1938 3945 2027 4013 qui
2053 3945 2539 4000 incontaminatum
2563 3960 2623 4000 se
2644 3945 2903 4011 custodit,
2921 3947 3087 4000 vitam
3107 3954 3370 4000 aeternam

1761 4048 2147 4109 consequetur.
2183 4039 2311 4094 Haec
2340 4048 2425 4094 est
2453 4042 2599 4095 enim
2631 4049 2837 4094 aeterna
2863 4040 2971 4094 vita
2992 4083 3006 4106 ,
3040 4040 3222 4095 vivere
3250 4040 3374 4096 sine

1763 4147 1942 4204 poena,
1968 4142 2023 4188 et
2050 4133 2252 4189 habere
2281 4133 2529 4204 gloriam.
2557 4133 2692 4188 Nam
2722 4134 2768 4188 si
2794 4133 2884 4189 hic
2908 4134 2974 4189 ad
3009 4149 3250 4204 praesens
3278 4135 3375 4206 qui

1763 4225 1816 4280 in
1861 4225 2233 4281 sollicitudine
2263 4235 2375 4293 est,
2420 4236 2582 4297 negat
2615 4241 2675 4282 se
2705 4227 2921 4293 vivere;
2963 4236 3168 4298 quanto
3197 4227 3372 4298 magis

1762 4321 1851 4376 ubi
1878 4321 2088 4376 alienus
2113 4337 2143 4376 a
2174 4322 2308 4388 Deo,
2337 4319 2362 4357 ά
2407 4321 2585 4392 ignem
2616 4329 2882 4376 tortorem
2915 4321 3150 4393 patietur
3176 4321 3189 4374 l

1833 4415 2024 4486 (Vers.
2052 4415 2134 4487 9.)
2165 4415 2369 4470 Bonum
2404 4425 2575 4470 autem
2603 4416 2855 4487 facientes
2896 4432 3000 4468 non
3030 4413 3371 4484 deficiamus;

1763 4519 1991 4579 tempore
2013 4510 2147 4564 enim
2173 4510 2386 4581 proprio
2409 4519 2655 4564 metemus
2680 4507 3052 4579 infatigabiles.
3077 4505 3193 4561 Hoc
3214 4503 3371 4572 dicit,

1761 4601 1887 4674 quia
1914 4601 2004 4672 qui
2037 4601 2195 4658 fortis
2230 4611 2315 4657 est
2348 4601 2415 4656 ad
2447 4601 2852 4668 seminandum,
2891 4598 3048 4655 fortis
3083 4603 3192 4655 erit
3221 4609 3276 4654 et
3302 4598 3374 4654 ad

75 4695 358 4756 Salvatoris
398 4711 451 4757 et
485 4712 634 4773 gesta
669 4711 798 4758 ante
827 4703 1015 4758 oculos
1046 4717 1154 4757 non
1186 4702 1382 4769 habet,
1415 4703 1504 4773 qui
1533 4717 1654 4756 cum
1683 4717 1738 4778 ι)
1763 4694 2101 4760 metendum.
2137 4693 2188 4748 id
2226 4701 2328 4759 εει,
2361 4692 2442 4748 δίο
2471 4692 2721 4763 νεοίβῖει.
2761 4692 3035 4764 quomodo
3061 4691 3212 4748 fac".
3243 4691 3372 4747 Ῑάθο

73 4795 134 4846 sit
154 4799 388 4852 omnium
419 4798 706 4865 Dominus,
726 4799 1036 4854 bumiliavit
1062 4815 1122 4856 se
1143 4797 1369 4872 (Philip.
1398 4815 1459 4866 ιι,
1485 4800 1576 4870 8);
1604 4808 1663 4854 ιιι

74 4888 218 4943 nobis
251 4888 476 4945 formam
519 4892 679 4947 daret
706 4891 836 4962 quid
877 4892 1031 4963 sequi
1071 4892 1419 4959 deberemus,
1456 4891 1502 4946 si
1542 4907 1664 4948 cre-

77 4992 214 5036 scere
243 4982 470 5038 velimus
500 5003 513 5039 :
552 4993 608 5039 et
639 4984 687 5039 si
719 4999 818 5040 nos
858 4987 1215 5054 erigeremus,
1248 4986 1661 5052 inclinaremur,

77 5073 205 5141 quod
235 5073 361 5130 facit
391 5076 659 5147 imperitia
691 5076 878 5134 cordis
910 5077 1078 5132 inﬂati
1112 5095 1126 5145 ;
1158 5088 1216 5133 ut
1239 5077 1379 5148 apud
1409 5077 1661 5133 homines

76 5171 490 5227 commendatior
512 5172 780 5227 videatur.
811 5170 1088 5242 Spernens
1111 5173 1254 5228 enim
1277 5182 1330 5227 et
1355 5171 1662 5243 despiciens

78 5274 396 5330 peccatores,
425 5266 632 5334 justum
660 5281 721 5321 se
747 5266 921 5321 videri
953 5266 1258 5332 contendit,
1281 5267 1423 5323 sicut
1444 5276 1498 5320 et
1525 5265 1660 5337 pha-

76 5354 255 5414 risaeus
289 5359 398 5423 ille,
432 5375 596 5430 quem
628 5360 884 5415 Dominus
908 5359 1130 5414 denotat
1165 5360 1317 5432 (Luc.
1349 5377 1506 5428 xvttt,
1542 5361 1655 5432 lO).

78 5447 329 5524 Numquid
366 5470 475 5510 non
507 5469 635 5509 vere
667 5454 756 5510 hic
787 5454 1070 5525 imperitus
1102 5464 1220 5522 est,
1260 5455 1349 5525 qui
1377 5454 1663 5526 praesentis

79 5547 251 5617 gloriae
285 5549 516 5622 cupidus
559 5549 678 5606 est?
705 5549 979 5620 Numquid
1030 5565 1135 5605 non
1178 5565 1306 5606 vere
1347 5549 1415 5606 de
1466 5549 1662 5609 futuris

152 5719 174 5746 ³
210 5710 361 5772 Rom.
391 5710 528 5765 edit.
559 5709 693 5777 sola,
727 5711 820 5764 etsi
858 5711 1229 5764 circumventus
1256 5709 1429 5776 fuerit.
1463 5708 1664 5764 Eadem

86 5795 197 5862 cum
225 5794 332 5840 vet.
369 5782 504 5839 edit.
539 5790 595 5862 et
629 5796 756 5836 mss.
795 5783 1140 5862 quibusdam,
1186 5780 1458 5862 humiliate
1485 5782 1664 5862 hujus:

84 5849 212 5974 rapi
238 5870 257 5918 ;
299 5866 366 5978 adt:
403 5855 590 5911 ctetcri
638 5869 768 5909 mss.
814 5849 996 5924 'magls
1043 5853 1368 5916 commode,
1428 5849 1670 5906 tnui-uite

119 5937 328 5984 enimio-
377 5943 384 5974 ε

1763 4797 2045 4862 promptos
2074 4802 2175 4844 nos
2204 4787 2270 4842 ad
2315 4785 2764 4842 benel’aciendum
2793 4802 2916 4842 esse
2939 4787 3222 4855 hortatur,
3267 4799 3371 4842 nec

1763 4882 2038 4938 fastidium
2095 4879 2207 4952 pati
2255 4879 2494 4943 debere,
2557 4894 2782 4935 securos
2839 4880 2965 4952 quia
3026 4894 3129 4952 pro
3186 4879 3370 4950 parvis

1764 4991 1956 5047 magna
1990 4974 2349 5046 recipiemus,
2380 4983 2435 5031 et
2461 4990 2557 5046 pro
2585 4975 2818 5032 terrenis
2848 4985 3052 5031 aeterna
3075 5016 3090 5042 ,
3122 4985 3370 5043 tempore

1763 5085 1872 5143 quo
1900 5069 2149 5140 promisit
2172 5069 2336 5124 Deus.

1839 5165 2022 5238 (Vers.
2054 5163 2171 5236 10.)
2212 5163 2356 5235 Ergo
2393 5165 2518 5218 dum
2555 5174 2752 5234 tempus
2786 5164 3053 5229 habemus,
3096 5174 3370 5230 operemur

1766 5262 1956 5319 bonum
1994 5261 2062 5315 ad
2090 5277 2287 5316 omnes.
2335 5260 2582 5318 Gentiles
2621 5269 2838 5331 tempus
2872 5257 3072 5312 habent
3106 5253 3370 5325 operandi

1768 5357 2003 5422 malum;
2045 5355 2297 5411 homines
2327 5356 2474 5410 enim
2511 5355 2628 5409 sine
2661 5353 2794 5417 Deo,
2830 5349 3106 5421 quomodo
3141 5356 3372 5419 possunt

1768 5449 1984 5521 operari
2019 5449 2256 5504 bonum?
2289 5447 2584 5503 Christiani
2620 5453 2802 5499 autem
2831 5442 2989 5505 iacti,
3023 5450 3240 5512 tempus
3273 5439 3374 5494 ba-

1769 5546 1903 5605 bent
1939 5543 2202 5615 operandi
2238 5543 2438 5598 bonum
2483 5539 2552 5595 ad
2591 5551 2785 5593 omnes
2827 5534 3114 5600 homines;
3155 5543 3211 5590 ut
3249 5543 3374 5606 post

1847 5704 1873 5743 δ
1915 5704 2065 5759 Hanc
2092 5702 2443 5778 parenthesip
2470 5701 2628 5778 Rom.
2659 5694 3262 5778 edit..prteterniiserat._
3309 5767 3321 5778 .

1849 5788 1870 5814 ο
1913 5775 2047 5829 Cod.
2079 5765 2362 5838 nonnulli,
2394 5771 2707 5825 Testimonio
2730 5767 2868 5822 enim
2895 5765 3127 5836 Spiritus
3154 5767 3374 5840 accipiet

1773 5848 2231 5903 intritortalitatem.
2399 5893 2422 5914 Δ.
2727 5905 2746 5914 υ
2846 5881 2850 5914 ἶ

1851 5919 1875 5952 ἰ
1918 5916 2172 5970 Nonnulli
2202 5928 2356 5972 mssa
2392 5907 2560 5982 ignem
2586 5905 2857 5965 torrentem
2891 5905 3129 5972 patietur:
