3978 6310
625 303 727 366 ’571

1579 299 1671 362 AD
1709 294 1938 360 OPERA
1981 299 2228 366 SANCTI
2271 301 2592 365 MIBROSII
2635 300 3006 366 APPENDIX.
3746 313 3810 370 57!

619 423 899 490 acceptam
939 416 1096 480 ﬁdem
1136 415 1337 472 bonum
1374 428 1513 488 Opus
1551 414 1800 486 proﬁciat
1827 416 2063 484 mercedi
2095 432 2225 489 pro-
2252 423 2305 482 Α
2333 419 2528 475 Christi
2578 420 2943 475 contumeliam
2992 419 3098 490 pati
3149 419 3299 492 (Act.
3352 435 3406 485 v,
3453 421 3534 493 ι).
3578 420 3706 492 Cujus
3735 441 3812 496 ergo

619 514 820 569 missae.
854 510 1091 581 Tempus
1116 509 1261 568 enim
1285 508 1491 566 idcirco
1512 507 1834 566 conceditur
1859 509 2005 576 vitae,
2041 519 2096 565 ut
2114 509 2228 581 jam

612 607 759 676 justo
781 619 1083 672 versemur,
1107 603 1424 675 exemplum
1448 601 1644 658 dantes
1659 603 1970 673 gentilibus.
2000 603 2231 661 Maxime

621 709 792 756 autem
829 699 896 754 ad
930 698 1237 754 domesticos
1263 698 1409 768 ﬁdei.
1451 697 1653 754 Verum
1687 708 1771 754 est
1796 699 1923 769 quia
1954 698 2229 758 faciliores

618 802 671 850 et
697 792 1085 866 propensiores
1114 793 1166 848 in
1201 792 1345 850 bono
1379 792 1523 848 circa
1554 791 1752 848 fratres
1775 807 1898 848 esse
1925 792 2225 868 debemus;

616 889 741 962 quia
775 889 1010 944 invicem
1057 901 1245 943 sumus
1281 887 1544 943 membra.
1593 886 1728 942 Huic
1763 903 1894 956 ergo
1938 891 2013 943 rei
2054 890 2229 946 inscr-

609 981 888 1050 viendum,
922 994 1046 1054 qum
1079 980 1333 1052 prodest;
1369 995 1476 1040 non
1509 981 1940 1046 circumcisioni,
1973 982 2048 1037 rei
2081 997 2226 1037 nunc

617 1074 789 1132 inani.

691 1168 885 1242 (Vers.
909 1169 996 1225 11.
1021 1168 1038 1239 )
1070 1168 1097 1196 ⁸
1140 1167 1337 1224 Scitote
1367 1168 1611 1238 qualibus
1648 1167 1840 1222 litteris
1868 1168 2058 1238 scripsi
2085 1167 2228 1223 vobis

614 1283 729 1322 mea
758 1283 938 1322 manu.
965 1265 1360 1322 Auctoritatem
1385 1263 1478 1322 dat
1499 1265 1744 1336 epistola:
1767 1279 1910 1332 sum;
1937 1280 2058 1319 cum
2083 1263 2228 1320 enim

616 1359 747 1414 dicit
783 1379 796 1416 :
836 1357 952 1432 Ego
992 1360 1183 1433 scripsi
1227 1376 1339 1416 mea
1388 1375 1571 1425 manu,
1617 1358 1832 1414 obediri
1876 1359 1990 1414 vult
2029 1358 2230 1414 litteris

617 1453 726 1510 his.
772 1452 875 1510 Ubi
920 1455 1064 1510 enim
1110 1453 1448 1525 holographa
1486 1468 1680 1508 manus
1724 1463 1838 1521 est,
1883 1453 2080 1508 falsum
2120 1452 2229 1508 dici

615 1563 726 1603 non
759 1555 971 1619 potest;
1003 1563 1070 1604 ne
1103 1547 1245 1604 forte
1276 1548 1634 1604 circumventi
1664 1557 1991 1603 excusarent
2018 1547 2086 1603 de
2115 1548 2230 1617 epi-

616 1643 754 1699 stola
776 1683 789 1708 .
823 1643 979 1714 quasi
1005 1652 1098 1700 aut
1129 1642 1267 1700 falsa
1295 1646 1602 1709 essetfaut
1641 1657 1748 1698 non
1775 1652 1920 1698 esset
1950 1643 2192 1712 Apostoli
2211 1684 2230 1708 ,

615 1736 870 1794 nolentes
897 1752 956 1793 se
987 1737 1340 1810 reprehendi.

2335 515 2514 569 omnis
2559 528 2685 584 spes
2739 515 2789 568 iu
2835 512 3049 568 Christo
3089 524 3195 580 est,
3242 513 3329 570 hic
3371 515 3612 585 gloriatur
3645 517 3685 571 ia
3713 535 3812 577 cruce

2335 606 2475 675 ejus,
2508 605 2634 664 huic
2664 613 2719 662 et
2745 606 2979 662 mundus
3006 607 3304 663 cruciﬁxus
3333 617 3437 674 est,
3467 616 3631 663 certus
3653 626 3812 669 amorem

2335 701 2516 758 crucis
2547 701 2752 758 Christi
2782 701 2944 756 vitam
2974 716 3134 767 esse;
3180 700 3372 757 mundi
3403 716 3525 756 vero
3553 717 3740 760 amorem
3762 721 3819 777 pa.

2336 810 2463 852 rere
2511 804 2764 851 mortem.
2814 795 3051 851 Invicem
3099 810 3231 866 ergo
3278 795 3381 850 sibi
3431 795 3612 850 mortui
3647 809 3760 866 sunt,
3788 812 3819 857 et

2339 888 2574 944 mundus
2607 889 2872 959 Apostolo
2893 930 2908 954 ,
2944 899 2998 944 et
3038 888 3336 958 Apostolus
3361 887 3584 954 mundo;
3620 889 3717 944 dum
3737 891 3817 950 nihil

2336 982 2682 1052 concupiscit
2727 983 3018 1053 Apostolus
3060 982 3274 1048 mundi,
3317 993 3373 1038 et
3416 984 3537 1038 dum
3581 984 3690 1039 nihil
3725 987 3820 1044 habet

2337 1075 2574 1132 niuudus
2602 1092 2784 1141 suum,
2830 1077 2972 1146 quod
3006 1086 3267 1148 agnoscat
3305 1076 3359 1132 in
3392 1076 3651 1148 Apostolo,
3676 1078 3822 1137 sicutet

2339 1171 2602 1226 Dominus
2644 1170 2723 1224 ait
2764 1189 2778 1224 :
2830 1170 2985 1238 Ecce,
3031 1171 3226 1241 inquit,
3279 1173 3514 1243 princeps
3555 1173 3685 1245 hujus
3718 1177 3824 1228 undi

2336 1267 2490 1332 venit,
2525 1276 2572 1320 et
2600 1267 2652 1320 in
2681 1283 2759 1320 me
2784 1268 3002 1320 inveniet
3033 1265 3168 1321 nihil
3195 1265 3385 1338 (Joan.
3412 1283 3521 1334 xw,
3546 1267 3645 1338 50).

2409 1360 2591 1431 (Vers.
2629 1361 2716 1426 15,
2748 1361 2860 1431 i6.)
2892 1358 2958 1414 In
2992 1361 3196 1415 Christo
3221 1363 3358 1415 enim
3381 1361 3503 1416 Jan
3528 1378 3669 1430 neque
3692 1363 3826 1416 circin-

2337 1458 2464 1512 cisio
2494 1457 2777 1528 quidquam
2809 1467 2904 1521 est,
2947 1473 3107 1526 neque
3137 1459 3482 1529 prteputium;
3520 1459 3600 1511 sed
3631 1475 3728 1513 nostr
3747 1476 3827 1513 crte-

2339 1561 2474 1603 tura.
2521 1548 2588 1602 Et
2613 1560 2860 1621 quotquot
2887 1552 3022 1604 hanc
3060 1552 3297 1622 regulam
3336 1562 3625 1623 sequuntur,
3651 1569 3827 1623 passura

2337 1643 2455 1697 illos
2481 1653 2526 1696 et
2561 1643 2943 1708 misericordia,
2977 1653 3024 1698 et
3053 1661 3210 1714 super
3250 1645 3422 1700 Israel
3465 1645 3576 1701 Dei.
3607 1645 3722 1700 Nova
3743 1661 3829 1700 cm-

2340 1748 2458 1792 tura
2491 1746 2578 1793 est
2619 1738 2964 1808 regeneratio
3005 1747 3188 1793 nostra
3215 1780 3228 1802 ,
3280 1738 3399 1794 hare
3427 1748 3506 1793 est
3544 1755 3648 1810 qua:
3669 1741 3828 1810 datpro-

688 1841 708 1908 (
733 1839 890 1894 Vers.
928 1838 1054 1909 12.)
1086 1839 1410 1909 Quicumque
1440 1838 1618 1894 volunt
1649 1838 1856 1908 placere
1885 1837 1938 1890 in
1967 1852 2140 1901 carne,
2170 1836 2229 1890 hi
2261 1840 2311 1900 B
2342 1831 2540 1887 fectum
2590 1835 3071 1903 permanantibus;
3121 1849 3288 1904 super
3339 1834 3475 1889 istos
3519 1837 3647 1889 enim
3683 1845 3742 1889 est
3775 1849 3826 1901 par

621 1941 812 2004 cogunt
843 1947 929 1988 vos
958 1933 1283 1998 circumcidi,
1316 1941 1512 1988 tantum
1537 1947 1601 1986 ne
1626 1931 1798 1985 crucis
1829 1929 2025 1984 Christi
2055 1945 2228 2000 perse-

618 2029 876 2085 cutionem
900 2028 1186 2099 patiantur.
1214 2027 1270 2083 In
1303 2043 1468 2084 carne
1492 2027 1742 2097 placere,
1774 2025 2086 2081 hominibus
2116 2025 2229 2096 pla-

614 2135 742 2176 cere
765 2120 1056 2191 signiﬁcat.
1093 2119 1163 2176 Ut
1189 2120 1337 2176 enim
1367 2119 1573 2178 Juda'is
1595 2119 1868 2190 propitiis,
1899 2127 1991 2173 aut
2014 2134 2118 2172 non
2146 2120 2226 2173 in-

612 2211 771 2268 festis
826 2213 1121 2280 viverent,
1178 2228 1318 2285 quos
1376 2212 1869 2286 pseudoapostolos
1914 2211 2095 2279 dicit,
2149 2212 2229 2266 sic

611 2304 890 2362 Christum
925 2306 1334 2378 praedicabant,
1380 2317 1438 2363 ut
1481 2316 1536 2363 et
1567 2309 1741 2378 legem
1776 2305 2102 2363 servandam
2135 2304 2232 2360 do-

612 2413 803 2457 cerent
835 2419 846 2456 :
879 2401 1026 2472 quod
1056 2403 1352 2474 Apostolus
1384 2416 1680 2472 numquam
1716 2400 1944 2467 metuit,
1978 2399 2072 2456 sed
2101 2414 2233 2455 con-

609 2503 821 2551 stanter
858 2495 1002 2568 quod
1043 2511 1231 2552 verum
1267 2503 1374 2563 est,
1423 2511 1531 2550 non
1580 2493 1765 2560 tacuit,
1815 2501 1869 2549 et
1904 2492 2008 2548 sibi
2049 2503 2106 2548 et
2147 2491 2232 2547 his

615 2588 938 2658 providens,
975 2604 1108 2659 quos
1135 2588 1389 2645 docebat.
1424 2587 1671 2657 Denique
1701 2604 1713 2640 :
1749 2585 1876 2658 Ego.
1903 2585 2101 2656 inquit,
2127 2601 2233 2640 non

620 2682 794 2740 solum
827 2685 1008 2755 ligari,
1041 2684 1132 2740 sed
1153 2684 1210 2754 ζει
1241 2686 1374 2739 mori
1398 2693 1615 2754 paratus
1643 2683 1832 2738 suntin
1867 2681 2232 2752 Hierosolyma

619 2793 716 2846 pro
745 2778 951 2834 nomine
980 2775 1191 2832 Domini
1216 2777 1378 2832 nostri
1409 2776 1536 2834 Jesu
1562 2775 1759 2831 Christi
1791 2774 1931 2846 (Act.
1963 2791 2080 2843 χχι,
2112 2776 2230 2844 15).

691 2869 872 2940 (Vers.
910 2869 1022 2941 I5.)
1075 2869 1256 2941 Neque
1295 2870 1432 2925 enim
1468 2872 1572 2938 ipsi
1615 2870 1704 2940 qui
1750 2869 2044 2924 circumcisi
2086 2879 2230 2935 sunt,

615 2963 777 3034 legem
823 2962 1123 3018 custodiunt
1167 2980 1185 3017 :
1229 2964 1319 3016 sed
1364 2963 1541 3016 volunt
1584 2979 1670 3016 vos
1711 2963 2030 3029 circumcidi,
2082 2973 2138 3020 ut
2177 2963 2232 3017 in

613 3067 785 3114 uestra
827 3074 982 3114 carne
1017 3058 1321 3128 glorientur.
1359 3055 1490 3112 Tale
1516 3057 1732 3113 esthoc
1758 3099 1774 3124 ,
1807 3057 1965 3127 quale
2005 3065 2058 3112 et
2098 3055 2231 3112 illud

615 3155 824 3210 dictum
849 3153 916 3208 ad
948 3153 1252 3224 apostolum
1286 3152 1505 3208 Petrum
1537 3170 1550 3206 :
1585 3151 1648 3208 Si
1669 3163 1724 3208 tu
1751 3167 1867 3206 cum
1891 3153 2229 3224 sisjuttazus,

2341 1924 2457 1978 Dei.
2489 1923 2590 1992 Qui
2621 1923 2765 1979 enim
2795 1939 2918 1980 cum
2952 1925 3065 1980 Deo
3093 1927 3355 1994 pacificus
3387 1937 3499 1993 cst,
3532 1927 3698 1981 nullius
3722 1927 3826 1979 inimi-

2336 2019 2524 2076 citiam
2567 2020 2796 2086 metuit;
2845 2021 3005 2094 232
3051 2029 3200 2076 tutus
3229 2022 3378 2078 enim
3410 2032 3490 2080 est
3527 2023 3826 2093 protrctionea

2338 2114 2720 2172 misericordia
2750 2115 2869 2183 Dei,
2903 2131 3030 2186 qua:
3060 2116 3332 2186 promissa
3361 2126 3465 2182 est,
3497 2128 3548 2173 ct
3572 2126 3714 2172 manet
3734 2130 3826 2184 super

2337 2210 2506 2267 Israel
2540 2210 2674 2276 Dei,
2723 2226 2830 2267 non
2873 2225 3038 2280 super
3068 2211 3237 2268 Israel
3271 2211 3543 2276 hominis;
3580 2211 3716 2267 iudici
3741 2212 3822 2266 enim

2340 2321 2448 2362 non
2470 2305 2757 2362 credentes
2778 2306 3042 2362 Israelita:
3063 2314 3191 2362 sunt
3214 2305 3511 2361 secundum
3535 2319 3730 2360 carnem.
3746 2303 3824 2358 Duas

2337 2415 2471 2471 ergo
2497 2410 2682 2471 partes
2718 2400 3045 2472 signiﬁcavit
3070 2442 3084 2465 ,
3134 2415 3303 2471 super
3341 2414 3479 2470 quas
3523 2409 3678 2458 manu
3707 2407 3824 2467 patet

2340 2495 2722 2551 misericordia
2757 2495 2891 2563 Dei,
2925 2494 3236 2552 Judseornm
3272 2493 3632 2560 credentium,
3667 2501 3706 2549 et
3726 2491 3824 2562 grati:

2340 2589 2473 2645 lium
2505 2589 2772 2646 ﬁdelium.

2414 2683 2594 2756 (Vers.
2636 2684 2748 2754 17.)
2784 2683 2858 2738 De
2895 2694 3082 2740 cetera
3108 2699 3254 2739 nemo
3286 2684 3415 2738 mihi
3446 2683 3744 2739 molestutsit.
3767 2680 3826 2734 lic-

2341 2777 2528 2833 le3tias
2569 2777 2671 2832 sibi
2720 2777 2898 2832 noluit
2934 2778 3004 2834 de
3047 2785 3246 2832 cartero
3289 2777 3432 2845 ﬁeri,
3472 2787 3529 2832 ut
3569 2777 3724 2832 iterum
3750 2771 3826 2826 forte

2340 2882 2628 2942 cogeretur
2658 2873 2902 2928 scribere
2938 2892 2948 2925 :
2998 2872 3109 2928 sed
3133 2871 3243 2941 jam
3275 2873 3626 2931 corrrctiorcs
3658 2868 3746 2924 illos
3767 2865 3826 2918 util

2340 2966 2506 3032 ﬁeri;
2565 2977 2621 3021 ut
2682 2969 2976 3036 amputatis
3023 2966 3348 3028 erroribus,
3411 2976 3530 3036 post
3580 2973 3698 3018 tanta
3738 2960 3825 3012 ιςτάὴ

2338 3074 2562 3131 pausam
2588 3059 2838 3115 haberet.
2872 3059 2927 3118 Si
2953 3070 3132 3115 autem
3158 3060 3412 3122 duriores
3442 3074 3498 3116 se
3525 3060 3828 3128 pra‘starezrmt

2340 3154 2670 3212 inllexibiles
2700 3155 2752 3210 in
2781 3153 3152 3210 convertendo
3172 3195 3185 3221 ,
3216 3163 3500 3214 cessarent
3522 3153 3588 3210 ab
3607 3166 3690 3213 eo;
3713 3159 3750 3202 ut
3769 3145 3827 3200 illis

612 3247 874 3319 gentiliter
919 3248 1067 3313 vivis,
1117 3247 1374 3316 quomodo
1424 3246 1694 3316 compellis
1741 3255 1914 3315 gentes
1954 3245 2230 3311 iudaizare
2258 3241 2304 3305 C
2337 3266 2533 3322 operas
2579 3265 2707 3306 suas
2757 3259 2810 3305 et
2858 3249 3158 3308 efficaciam
3208 3249 3579 3318 impenderet.
3625 3244 3680 3302 de
3712 3240 3827 3310 quitus

617 3341 832 3409 (Galat.
864 3358 922 3408 II,
955 3342 1097 3413 li)?
1127 3341 1202 3398 Ita
1243 3353 1296 3398 et
1329 3343 1384 3400 hi
1414 3358 1536 3399 cum
1567 3343 1671 3411 ipsi
1704 3342 1875 3412 legem
1909 3356 2016 3396 non
2044 3350 2232 3398 custo-

617 3438 831 3503 dirent,
865 3449 1252 3496 conversantes
1284 3440 1483 3508 injuste
1511 3483 1526 3507 ,
1573 3439 2049 3494 circumcisionem
2080 3438 2229 3494 zela-

617 3535 846 3598 hantur;
888 3541 947 3587 ut
977 3534 1203 3604 proinde
1236 3535 1482 3590 vindices
1511 3544 1566 3588 et
1598 3543 1874 3588 amatores
1909 3533 2044 3603 legis
2072 3532 2228 3588 vide-

615 3635 804 3683 rentur
834 3643 848 3682 :
888 3643 1010 3684 cum
1037 3637 1252 3685 constet
1283 3629 1444 3700 231
1475 3629 1614 3682 hunc
1643 3627 1819 3697 legem
1849 3625 2144 3682 defendere
2172 3635 2232 3682 et

614 3722 908 3789 custodire,
935 3723 1025 3794 qui
1045 3722 1284 3792 justitias
1303 3723 1421 3792 ejus
1438 3722 1793 3791 exsequitur;
1816 3732 1868 3776 et
1888 3721 2224 3786 mandatum,

612 3817 758 3889 quod
803 3818 870 3873 ad
921 3817 1086 3872 vitam
1135 3817 1419 3887 pertinens
1467 3815 1650 3871 datum
1696 3825 1801 3883 est,
1849 3829 1958 3870 non
2005 3823 2229 3885 praeter-

615 3913 804 3968 mittit.
838 3910 866 3949 ι)
902 3910 1049 3967 Talis
1087 3926 1219 3981 ergo
1249 3911 1564 3967 Galatarum
1599 3909 1880 3965 excusatio
1917 3917 2053 3964 erat.
2098 3907 2227 3962 Haec

613 4007 781 4073 dicit,
812 4015 872 4061 ut
901 4007 986 4061 vel
1017 4006 1095 4061 sic
1125 4006 1467 4076 intelligant,
1511 4007 1639 4076 quia
1674 4005 2040 4062 illudebantur
2077 4004 2230 4059 velut

618 4099 770 4156 stulti
803 4106 857 4154 et
883 4097 1134 4164 hebetes,
1163 4098 1236 4153 de
1265 4113 1496 4168 quorum
1523 4097 1807 4154 doloribus
1834 4098 2223 4168 gloriarentur.

689 4192 873 4262 (Vers.
909 4190 1023 4262 14.)
1061 4203 1081 4230 ε
1125 4190 1260 4246 Mihi
1285 4208 1406 4247 vero
1434 4192 1567 4248 absit
1597 4193 1833 4264 gloriari,
1865 4194 1967 4248 nisi
1991 4193 2044 4246 in
2075 4208 2227 4246 cruce

616 4284 830 4340 Domini
868 4284 1034 4339 nostri
1076 4284 1206 4342 Jesu
1255 4283 1468 4351 Cltristi,
1507 4301 1596 4356 per
1636 4303 1786 4357 quem
1835 4286 1962 4340 mihi
2002 4285 2227 4338 mundus

615 4379 898 4449 cruciﬁxus
935 4388 1030 4447 est,
1077 4387 1126 4433 et
1167 4395 1261 4452 ego
1299 4380 1516 4436 mundo.
1558 4379 1842 4450 Quomodo
1882 4379 2228 4452 pseudoapo-

616 4474 745 4529 stoli
795 4473 1174 4532 tribulationes
1222 4490 1320 4543 pro
1368 4476 1592 4530 nomine
1632 4473 1835 4530 Christi
1890 4474 2044 4545 quasi
2094 4472 2226 4528 nihil

617 4566 934 4637 profuturas
958 4583 1054 4638 per
1081 4568 1410 4641 hypocrisim
1440 4567 1801 4636 redimebant,
1834 4567 2226 4623 erubescentes

2338 3343 2649 3402 mercedem
2693 3353 2787 3398 aut
2829 3343 3040 3398 lucrum
3075 3351 3343 3411 speraret.
3393 3341 3501 3412 Ego
3540 3341 3658 3394 enim
3681 3337 3827 3408 stipata

2338 3437 2550 3493 Domini
2579 3435 2707 3494 Jesu
2746 3435 2937 3490 Christi
2981 3437 3034 3490 in
3065 3451 3282 3507 corpore
3324 3451 3437 3490 meo
3464 3443 3620 3506 porto.
3652 3431 3734 3490 lloc
3752 3425 3827 3480 dicit

2336 3531 2541 3599 iratus,
2575 3531 2696 3601 quia
2732 3530 3014 3600 passiones
3047 3545 3184 3600 quas
3211 3529 3554 3586 credentium
3581 3540 3710 3581 causa
3728 3518 3828 3592 patie-

2335 3627 2516 3692 batur,
2563 3623 2873 3680 inefﬁcaces
2909 3625 2962 3678 in
3003 3624 3114 3679 illis
3153 3624 3408 3691 videbat;
3443 3621 3471 3662 ιι
3520 3621 3827 3694 quoniamut:-

2335 3723 2532 3779 stantia
2570 3729 2624 3778 et
2662 3721 2767 3776 ﬁde
2803 3721 3070 3776 doctrinae
3115 3735 3228 3776 sua:
3263 3736 3362 3790 pro
3405 3720 3614 3778 Christo
3645 3716 3777 3786 plagas
3800 3718 3826 3762 et

2334 3817 2553 3873 vincula
2588 3816 2697 3888 pati
2735 3829 2844 3871 non
2884 3815 3064 3871 timuit
3102 3832 3115 3868 :
3153 3815 3250 3876 sed
3281 3829 3478 3884 passus
3502 3823 3579 3872 est
3601 3822 3745 3867 amore
3762 3817 3828 3858 cre-

2333 3908 2578 3966 dentium
2609 3908 2896 3964 cicatrices
2938 3907 3218 3978 plagarum
3247 3907 3460 3966 habere
3497 3922 3555 3964 se
3584 3908 3628 3964 in
3653 3911 3826 3968 corpore;

2333 4016 2442 4072 quo
2485 4016 2591 4057 non
2643 4001 2826 4056 minus
2873 3999 3109 4056 ﬁdeliter
3156 4000 3238 4056 eis
3285 4000 3640 4070 prmdicaret,
3678 3995 3829 4050 suntet

2334 4095 2817 4168 pseudoapostoli,
2861 4094 2952 4165 qui
2996 4093 3216 4151 Galatas
3259 4093 3602 4164 deceperant.
3643 4084 3826 4144 Pisaurum

2333 4193 2520 4263 itaque
2545 4189 2659 4245 vult
2685 4189 2788 4246 sibi
2821 4189 3114 4244 molestum
3142 4201 3289 4254 esse,
3323 4188 3415 4258 qui
3450 4187 3569 4242 huic
3596 4183 3664 4240 rei
3686 4181 3827 4234 devotus

2333 4302 2443 4342 non
2471 4293 2589 4351 est;
2634 4283 2736 4340 ista
2763 4284 2908 4340 enim
2941 4282 3193 4353 stigmata
3217 4325 3231 4348 ,
3278 4281 3330 4338 id
3360 4292 3476 4349 est,
3506 4277 3740 4336 cicatrices
3759 4269 3825 4339 plt-

2332 4392 2544 4449 garum,
2576 4375 2888 4432 testimonia
2919 4383 3045 4431 sunt
3081 4373 3428 4429 credentium
3459 4386 3652 4435 eorum,
3686 4361 3750 4434 qui
3775 4372 3826 4425 ιη’

2336 4474 2566 4540 tiuntur,
2596 4471 2742 4542 quod
2771 4469 2920 4541 digni
2951 4477 3078 4524 sunt
3109 4469 3286 4524 futura
3316 4467 3675 4539 promissione.

2407 4564 2590 4637 (Vers.
2631 4562 2746 4633 18.)
2776 4561 2960 4617 Gratia
2991 4562 3153 4618 nostri
3189 4560 3403 4616 Domini
3439 4561 3558 4616 Jesu
3588 4550 3738 4612 Christi
3756 4558 3823 4637 ctu

618 4634 676 4715 in
707 4659 824 4726 his;
871 4634 1045 4717 ita—et
1084 4634 1387 4733 Apostolus
1429 4634 1868 4734 gloriabaturde
1903 4662 2009 4726 his,
2046 4661 2229 4718 sciens
2257 4653 2312 4715 D
2337 4634 2524 4730 spiritu
2556 4664 2744 4724 vestra,
2779 4659 2989 4726 fratres.
3021 4653 3140 4709 NOII
3173 4653 3336 4724 Leuis
3375 4655 3594 4724 gratiam
3619 4646 3742 4709 die“:
3769 4634 3822 4691 ⁵⁸⁸³

615 4768 869 4827 magnam
902 4772 1000 4828 pro
1027 4757 1145 4814 istis
1166 4757 1284 4815 fore
1308 4759 1614 4816 mercedem
1641 4776 1654 4813 :
1679 4757 2139 4830 quemadmodum
2167 4765 2225 4812 et

621 4849 926 4919 coapostoli
952 4850 1093 4920 ejus,
1116 4851 1258 4906 sicut
1279 4852 1538 4922 scriptum
1561 4854 1720 4907 estin
1750 4852 1977 4909 Actibus
2005 4858 2226 4922 aposto-

614 4944 797 4998 lorum
831 4961 844 4996 :
885 4943 1051 5011 Tunc,
1090 4946 1286 5016 inquit,
1330 4948 1450 5002 caesi
1477 4948 1712 5002 exierunt
1741 4947 1968 5018 apostoli
1995 4947 2060 5000 de
2094 4962 2222 5001 con-

619 5037 764 5106 cilio,
811 5038 1098 5111 gaudentes
1143 5039 1264 5110 quia
1311 5040 1457 5111 digni
1505 5039 1666 5094 habiti
1713 5049 1831 5096 sunt
1875 5056 1970 5117 pro
2015 5039 2226 5095 nomine

693 5181 721 5246 τί
761 5173 867 5246 Ms.
897 5173 1065 5246 Vall.,
1103 5171 1283 5246 Videte
1308 5176 1547 5246 qualibus
1568 5175 1772 5242 litteris,
1801 5186 1908 5234 etc.

691 5243 721 5320 ιξ
759 5243 946 5302 Codex
989 5243 1156 5309 vnn,
1187 5243 1409 5320 stades;
1453 5248 1673 5318 quidam
1712 5250 1827 5320 alii,
1873 5250 2058 5316 cladis,
2107 5263 2228 5320 ergo

623 5316 928 5374 Galatarum
953 5319 1231 5376 exsultatio
1263 5335 1444 5373 eorum
1467 5316 1596 5372 erat.

2337 4752 2550 4810 Domini
2579 4750 2749 4810 nostri
2777 4750 2905 4808 Jesu
2942 4749 3143 4804 Christi
3172 4763 3295 4805 esse
3322 4763 3447 4806 cum
3477 4746 3646 4820 spiritu
3670 4740 3822 4796 illorum.

2331 4860 2468 4917 quos
2496 4843 2770 4916 spiritales
2803 4842 2999 4899 fratres
3028 4843 3297 4914 appellat;
3346 4858 3522 4916 neque
3545 4840 3666 4898 enim
3688 4828 3823 4906 penitus

2333 4955 2524 4998 omnes
2553 4938 2771 4996 fuerant
2800 4937 3000 4996 eversi.

2419 5183 2440 5247 ς
2470 5172 2630 5247 ljom.
2662 5170 2820 5247 edit,
2855 5170 2988 5247 ιηζίΙή
3018 5186 3263 5247 veronon
3291 5173 3548 5247 conlingat
3572 5159 3743 5240 gloriari

2408 5246 2434 5282 ά
2475 5244 2632 5300 Rom.
2665 5243 2822 5313 edit.,
2860 5244 3055 5319 Magna
3083 5245 3218 5300 enim
3243 5243 3544 5309 constantia,
3570 5251 3661 5297 etc.

619 5415 3812 5461 ________,_____________________________________...

1084 5549 1209 5636 ΙΝ
1281 5544 1948 5637 EPISTOLAM
2019 5554 2120 5636 B.
2197 5549 2555 5636 PAULI
2629 5549 2788 5634 AD
2863 5546 3472 5637 EPHESIOS.
3546 5551 3548 5553 ’

1116 5805 1275 5880 231
1317 5805 1703 5867 PROLOGUS.

701 5891 968 5968 Ephesios
997 5892 1288 5968 Apostolus
1313 5913 1422 5957 non
1453 5898 1702 5960 fundavit
1731 5901 1784 5961 in
1816 5901 1943 5970 ﬁde,
1967 5899 2064 5959 sed
2089 5914 2222 5958 con-

2335 5804 2595 5873 ﬁrmavit,
2624 5803 2793 5866 multa
2823 5803 2964 5862 mala
2994 5817 3095 5876 pro
3125 5802 3210 5862 his
3238 5816 3438 5875 passus
3459 5817 3489 5871 a
3513 5790 3710 5873 perﬁdis,
3732 5782 3816 5838 sicut

2329 5898 2502 5955 dicit:
2546 5897 2608 5956 Si
2643 5898 2802 5969 enim,
2848 5899 3131 5956 secundum
3177 5898 3461 5966 hominem,
3503 5892 3558 5951 ad
3591 5884 3734 5945 hestiu
3759 5887 3815 5945 ll"
