3978 6310
97 251 210 308 ’573

1057 236 1554 298 CDINENTARIA
1594 236 1661 296 IN

1819 236 1917 294 δι’.
1964 238 2054 299 an
2099 236 2458 303 cntinuos.
2706 309 2718 320 ,
3302 235 3418 298 τιτι

102 371 262 440 gnavi
287 366 498 435 Ephesi,
529 367 650 436 quid
680 366 804 420 mihi
834 366 1062 436 prodest,
1096 364 1140 417 si
1168 362 1362 417 mortui
1394 378 1496 415 non
1523 375 1696 416 πίσω·-
1726 365 1769 422 Α
1801 368 2042 416 sanetam
2096 357 2202 414 illis
2263 359 2427 414 faciat
2483 359 2980 422 conversationem.
3047 355 3220 421 Nemo
3271 357 3418 421 enim

103 471 233 534 gunt
260 461 304 534 (1
331 461 449 515 Car.
471 475 563 526 xv,
593 459 722 533 53)?
748 459 809 513 Et
836 457 1088 528 quoniam
1113 469 1345 525 pugnam
1371 468 1523 509 suam
1545 462 1570 490 α
1595 469 1701 506 non

104 555 228 610 sine
261 553 458 609 eﬁ'eetu
492 553 844 624 perfectionis
876 553 1088 606 illorum
1118 548 1380 620 prmidet
1402 589 1415 610 ,
1458 547 1704 617 gaudens

105 650 159 705 in
190 647 296 717 eis,
347 647 409 702 ad
451 646 671 701 meliora
700 646 917 717 scriptis
959 645 1208 700 hortatur
1236 643 1304 698 de
1337 641 1488 697 urbis
1516 642 1704 697 Romae

104 742 393 806 custodia;
437 743 558 812 quia
590 742 816 797 veniens
842 742 910 795 ab
950 738 1344 810 Hierosolymis
1375 737 1426 790 in
1458 735 1700 791 custodia

102 836 204 890 sub
251 833 568 904 ﬁdejussore
616 832 934 904 intelligitur
975 831 1227 903 degisse,
1278 844 1507 886 manens
1549 837 1703 885 extra

103 935 280 984 castra
311 927 364 982 iu
393 926 666 981 conducto
692 941 792 982 suo
819 925 958 998 (Act.
990 941 1194 990 xxvut,
1229 923 1343 996 l6).

623 1019 851 1084 CAPUT
894 1019 1179 1075 PRIMUM.

170 1114 359 1185 (Vers.
397 1112 471 1184 1.)
505 1112 709 1168 Paulus
736 1113 1000 1183 apostolus
1033 1112 1228 1178 Christi
1253 1117 1381 1167 Jesu
1411 1129 1497 1180 per
1523 1112 1705 1166 volun-

104 1218 261 1262 tatem
296 1206 390 1261 Dei
423 1207 614 1262 sanctis
644 1208 903 1271 omnibus,
934 1207 1024 1278 qui
1053 1216 1172 1261 sunt
1198 1205 1390 1278 Ephesi
1412 1221 1432 1269 ;
1458 1215 1502 1259 et
1530 1205 1702 1274 ﬁdeli-

106 1303 194 1357 bus
219 1303 272 1358 in
300 1299 503 1357 Christo
529 1302 680 1356 Jesu.
704 1301 731 1339 ι)
764 1302 945 1358 Solito
976 1317 1127 1357 more
1157 1302 1369 1369 scribit,
1394 1300 1702 1372 apostolum

104 1397 247 1466 enim
288 1410 351 1451 se
396 1410 516 1450 esse
558 1395 764 1451 Christi
805 1395 935 1452 Jcsu
985 1396 1081 1451 Dei
1121 1395 1406 1451 voluntate
1447 1401 1702 1451 testatur.

107 1490 218 1545 Non
259 1489 435 1546 solum
468 1489 723 1545 fidelibus
756 1490 970 1554 scribit,
1004 1490 1098 1545 sed
1127 1499 1182 1545 et
1208 1489 1456 1551 sanctis;
1489 1498 1548 1543 ut
1575 1497 1704 1543 tunc

108 1597 230 1638 vere
262 1581 453 1637 ﬁdeles
481 1582 591 1646 sint
616 1624 630 1647 ,
680 1582 722 1635 si
770 1580 973 1637 fuerint
1000 1584 1172 1637 sancti
1215 1583 1266 1637 in
1297 1580 1518 1637 Christo
1545 1581 1698 1637 Jesu.

108 1677 246 1732 Bina
274 1676 416 1731 enim
454 1677 556 1730 vita
589 1686 714 1730 tunc
747 1677 967 1744 prodest
1002 1692 1063 1731 ac
1103 1675 1353 1732 creditur
1382 1683 1568 1730 sancta
1599 1716 1611 1739 ,
1655 1676 1700 1730 si

1809 450 2004 512 melius
2051 449 2214 508 alicui
2265 449 2628 521 obtemperat,
2683 468 2843 522 quam
2895 451 2988 522 qui
3035 466 3103 516 ex
3153 450 3424 521 chariton;

1806 547 2147 617 obsequitur.

1881 639 2063 712 (Vera.
2096 637 2178 711 5.)
2215 637 2607 703 Prwdcstinans
2632 656 2724 700 nos
2749 641 2803 706 ig
2830 640 3159 712 adoptionem
3188 639 3422 710 ﬁliorym

1809 749 1897 802 per
1935 733 2112 787 Jesum
2161 730 2423 794 Christum
2463 733 2517 794 in
2553 733 2744 800 ipsum.
2794 732 2907 798 Hoc
2938 733 3070 794 dicit
3106 733 3422 794 decrevisse

1808 826 1999 892 Deum,
2053 834 2112 886 ut
2157 825 2453 892 credentes
2500 825 2556 890 in
2597 824 2873 892 Christum
2921 825 3317 898 adoptarentur
3364 827 3418 881 in

1808 919 1954 978 ﬁlios
2003 935 2032 974 a
2076 920 2223 986 Deo;
2268 927 2328 974 ut
2365 925 2528 990 caput
2571 918 2815 989 ipsorum
2856 921 2927 980 sit
2965 916 3216 988 Christus
3259 934 3420 986 verus

1811 1017 1903 1080 Dei
1947 1016 2138 1082 Filius.

1879 1118 2066 1189 (Vers.
2101 1117 2192 1186 6.)
2229 1127 2248 1156 ο
2295 1115 2601 1189 Secundum
2632 1114 2881 1185 placitum
2909 1114 3190 1172 voluntatis
3220 1129 3329 1168 sua:
3369 1113 3424 1170 in

1809 1214 2013 1268 laudem
2045 1212 2301 1268 claritatis
2329 1227 2456 1267 suae.
2489 1209 2624 1270 Tale
2655 1209 2914 1280 placitum
2957 1207 3090 1266 dicit
3118 1207 3287 1264 Deum
3321 1207 3423 1266 lia-

1808 1306 1991 1362 huisse
2018 1322 2031 1370 ;
2062 1315 2120 1360 ut
2145 1305 2211 1360 ad
2241 1303 2455 1372 Iaudem
2484 1302 2750 1358 claritatis
2776 1301 2894 1370 ejus
2923 1300 3218 1372 proliceret
3243 1298 3417 1369 gratia

1807 1401 1928 1457 data
1974 1400 2320 1470 hominibus;
2357 1409 2416 1456 ut
2445 1401 2596 1455 salus
2621 1410 2804 1464 nostra
2833 1398 3004 1472 gloria
3039 1397 3133 1454 Dei
3176 1395 3267 1452 sit.
3306 1395 3424 1460 Qua

1806 1497 2116 1572 gratiﬁcavit
2145 1514 2239 1552 nos
2280 1498 2333 1551 in
2373 1496 2568 1551 dilecto
2610 1495 2750 1550 Filio
2780 1511 2895 1550 suo.
2944 1493 3084 1547 Deus
3115 1489 3272 1546 nobis
3297 1504 3422 1560 gra-

1808 1593 1934 1647 tiam
1964 1591 2113 1646 dedit
2137 1634 2150 1657 ,
2194 1601 2420 1662 propter
2449 1591 2592 1661 quod
2621 1589 2957 1654 credidimus
2986 1587 3037 1641 in
3070 1584 3270 1643 Filium
3299 1583 3421 1653 eius

1807 1683 2091 1740 Christum
2119 1701 2132 1749 ;
2164 1683 2400 1755 diligens
2431 1683 2576 1739 enim
2608 1682 2946 1753 unigenitum
2973 1693 3131 1736 suum
3160 1677 3422 1736 amatori-

109 1775 204 1829 sub
235 1774 457 1828 nomine
484 1772 685 1827 Christi
719 1773 988 1828 habeatur
1018 1791 1031 1826 :
1075 1771 1274 1841 alioqui
1306 1769 1700 1825 contaminatio
1734 1776 1776 1836 Β
1807 1777 1905 1850 lius
1938 1777 2056 1847 ejus
2085 1777 2267 1833 divina
2302 1791 2523 1848 munera
2555 1775 2805 1847 largitur,

112 1872 244 1935 erit;
274 1869 398 1940 quia
428 1868 493 1922 ad
525 1868 779 1939 iujuriam
813 1868 1026 1940 prolicit
1057 1867 1344 1923 creatoris.

174 1965 356 2038 (Vers.
387 1963 472 2033 2.)
507 1962 690 2018 Gratia
720 1964 861 2018 vobis
889 1972 936 2016 et
962 1978 1066 2034 pax
1102 1977 1132 2014 a
1168 1960 1280 2015 Deo
1318 1959 1477 2014 Patre
1507 1968 1705 2026 nostra,

111 2069 152 2113 et
199 2057 417 2112 Domino
460 2055 586 2111 Jesu
627 2056 855 2111 Christo.
904 2055 1147 2113 Gratiam
1201 2054 1294 2110 Dei
1338 2068 1460 2110 cum
1503 2055 1706 2110 sanctis

109 2154 230 2208 dicit
256 2167 379 2208 esse
409 2159 462 2206 et
489 2150 764 2217 ﬁdelibus,
795 2165 954 2219 quem
988 2149 1204 2204 Patrem
1236 2155 1488 2203 nostrum
1518 2147 1706 2218 πυρρι-

105 2247 202 2313 lat;
224 2246 349 2317 quia
374 2244 440 2300 ab
461 2245 579 2315 ipso
601 2252 730 2300 sunt
754 2245 936 2300 onmia
963 2253 1015 2300 et
1037 2243 1254 2300 condita
1283 2254 1336 2298 et
1362 2252 1700 2300 restaurata:

107 2340 371 2395 Christum
418 2349 597 2395 autem
643 2340 930 2396 Dominum
973 2348 1222 2396 nostrum
1251 2379 1268 2408 ,
1306 2342 1429 2411 quia
1470 2337 1704 2396 redemit

111 2448 220 2501 nos,
250 2432 483 2489 oﬁ'erens
507 2448 565 2488 se
597 2448 696 2503 pro
725 2433 907 2488 nobis.

173 2526 347 2599 (Vers.
381 2526 460 2596 5.)
495 2524 806 2582 Benedictus
844 2526 983 2580 Deus
1015 2535 1062 2580 et
1101 2525 1264 2580 Pater
1301 2525 1510 2587 Domini
1539 2527 1703 2582 nostri

109 2619 221 2675 Iesu
249 2620 468 2685 Christi,
507 2620 594 2689 qui
626 2619 886 2675 benedixit
916 2636 1011 2674 nos
1039 2620 1178 2674 omni
1213 2620 1564 2675 benedictione
1593 2621 1701 2692 spi-

112 2717 261 2781 ritali,
308 2715 359 2770 id
402 2726 506 2784 est,
558 2731 664 2771 non
719 2715 1019 2784 mundana,
1067 2715 1165 2770 sed
1212 2714 1423 2771 scelesti
1475 2712 1702 2770 benedi-

115 2812 278 2867 ctione
308 2827 320 2864 :
349 2825 525 2880 neque
554 2809 933 2880 corruptibili,
967 2811 1062 2866 sed
1091 2819 1297 2865 acterna
1326 2827 1346 2874 ,'
1373 2809 1498 2881 quia
1528 2810 1699 2880 gloria

115 2905 518 2962 Christianorum
547 2921 654 2960 non
681 2905 735 2959 in
762 2914 928 2972 terra,
958 2903 1054 2959 sed
1082 2905 1134 2958 in
1159 2905 1299 2959 caelo
1322 2911 1428 2969 est,
1458 2912 1511 2958 et
1534 2913 1616 2958 est
1644 2903 1700 2957 in

115 2999 337 3054 Christo.
379 3001 554 3056 Omne
591 2999 736 3054 enim
780 2998 982 3052 donum
1023 2998 1209 3070 gratiae
1259 2997 1439 3071 Deiin
1482 2996 1701 3052 Christo

117 3101 227 3157 est;
266 3101 322 3147 ut
349 3093 392 3148 si
424 3093 547 3164 quis
573 3135 586 3158 ,
629 3101 816 3163 spreto
851 3091 1071 3147 Christo
1097 3134 1109 3156 ,
1154 3091 1401 3146 benedici
1441 3106 1499 3146 se
1523 3106 1555 3145 a
1585 3091 1698 3145 Deo

1879 1870 2076 1944 (γει-ε.
2113 1872 2208 1943 7.)
2247 1869 2312 1930 In
2349 1889 2450 1942 quo
2481 1870 2726 1928 habemus
2751 1869 3151 1940 redemptionem
3183 1884 3274 1940 per
3301 1883 3426 1924 son-

1807 1966 2014 2038 guinem
2061 1965 2226 2037 ipsius
2257 2007 2270 2030 ,
2327 1965 2680 2022 remissionem
2732 1973 3080 2033 peccatorum.
3135 1962 3421 2032 Duplicem

1807 2060 2033 2130 gratiam
2066 2059 2304 2130 ﬂagitat;
2351 2059 2476 2130 quia
2517 2069 2571 2114 et
2599 2057 2831 2118 redemit
2862 2073 2962 2117 nos
2989 2057 3257 2128 saugitine
3285 2071 3420 2123 suo,

1807 2163 1861 2210 et
1886 2163 2107 2226 peccata
2144 2155 2299 2212 nobis
2343 2170 2450 2228 non
2483 2155 2768 2226 imputavit
2793 2197 2807 2221 ,
2849 2153 2901 2212 id
2932 2161 3052 2222 est,
3096 2151 3326 2214 redemit
3365 2160 3422 2208 et

1807 2249 2145 2306 manumisit.

1881 2343 2065 2414 (Vers.
2090 2341 2170 2414 8.)
2201 2342 2505 2404 Secundum
2526 2343 2730 2400 divitias
2751 2341 2935 2413 gratia:
2955 2357 3083 2408 sum,
3107 2357 3221 2413 quos
3244 2340 3425 2409 super-

1806 2438 2092 2494 abundauit
2140 2438 2194 2492 in
2229 2436 2397 2505 nobis,
2439 2438 2496 2492 in
2539 2436 2679 2490 omni
2725 2435 2980 2505 sapientia
3025 2443 3072 2492 et
3118 2433 3417 2504 prudentia.

1802 2531 1970 2587 Addit
2003 2531 2071 2588 ad
2101 2531 2366 2602 gratiam;
2413 2530 2536 2601 quia
2569 2537 2694 2599 post
2723 2542 2884 2599 supra
2918 2536 3220 2594 memorata
3258 2526 3424 2584 bene-

1806 2629 1924 2686 ﬁcia
1952 2628 2154 2683 donum
2184 2626 2389 2684 accedit
2433 2624 2721 2697 sapientiae
2765 2633 2820 2681 et
2876 2621 3179 2694 prudentia:
3234 2635 3422 2678 rerum

1804 2723 2194 2795 Spiritualium.

1875 2817 2061 2888 (Voss.
2089 2815 2144 2882 9,
2180 2814 2293 2885 l0.)
2334 2814 2403 2870 Ut
2430 2824 2610 2869 notum
2647 2811 2796 2872 nobis
2828 2810 2985 2883 faciat
3012 2809 3310 2882 mysterium
3335 2824 3424 2864 vo-

1802 2911 2018 2967 luntatis
2046 2926 2178 2978 suta,
2197 2914 2358 2983 juxta
2387 2908 2765 2978 beneplacitum
2787 2921 2961 2974 suum,
2985 2905 3124 2976 quod
3145 2903 3417 2976 proposuit

1801 3006 1855 3059 in
1905 3020 2041 3070 eum,
2085 3004 2137 3057 in
2181 3001 2618 3073 dispensationem
2655 3000 2817 3074 233
2863 2998 3251 3070 adimplstionis
3292 3008 3424 3070 tem-

1803 3113 1990 3168 porum
2013 3113 2030 3162 ;
2051 3106 2351 3152 restauraus
2372 3095 2547 3154 onmia
2572 3095 2627 3151 in
2650 3093 2877 3160 Christo,
2903 3109 3021 3163 qua:
3041 3093 3093 3149 iu
3117 3092 3260 3150 ctelis
3279 3100 3421 3157 sunt,

117 3194 281 3255 putet,
329 3201 517 3242 errare
566 3203 626 3242 se
671 3189 857 3243 sciat.“
887 3187 1060 3243 Aliter
1117 3195 1296 3242 tamen
1352 3186 1696 3248 lienedicitur
1725 3182 1768 3244 C
1802 3199 1850 3246 et
1893 3205 2008 3260 quae
2051 3189 2104 3244 in
2147 3197 2308 3248 terra.
2348 3186 2461 3247 lloc
2497 3187 2700 3257 placuit
2739 3186 2874 3252 Deo,
2924 3186 3086 3256 cujus
3123 3185 3421 3246 consilium

119 3277 256 3341 Deus,
282 3290 333 3334 et
359 3281 516 3336 aliter
539 3280 810 3336 homines.
839 3279 1015 3337 Unum
1044 3280 1262 3351 quidem
1293 3279 1695 3344 benedictionis

119 3386 295 3428 nomen
325 3382 428 3437 est,
466 3374 561 3429 sed
597 3390 694 3444 pro
728 3374 925 3429 merito
953 3389 1198 3444 persona:
1229 3373 1389 3428 debet
1423 3373 1694 3444 intelligi;

118 3478 224 3518 nam
249 3473 299 3520 et
329 3465 508 3526 facere
535 3467 736 3522 dicitur
767 3467 929 3533 Deus,
965 3474 1021 3522 et
1053 3467 1304 3521 homines
1329 3466 1527 3530 faciunt
1559 3483 1569 3519 :
1602 3466 1697 3521 sed

121 3555 242 3612 Deus
268 3567 394 3614 nutu
421 3559 540 3614 solo
565 3559 986 3632 impassibiliter
1017 3558 1142 3614 facit
1170 3575 1183 3625 ;
1230 3560 1476 3614 homines
1516 3568 1699 3614 autem

121 3666 280 3717 manu,
327 3664 545 3724 conatu,
580 3656 790 3719 labore,
838 3656 1041 3710 sudore
1089 3655 1354 3711 efﬁciunt.
1391 3656 1530 3710 Deus
1570 3669 1702 3725 ergo

124 3746 460 3816 benedicitur,
483 3767 606 3806 cum
635 3751 882 3806 laudibus
905 3751 1084 3822 dignis
1107 3750 1396 3805 extollitur
1419 3767 1430 3801 :
1453 3749 1703 3805 homines

123 3849 280 3897 autem
306 3842 383 3900 sic
403 3844 676 3901 benedicit
709 3846 873 3912 Deus,
902 3854 961 3899 ut
980 3844 1570 3917 donum'gaggratire
1588 3859 1702 3899 suae

126 3931 192 3986 eis
220 3934 520 4006 impertiat,
551 3953 656 3993 non
685 3937 986 3993 secundum
1018 3938 1212 3993 merita
1241 3953 1464 4000 eorum,
1494 3936 1589 3992 sed
1619 3951 1706 3992 sc-

127 4028 335 4093 cundum
361 4032 788 4089 misericordiam
818 4049 992 4088 suam.
1015 4033 1079 4088 Et
1107 4032 1228 4092 ideo
1257 4032 1397 4088 dixit
1424 4050 1436 4086 :
1471 4032 1576 4100 Qui
1612 4049 1705 4088 uos

130 4117 360 4177 benedixit
382 4126 435 4179 in
465 4126 818 4181 benedictione
845 4128 1070 4198 spiritali
1096 4144 1114 4192 ;
1144 4135 1203 4181 ut
1242 4125 1557 4182 ostenderet
1585 4141 1708 4196 per-

132 4212 302 4272 lectam
331 4218 766 4277 benedictionem
800 4221 914 4276 dari
943 4223 1243 4278 caelestium
1274 4222 1621 4279 credentibus
1651 4221 1706 4276 in

134 4307 346 4380 Christo,
373 4325 429 4370 ut
455 4317 601 4386 pleni
634 4318 741 4372 sint
771 4317 938 4387 gloria
971 4317 1199 4382 cmlcsti,
1225 4333 1386 4388 supra
1410 4323 1710 4388 potestates

133 4405 355 4464 subvecti
387 4413 668 4474 caelorum.
711 4414 847 4482 Quia
891 4413 976 4467 ubi
1009 4430 1119 4484 ego,
1156 4413 1362 4485 inquit,
1392 4431 1500 4482 ero,
1532 4413 1638 4468 illic
1665 4421 1712 4469 et

134 4499 341 4557 minister
366 4523 506 4568 meus
535 4509 631 4562 erit
654 4507 840 4578 (Joau.
871 4525 965 4572 xu,
988 4507 1107 4577 26)·

1802 3282 2088 3343 retroctari
2146 3297 2252 3339 non
2309 3291 2530 3352 potest;
2580 3290 2636 3338 ut
2703 3280 3025 3340 ostenderet
3086 3281 3140 3338 in
3195 3280 3424 3337 Christo

1802 3377 2121 3449 mysterium
2171 3375 2468 3446 voluntatis
2517 3390 2631 3432 sua:
2691 3384 2967 3447 tempore,
3020 3390 3130 3446 quo
3186 3375 3421 3432 revelari

1803 3469 1932 3525 illud
1962 3469 2132 3530 voluit
2159 3468 2211 3524 in
2242 3469 2582 3539 agnitionem
2615 3480 2908 3536 creaturas.
2941 3467 3206 3540 Voluntas
3229 3477 3416 3524 autem

1804 3562 1919 3632 ejus
1943 3562 2059 3617 haec
2082 3561 2205 3626 fuit,
2233 3572 2292 3618 ut
2319 3573 2446 3620 tunc
2469 3563 2741 3632 propitius
2763 3562 2917 3618 ﬁeret
2939 3562 3218 3628 omnibus,
3247 3562 3416 3632 quiin

1805 3670 1990 3712 errore
2020 3665 2198 3721 erant,
2245 3656 2362 3714 sive
2404 3657 2456 3712 in
2488 3657 2665 3721 caelis,
2711 3656 2826 3720 sive
2870 3653 2926 3709 in
2970 3655 3155 3720 terris,
3198 3655 3419 3725 quando

1806 3748 2082 3806 Christum
2112 3747 2480 3806 manifeSIarit
2510 3749 2614 3804 hoc
2645 3747 2850 3804 donum
2878 3760 3000 3806 esse
3028 3745 3370 3802 credentium
3397 3788 3412 3813 ,

1807 3859 1877 3900 ne
1925 3843 2033 3900 illis
2077 3844 2480 3913 imputarentur
2514 3849 2736 3913 peccata
2777 3839 3207 3911 suscipientibus
3253 3839 3418 3896 fidem

1806 3937 2034 3994 Christi.
2065 3935 2258 3997 Omnis
2299 3951 2431 4006 ergo
2461 3943 2711 4006 creatura
2749 3935 2804 3990 in
2840 3932 2996 3989 ctelis
3039 3940 3095 3988 et
3132 3933 3184 3988 in
3229 3933 3416 4002 terris,

1807 4034 1936 4096 dum
1985 4031 2150 4088 discit
2201 4031 2534 4103 agnitionem
2583 4027 2806 4092 Christi,
2855 4035 3201 4097 restauraiur
3241 4029 3309 4084 ad
3361 4028 3416 4085 id

1809 4124 1954 4197 quod
1985 4133 2068 4181 est
2093 4122 2336 4184 condita.
2365 4123 2499 4182 Cum
2529 4123 2674 4194 enim
2701 4120 2767 4182 ad
2801 4121 2962 4178 unius
2994 4121 3092 4178 Dei
3123 4120 3284 4182 ﬁdem
3317 4121 3420 4178 im-

1811 4221 2014 4285 buitur,
2048 4219 2268 4290 cognito
2299 4218 2558 4289 mysterio
2581 4217 2906 4286 Salratoris,
2937 4217 3006 4274 ab
3033 4232 3223 4276 errore
3252 4234 3416 4290 quem
3465 4251 3480 4260 -

1811 4323 2073 4384 coeperat,
2125 4320 2482 4377 restaurator,
2529 4326 2628 4383 pro
2661 4321 2814 4374 certo
2861 4311 3070 4368 habens
3111 4323 3419 4372 creatorem

1813 4428 1970 4470 suum
1997 4427 2162 4468 unum
2190 4424 2312 4473 esse
2343 4409 2510 4465 Deum
2541 4419 2595 4464 et
2631 4409 2934 4468 Dominum.
2981 4408 3120 4464 llinc
3159 4417 3243 4464 cst
3271 4408 3420 4466 unde

1815 4517 1872 4564 et
1899 4507 2139 4569 Joannes
2167 4506 2219 4564 in
2249 4505 2576 4578 Apocalypsi
2605 4502 2739 4564 dicit
2775 4519 2790 4558 :
2839 4501 2958 4559 Vidi
2986 4502 3215 4561 Michael
3239 4514 3290 4559 et
3315 4505 3425 4558 An-

194 4593 360 4661 (Vers.
391 4601 472 4672 4.)
503 4603 652 4658 Sicut
682 4603 838 4674 elegit
878 4618 970 4656 nos
997 4603 1050 4656 in
1083 4602 1199 4672 ipso
1231 4611 1351 4656 ante
1385 4604 1563 4657 mundi
1586 4620 1706 4659 cou-
1732 4599 1783 4660 D
1810 4601 1954 4674 gelos
1984 4604 2095 4675 ejus
2123 4600 2179 4656 in
2204 4598 2332 4676 cmlo
2369 4613 2605 4672 pugnare
2639 4612 2756 4658 sum
2791 4595 3017 4656 dracone
3049 4605 3243 4658 etcum
3270 4613 3424 4652 eser-

135 4683 413 4746 stitutionem
431 4733 444 4758 ,
486 4704 540 4749 ut
569 4711 796 4751 essemus
821 4695 984 4750 sancti
1011 4705 1060 4748 et
1092 4694 1416 4752 immaculati
1442 4711 1612 4750 coram
1641 4711 1699 4750 eo

137 4778 181 4833 in
221 4785 472 4844 chariton.
516 4791 785 4847 Prmscius
813 4791 1054 4846 ieiunium
1095 4791 1234 4846 Deus
1265 4791 1369 4846 scit
1409 4789 1499 4861 qui
1526 4790 1703 4846 credi-

139 4873 227 4928 turi
265 4890 440 4936 essent
484 4883 536 4939 in
573 4883 878 4950 Christum,
929 4883 1070 4938 sicut
1110 4881 1241 4939 dicit
1281 4881 1348 4938 ad
1387 4881 1700 4938 Romanos:

143 4961 262 5029 Quos
297 4975 514 5039 prtesciit
557 4985 603 5030 et
645 4976 845 5030 vocarit
889 4992 981 5034 nos
1015 4975 1197 5050 (llam.
1242 4991 1354 5043 rm,
1402 4974 1495 5047 29)
1537 4993 1550 5030 :
1593 4991 1702 5031 non

138 5056 288 5115 solum
312 5077 374 5118 ex
406 5065 607 5128 Judmis
628 5109 642 5133 ,
672 5067 769 5125 sed
807 5068 971 5128 etiam
999 5083 1062 5124 es
1097 5069 1372 5138 gentibus.
1401 5068 1548 5136 Quos
1576 5083 1705 5142 ergo

142 5145 264 5207 Deus
284 5169 466 5216 vocare
486 5161 705 5228 dicitur,
733 5170 1080 5232 perseverant
1106 5162 1157 5232 in
1182 5163 1287 5224 lidc
1310 5181 1323 5216 :
1351 5162 1402 5218 hi
1425 5173 1551 5223 sunt
1572 5175 1708 5232 QUOS.

145 5241 286 5315 eleSit
306 5261 425 5310 ante
451 5259 707 5315 mundum
733 5257 784 5313 in
809 5256 1063 5326 Christo;
1089 5269 1144 5315 ut
1167 5259 1278 5318 sint
1300 5258 1707 5316 incontaminati

149 5347 304 5396 coram
349 5344 456 5406 Deo
506 5350 557 5407 in
606 5351 875 5408 cbaritate
905 5394 921 5420 ,
970 5351 1074 5412 hoc
1119 5360 1200 5410 est
1232 5394 1246 5419 ,
1303 5360 1361 5412 ut
1403 5367 1561 5408 amor
1610 5351 1710 5410 Dei

209 5473 379 5558 f‘Vet.
401 5481 552 5551 edit.,
577 5501 678 5538 non
703 5484 817 5539 sine
838 5483 1023 5554 effectu
1049 5485 1425 5556 profectionis;
1451 5488 1640 5558 Rom.,
1668 5529 1706 5545 ..

156 5543 422 5652 milesia-3‘;
755 5543 1104 5652 perfectionis.

265 5616 417 5702 ,ῌοιηέ
462 5627 589 5696 edit.
641 5616 941 5702 praemissis
977 5632 1195 5694 duobus
1241 5630 1434 5702 primis
1470 5632 1715 5702 Apostoli

156 5689 377 5771 ffirlsibus
403 5695 470 5750 ila
503 5689 760 5766 resin-uit,
797 5689 996 5754 Paulus
1045 5689 1314 5771 apostolus
1349 5689 1476 5759 Jesu
1505 5689 1718 5759 Christi.

161 5751 306 5812 Solito
347 5782 478 5823 more
505 5751 1474 5831 ‘ggra'a'JHL:"satiat;unus:
1509 5751 1722 5832 “satas

161 5831 383 5905 omnibus,
422 5843 505 5912 qui
540 5854 658 5899 sunt
846 5845 899 5898 in
941 5841 1146 5899 Christo
1187 5844 1334 5905 Jesu.
1391 5831 1724 5903 Non’solum

1807 4696 1911 4752 citu
1941 4697 2053 4767 ejus
2100 4693 2287 4765 (Apoc.
2318 4707 2413 4758 xu,
2449 4691 2529 4760 7).
2569 4689 2697 4752 Herc
2725 4689 3085 4760 repugnantia
3128 4689 3325 4760 partim
3354 4687 3426 4746 de

1808 4802 1998 4846 errore
2025 4796 2106 4844 est
2125 4828 2139 4854 ,
2178 4785 2374 4858 partim
2402 4783 2470 4841 de
2496 4791 2774 4855 usurpata:
2806 4781 3112 4856 tyrannidis
3148 4796 3417 4854 prnsuru-

1809 4883 2014 4954 ptione.

1883 4975 2064 5047 (Vere.
2125 4974 2225 5041 ll,
2283 4971 2398 5045 12.)
2449 4971 2518 5028 In
2573 4987 2673 5040 quo
2705 4969 2730 5008 ἀ
2760 4980 2810 5026 et
2843 4987 2940 5028 nos
2981 4970 3148 5028 sortiti
3197 4985 3414 5038 sumus,

1815 5071 2164 5142 prcedestinoti
2202 5068 2480 5126 secundum
2522 5069 2840 5140 propositum
2869 5066 3002 5134 Dei,
3044 5066 3134 5136 qui
3178 5066 3420 5122 uniuersa

1815 5165 2003 5220 creavit
2047 5163 2326 5219 secundum
2375 5163 2644 5220 consilium
2671 5161 2949 5218 voluntatis
2981 5174 3128 5225 sum;
3156 5168 3215 5212 ut
3258 5160 3421 5216 simus

1815 5259 1870 5320 in
1911 5258 2119 5312 laudem
2165 5257 2346 5328 gloria:
2391 5260 2502 5331 ejus
2527 5273 2656 5323 nos,
2709 5255 2795 5326 qui
2834 5261 2952 5309 ante
2998 5252 3318 5324 speravimus
3360 5253 3420 5309 in

1819 5350 2049 5407 Christo.
2093 5349 2207 5405 Hoc
2237 5356 2350 5416 est,
2381 5348 2522 5421 quod
2554 5347 2716 5413 dicit,
2760 5345 2884 5416 quia
2914 5343 3251 5415 dispensatio
3283 5361 3420 5418 prta.

1813 5488 2053 5560 ﬁdelihus
2080 5487 2272 5560 scribit.

1891 5573 1913 5600 ο
1957 5562 2116 5614 llom.
2141 5559 2302 5625 edit.,
2334 5555 2626 5613 Secundum
2649 5551 3134 5620 beueplacilum....
3163 5558 3440 5616 claritatis-

1821 5634 2004 5707 gratite
2041 5648 2193 5696 stuc;
2233 5641 2343 5686 vet.
2375 5640 2608 5707 εις-ωδε.
2637 5626 2884 5707 inferae
2917 5629 3280 5707 senaculum,
3319 5633 3427 5707 nisi

1824 5695 1966 5776 ἷμιιιιι
1992 5695 2187 5772 borum
2214 5699 2457 5776 nonnulli
2484 5710 2577 5768 pro
2599 5696 2864 5776 claritatis
2880 5695 3110 5776 ellerunt
3128 5695 3417 5769 charitatis.

1900 5775 1925 5814 ἀ
1968 5769 2128 5830 Rom.
2163 5774 2318 5837 edit.,
2353 5781 2398 5824 et
2419 5785 2509 5826 nos
2531 5778 2667 5823 sorte
2695 5769 3179 5826 constitutisumus.
