3978 6310
594 301 702 358 375

1576 302 1669 358 AD
1698 302 1934 360 OPERA
1971 299 2216 358 SANCTI
2256 299 2589 360 AMBROSII
2627 301 2996 362 APPENDIX.
3752 317 3817 373 δῖα

590 417 879 475 dicationis
907 417 990 474 his
1015 417 1234 474 decreta
1279 425 1363 474 est
1391 432 1422 474 a
1453 417 1597 484 Deo;
1628 419 1720 490 qui
1750 433 1816 474 ex
1843 416 2049 474 Judmis
2075 432 2196 475 cre-
2224 420 2278 482 Α
2301 417 2562 473 suscitans
2605 419 2754 474 illum
2796 437 2829 474 a
2857 423 3108 492 mortuis,
3140 433 3191 480 et
3235 426 3505 480 collocavit
3545 430 3604 483 ad
3631 430 3817 490 dextera»

603 514 851 572 liderunt
896 516 952 572 in
1001 515 1298 573 Christum.
1335 515 1491 574 Unde
1535 517 1716 574 nullus
1749 534 1815 575 ex
1844 518 2100 591 gentibus
2129 519 2198 574 ad

599 610 959 680 apostolatum
1001 610 1209 666 electus
1250 621 1370 679 est;
1404 612 1627 684 dignum
1663 613 1810 668 enim
1849 623 1969 669 erat
2012 627 2078 669 ex
2111 613 2199 670 his

591 703 716 775 eligi
755 703 1173 774 praedicatores,
1225 706 1314 777 qui
1366 716 1494 762 ante
1533 714 1888 776 Speraverunt
1933 707 2196 775 salutem,

589 811 711 869 quae
740 796 847 853 illis
879 799 1146 868 promissa
1174 807 1293 854 erat
1320 799 1375 853 in
1414 797 1657 856 Christo.

662 889 842 961 (Vers.
878 891 979 958 15,
1009 891 1128 963 14.)
1169 891 1237 947 In
1267 908 1371 964 quo
1396 903 1447 948 et
1472 909 1561 948 vos
1583 935 1598 961 ,
1629 911 1744 949 cum
1787 895 2060 951 audissetis
2087 913 2200 952 ver-

585 984 706 1039 bum
733 985 963 1040 veritatis
1004 983 1279 1057 Evangelii
1329 987 1514 1042 salutis
1562 998 1770 1055 vestrae,
1822 991 2084 1046 credentes
2127 991 2200 1044 si-

586 1080 729 1148 gnati
759 1080 881 1134 estis
914 1079 1120 1151 Spiritu
1151 1081 1510 1151 promissionis
1543 1092 1722 1136 sancto
1748 1100 1767 1149 ;
1797 1085 1886 1154 qui
1909 1095 1980 1140 est
2008 1085 2198 1157 pignus

587 1171 913 1226 hereditatis
955 1183 1166 1240 nostrw,
1222 1173 1274 1227 in
1325 1175 1726 1247 redemptionem
1753 1177 2114 1246 acquisitionis
2144 1180 2197 1234 in

584 1265 794 1319 laudem
841 1264 1026 1335 gloriae
1069 1265 1255 1337 ipsius.
1303 1265 1446 1323 Laus
1489 1267 1678 1339 gloria:
1729 1271 1826 1326 Dei
1865 1280 1980 1340 est,
2017 1282 2044 1311 ιι
2074 1288 2196 1327 cum

584 1358 741 1412 multi
772 1359 1128 1430 acquiruntur
1157 1359 1226 1415 ad
1263 1359 1420 1416 ﬁdem
1443 1403 1456 1428 ,
1491 1361 1631 1418 sicut
1659 1363 1828 1434 gloria
1861 1363 2056 1421 medici
2088 1375 2193 1431 est,

584 1451 630 1505 si
667 1451 866 1508 multos
911 1461 1082 1508 curet.
1132 1453 1365 1526 Ideoque
1393 1454 1461 1510 ad
1508 1455 1733 1526 gloriam
1775 1458 1869 1514 Dei
1917 1463 2193 1530 pertinet,

585 1544 713 1614 quia
743 1554 931 1614 gentes
965 1537 1210 1614 vocavit,
1244 1557 1304 1602 ut
1331 1549 1523 1604 salutis
1566 1564 1681 1605 sua:
1711 1551 1976 1607 medelam
2004 1568 2197 1610 conse-

589 1649 890 1709 querentur
921 1656 1018 1711 per
1038 1641 1196 1697 ﬁdem
1232 1645 1559 1715 promissam
1589 1646 1815 1712 Judtcis,
1837 1650 2050 1720 signum
2093 1649 2192 1706 ha-

590 1733 784 1788 bentes
812 1733 1206 1805 redemptionis
1236 1746 1397 1809 atque
1433 1739 1765 1798 haereditatis
1805 1742 1999 1798 lutum
2022 1786 2037 1809 ,
2069 1744 2194 1815 Spi-

2303 510 2401 565 sibi
2453 511 2510 565 in
2536 513 2820 569 ctzlestibus
2862 531 3018 586 super
3044 532 3247 574 onmem
3280 517 3624 593 Principatum
3648 534 3685 579 et
3717 525 3820 583 Pote-

2301 611 2508 670 statem,
2538 613 2585 660 et
2617 604 2885 676 Virtutem,
2911 618 2959 664 et
2986 608 3431 680 Dominationem,
3458 623 3504 668 et
3526 633 3658 672 omne
3676 637 3819 686 nomen,

2301 697 2442 768 quod
2469 701 2769 755 nominatur
2793 719 2896 757 non
2917 703 3083 758 solum
3103 706 3158 760 in
3187 704 3286 760 hoc
3311 708 3528 778 seculo,
3553 711 3632 764 sed
3654 723 3694 766 et
3713 714 3753 767 in
3770 721 3822 786 (s-

2304 800 2440 846 turo.
2476 793 2802 865 Exemplum
2839 798 3029 853 salutis
3071 800 3418 857 credentium
3447 813 3501 858 et
3528 806 3823 876 gloriation-

2301 886 2642 943 surrectione
2673 887 2978 946 Salvatoris
3008 893 3315 950 consistere
3335 894 3629 965 proﬁtetur,
3653 908 3699 952 ut
3718 915 3766 954 ex
3784 917 3822 957 ea

2302 992 2639 1052 cognoscant
2682 983 2914 1053 ﬁdeles,
2966 986 3129 1059 334
3153 989 3283 1060 quid
3315 991 3397 1046 eis
3438 992 3727 1060 promissum
3756 1009 3821 1052 en.

2303 1071 2481 1129 Simili
2503 1075 2650 1131 enim
2680 1076 2843 1132 modo
2863 1079 3196 1137 exlollentur
3223 1098 3388 1154 supra
3409 1085 3574 1141 caelos
3595 1086 3726 1142 futuri
3746 1103 3822 1143 cu

2301 1166 2552 1236 Christo;
2585 1171 2728 1228 sicut
2776 1174 2893 1244 ipse
2923 1175 3055 1232 dicit
3088 1195 3100 1232 :
3131 1176 3316 1246 Pater,
3365 1180 3478 1234 volo
3508 1189 3560 1234 ut
3596 1180 3674 1234 ubi
3703 1185 3822 1253 fuat,

2302 1271 2349 1316 et
2377 1261 2431 1316 Iri
2455 1279 2652 1318 mecum
2673 1266 2798 1332 sint,
2827 1277 2874 1322 et
2903 1267 3110 1325 videant
3134 1271 3358 1342 gloriam
3385 1288 3545 1327 meam
3567 1270 3823 1344 (Joaruml,

2301 1359 2418 1432 24).
2469 1362 2580 1418 lloc
2606 1373 2829 1434 prepter
2858 1367 3294 1424 incarnationem
3327 1367 3452 1424 Filii
3483 1369 3605 1436 Dei,
3649 1374 3823 1426 utetiam

2303 1453 2466 1509 homo
2493 1455 2663 1512 lactus
2693 1474 2860 1528 super
2885 1474 3077 1516 omnes
3097 1461 3269 1517 caelos
3289 1477 3413 1518 esse
3437 1461 3825 1536 dicatur,etsuper

2301 1557 2552 1604 cunctam
2579 1560 2885 1607 creaturam
2916 1553 3115 1610 sedens
3139 1556 3206 1610 ad
3229 1555 3514 1611 dexteram
3546 1557 3666 1626 Dei,
3689 1557 3824 1614 habens

2304 1653 2500 1695 nomen
2545 1640 2638 1696 Dei
2665 1657 2762 1712 per
2801 1652 3083 1709 naturam,
3117 1663 3222 1700 non
3273 1661 3371 1715 per
3417 1645 3757 1718 adoptionem;
3793 1661 3826 1702 ut

2304 1744 2643 1805 cognoscant
2672 1735 2827 1792 illum
2867 1754 2990 1795 esse
3024 1739 3219 1795 Filium
3249 1740 3382 1805 Dei,
3435 1743 3526 1812 qui
3559 1741 3692 1796 illum
3707 1746 3824 1798 cruci-

591 1828 759 1882 ritum
813 1838 1061 1886 sanctum
1111 1831 1296 1888 datum
1346 1842 1470 1904 post
1499 1835 1850 1906 baptismum.
1903 1838 2193 1911 Redempti

2303 1825 2558 1883 ﬁxerunt.
2581 1827 2764 1884 Honor
2794 1832 2940 1886 enim
2969 1847 3130 1902 quem
3160 1833 3236 1887 illi
3261 1832 3414 1888 dedit
3441 1833 3597 1889 Pater
3618 1849 3701 1904 per
3718 1850 3826 1904 gene-

591 1924 740 1978 enim
767 1923 1296 1998 hzeredesdesignati
1324 1939 1470 1996 sunt,
1490 1931 1534 1986 si
1550 1932 1603 1987 in
1624 1933 2042 2003 regeneratione
2070 1950 2197 2006 per-

590 2015 818 2085 durent;
851 2029 909 2074 ιιι
942 2020 1077 2078 ﬁdes
1109 2023 1280 2092 prima
1309 2025 1523 2080 veniam
1545 2067 1559 2092 ,
1589 2035 1776 2082 sancta
1806 2042 1938 2083 vero
1967 2042 2200 2084 conver-

594 2115 736 2168 satio
761 2118 1066 2186 perdurans
1092 2134 1214 2175 cum
1247 2120 1372 2188 ﬁde,
1392 2136 1651 2178 coronam
1683 2132 1978 2180 mereatur.

657 2206 840 2276 (Vers.
875 2210 976 2283 15ξ,
1007 2211 1121 2284 16.)
1146 2211 1435 2284 Propterea
1463 2225 1514 2270 et
1539 2233 1633 2288 ego
1655 2260 1669 2284 ,
1699 2217 1882 2271 audita
1901 2219 2006 2287 ﬁde
2030 2228 2198 2274 vestra

588 2301 645 2356 in
673 2301 898 2360 Domino
939 2304 1068 2360 Jesu
1090 2349 1104 2374 ,
1141 2315 1188 2361 et
1236 2307 1512 2364 dilectione
1543 2309 1598 2364 in
1623 2326 1800 2365 omnes
1827 2319 2062 2377 sanctos,
2094 2329 2197 2366 non

587 2410 732 2452 cesso
775 2398 972 2468 gratias
1027 2401 1227 2471 agendo
1277 2417 1374 2472 pro
1424 2402 1598 2469 vobis,
1656 2406 2198 2460 commemorationem

586 2490 742 2544 vestri
795 2493 966 2563 facere
996 2493 1050 2548 in
1072 2495 1392 2551 orationibus
1432 2497 1579 2551 meis.
1613 2497 1883 2565 Quoniam
1917 2498 2073 2568 juxta
2102 2498 2201 2554 de-

587 2595 795 2640 cretum
831 2585 923 2642 Dei
945 2630 960 2655 ,
989 2595 1110 2660 'quo
1143 2591 1336 2646 statuit
1364 2601 1552 2662 gentes
1582 2594 1874 2663 participes
1903 2591 2021 2649 ﬁeri
2076 2609 2202 2664 pro-

590 2677 869 2736 missionis
920 2681 1232 2738 Judaeorum
1262 2725 1278 2751 ,
1336 2685 1524 2740 audito
1571 2685 1796 2755 Ephesii
1849 2688 2016 2743 verbo
2070 2689 2195 2758 Dei,

589 2782 950 2842 susceperunt
973 2774 1130 2830 ﬁdem
1157 2775 1399 2842 Christi,
1428 2777 1716 2848 diligentes
1742 2793 1931 2836 omnes
1953 2791 2197 2851 sanctos,

589 2862 731 2918 sicut
760 2865 1038 2922 mandavit
1064 2867 1330 2923 Dominus
1355 2885 1370 2936 ;
1405 2869 1507 2926 hac
1528 2884 1692 2926 causa
1727 2871 1837 2927 Deo
1862 2874 2068 2944 gratias
2092 2877 2202 2946 agit

594 2971 698 3027 pro
732 2961 1094 3018 conversione
1149 2970 1206 3018 et
1260 2963 1530 3021 charitate
1569 2981 1790 3034 eorum,
1821 2967 1912 3038 qui
1941 2968 2199 3042 dignatus

585 3058 672 3106 est
700 3061 896 3122 gentes
921 3069 1322 3126 concorporare
1359 3057 1586 3116 Iudaeis.

662 3143 848 3215 (Vers.
885 3147 984 3213 17,
1017 3148 1118 3216 18,
1154 3150 1268 3220 l9.)
1303 3149 1373 3206 Ut
1413 3150 1556 3208 Deus
1606 3153 1819 3211 Domini
1856 3162 2022 3215 nostri
2070 3159 2200 3218 Jesu

2302 1919 2605 1986 rationem,
2636 1931 2764 1979 tunc
2812 1923 3193 1980 manifestatus
3221 1935 3344 1992 est,
3393 1941 3514 1982 cum
3565 1939 3704 1983 natus
3723 1930 3825 1984 homo

2304 2025 2497 2081 passus
2535 2023 2647 2079 est,
2700 2024 2756 2069 et
2804 2017 2946 2071 victa
2997 2026 3177 2073 morte
3223 2020 3560 2086 resurrexit,
3611 2021 3825 2076 ascendens

2303 2104 2446 2162 unde
2473 2104 2865 2173 descenderat,
2895 2124 3061 2180 super
3084 2125 3278 2168 omnes
3305 2112 3500 2168 cmlos.
3527 2110 3672 2170 Unde
3690 2113 3825 2169 dictum

2302 2207 2386 2255 est
2412 2241 2427 2267 ,
2455 2200 2581 2270 quia
2610 2201 2795 2256 veritas
2824 2201 2888 2257 de
2914 2212 3050 2258 terra
3075 2215 3191 2259 orta
3235 2216 3311 2260 est
3333 2204 3510 2276 (Psul.
3545 2221 3738 2272 Lxxxtv,
3756 2206 3826 2272 l3).

2301 2295 2437 2364 Quia
2465 2296 2612 2352 enim
2663 2312 2824 2354 omne
2863 2299 3127 2370 judicium
3156 2299 3319 2357 Pater
3363 2299 3506 2357 Filio
3543 2300 3681 2357 dedit
3703 2299 3824 2372 (leas.

2301 2406 2367 2459 ν,
2395 2390 2512 2464 22),
2561 2392 2764 2450 idcirco
2816 2395 2884 2450 ad
2943 2395 3230 2452 dexteram
3290 2397 3386 2452 Dei
3444 2396 3631 2453 sedere
3675 2396 3824 2458 dicitur,

2303 2489 2455 2558 quasi
2477 2487 2666 2559 judcx.
2694 2490 2943 2561 Denique
2968 2489 3085 2561 ipse
3111 2489 3243 2546 dicit
3262 2491 3331 2545 ad
3359 2490 3654 2562 discipulos
3679 2507 3688 2544 :
3717 2489 3826 2559 [squ

2303 2582 2458 2638 modo
2489 2583 2620 2638 nihil
2652 2585 2850 2654 petistis
2886 2585 2939 2638 in
2970 2586 3177 2640 nomine
3217 2601 3328 2640 meo
3360 2601 3380 2640 :
3409 2586 3591 2656 petite,
3618 2597 3660 2639 et
3689 2599 3759 2656 ego
3775 2584 3825 2652 [a-

2303 2676 2437 2730 ciam
2470 2675 2634 2748 (Ibid.
2703 2693 2814 2742 xvr,
2849 2678 2967 2750 24).
3003 2678 3154 2735 Unde
3205 2680 3282 2734 ait
3327 2679 3536 2735 ludatis
3569 2679 3827 2735 :Amodori-

2305 2769 2490 2825 debitis
2521 2767 2721 2824 Filium
2768 2771 2992 2828 hominis
3021 2772 3282 2828 sedentem
3310 2773 3382 2828 ad
3417 2774 3673 2828 dexteram
3694 2773 3826 2825 virtuti:

2303 2861 2424 2932 Dei,
2456 2874 2503 2920 et
2519 2866 2801 2920 venientem
2839 2881 2956 2920 cum
2979 2866 3197 2922 nubibus
3227 2871 3343 2923 caeli
3369 2868 3590 2939 (Matth.
3613 2882 3733 2930 xm,
3753 2867 3824 2934 6i).

2305 2957 2390 3013 Ex
2438 2973 2504 3014 eo
2536 2958 2678 3014 enim
2709 2959 2857 3029 quod
2889 2959 3158 3029 innotuit,
3208 2961 3346 3017 adiri
3394 2961 3593 3033 ρωρίι,
3621 2972 3668 3017 et
3708 2967 3828 3031 posta.

2304 3051 2401 3108 lari
2429 3094 2444 3119 ,
2478 3055 2629 3132 quasi
2655 3054 2846 3126 judex.
3909 3093 3911 3102 ι

2377 3145 2557 3216 (Vers.
2583 3146 2656 3202 22
2674 3191 2689 3214 ,
2717 3147 2837 3220 25.)
2871 3148 2942 3204 Et
2965 3151 3137 3204 omnia
3158 3150 3375 3224 subjecit
3396 3152 3490 3206 sub
3520 3150 3713 3222 pedibus
3732 3152 3826 3221 ejus.

588 3233 820 3303 Christi,
851 3237 1012 3294 Pater
1047 3242 1300 3299 claritatis
1322 3286 1336 3310 ,
1382 3245 1467 3301 det
1490 3249 1632 3303 vobis
1657 3249 1896 3321 spiritum
1927 3255 2195 3327 sapientia:

2302 3249 2348 3294 et
2371 3240 2540 3311 ipsum
2561 3242 2702 3295 dedit
2727 3252 2885 3312 caput
2924 3259 3082 3315 super
3110 3261 3312 3299 omnem
3342 3245 3660 3309 Ecclesium,
3690 3250 3828 3315 quem

593 3336 644 3381 et
690 3329 1018 3387 reuelationis
1060 3335 1117 3388 in
1144 3337 1408 3406 agnitione
1457 3341 1588 3410 ejus,
1641 3342 1963 3402 illuminatos
2008 3347 2200 3404 habere

590 3423 773 3478 oculos
796 3425 966 3480 cordis
991 3429 1148 3482 vestri
1171 3444 1190 3494 ;
1219 3430 1290 3484 ad
1309 3429 1408 3485 hoc
1436 3442 1493 3486 ut
1514 3433 1687 3488 sciatis
1725 3453 1841 3507 ante
1867 3437 1934 3493 sit
1964 3456 2082 3510 spes
2109 3457 2200 3495 vo-

589 3516 815 3571 cationis
844 3521 958 3591 ejus
979 3562 993 3585 ,
1036 3530 1084 3575 et
1127 3538 1246 3593 qua:
1285 3523 1482 3580 divitia:
1503 3525 1830 3585 Ittrzreditatis
1875 3532 2059 3602 gloria:
2085 3537 2198 3607 ejus

588 3610 646 3664 in
684 3613 899 3668 sanctis.
946 3615 1290 3675 Manifestum
1335 3630 1420 3677 est
1448 3623 1573 3694 quia
1601 3623 1743 3694 _ideo
1791 3641 1850 3684 se
1877 3642 2037 3685 orare
2067 3630 2200 3687 dicit

588 3717 691 3773 pro
715 3706 828 3773 eis,
865 3718 924 3764 ut
948 3709 1073 3767 ﬁdei
1103 3726 1221 3768 sua:
1249 3729 1402 3784 spem
1431 3727 1766 3788 cognoscant
1795 3720 1850 3775 in
1882 3737 2197 3778 remunera-

588 3796 741 3855 tione
785 3801 1029 3871 cmlesti;
1081 3805 1208 3876 quia
1241 3821 1365 3863 cum
1401 3808 1561 3879 plene
1587 3812 1812 3868 scierint
1853 3815 1944 3885 qui
1991 3816 2198 3873 fructus

585 3901 672 3946 est
694 3893 1054 3965 credentium,
1084 3901 1474 3972 propensiores
1503 3904 1634 3959 ﬁent
1657 3906 1804 3961 circa
1834 3909 2194 3966 excolendam

589 3983 932 4054 religionem.
965 3989 1085 4047 Jam
1136 3993 1282 4049 enim
1329 3996 1382 4050 in
1423 3995 1733 4068 hujusmodi
1764 4001 2041 4072 prolectus
2079 4005 2199 4062 fore

591 4077 829 4149 videtur,
861 4085 986 4152 quia
1035 4087 1081 4141 si
1120 4097 1412 4161 antequam
1458 4093 1633 4150 sciant
1665 4097 2043 4166 promissionis
2071 4103 2196 4172 glo-

589 4171 772 4240 riam,
807 4182 917 4230 tam
947 4177 1131 4236 devoti
1176 4195 1334 4249 sunt;
1387 4189 1770 4257 propensiores
1821 4191 1951 4248 ﬁent
1999 4171 2193 4253 neces-

590 4267 740 4324 sario
761 4310 777 4337 ,
807 4267 836 4306 δ
862 4285 983 4328 cum
1030 4278 1408 4347 cognoverint.
1448 4280 1724 4338 Claritatis
1753 4294 1932 4343 tamen
1973 4288 2191 4347 Patrem

587 4372 748 4418 vocat
795 4363 996 4436 Deum,
1043 4377 1101 4426 et
1146 4362 1350 4430 Christi
1394 4375 1598 4446 Deum,
1641 4395 1764 4437 cum
1815 4398 1978 4439 verus
2032 4385 2195 4442 Pater

587 4452 793 4511 Christi
838 4461 909 4513 sit
936 4459 1110 4529 Deus,
1146 4473 1201 4519 et
1227 4464 1369 4522 Deus
1395 4478 1678 4526 creaturae.
1711 4471 1822 4529 Sed
1852 4484 1906 4529 et
1932 4477 2048 4546 ipse
2088 4475 2194 4533 Do-

587 4548 772 4607 minus
791 4552 980 4610 eadem
1004 4557 1137 4614 dicit
1161 4576 1175 4613 :
1210 4559 1353 4617 Vada
1383 4564 1454 4618 ad
1473 4563 1685 4621 Patrem
1707 4584 1876 4623 meum
1902 4579 1950 4624 et
1978 4569 2191 4626 Patrem

585 4652 832 4715 vestrum,
854 4647 1019 4706 Deum
1048 4671 1216 4709 meum
1239 4667 1286 4710 et
1305 4656 1475 4712 Deum
1495 4670 1715 4716 vestrum
1733 4661 1917 4736 (Joan.
1944 4681 2040 4733 xx,
2071 4667 2187 4738 l7).
2220 4631 2274 4691 Ι)

587 4737 782 4796 Tatius
828 4757 961 4814 ergo
1005 4748 1270 4808 claritatis
1305 4751 1465 4810 Pater
1489 4765 1613 4822 est;
1659 4760 1788 4826 quia
1821 4759 1890 4814 ab
1939 4763 2059 4830 ipso
2107 4737 2192 4818 est

586 4834 768 4889 omnis
793 4834 1036 4906 claritas,
1064 4851 1122 4897 et
1153 4852 1417 4914 potestas,
1449 4855 1505 4903 et
1530 4847 1786 4920 dignitas.
1821 4850 1917 4905 Est
1945 4861 2000 4906 et
2030 4851 2192 4909 Pater

585 4923 822 4996 Christi,
869 4931 963 4985 sed
1007 4933 1200 5001 aliter;
1256 4937 1381 5006 quia
1430 4938 1523 4994 hic
1555 4955 1731 4996 .verus
1783 4939 1957 4998 Filius
1989 4954 2110 5009 est,
2137 4954 2192 5000 et

580 5018 729 5077 Deus
780 5025 1061 5094 omnium,
1111 5029 1208 5086 sed
1261 5046 1368 5087 non
1411 5032 1482 5087 ita
1523 5031 1727 5090 Christi
1773 5035 1917 5091 Deus
1947 5047 2052 5093 est.
2099 5038 2192 5094 Sic

581 5112 730 5170 enim
763 5115 908 5172 Deus
951 5118 1156 5177 Christi
1204 5132 1327 5190 est;
1361 5125 1487 5196 quia
1519 5125 1661 5182 Deus
1690 5126 1759 5182 de
1788 5127 1902 5184 Deo
1939 5130 2191 5186 Christus

581 5214 669 5262 est
696 5225 708 5262 :
739 5218 1065 5270 caeterorum
1093 5213 1279 5274 autem
1311 5216 1453 5274 Deus
1489 5227 1575 5272 est
1601 5233 1766 5275 causa
1799 5222 2048 5287 terroris,
2085 5223 2190 5278 sic-

579 5308 643 5355 ut
684 5302 800 5374 ipse
844 5307 977 5364 dicit
1025 5311 1077 5367 in
1125 5311 1388 5369 Malaehia
1431 5315 1699 5385 propheta
1745 5333 1760 5370 :
1806 5314 1869 5370 Si
1909 5313 2054 5371 Deus
2096 5333 2191 5389 ego

583 5406 697 5445 sum
722 5437 736 5460 ,
769 5399 854 5452 ubi
878 5409 955 5454 est
976 5403 1130 5458 timor
1159 5420 1303 5459 meus
1324 5403 1547 5475 (Malae.
1577 5421 1616 5471 ι,
1645 5404 1702 5476 6)
1727 5403 1753 5457 τ

656 5484 837 5553 (Vers.
867 5491 939 5548 20
957 5535 974 5560 ,
1015 5496 1133 5568 2L)
1169 5497 1237 5551 Et
1266 5513 1384 5568 quis
1413 5507 1489 5553 est
1516 5499 1720 5553 excelsa
1744 5500 2048 5570 magnitudo
2077 5503 2186 5557 vir-

585 5578 711 5633 tutis
736 5583 847 5651 ejus
884 5586 935 5640 in
960 5604 1046 5645 vos
1067 5634 1083 5659 ,
1115 5593 1203 5662 qui
1233 5593 1445 5648 creditis
1470 5635 1485 5660 ,
1527 5594 1808 5648 secundum
1838 5599 2188 5668 Operationem

581 5675 826 5739 potentia:
846 5678 1171 5746 fortitudinis
1191 5688 1496 5759 ejus,quam
1517 5695 1763 5757 operatus
1783 5697 1858 5742 est
1878 5689 1932 5742 in
1958 5689 2186 5762 Christo,

654 5782 684 5876 ς
718 5784 849 5876 MSS.
875 5795 1143 5876 nonnulli,
1173 5815 1290 5851 cum
1316 5792 1468 5854 multi
1493 5793 2110 5876 concurruntqad'ﬁdem.

2303 3351 2492 3406 corpus
2518 3346 2565 3389 et
2594 3337 2861 3404 plenitudo
2887 3341 3002 3403 eius
3021 3380 3036 3405 ,
3065 3340 3154 3408 qui
3193 3340 3370 3394 omnia
3393 3340 3449 3395 in
3485 3339 3700 3395 omnibus
3719 3337 3828 3391 adin-

2303 3428 2490 3498 pletur.
2526 3428 2741 3485 Patrem
2789 3430 2924 3486 dicit
2953 3431 3093 3489 Filio
3131 3447 3352 3488 omnem
3393 3442 3685 3490 creaturam
3708 3428 3829 3498 subje-

2301 3522 2479 3588 cisse;
2527 3533 2583 3579 ut
2624 3525 2751 3595 quia
2779 3525 2960 3580 omnia
3007 3541 3105 3597 per
3163 3525 3344 3597 ipsum
3371 3526 3499 3582 fecit
3525 3525 3748 3598 (Joan.t,
3779 3521 3825 3589 3}.

2302 3615 2421 3686 ipse
2448 3618 2690 3672 omnium
2718 3628 2880 3688 caput
2907 3620 2980 3676 sit
3012 3629 3068 3676 et
3108 3619 3394 3676 Dominus.
3429 3619 3580 3676 Tunc
3617 3619 3683 3675 illi
3707 3615 3827 3673 omnis

2301 3710 2572 3782 subjecit,
2603 3714 2826 3785 quando
2871 3715 3026 3770 illum
3058 3726 3186 3772 ante
3215 3717 3402 3772 omnia
3441 3717 3652 3789 genuit;
3691 3722 3738 3770 ut
3768 3726 3827 3782 per

2301 3801 2479 3873 ipsum
2511 3803 2753 3874 laceret,
2801 3823 2923 3879 qua:
2965 3823 3073 3863 non
3102 3817 3280 3865 erant.
3329 3809 3565 3866 Omnem
3601 3804 3826 3865 Ecclesia

2301 3895 2526 3963 dicens,
2577 3901 2889 3955 summatim
2934 3909 3105 3957 totum
3155 3901 3612 3973 comprehcndit,
3646 3897 3758 3971 quod
3793 3897 3825 3948 in
3911 3951 3913 3964 ,

2301 3993 2442 4048 coelo
2468 4003 2554 4050 est
2579 4006 2634 4052 et
2656 3996 2710 4052 in
2735 4006 2911 4065 terra;
2950 4009 3009 4054 ut
3036 4000 3092 4056 in
3119 4014 3327 4056 novum
3359 4000 3628 4056 hominem
3651 3994 3828 4054 membra

2301 4085 2421 4155 ejus
2471 4088 2802 4157 efﬁciantur,
2847 4091 2976 4147 dum
3023 4093 3363 4149 conﬁtentur
3413 4092 3558 4149 hunc
3598 4106 3732 4154 esse,
3769 4099 3828 4158 per

2299 4194 2460 4250 quem
2489 4180 2616 4237 facti
2658 4199 2689 4237 a
2720 4183 2832 4241 Deo
2874 4197 3021 4242 sunt.
3056 4186 3436 4258 thjiciuntur
3461 4189 3600 4244 enim
3627 4184 3693 4240 illi
3728 4177 3829 4252 quasi

2298 4279 2466 4349 capiti
2493 4280 2740 4336 men-bra
2764 4323 2779 4348 ,
2810 4299 2874 4338 ex
2907 4299 3014 4353 quo
3047 4284 3270 4341 trahunt
3298 4285 3570 4356 originem
3595 4300 3609 4350 ;
3639 4274 3827 4336 utomn'n

2299 4372 2353 4428 in
2376 4375 2648 4445 omnibus,
2674 4377 3096 4449 adimpleantur.
3120 4379 3254 4436 Cum
3277 4381 3427 4436 enim
3451 4378 3674 4451 regressi
3694 4371 3829 4430 luerim

2296 4466 2364 4522 ad
2391 4467 2791 4527 confessionem
2821 4472 2983 4527 unius
3025 4473 3154 4540 Dei,
3188 4472 3478 4529 ﬂectentes
3506 4487 3636 4544 genu
3654 4465 3826 4525 Christo.

2296 4562 2625 4634 adimpletur
2671 4566 2726 4621 in
2767 4567 3023 4624 omnibus
3066 4578 3124 4624 ut
3151 4568 3224 4625 sit
3273 4569 3495 4634 omnia;
3525 4567 3638 4638 quia
3677 4560 3828 4626 abipso

2298 4664 2427 4710 sunt
2455 4677 2469 4712 :
2499 4673 2563 4712 ac
2611 4674 2706 4728 per
2748 4661 2852 4715 hoc
2883 4661 2999 4731 ipse
3029 4661 3084 4717 in
3124 4662 3205 4718 eis
3245 4671 3368 4726 est,
3400 4663 3522 4733 quia
3559 4662 3734 4716 virtute
3751 4651 3826 4720 ejus

2299 4752 2642 4822 subsistunt;
2685 4756 3007 4813 recedentes
3037 4758 3186 4814 enim
3212 4771 3244 4814 a
3283 4759 3399 4814 Deo
3419 4801 3436 4826 ,
3464 4767 3704 4814 evacuare
3724 4747 3826 4804 illum

2299 4845 2577 4907 videntur.
2610 4849 2769 4907 Unde
2793 4851 2901 4907 alio
2925 4853 3049 4909 loco
3076 4853 3208 4909 dicit
3237 4872 3250 4910 :
3285 4852 3355 4910 Ut
3396 4860 3620 4909 crescant
3642 4841 3825 4905 animi"

2299 4941 2667 4999 incrementum
2699 4945 2798 5002 Dei
2821 4944 3048 5020 (Coloss.
3079 4965 3137 5013 ιι,
3171 4947 3282 5019 l9).

2933 5039 3165 5098 CAPUT
3205 5041 3269 5096 ll.

2371 5129 2554 5200 (Vers.
2584 5133 2609 5187 1
2639 5175 2653 5200 ,
2677 5133 2761 5205 2.)
2805 5134 2873 5189 Et
2895 5152 2986 5191 vos
3025 5154 3142 5191 cum
3171 5138 3348 5192 essetis
3377 5138 3566 5194 mortui
3599 5127 3764 5189 delictis
3795 5129 3824 5176 ει

2299 5224 2524 5293 peccatis
2547 5229 2754 5295 vestris,
2795 5230 2849 5284 in
2877 5230 3060 5300 quibus
3089 5231 3375 5300 aliquando
3391 5229 3676 5286 ambulastis
3695 5234 3823 5279 sectr

2297 5317 2420 5372 dum
2450 5323 2699 5377 steculum
2740 5323 2896 5392 huius
2935 5326 3138 5380 mundi.
3174 5327 3420 5381 Mortuus
3449 5325 3600 5390 dicit,
3647 5317 3821 5412 quiiflj

2297 5427 2452 5469 rores
2480 5417 2668 5472 smculi
2692 5431 3023 5490 sequuntur;
3054 5421 3314 5493 quidquid
3346 5423 3493 5477 enim
3514 5421 3578 5476 ab
3601 5415 3736 5474 unius
3758 5408 3818 5462 Dei

2296 5509 2638 5582 professione
2685 5517 2928 5586 recedit,
2983 5527 3260 5575 mortuum
3309 5518 3568 5584 habetur;
3611 5512 3715 5586 quia
3747 5515 3818 5558 ηοῐι

2297 5614 2480 5658 manet
2510 5606 2562 5660 in
2594 5608 2776 5666 radice
2800 5652 2816 5677 ,
2849 5627 2915 5667 ex
2945 5627 3050 5681 qua
3079 5612 3242 5668 trahit
3270 5612 3558 5684 originem.
3586 5597 3816 5663 Secundi“!

2298 5696 2586 5771 principem
2632 5707 2896 5774 potestatis
2934 5707 3071 5762 aeris
3098 5706 3268 5782 hujus
3290 5749 3304 5778 ,
3350 5708 3584 5778 spiritum
3609 5698 3685 5773 qui
3719 5689 3818 5748 παπ

650 5855 678 5894 λ)
716 5857 846 5918 Mss.
888 5855 1274 5938 aliquot,'cum
1312 5867 1645 5943 cognoverint
1685 5855 2142 5949 claritater'nﬂej'us.
2181 5867 2396 5946 Tamen,
2423 5871 2530 5933 etc.
