3978 6310
129 268 225 328 577

1050 261 1555 321 COMMENTARIA
1597 261 1664 318 IN
1707 260 1925 320 EPIST.
1970 262 2061 318 AD
2101 260 2455 321 EPHESIOS.

3282 267 3390 324 578

126 395 348 456 operatur
382 385 434 439 in
474 382 594 453 ﬁliis
631 380 956 455 difﬁdentiw.
1003 379 1314 451 Principem
1354 379 1678 451 potestatis,
1712 381 1974 446 Αηοεινὶ.
2020 379 2117 436 Ha:
2159 395 2301 436 verat
2340 379 2544 437 divitiae
2591 390 2720 438 sunt
2763 381 3300 455 misericordiarum,
3335 393 3396 442 ut

125 481 300 547 idest,
348 477 652 544 diabolum,
705 474 983 546 signiﬁcat
1026 474 1211 530 saeculi
1267 473 1682 544 intelligentiam

125 573 442 644 corrupisse;
481 581 538 626 ut
572 570 640 625 ab
677 585 788 625 uno
827 570 940 626 Deo
995 568 1352 635 recederent,
1384 567 1682 624 multorum

127 669 334 727 deorum
367 667 673 738 Opinionem
707 665 1090 737 suscipientes,
1116 675 1174 719 ut
1203 664 1384 719 socios
1416 663 1541 719 Illos
1572 679 1686 718 sua:

124 761 520 833 conspirationis
548 759 819 825 efﬁceret,
845 760 974 815 dum
996 761 1052 814 in
1075 759 1264 816 eadem
1306 759 1587 828 impietate
1608 757 1690 812 in-

124 859 413 923 veniuntur,
462 864 724 925 negantes
762 871 931 910 unum
960 855 1156 911 Deum.
1200 854 1508 924 Principem
1556 867 1689 924 ergo

126 953 250 1006 hunc
269 949 468 1006 erroris
510 947 632 1004 ideo
662 947 808 1004 aeris
847 947 984 1004 dicit
1013 947 1270 1018 spiritum
1291 987 1308 1014 ,
1343 955 1403 1002 ut
1430 945 1689 1002 ostendat

125 1049 234 1120 quia
260 1046 390 1100 hanc
425 1053 627 1116 partem
661 1043 764 1099 sibi
796 1045 1082 1114 usurpavit
1107 1043 1174 1098 ad
1203 1042 1570 1099 exercendam
1592 1040 1692 1097 do-

125 1139 474 1195 minationem.
503 1135 666 1193 Aliud
699 1145 783 1191 est
808 1137 955 1193 enim
985 1151 1102 1202 aer,
1131 1144 1195 1191 et
1213 1135 1361 1191 aliud
1392 1138 1644 1206 princeps
1673 1152 1687 1188 :

125 1233 208 1290 sed
243 1233 361 1303 quia
389 1231 441 1286 in
478 1229 685 1286 mundo
722 1231 808 1286 vel
841 1231 896 1286 in
927 1244 1056 1286 aere
1094 1229 1432 1296 dominatur,
1462 1228 1692 1300 spiritus

125 1329 252 1386 acris
280 1327 595 1397 appellatur.

189 1422 354 1495 (Vers.
378 1422 456 1493 5.)
484 1418 548 1474 1η
569 1421 756 1489 quibus
782 1430 829 1475 et
856 1437 949 1475 nos
979 1419 1258 1491 aliquando
1287 1419 1575 1473 conversari
1598 1433 1691 1472 su-

125 1535 223 1574 mus
247 1518 296 1571 in
321 1517 580 1571 desideriis
600 1516 772 1571 carnis
797 1525 1018 1582 nostrae,
1052 1516 1301 1586 facientes
1329 1525 1356 1555 ι
1380 1514 1695 1568 voluntatem

126 1611 275 1666 carnis
298 1618 342 1664 et
366 1610 694 1664 consiliorum
722 1611 834 1681 ejus
862 1627 880 1664 :
909 1620 958 1665 et
987 1626 1192 1664 eramus
1221 1619 1407 1663 natura
1434 1608 1532 1678 ﬁlii
1564 1609 1658 1662 ira:
1677 1650 1692 1673 ,

127 1707 241 1762 sicut
277 1717 322 1760 et
351 1706 535 1760 ueteri.
588 1705 876 1760 Perﬁdiam
907 1703 1208 1776 signiﬁcat,
1252 1703 1381 1758 dum
1420 1702 1692 1758 desideria

1789 489 1901 532 non
1915 474 2286 545 quaerentibus
2309 475 2454 530 ultro
2468 475 2844 532 misericordia
2865 487 3238 546 praestaretur,
3256 479 3399 535 sicut

1786 570 1920 626 dicit
1945 569 2140 626 Esaias
2173 587 2185 623 :
2224 568 2410 624 Palam
2437 573 2608 641 factus
2629 587 2744 625 sum
2788 587 2892 626 non
2919 571 3266 643 quwrentibus
3310 589 3392 628 me

1788 664 1961 736 (Esai.
1995 680 2120 729 ων,
2150 665 2224 736 l);
2248 664 2351 720 hoc
2377 664 2524 719 enim
2554 672 2640 719 est
2664 664 2940 722 abundare
2972 667 3387 734 misericordia,

1792 767 1850 815 ttt
1876 768 1932 815 et
1953 776 2058 814 non
2086 759 2487 830 postulantibus
2515 759 2806 816 tribuatur.
2835 761 2963 816 Haec
3008 772 3186 816 tamen
3211 761 3394 818 chari-

1793 862 1876 909 tas
1901 853 1998 909 Dei
2025 864 2111 909 est
2139 868 2266 925 erga
2296 869 2398 911 nos
2419 895 2434 921 ,
2467 863 2527 910 ut
2551 855 2677 927 quia
2710 854 2840 910 fecit
2888 869 3019 922 nos,
3056 857 3189 912 nolit
3215 858 3396 927 perire

1793 963 1931 1014 nos;
1983 948 2164 1019 diligit
2220 949 2368 1004 enim
2431 963 2568 1019 Opus
2593 965 2776 1005 suum.
2831 949 2959 1005 Ideo
3011 951 3154 1006 enim
3215 950 3389 1020 fecit,

1769 1045 1852 1098 'ut
1898 1053 2140 1110 amaret,
2171 1045 2314 1116 quod
2368 1043 2527 1110 fecit;
2578 1059 2743 1102 nemo
2777 1045 2923 1101 enim
2951 1045 3196 1102 laborem
3233 1061 3391 1101 suum

1793 1138 1921 1194 odio
1953 1138 2137 1195 habet.

1867 1232 2050 1304 (Vers.
2077 1232 2158 1304 5.)
2195 1233 2260 1288 Et
2283 1250 2402 1288 cum
2426 1235 2616 1288 mortui
2641 1249 2867 1289 essemus
2895 1234 3138 1306 peccatis,
3166 1234 3391 1288 conuici-

1794 1328 1966 1398 ﬁcavtt
1987 1343 2081 1382 nos
2111 1328 2165 1382 in
2194 1327 2421 1384 Christo.
2456 1329 2494 1383 A
2521 1328 2635 1384 Deo
2658 1328 2883 1383 alienati
2911 1327 3112 1383 mortui
3138 1341 3392 1382 eramus:

1794 1423 1968 1492 gratia
1996 1431 2177 1476 autem
2205 1435 2304 1476 sua
2333 1421 2612 1477 revocavit
2651 1435 2785 1490 nos,
2819 1419 2922 1476 hoc
2952 1430 3072 1483 est,
3103 1417 3399 1474 viviﬁcavit

1795 1530 1897 1572 nos
1926 1517 1978 1570 in
2009 1515 2257 1570 Christo.
2291 1516 2426 1584 Quia
2471 1515 2617 1570 enim
2653 1529 2751 1584 per
2774 1515 2948 1584 ipsum
2980 1508 3077 1568 nos
3110 1511 3268 1578 fecit,
3299 1512 3398 1567 ite-

1796 1627 1915 1666 rum
1953 1626 2051 1680 per
2092 1613 2268 1679 ipsum
2309 1624 2410 1664 nos
2456 1608 2776 1664 reformavit
2801 1606 2855 1662 in
2899 1608 3016 1679 ipso
3042 1650 3056 1674 ,
3097 1605 3151 1662 id
3186 1616 3307 1672 est,
3341 1613 3401 1661 ut

1795 1706 1914 1777 ejus
1940 1705 2184 1760 membra
2216 1705 2423 1769 simus;
2459 1705 2573 1775 ipse
2600 1713 2682 1758 est
2703 1711 2885 1758 autem
2913 1712 3079 1773 caput
3109 1713 3396 1767 nostrum;

128 1799 290 1857 carnis
347 1806 630 1854 memorat.
663 1797 927 1853 Voluntas
961 1798 1109 1853 enim
1172 1799 1355 1852 carnis
1389 1805 1473 1850 est
1504 1793 1692 1850 visihi-
1725 1793 1770 1853 B
1800 1800 1975 1870 ipsum
2027 1799 2172 1854 enim
2225 1798 2521 1866 habemus,
2576 1797 2688 1853 Deo
2749 1805 3070 1865 praestante,
3117 1805 3397 1850 auctorem

131 1893 255 1950 libus
281 1892 563 1955 obiectari,
599 1901 659 1946 ttt
692 1892 962 1946 elementa
989 1905 1113 1961 qum
1143 1890 1292 1946 Deus
1318 1888 1687 1960 gubernacula

128 1984 292 2040 mundi
314 1983 578 2050 instituit,
612 1983 746 2040 deos
776 1984 1042 2054 appellet;
1075 1998 1200 2038 cum
1232 1981 1336 2037 hoc
1367 1995 1566 2037 nomen
1599 1981 1690 2034 uni

129 2078 227 2135 Deo
250 2079 521 2145 debeatur,
564 2093 633 2133 ex
668 2091 780 2148 quo
817 2087 942 2133 sunt
970 2078 1193 2139 omnia;
1224 2086 1280 2130 ut
1315 2075 1455 2130 sicut
1481 2074 1691 2130 nttllum

127 2173 413 2244 participem
457 2171 623 2227 habet
653 2187 721 2226 ex
763 2170 850 2226 his
883 2172 935 2226 in
968 2173 1177 2226 virtute
1199 2213 1213 2237 ,
1260 2170 1333 2224 ita
1361 2167 1566 2224 nullum
1599 2168 1691 2222 ha-

125 2267 232 2324 beat
261 2274 560 2322 consortem
611 2263 664 2320 in
717 2264 963 2320 nomine.
996 2261 1218 2319 Christo
1255 2273 1434 2317 autem
1482 2261 1693 2316 idcirco

127 2358 217 2414 hoc
252 2373 433 2414 nomen
475 2372 583 2412 non
613 2367 868 2426 negatur,
909 2356 1037 2427 quia
1079 2356 1222 2412 sicut
1251 2354 1566 2410 communis
1609 2354 1693 2410 eis

125 2459 289 2507 natura
314 2460 428 2512 est.
456 2452 526 2506 ita
567 2451 670 2506 erit
697 2460 752 2506 et
802 2465 1026 2505 nomen.
1059 2449 1174 2505 Hoc
1207 2460 1389 2504 tamen
1417 2448 1562 2504 inter
1594 2451 1695 2503 Pa-

126 2552 242 2599 trem
267 2554 318 2600 et
344 2543 532 2599 Filium
577 2545 838 2611 interest,
877 2544 1002 2615 quia
1035 2543 1195 2598 Pater
1223 2559 1253 2597 a
1288 2542 1439 2598 nullo
1467 2541 1574 2598 hoc
1600 2556 1693 2596 ac-

125 2639 285 2709 cepit:
317 2638 479 2696 Filius
506 2649 690 2696 autem
727 2655 823 2711 per
863 2640 1277 2711 generationem
1304 2639 1482 2694 omnia
1515 2637 1693 2692 Patris

125 2733 338 2803 accepit;
383 2744 440 2788 ut
468 2736 521 2789 in
570 2739 775 2791 virtute
813 2747 868 2791 et
899 2734 1200 2791 substantia
1229 2744 1284 2789 et
1316 2735 1533 2790 nomine
1558 2732 1695 2788 nihil

125 2823 268 2880 distcl
297 2825 459 2883 Filius
492 2843 523 2882 a
573 2827 757 2884 Patre.
792 2827 948 2883 Unde
975 2828 1143 2882 dicit:
1176 2826 1365 2881 Omnia
1399 2843 1515 2895 qua:
1542 2825 1694 2880 habet

127 2915 280 2984 Pater,
313 2936 420 2975 mea
447 2931 593 2986 sunt;
633 2931 680 2977 et
706 2938 816 2976 mea
852 2921 1028 2976 Patris
1055 2919 1240 2993 (Joan.
1275 2935 1392 2986 xvt,
1427 2918 1540 2986 15).
1573 2918 1692 2974 Non

126 3023 239 3080 ergo
264 3010 527 3083 indignum
566 3029 741 3084 neque
768 3013 1106 3068 contrarium
1133 3023 1214 3066 est
1238 3053 1252 3078 ,
1287 3009 1336 3066 si
1361 3022 1414 3066 et
1442 3008 1694 3066 Christus

129 3103 251 3161 Deus
275 3106 494 3174 dicatur,
522 3107 623 3163 sed
651 3107 720 3163 de
746 3108 860 3163 Deo
888 3107 1047 3162 Patre
1071 3124 1084 3172 ;
1119 3117 1176 3161 ut
1206 3107 1364 3161 unius
1392 3107 1485 3162 Dei
1509 3117 1696 3161 aucto-

1794 1892 1920 1948 vitae
1951 1904 2171 1959 nostrm,
2208 1893 2347 1947 sicut
2375 1891 2507 1947 dicit
2534 1891 2730 1947 Petrus
2759 1891 3043 1962 apostolus
3075 1906 3089 1944 :
3122 1890 3399 1945 Auctorem

1791 2006 1906 2044 rero
1932 1991 2047 2043 vine
2072 1989 2402 2058 interfecistis
2428 1988 2566 2054 (Act.
2593 2002 2669 2052 ιιι,
2703 1985 2819 2059 15).
2897 2051 2904 2056 α

1866 2082 2047 2154 (Vers.
2081 2079 2161 2153 6.)
2188 2082 2351 2150 Cujus
2373 2081 2542 2153 gratia
2579 2080 2709 2134 salvi
2750 2080 2876 2150 facti
2904 2079 3044 2133 estis.
3077 2076 3209 2133 Huic
3251 2077 3398 2131 dono

1793 2175 1946 2231 addit
1972 2186 2028 2231 et
2057 2188 2278 2247 gentes;
2319 2174 2630 2247 signiﬁcans
2658 2171 2686 2212 ι)
2713 2172 2952 2228 salvatos
2981 2187 3080 2228 nos
3109 2185 3232 2228 esse
3266 2185 3396 2241 gra-

1795 2269 1866 2325 tia
1895 2268 2122 2325 Christi.

1867 2363 2054 2433 (Vers.
2082 2361 2164 2436 7.)
2196 2363 2263 2418 Et
2300 2363 2457 2419 simul
2487 2362 2756 2418 suscitavit
2783 2402 2798 2428 ,
2849 2371 2897 2414 et
2938 2359 3094 2416 simul
3124 2358 3398 2413 consedere

1795 2458 1917 2529 fecit
1938 2461 1991 2512 in
2012 2457 2301 2513 ctelestibus
2351 2458 2404 2511 in
2432 2456 2636 2511 Christo
2674 2454 2823 2510 Iesu.
2873 2454 2989 2509 Hoc
3035 2451 3198 2517 dicit,
3247 2451 3395 2524 quod

1795 2566 1960 2622 supra
2007 2550 2352 2616 memoravi,
2412 2550 2524 2604 illic
2573 2549 2784 2604 futuros
2831 2556 3053 2605 sanctos
3115 2547 3279 2603 etiam
3326 2561 3396 2602 ex

1795 2645 2052 2717 gentibus
2076 2685 2091 2706 ,
2115 2644 2206 2699 ubi
2235 2654 2290 2698 ct
2321 2642 2576 2698 Christus
2603 2652 2686 2699 est
2706 2651 2871 2714 caput
2894 2658 3106 2698 eorum.

1867 2739 2048 2808 (Vers.
2077 2736 2156 2809 8.)
2192 2736 2260 2792 Ut
2294 2738 2583 2792 ostenderet
2619 2739 2674 2790 in
2705 2739 2906 2792 steculis
2927 2735 3398 2810 supervenientibus

1797 2835 2277 2905 superabundantes
2299 2834 2507 2888 divitias
2552 2833 2736 2904 gratiae
2777 2850 2884 2888 suae
2912 2835 2966 2888 in
2997 2835 3222 2888 bonitate
3241 2851 3397 2905 super

1797 2943 1890 2982 nos
1935 2927 1987 2981 in
2036 2913 2242 2982 Christo
2260 2925 2413 2982 Jesu.
2445 2925 2559 2981 Hoc
2605 2926 2908 2997 signiﬁcat,
2940 2926 3064 2997 quia
3111 2926 3164 2980 in
3217 2926 3399 2980 futuro

1797 3020 1996 3076 sarculo
2038 3020 2347 3076 immortale
2377 3020 2580 3075 donum
2612 3021 2706 3075 Dei
2751 3013 3114 3090 apparebit—in
3139 3035 3398 3076 remune-

1798 3115 2010 3170 ratione
2053 3114 2330 3182 lidelium;
2363 3114 2510 3185 quod
2550 3114 2742 3169 oculus
2787 3129 2892 3169 non
2921 3114 3088 3180 vidit,
3125 3130 3225 3170 nec
3253 3115 3400 3169 auris

127 3199 244 3255 ritas
263 3212 628 3257 conservetur.
651 3200 786 3257 Nam
810 3202 854 3256 Si
874 3202 994 3272 quis
1015 3201 1162 3257 aliud
1187 3212 1338 3272 putat
1358 3201 1691 3272 signiﬁcare,
1723 3195 1766 3258 Ο
1799 3208 2032 3273 audivit,
2063 3223 2164 3264 nec
2189 3208 2247 3264 in
2290 3223 2384 3263 cor
2413 3207 2650 3264 hominis
2693 3208 2975 3274 ascendit,
3019 3224 3138 3278 quas,
3181 3222 3397 3277 pra-pa-

126 3309 230 3351 cum
255 3297 582 3352 voluntatem
633 3298 817 3354 carnis
845 3297 1086 3367 ﬂagitat,
1113 3299 1251 3352 sciat
1279 3307 1334 3353 et
1369 3296 1692 3367 Apostolum

127 3389 349 3445 mundam
395 3390 558 3446 vitam
607 3391 892 3457 habuisse;
923 3391 1046 3462 quia
1094 3390 1390 3445 secundum
1429 3389 1695 3460 justitiam

125 3476 266 3549 Legis
294 3490 645 3538 conversatus
671 3493 757 3539 est
785 3484 904 3538 sine
930 3483 1178 3553 querela.
1218 3482 1327 3538 Sed
1354 3483 1480 3552 quia
1511 3497 1698 3552 perse-

126 3580 262 3628 cutus
300 3584 382 3632 est
407 3575 572 3633 ﬁdem
604 3574 842 3645 Christi,
891 3577 1099 3633 idcirco
1127 3575 1412 3630 conversati
1432 3617 1448 3642 ,
1478 3574 1693 3644 inquit,

127 3681 278 3722 sumus
306 3671 356 3725 in
382 3673 650 3728 desideriis
672 3674 844 3727 carnis
881 3684 1093 3730 nostrae.
1119 3671 1297 3726 Omne
1328 3671 1473 3726 enim
1507 3683 1699 3740 pecca-

128 3768 225 3816 tum
261 3779 380 3820 caro
406 3767 630 3832 dicitur,
664 3765 902 3821 maxime
945 3764 1171 3836 perﬁdia
1196 3807 1210 3830 ,
1255 3779 1376 3834 qua:
1417 3771 1502 3818 est
1531 3763 1699 3818 totius

129 3855 324 3912 sceleris
348 3867 542 3914 mater.
571 3859 721 3914 Nulli
739 3873 905 3929 opera
937 3857 1076 3913 bona
1101 3865 1156 3912 et
1181 3858 1404 3911 castitas
1427 3855 1696 3925 proderit,

130 3946 168 4001 si
216 3950 279 4005 sit
320 3953 589 4022 perlidus;
622 3953 845 4023 perﬁdia
873 3952 1016 4007 enim
1067 3951 1184 4005 haec
1228 3949 1409 4004 omnia
1441 3949 1696 4004 maculat.

131 4040 248 4100 Hinc
269 4056 374 4112 est,
405 4048 552 4118 quod
580 4047 823 4104 subdidit
852 4064 864 4100 :
898 4045 965 4100 Et
995 4062 1194 4100 eramus
1223 4053 1411 4098 natura
1447 4044 1545 4114 ﬁlii
1568 4044 1662 4097 ira:
1682 4083 1698 4106 ,

132 4136 272 4210 235
294 4141 417 4195 sicut
435 4150 481 4196 et
503 4142 698 4196 cceteri.
721 4140 941 4196 Naturae
963 4139 1110 4195 enim
1130 4155 1252 4194 cum
1283 4137 1425 4193 mala
1446 4137 1700 4192 voluntas

132 4233 442 4301 supponitur,
478 4237 536 4288 lit
566 4244 756 4288 natura
782 4234 878 4290 irae
899 4274 913 4297 ,
947 4232 998 4286 id
1041 4241 1124 4287 est
1151 4273 1165 4298 ,
1196 4246 1315 4302 quae
1347 4231 1545 4285 ultioni
1572 4229 1702 4284 sub-

130 4321 336 4392 jicienda
359 4329 456 4393 sit,
489 4327 775 4383 immutata
801 4341 907 4380 non
933 4325 1242 4381 substantia
1266 4364 1280 4390 ,
1312 4323 1408 4378 scd
1436 4323 1578 4377 mala
1607 4339 1703 4376 vo-

133 4413 333 4476 luntate.
357 4422 470 4478 Hoc
496 4423 642 4478 cnim
667 4421 957 4491 deputatur
985 4429 1195 4474 natura:
1215 4461 1230 4486 ,
1263 4418 1407 4489 quod
1429 4418 1698 4489 sequitur;

135 4512 259 4569 unde
286 4517 356 4570 ait
400 4518 450 4572 in
483 4517 683 4574 Esaia:
713 4514 899 4572 Semen
946 4516 1228 4585 pessimum
1251 4513 1424 4585 (Esai.
1456 4532 1495 4580 ι,
1522 4514 1601 4585 4).
1634 4515 1702 4569 Ει

134 4605 290 4673 quare
320 4610 388 4664 sit
425 4625 611 4666 semen
665 4609 1000 4680 pessimum,
1053 4607 1287 4677 subjecit
1329 4625 1343 4660 :
1399 4605 1700 4677 Reliquistis
1728 4587 1776 4647 Ῑ)

133 4699 246 4754 enim
282 4699 572 4772 Dominum,
605 4705 704 4770 ait,
730 4713 776 4757 et
808 4701 877 4756 ad
903 4703 1225 4757 iracundiam
1255 4703 1509 4756 incitastis
1533 4701 1702 4757 Sanc-

136 4802 227 4846 tum
246 4794 434 4864 Israel;
462 4809 517 4854 ut
554 4810 746 4853 natura
773 4813 895 4868 quae
919 4796 1128 4854 deserit
1165 4796 1333 4851 Deum
1353 4837 1368 4861 ,
1397 4796 1700 4868 pessimum

134 4899 296 4944 semen
315 4889 537 4946 dicatur.
553 4892 900 4962 Degenerare
923 4889 1069 4944 enim
1093 4899 1177 4946 est
1201 4888 1270 4942 ab
1295 4897 1523 4944 auctore
1552 4902 1704 4944 rece-

134 4979 291 5039 dere:
344 4995 396 5042 et
435 5002 556 5042 cum
587 4986 788 5042 malum
834 4984 1146 5056 exemplum
1197 4985 1411 5039 cmteris
1461 4983 1704 5054 praebet,

135 5077 315 5134 malum
341 5089 423 5135 cst
467 5097 690 5147 semen;
718 5082 928 5136 fructus
951 5081 1102 5136 enim
1148 5080 1422 5150 peSsimos
1466 5079 1614 5135 facit.
1647 5079 1703 5134 Si

136 5181 248 5225 vero
274 5173 452 5230 redeat
480 5176 549 5232 ad
577 5176 874 5232 Auctorem
902 5217 916 5238 ,
949 5174 1089 5230 bona
1112 5175 1216 5230 erit
1246 5183 1434 5228 natura
1463 5215 1476 5238 ,
1509 5188 1706 5228 secun—

137 5261 246 5320 dum
274 5270 588 5338 Aposmlum
611 5314 628 5340 ,
655 5272 748 5342 qui
777 5272 1099 5325 immutatus
1117 5269 1245 5323 dum
1271 5267 1517 5340 agnoscit
1541 5265 1704 5322 Crea-

139 5362 289 5414 torem
318 5378 470 5418 suum
491 5406 505 5431 ,
531 5381 626 5421 vas
662 5363 946 5420 electionis
979 5362 1281 5434 appellatur
1308 5361 1446 5436 (Act.
1476 5378 1551 5427 ιχ,
1587 5361 1702 5431 15).

200 5451 367 5522 (Vers.
397 5455 475 5528 4.)
499 5457 638 5513 Deus
669 5467 840 5512 autem
859 5501 873 5523 ,
898 5458 984 5526 qui
1009 5456 1146 5510 diues
1166 5465 1242 5510 est
1272 5456 1332 5510 in
1349 5454 1708 5509 misericordia

141 5555 329 5615 propter
373 5551 583 5607 multam
623 5552 929 5607 charitatem
977 5567 1163 5617 suam,
1205 5567 1304 5621 qua
1349 5550 1590 5606 misertus
1636 5557 1710 5605 est

207 5691 234 5764 ιζ
267 5687 380 5764 Vet.
406 5691 532 5746 edit.
557 5701 611 5748 et
637 5707 769 5749 mss.
810 5708 917 5749 non
961 5692 1154 5764 pauci,
1185 5665 1476 5763 uoluptates
1513 5691 1704 5746 carnis.

143 5753 236 5837 Sed
261 5763 487 5834 antiquis
508 5766 868 5837 'scriptoribu‘s
912 5753 1176 5837 srilcmne
1196 5753 1348 5837 esse,
1379 5766 1713 5837 ut‘voluntao

147 5831 243 5885 θείη
284 5843 334 5890 et
379 5831 708 5908 voluptatem
761 5839 900 5900 inter
946 5831 1005 5896 se
1042 5833 1408 5904 confundunt,
1443 5831 1554 5906 iam
1596 5840 1706 5893 non

1799 3295 1941 3350 ravit
1970 3295 2116 3349 Deus
2133 3293 2489 3364 diligentibus
2511 3311 2634 3352 eum
2670 3295 2713 3366 (Ι
2745 3293 2869 3349 Cor.
2901 3311 2937 3349 tt
2959 3335 2974 3361 ,
3020 3295 3100 3364 9).
3146 3295 3238 3349 lla:
3271 3304 3402 3351 sunt

1797 3389 2307 3460 superabundantes
2335 3390 2538 3446 divitiae
2557 3432 2571 3457 ,
2597 3401 2655 3445 ut
2695 3400 2902 3445 tantum
2933 3390 3093 3444 detur
3118 3389 3403 3445 credenti-

1800 3482 1901 3538 bus
1921 3524 1936 3550 ,
1969 3493 2232 3552 quantum
2262 3485 2593 3554 investigare
2625 3499 2731 3539 non
2765 3493 2940 3554 potest
2963 3500 3136 3540 mens.

1872 3575 2053 3648 (Vcrs.
2084 3578 2143 3642 9,
2194 3577 2304 3648 10.)
2338 3575 2516 3632 Gratia
2563 3578 2699 3632 enim
2729 3578 2858 3633 salui
2891 3578 3017 3648 {acti
3049 3578 3170 3630 estis
3209 3593 3300 3648 per
3337 3577 3406 3646 ﬁ-

1800 3669 1937 3725 dem.
1971 3669 2156 3725 Gratia
2197 3668 2319 3723 ﬁdei
2351 3670 2476 3724 data
2508 3679 2623 3736 est,
2658 3680 2715 3724 ut
2755 3669 3042 3725 credentes
3093 3669 3400 3724 salventur.

1801 3765 1871 3819 Et
1913 3763 2010 3818 hoc
2058 3780 2161 3818 non
2191 3780 2255 3818 ea:
2281 3763 2467 3829 vobis;
2506 3762 2597 3817 Dei
2643 3765 2779 3818 enim
2809 3763 3001 3817 donum
3040 3772 3138 3829 est,
3190 3778 3293 3815 non
3338 3778 3402 3817 ea:

1801 3857 2061 3929 Operibus,
2089 3873 2152 3910 ne
2175 3857 2290 3927 quis
2325 3857 2596 3928 glorietur.
2623 3855 2760 3910 Nam
2787 3857 2951 3927 ipsius
2980 3872 3161 3910 sumus
3188 3855 3403 3926 ﬁguren-

1802 3963 1932 4015 tum,
1957 3951 2117 4004 creati
2155 3951 2209 4003 in
2238 3948 2442 4004 Christo
2472 3947 2601 4004 Jesu
2636 3950 2690 4002 in
2719 3963 2879 4018 apera
2924 3949 3231 4019 bona;qute
3268 3962 3404 4018 prte-

1803 4049 2000 4119 parauit
2037 4045 2182 4102 Deus
2235 4056 2291 4101 ut
2319 4047 2371 4100 in
2396 4046 2504 4100 illis
2525 4045 2869 4099 ambulemus.
2904 4043 3105 4098 Verum
3137 4051 3254 4105 est,
3277 4042 3403 4112 quia

1802 4141 1980 4197 omnis
2005 4143 2300 4212 gratiarum
2326 4141 2472 4195 actio
2499 4138 2690 4193 salutis
2722 4147 2922 4192 nostrae
2950 4136 3016 4191 ad
3061 4138 3226 4192 Deum
3259 4134 3406 4192 refe-

1803 4236 1970 4293 rcmla
2002 4244 2117 4302 est,
2159 4234 2248 4306 qui
2282 4232 2713 4288 misericordiam
2747 4246 2900 4286 suam
2943 4230 3100 4286 nobis
3145 4236 3406 4300 prmstat;

1804 4340 1863 4384 ut
1891 4337 2174 4386 revocaret
2204 4339 2225 4365 ο
2259 4335 2506 4383 errantes
2533 4326 2601 4381 ad
2633 4325 2795 4381 vitam
2817 4367 2831 4388 ,
2865 4333 2921 4381 et
2959 4341 3066 4379 non
3095 4333 3407 4394 qumreutes

1804 4440 1998 4480 verum
2054 4423 2180 4479 iter.
2226 4422 2463 4494 ldcoquc
2514 4436 2621 4475 non
2654 4431 2738 4475 est
2770 4418 3116 4490 gloriandum
3165 4416 3409 4472 nobisin

1805 4519 1965 4574 nobis
1995 4518 2160 4588 ipsis;
2193 4517 2289 4573 sed
2318 4518 2368 4571 in
2397 4516 2509 4571 Deo
2537 4557 2553 4582 ,
2581 4514 2677 4586 qui
2709 4528 2808 4568 nos
2839 4513 3186 4584 regeneravit
3214 4509 3415 4565 nativi-

1806 4619 1916 4667 tate
1946 4610 2153 4668 caelesti
2185 4626 2282 4682 per
2321 4609 2481 4664 ﬁdem
2507 4607 2746 4672 Christi,
2770 4606 2836 4661 ad
2869 4605 2970 4660 hoc
3004 4613 3063 4660 ut
3093 4603 3252 4659 bonis
3278 4617 3410 4673 ope-

1807 4706 1956 4762 ribus
1982 4703 2302 4768 exercitati,
2331 4717 2452 4774 quae
2480 4703 2626 4757 Deus
2667 4701 2822 4756 nobis
2847 4699 2958 4769 jam
2990 4699 3198 4754 renatis
3218 4696 3410 4754 decre-

1807 4800 1905 4865 vit,
1960 4797 2226 4868 promissa
2259 4810 2569 4850 mereamur
2595 4792 2866 4863 accipere.

1882 4892 2066 4966 (Vers.
2091 4887 2368 4962 14,12)"
2372 4889 2568 4953 emoria
2594 4889 2898 4952 retinentes,
2914 4903 3001 4941 vos
3021 4885 3409 4957 quialiquando

1809 4985 1965 5041 eratis
1992 4984 2246 5056 gentes,in
2273 4997 2456 5047 carne,
2490 4982 2577 5052 qui
2605 4981 2845 5035 dicimini
2875 4981 3190 5052 pra’putium
3209 5019 3225 5043 ,
3254 4977 3318 5030 ab
3350 4992 3412 5031 ea

1809 5096 1924 5150 qute
1945 5079 2136 5133 dicitur
2165 5076 2492 5134 circumcisio
2516 5076 2571 5129 in
2597 5091 2756 5130 carne
2792 5077 3135 5144 manufncta;
3166 5069 3410 5140 quoniam

1808 5174 1962 5229 eratis
1989 5173 2084 5226 illo
2111 5173 2165 5226 in
2205 5182 2435 5241 tempore
2465 5170 2576 5225 sine
2605 5170 2817 5228 Christo
2838 5211 2850 5233 ,
2881 5167 3094 5222 alienati
3129 5182 3160 5218 a
3189 5179 3408 5218 conver-

1809 5269 2011 5324 satione
2040 5265 2244 5333 lsrael,
2276 5275 2322 5319 et
2357 5265 2583 5335 hospites
2615 5272 3074 5324 testamentorum,
3106 5269 3155 5311 et
3193 5256 3417 5326 promis-

1809 5363 1970 5418 sionis
2014 5377 2193 5416 eorum
2235 5375 2378 5430 spem
2405 5373 2511 5411 non
2550 5356 2822 5420 habentes,
2853 5362 2898 5406 et
2939 5351 3048 5404 sine
3078 5347 3187 5403 Deo
3221 5349 3278 5402 in
3314 5348 3414 5402 hoc

1814 5453 2028 5508 mundo.
2072 5448 2403 5505 Commonet
2451 5454 2672 5518 gentes,
2719 5453 2777 5498 ut
2818 5441 3241 5497 reminiscentes
3285 5439 3414 5510 quid

1815 5547 2017 5603 fuerint
2069 5545 2248 5616 (erant
2287 5543 2432 5600 enim
2483 5537 2762 5604 carnales,
2804 5544 2861 5592 et
2891 5534 3008 5591 sine
3035 5549 3164 5607 spe,
3208 5533 3412 5592 nullam

1816 5687 1988 5747 semel
2011 5684 2412 5742 admonuimus.

1891 5760 1920 5800 1)
1965 5761 2119 5813 Rom.
2154 5758 2286 5811 edit.
2332 5753 2472 5821 sola,
2505 5749 2732 5815 salvatos
2761 5765 2856 5821 nos
2881 5765 3058 5821 attines
3085 5765 3216 5818 esse,
3241 5759 3348 5809 etc;

1891 5821 1913 5871 ξ
1954 5807 2392 5894 Ιῖἇῐῖἶιὶηιῖἶῶεέι)
2424 5807 2651 5879 ei'ranlcs
2683 5818 2857 5880 omnes
2887 5807 2955 5877 ad
2985 5807 3159 5892 ﬁdem;
