3978 6310
546 253 656 314 5τ9

1490 251 1581 314 AD
1621 249 1850 318 OPEIH
1893 251 2142 314 SANC'I‘I
2183 252 2508 312 ιιιθιιοειι
2547 255 2914 318 APPENDIK.

3719 271 3794 327 580

543 389 607 442 pr
631 369 926 440 missionis
965 369 1405 440 conantuttioncm
1439 369 1706 432 habentes
1745 371 2060 432 Jntlaeorum
2091 372 2146 430 iu
2175 377 2226 440 Α
2253 383 2432 430 morte
2455 389 2550 430 sua
2575 375 2834 434 Christus
2865 379 3018 450 prius
3061 382 3297 454 populos
3337 385 3482 441 inter
3513 400 3569 442 se
3597 395 3794 446 reconci-

547 466 798 534 Christo;
827 465 1032 530 Judaeis
1071 467 1220 532 enim
1250 467 1554 536 promissus
1583 475 1706 524 erat
1731 465 2012 536 Christus,
2047 485 2154 524 non

545 561 831 632 gentibus,
866 569 925 626 ut
965 563 1291 632 propensius
1317 563 1518 633 gratias
1549 573 1712 634 agant
1737 563 1850 620 Deo
1883 579 1979 634 per
1999 561 2158 620 Chri—

548 661 725 720 stum,
761 653 854 726 qui
877 653 1253 720 misericordia
1287 669 1384 712 sua
1411 656 1538 712 fecit
1569 653 1696 712 illos
1720 657 2014 728 participes
2045 659 2158 730 spi-

547 749 790 816 ritalium
812 792 826 818 .
855 765 978 810 cum
1003 757 1192 810 essent
1219 749 1492 814 carnales.
1519 749 1648 806 Ideo
1671 758 1850 810 tamen
1871 752 2158 816 circumci-

548 842 661 910 sio,
692 844 802 910 ait,
845 843 902 902 in
933 859 1104 908 carne
1147 845 1453 906 manufacta
1479 889 1495 916 ,
1526 857 1582 906 ut
1611 847 1950 918 signiﬁcaret
1991 850 2156 906 aliam

551 955 660 996 non
685 939 1052 1002 tnanuiactam
1079 941 1400 1012 spiritalem.

621 1033 804 1108 (γεγε.
843 1032 1126 1108 l'5.)Nuuc
1153 1045 1332 1094 autem
1359 1036 1414 1096 in
1441 1034 1652 1098 Christo
1671 1037 1800 1098 Iesu
1828 1054 1916 1096 vos
1945 1040 2032 1110 qui
2053 1041 2158 1096 ali.

554 1131 764 1200 quando
801 1129 954 1201 longe
998 1131 1192 1196 eratis,
1237 1133 1364 1202 facti
1390 1132 1512 1186 estis
1546 1149 1707 1204 prape
1737 1151 1828 1204 per
1857 1135 2160 1205 sanguinem

555 1219 771 1278 Clu-isti.
815 1222 1008 1278 Adhuc
1036 1224 1240 1288 donum
1277 1234 1332 1288 et
1367 1226 1596 1296 gratiam
1627 1226 1724 1282 Dei
1771 1228 2158 1296 commendat,

556 1318 644 1371 cui
677 1332 778 1374 nos
805 1333 1027 1389 semper
1059 1320 1208 1384 velut
1233 1321 1502 1380 obnoxios
1541 1327 1742 1394 gratias
1773 1325 1888 1378 vult
1917 1323 2160 1392 referre;

555 1408 764 1466 idcirco
805 1411 950 1476 enim
983 1411 1036 1476 in
1059 1413 1324 1486 sanguine
1349 1413 1548 1474 Christi
1583 1417 1864 1486 proximos
1899 1431 1999 1472 aes
2051 1417 2164 1476 Deo

557 1502 731 1570 factos
778 1513 1072 1570 memorat,
1103 1517 1158 1560 ut
1189 1515 1454 1577 quantum
1479 1507 1732 1566 aﬁ‘ectum
1763 1510 1913 1566 circa
1945 1525 2044 1566 itas
2073 1511 2168 1566 hac

561 1597 690 1664 heat
721 1597 864 1658 Deus
886 1641 900 1666 ,
937 1599 1292 1666 ostenderet,
1325 1602 1417 1672 qui
1453 1619 1549 1672 pro
1591 1603 1750 1659 nobis
1779 1603 1974 1660 Filium
2007 1619 2164 1660 suum

565 1693 706 1760 mori
739 1695 1019 1764 permisit;
1049 1705 1104 1758 nt
1148 1703 1203 1752 et
1227 1711 1326 1752 nos
1355 1697 1406 1752 in
1441 1697 1546 1752 ﬁde
1568 1697 1684 1769 ejus
1709 1697 2002 1766 durantes,
2043 1715 2160 1754 om-

2261 469 2432 536 liavit,
2457 469 2656 527 deinde
2699 473 2810 530 Deo
2837 473 2986 531 Patri
3015 479 3274 546 paciﬁcos
3319 479 3474 546 fecit;
3507 491 3564 536 ut
3605 480 3800 544 homines

2259 573 2470 622 natura:
2515 567 2708 636 unius,
2737 569 2860 640 quia
2907 570 3110 628 diversi
3157 573 3289 630 facti
3339 574 3558 632 fuerant
3585 594 3670 648 per
3693 596 3804 637 erro-

2257 673 2396 728 rem,
2423 663 2666 718 membra
2697 661 3049 722 efﬁcerentur
3077 671 3237 725 unius
3263 673 3517 742 corporis
3537 671 3672 738 novi,
3692 674 3804 747 cuius

2259 763 2421 826 caput
2449 753 2701 814 Christus
2727 765 2834 814 est.

2331 849 2518 922 (Vers.
2551 851 2642 918 i7,
2677 852 2790 924 {8.)
2817 851 3142 924 lnterﬁeiens
3167 856 3472 914 inimicitias
3499 858 3552 911 in
3573 859 3806 932 sentetipso,

2259 952 2308 998 et
2333 943 2540 998 ueniens
2582 946 2948 1017 erangelisaeit
2974 965 3150 1018 pacem
3177 949 3318 1004 robis
3339 993 3353 1014 ,
3381 952 3476 1021 qui
3503 953 3664 1022 longe,
3687 963 3728 1006 et
3747 973 3808 1024 pe-

2261 1052 2370 1090 rent
2395 1037 2480 1106 iis,
2511 1037 2600 1107 qui
2619 1040 2810 1111 juxta;
2835 1041 2958 1110 quia
2981 1057 3072 1112 per
3105 1041 3280 1110 ipsum
3320 1044 3566 1097 habemus
3605 1060 3810 1100 arcessunt

2263 1131 2468 1202 utrique
2503 1131 2558 1186 in
2601 1149 2706 1186 uno
2747 1133 2953 1202 Spiritu
2983 1135 3052 1188 ad
3088 1134 3318 1192 Patrem.
3355 1137 3506 1193 Idem
3533 1153 3710 1194 sensus
3730 1151 3808 1202 est;

2264 1221 2539 1286 interfecit
2568 1225 2714 1282 enim
2743 1225 3082 1282 inimicitiam
3111 1228 3166 1282 in
3197 1241 3258 1284 se
3281 1270 3295 1294 ,
3327 1229 3456 1284 dum
3489 1245 3588 1300 pro
3617 1233 3812 1288 omnibus

2265 1325 2373 1372 tam
2401 1317 2604 1374 Iudaeis
2631 1335 2792 1390 quam
2835 1321 3136 1391 gentilibus
3171 1331 3422 1380 mortuus
3457 1331 3565 1378 est.
3605 1324 3812 1382 Omnibus

2265 1413 2410 1468 enim
2455 1414 2672 1484 proﬁcit
2719 1429 2874 1470 mors
2925 1415 3262 1484 Salvatoris;
3309 1433 3606 1489 resurgens
3649 1421 3766 1474 enim
3793 1435 3814 1476 ι

2266 1509 2519 1574 mortuis,
2541 1507 2798 1564 damnata
2821 1518 3022 1576 morte,
3045 1526 3167 1582 quae
3197 1511 3420 1567 tenebat
3443 1526 3661 1578 omnes,
3683 1525 3815 1569 osten-

2267 1601 2346 1658 dit
2385 1617 2548 1672 quam
2593 1617 2748 1674 spem
2797 1605 3074 1660 haberent
3113 1605 3408 1662 credentes
3459 1607 3514 1660 in
3559 1621 3692 1662 eum.
3719 1606 3815 1663 llinc

2271 1694 2548 1750 mandavit
2579 1695 3054 1767 praedicationem,
3083 1715 3188 1770 qua
3219 1713 3414 1755 omnes
3445 1709 3816 1756 convocat-eatur

563 1789 726 1855 nibus
777 1790 963 1852 exitiis
1017 1807 1116 1862 pro
1169 1793 1264 1848 illo
1315 1793 1472 1852 nobis
1515 1795 1676 1850 illatis
1721 1811 1827 1851 non
1871 1795 2161 1864 cedamus,
2201 1792 2246 1852 B
2273 1789 2338 1845 ad
2375 1789 2544 1846 Deum
2591 1791 2808 1847 Patrem
2841 1793 2894 1848 in
2927 1793 3134 1849 unitate
3165 1791 3442 1865 Spiritus,
3475 1795 3643 1849 scissa
3667 1793 3818 1849 discor-

560 1883 800 1949 scientes
831 1887 952 1957 plus
979 1888 1130 1946 illum
1151 1888 1224 1954 de
1249 1889 1409 1945 nobis
1443 1892 1673 1958 mereri,
1703 1905 1862 1962 quam
1893 1905 2167 1962 quaecum-

560 1995 664 2050 que
713 1979 780 2034 ab
811 1981 1046 2037 inimicis
1077 1990 1308 2054 possunt
1343 1981 1532 2040 inferri
1570 2001 1582 2036 :
1613 1983 1706 2038 ille
1749 1984 1896 2040 enim
1941 1998 2066 2039 cum
2097 1981 2168 2038 sit

571 2073 836 2130 Dominus
855 2116 869 2141 ,
901 2084 960 2132 et
985 2076 1190 2134 nullius
1217 2087 1398 2148 egeat,
1445 2077 1643 2134 obtulit
1679 2093 1740 2132 se
1768 2077 1932 2150 236
1953 2093 2050 2148 pro
2073 2091 2169 2146 no-

560 2165 682 2232 bis;
719 2174 790 2236 ut
836 2183 946 2226 non
991 2169 1106 2236 illi,
1139 2169 1236 2224 sed
1283 2169 1441 2226 nobis
1493 2169 1808 2241 proﬁceret.
1851 2171 1966 2226 Nos
2021 2169 2168 2226 enim

569 2259 782 2314 etiamsi
811 2259 970 2316 nobis
1005 2276 1110 2316 non
1138 2260 1460 2332 proﬁceret,
1495 2261 1635 2318 forte
1679 2277 2002 2334 cogeremur
2029 2263 2172 2319 mori

571 2367 672 2424 pro
703 2354 824 2425 ipso
853 2353 1076 2418 domino
1103 2357 1246 2414 servi
1279 2375 1291 2412 :
1321 2367 1530 2428 quanto
1573 2359 1745 2430 magis
1785 2374 1908 2420 cum
1937 2373 2046 2414 non
2085 2351 2174 2415 εοὲ

569 2431 914 2518 Ιιιιηιιιὶιιε,
947 2449 1045 2508 sed
1089 2457 1146 2506 et
1215 2459 1404 2508 nostra
1443 2465 1594 2508 mors
1642 2453 1801 2508 nobis
1851 2463 2070 2524 prtestet
2097 2452 2174 2510 el-

571 2542 774 2602 i‘ectum
805 2546 819 2600 ι

639 2638 823 2712 (Vers.
861 2639 980 2711 Η.)
1009 2639 1133 2712 Ipse
1158 2642 1296 2696 enim
1323 2653 1400 2698 est
1427 2659 1532 2714 pax
1553 2653 1751 2712 nostra,
1781 2646 1870 2716 qui
1887 2645 2008 2716 fecit
2033 2655 2178 2700 utra.

567 2750 668 2806 que
693 2751 873 2801 unum,
903 2743 952 2790 et
975 2736 1206 2790 ntedium
1229 2737 1478 2806 parietem
1505 2739 1744 2794 sitaeeriat
1769 2739 1990 2806 solvens,
2007 2740 2180 2794 inimi-

569 2828 718 2888 citias
745 2828 800 2880 in
823 2843 979 2884 carne
999 2845 1114 2886 sua.
1143 2827 1338 2884 Pacem
1375 2829 1502 2886 iecit
1529 2831 1673 2886 inter
1699 2832 2176 2890 circumcisioncm

571 2930 628 2978 et
679 2925 1000 2996 prteputium
1035 2924 1220 2992 passio
1271 2925 1594 2982 Salvator-is.
1627 2926 1974 2984 Inimicitiam
1999 2928 2142 2986 enim
2163 2971 2178 2998 ,

575 3032 696 3087 qua:
719 3017 870 3072 velut
899 3019 1080 3088 paries
1119 3019 1298 3075 media
1321 3030 1470 3088 erat,
1503 3031 1558 3078 et
1585 3022 1868 3079 dividebat.
1895 3025 2182 3104 circumci-

571 3109 783 3164 sionem
811 3125 842 3164 ιι
883 3111 1181 3180 ιιι-ιει-ιιιιὶο,
1217 3121 1273 3166 ει
1301 3114 1624 3184 praeputium
1663 3133 1693 3172 a
1719 3117 2140 3175 circumcisione
2165 3161 2180 3187 ,

2271 1884 2382 1954 dia,
2415 1895 2474 1940 ut
2513 1884 2630 1940 sive
2677 1883 2849 1942 Judaei
2895 1885 3012 1958 (qui
3057 1901 3230 1959 prope
3271 1887 3397 1944 ideo
3443 1887 3816 1955 dicuntur,quia

2274 1979 2514 2050 ipsorum
2547 1980 2794 2052 patribus
2835 1980 2978 2036 facta
3007 1981 3304 2052 promissio
3329 1979 3464 2053 est),
3497 1981 3612 2036 sive
3641 1981 3818 2052 gentiles

2273 2074 2386 2144 (qui
2421 2073 2542 2128 ideo
2571 2074 2733 2146 longe
2765 2073 3051 2144 dicuntur,
3083 2077 3210 2144 quia
3244 2075 3339 2131 Dei
3382 2076 3564 2146 legem
3595 2089 3692 2130 non
3713 2088 3820 2128 rece-

2275 2177 2474 2240 perunt
2503 2169 2684 2223 datam
2717 2184 2816 2238 per
2843 2169 3119 2242 Moysen),
3153 2169 3372 2224 sublato
3425 2168 3694 2239 praeterito
3730 2167 3818 2232 ritu,

2275 2265 2622 2335 susciperent
2671 2263 2831 2319 ﬁdem
2879 2263 3128 2332 Christi,
3179 2279 3280 2336 per
3323 2277 3492 2336 quam
3541 2261 3819 2318 eiﬁcereuttn

2280 2373 2466 2414 unum.

2347 2451 2533 2524 (Vers.
2569 2450 2682 2524 19.)
2711 2450 2854 2524 Ergo
2868 2451 2984 2523 jam
3011 2467 3112 2508 non
3144 2453 3264 2507 estis
3291 2452 3318 2482 “
3346 2451 3580 2524 hospites
3601 2459 3647 2508 el
3667 2449 3816 2516 incola,

2279 2545 2370 2600 sed
2397 2545 2518 2599 estis
2555 2545 2692 2600 cives
2719 2557 3044 2612 sanctorum,
3075 2555 3122 2600 et
3163 2545 3438 2600 domestici
3465 2545 3582 2601 Dei.
3615 2543 3820 2601 Admonet

2281 2640 2424 2704 illos,
2454 2650 2514 2694 ut
2545 2653 2816 2695 memores
2857 2639 2968 2694 sint
3005 2640 3397 2696 beneﬁciorum
3447 2640 3574 2706 Dei;
3605 2639 3710 2710 quia
3737 2651 3818 2692 cum

2283 2737 2440 2808 longe
2463 2746 2700 2792 essenta
2727 2736 3044 2808 cognitione
3065 2747 3114 2791 et
3139 2735 3339 2792 timore
3364 2736 3488 2800 Dei,
3515 2731 3821 2790 misericordia

2284 2831 2402 2898 ejus
2429 2827 2672 2898 adjuncli
2701 2839 2864 2895 sunt;
2895 2837 2954 2883 ut
2983 2828 3172 2883 ﬁerent
3219 2827 3520 2901 participes
3545 2821 3820 2893 eorum,qu

2288 2937 2456 2994 prope
2487 2911 2654 2978 Deum
2684 2929 2866 2989 erant,
2897 2921 3155 2978 concives
3187 2919 3312 2975 facti
3339 2920 3580 2975 ﬁliorum
3599 2917 3700 2974 Dei.
3719 2915 3822 2970 Sicut

2285 3017 2430 3073 enim
2481 3029 2840 3088 quascumque
2886 3029 3021 3087 gens
3067 3013 3446 3070 Romanorum
3497 3025 3672 3084 pacem
3711 3005 3820 3076 sequi

2287 3107 2666 3178 desideravit,
2717 3108 2918 3165 oblatis
2967 3107 3129 3163 donis
3169 3117 3424 3178 suscepta
3459 3115 3578 3173 est;
3609 3111 3659 3160 ut
3693 3107 3820 3157 essent

573 3201 714 3258 hanc
745 3203 906 3260 solvit
951 3204 1222 3274 Salvator,
1269 3205 1405 3262 dans
1445 3208 1619 3281 legem
1663 3219 1722 3264 ut
1752 3227 1928 3282 neque
1953 3212 2178 3271 Iudaeus
2208 3201 2252 3264 C
2285 3207 2436 3262 Cives
2483 3203 2738 3272 Romani.
2782 3201 3247 3274 ﬁllemadmndllm
3291 3197 3818 3258 Tharso‘cmmnm’

573 3315 915 3372 pratsnmens
959 3302 1026 3358 de
1051 3303 1468 3362 circumcisione
1507 3308 1827 3378 reprobaret
1867 3311 2131 3380 gentilem
2159 3355 2175 3382 ,

585 3411 761 3466 neque
789 3399 1007 3469 gentilis
1041 3397 1176 3454 ﬁdus
1215 3400 1282 3456 de
1309 3403 1603 3472 praeputio,
1637 3402 1687 3457 id
1709 3413 1820 3471 est,
1855 3403 1924 3461 de
1955 3405 2178 3478 pagani-

575 3499 706 3560 tate,
744 3493 1158 3548 abantinaretnr
1179 3493 1425 3554 Judaeum
1455 3513 1468 3549 :
1501 3496 1596 3552 sed
1625 3506 1682 3552 nt
1712 3498 1876 3554 ambo
1905 3499 2178 3568 innovati,

581 3590 738 3646 unius
763 3590 856 3645 Dei
889 3591 1047 3646 ﬁdem
1081 3600 1443 3663 sequerentur
1469 3595 1521 3648 in
1549 3593 1788 3650 Christo.
1818 3597 2007 3652 Omnia
2034 3597 2178 3652 enim

578 3701 696 3756 qua:
725 3685 912 3741 docuit
937 3686 1209 3755 Salvator,
1243 3697 1368 3742 tunc
1397 3687 1652 3756 ﬁrmavit,
1678 3705 1801 3745 cum
1829 3694 2132 3748 resurrexit
2152 3708 2181 3748 a

580 3778 832 3834 mortuis.
865 3779 1134 3836 Parietem
1165 3789 1370 3850 tamen,
1399 3781 1489 3854 qui
1517 3783 1730 3840 medius
1758 3792 1898 3852 erat,
1936 3785 2184 3844 dividens

579 3872 724 3928 inter
751 3874 927 3945 legem
959 3873 1227 3932 factorum
1255 3883 1312 3933 et
1333 3878 1721 3948 gentilitatem,
1753 3880 2044 3936 maceriam
2069 3881 2184 3938 sive

579 3981 767 4036 sepem
811 3968 1162 4038 signiﬁcavit,
1206 3970 1258 4024 id
1298 3978 1414 4039 est,
1459 3985 1563 4025 non
1598 3972 1863 4042 parietem
1889 3975 2182 4042 Stabilem,

582 4079 758 4136 neque
785 4065 1229 4136 robustum;qnia
1255 4081 1428 4138 neque
1450 4069 1724 4138 gentilitas
1753 4067 1910 4125 ﬁrma
1929 4085 2021 4126 res
2045 4079 2185 4138 erat,

586 4159 739 4229 quasi
793 4159 862 4214 ab
911 4158 1131 4216 homine
1179 4160 1431 4228 inventa,
1481 4177 1658 4232 neque
1703 4163 2086 4232 circumcisio,
2134 4172 2191 4220 et

589 4254 919 4320 neomeniae,
964 4269 1234 4320 escarum,
1281 4262 1335 4310 et
1380 4253 1774 4314 sacriﬁciorum
1821 4259 1908 4316 vel
1939 4259 2192 4316 sabbato-

591 4363 709 4403 rum
740 4347 954 4404 stabilis
982 4360 1033 4405 et
1064 4349 1168 4405 ﬁxa
1194 4347 1541 4418 observatio;
1590 4353 1669 4408 sic
1691 4353 1838 4409 enim
1867 4353 1992 4410 data
2021 4363 2150 4410 sunt
2173 4395 2190 4422 ,

591 4453 647 4499 ut
669 4454 969 4513 cessarent,
995 4446 1569 4504 advenienteChristo.
1597 4448 1856 4517 Quamvis
1880 4450 2024 4506 enim
2053 4451 2195 4507 Deus

597 4539 711 4594 haec
739 4539 984 4608 dederit,
1034 4541 1127 4597 sed
1161 4541 1228 4596 ad
1271 4552 1529 4614 tempus:
1563 4542 1690 4600 ﬁdei
1735 4553 1916 4602 autem
1948 4545 2100 4602 ﬁrma
2140 4553 2195 4602 et

595 4631 714 4688 sine
744 4648 1064 4692 successore
1093 4645 1175 4691 est
1205 4636 1548 4706 praedicatio.

664 4723 846 4800 (Vers.
872 4725 988 4800 15.)
1019 4727 1202 4798 Legem
1231 4729 1596 4785 mandatorum
1621 4731 1673 4784 in
1704 4730 1920 4802 decretis
1943 4747 2197 4788 eraeuans

594 4833 651 4876 ut
679 4821 813 4874 duos
840 4822 1076 4875 conderet
1102 4823 1153 4876 in
1177 4823 1367 4896 seipse,
1397 4823 1451 4878 in
1481 4839 1584 4878 uno
1613 4840 1745 4879 novo
1778 4825 1982 4880 homine
2003 4825 2198 4896 faciens

598 4934 800 4989 pacem.
832 4915 944 4972 [loc
989 4925 1074 4972 est
1116 4915 1262 4988 quod
1306 4934 1466 4996 supra
1510 4921 1822 4974 summatim
1853 4921 2196 4988 memoravi;

597 5011 722 5083 quia
757 5011 954 5083 legem,
985 5025 1108 5082 quae
1137 5009 1259 5066 data
1290 5021 1406 5068 erat
1443 5012 1645 5086 Judgris
1677 5014 1728 5068 in
1757 5015 2194 5084 circumcisione,

597 5117 651 5162 et
684 5107 737 5162 in
767 5107 1112 5172 neomeniis,
1147 5118 1200 5164 et
1231 5109 1283 5163 in
1318 5109 1457 5164 escis
1480 5151 1493 5175 ,
1522 5119 1579 5165 et
1631 5109 1682 5165 in
1728 5108 2030 5178 sacriﬁciis,
2061 5119 2115 5166 et
2143 5111 2198 5167 in

597 5201 846 5270 sabbato,
866 5203 1172 5270 evacuavit,
1207 5205 1306 5259 hoc
1335 5215 1440 5273 est,
1469 5219 1683 5261 cessare
1710 5204 1822 5274 jam
1848 5206 2047 5276 jussit;
2074 5207 2200 5276 quia

597 5297 752 5352 oneri
796 5307 990 5365 erant,
1017 5309 1072 5354 et
1114 5299 1192 5354 sic
1227 5299 1354 5354 fecit
1389 5315 1598 5370 pacem.
1649 5299 1806 5356 Unde
1834 5299 2026 5356 Petrus
2070 5315 2203 5371 apo-

600 5387 770 5444 ειοιιιε
813 5389 944 5446 dicit
985 5391 1038 5448 in
1089 5390 1242 5448 Artis
1289 5392 1700 5462 apostolorum:
1751 5391 1888 5458 Quid
1931 5393 2204 5462 imponitis

593 5481 781 5551 jugunt
809 5499 968 5556 supra
994 5487 1238 5540 cerrieem
1268 5489 1492 5558 fratrum
1516 5527 1530 5552 ,
1560 5485 1698 5556 quod
1723 5501 1884 5556 neque
1911 5493 2081 5560 patres
2105 5503 2202 5541 uo-

604 5575 715 5640 stri,
743 5592 900 5646 neque
926 5595 1018 5633 nos
1045 5582 1310 5654 potuimus
1337 5589 1546 5650 portare
1564 5578 1704 5648 (Act.
1742 5594 1834 5640 sv,
1869 5575 1994 5648 l0)?

675 5671 859 5746 (νοτε.
896 5673 1011 5748 l6.)
1047 5675 1112 5730 Ut
1156 5675 1415 5730 exhiberet
1456 5683 1502 5727 et
1548 5673 1906 5732 reconciliaret
1947 5673 2124 5734 multos
2153 5675 2208 5738 in

604 5783 708 5824 uno
751 5783 970 5840 corpore
1017 5767 1125 5824 Deo
1183 5785 1273 5840 per
1328 5785 1552 5824 crucem.
1607 5765 1831 5836 Sublata
1879 5766 2160 5824 inimicitia
2190 5809 2204 5835 ,

679 5890 706 5920 α
745 5885 904 5944 Rom.
935 5884 1096 5957 edit.,
1125 5902 1228 5942 non
1258 5890 1382 5942 estis
1403 5886 1612 5945 adventa
1627 5896 1780 5959 atque
1796 5885 2076 5959 peregrini.

2283 3302 2427 3358 unde
2455 3301 2752 3371 Apostolus
2779 3299 2954 3354 civem
2985 3299 3294 3354 Remanent
3325 3312 3386 3352 se
3417 3296 3554 3352 dicit
3587 3293 3706 3364 (Act.
3727 3301 3817 3348 ml,

2280 3395 2375 3468 26)
2407 3413 2420 3450 :
2447 3395 2520 3450 ita
2551 3402 2608 3450 et
2635 3395 2962 3464 quicumque
2993 3392 3119 3448 ﬁdei
3149 3407 3209 3447 se
3235 3391 3554 3446 christiana:
3579 3381 3818 3444 sociaverit,

2287 3491 2350 3547 ﬁt
2377 3491 2512 3547 civis
2541 3499 2858 3546 sanctorum
2887 3497 2942 3542 et
2975 3487 3314 3543 domesticus
3349 3485 3466 3541 Dei.

2363 3585 2542 3660 (Vers.
2575 3583 2692 3656 20.)
2725 3581 3148 3654 Superwdiﬁcnti
3169 3597 3330 3650 supra
3353 3580 3726 3649 fundamentum
3740 3581 3821 3640 apo-

2285 3679 2536 3733 stolorum
2563 3685 2610 3732 et
2643 3675 3013 3748 prophetarum
3031 3718 3044 3741 ,
3069 3676 3186 3746 ipso
3213 3689 3416 3729 summa
3443 3668 3674 3744 augulari
3701 3660 3820 3732 lapide

2285 3773 2494 3831 Christo
2524 3772 2671 3829 Jesu.
2709 3772 2822 3828 Hoc
2851 3779 2936 3827 est
2966 3787 3128 3842 supra
3187 3785 3390 3826 novum
3419 3780 3477 3826 et
3505 3775 3650 3825 vetus
3689 3761 3823 3818 τεείι-

2289 3878 2530 3924 mentum
2560 3867 2836 3924 collocati.
2869 3867 3024 3936 Quod
3057 3865 3206 3922 enim
3237 3865 3265 3905 δ
3295 3865 3534 3937 apostoli
3563 3859 3822 3936 pratdicare-

2289 3973 2439 4028 runt,
2467 3961 2750 4033 prepltetm
2779 3960 3014 4016 futurum
3047 3961 3340 4026 dixerunt;
3375 3959 3620 4031 quamvis
3643 3944 3818 4010 dicatad

2289 4056 2606 4112 Corinthios
2645 4072 2658 4110 :
2705 4055 2863 4124 Deus,
2897 4055 3093 4126 inquit,
3125 4056 3350 4127 primum
3379 4055 3552 4127 posuit
3579 4053 3628 4105 in
3651 4040 3821 4102 Ecclesia

2291 4151 2581 4222 apostolos,
2624 4151 2850 4206 secundo
2893 4149 3172 4223 prophetas
3223 4147 3270 4221 (ι
3315 4145 3438 4204 Cor.
3477 4164 3589 4215 xu,
3635 4131 3822 4212 28).5θά

2293 4247 2348 4303 1ιί
2379 4247 2470 4304 alii
2501 4245 2784 4320 propheta:
2811 4253 2972 4310 sunt;
3003 4244 3098 4299 illo
3129 4244 3274 4300 enim
3299 4243 3424 4300 loco
3459 4243 3527 4298 de
3553 4230 3820 4295 ordinatione

2297 4343 2558 4400 Ecclesia:
2579 4341 2838 4413 disputat,
2863 4339 2954 4397 hic
2981 4353 3113 4396 vero
3137 4337 3204 4395 de
3231 4337 3584 4395 fundamento
3603 4325 3820 4390 Ecclesia:

2299 4439 2581 4512 prophetat
2609 4438 2754 4508 enim
2795 4437 3218 4508 disposuerunt;
3251 4449 3377 4490 nam
3428 4429 3650 4506 apostoli
3691 4419 3818 4480 funda

2300 4541 2483 4591 menta
2525 4533 2798 4606 iecerunt.
2847 4531 3006 4588 Unde
3051 4531 3183 4586 dicit
3227 4530 3490 4586 Dominus
3535 4527 3596 4584 ad
3633 4525 3819 4580 Petrum!

2221 4607 2274 4670 Ῑ)
2304 4629 2478 4704 Super
2503 4629 2656 4686 istam
2681 4637 2878 4700 petram
2895 4625 3164 4696 tediﬁcabo
3183 4623 3471 4679 Ecclesium
3493 4636 3644 4678 meam
3661 4607 3816 4698 (Matth-

2305 4743 2413 4794 ιιι-ι,
2447 4724 2563 4798 18),
2593 4725 2697 4780 hoc
2726 4731 2810 4779 est
2833 4765 2848 4790 ,
2881 4723 2933 4777 in
2965 4720 3069 4776 hac
3096 4719 3380 4776 catholicae
3407 4719 3530 4776 ﬁdei
3558 4707 3821 4804 confessione

2304 4831 2536 4879 statuam
2583 4817 2772 4876 ﬁdeles
2817 4817 2883 4873 ad
2932 4813 3135 4878 vitam;
3167 4829 3290 4869 natu
3331 4821 3382 4868 et
3425 4810 3586 4882 David
3629 4801 3818 4872 disposuit

2306 4915 2528 4970 domum
2587 4912 2718 4976 Dei,
2771 4919 2827 4967 et
2883 4908 3120 4981 signavit
3159 4907 3337 4963 locum
3386 4906 3476 4961 ubi
3523 4889 3818 4960 ﬂoreus-110-

2307 5026 2434 5066 tnon
2468 5024 2598 5064 vero
2631 5005 2874 5062 fundavit
2903 5021 3044 5061 eam.

2383 5104 2543 5180 237
2586 5101 2768 5176 (νοτε.
2807 5101 2900 5166 ιιι,
2939 5099 3059 5170 2'2.)
3115 5099 3178 5154 In
3227 5115 3330 5169 quo
3383 5097 3549 5152 omnis
3596 5093 3819 5182 structura,

2309 5181 2618 5275 ronipacta,
2649 5199 2830 5254 crescit
2857 5197 2910 5252 in
2949 5196 3195 5266 templum
3231 5203 3468 5248 sanctum
3495 5195 3546 5248 in
3575 5181 3817 5284 Domino."l

2311 5314 2409 5365 quo
2439 5305 2482 5351 et
2507 5311 2590 5350 ros
2618 5289 3012 5360 eamdi/immitti
3039 5292 3090 5345 in
3119 5287 3468 5344 habitaculum
3494 5285 3584 5340 Dei
3605 5283 3648 5335 in
3674 5277 3818 5348 ςρὶΐὶηε·

2314 5391 2410 5449 Hic
2451 5405 2645 5446 sensus
2675 5396 2780 5456 est,
2831 5386 2977 5442 unde
3011 5383 3270 5441 Dominus
3294 5381 3407 5436 ait:
3447 5393 3590 5452 super
3627 5375 3743 5428 istam

2315 5495 2444 5541 (ram
2473 5482 2744 5550 cetliﬁcabo
2785 5479 3071 5534 Ecclesiam
3098 5492 3282 5531 meam.
3331 5475 3478 5529 Duos
3509 5469 3635 5527 enim
3661 5451 3818 5557 μοριιιίξε

2317 5579 2370 5636 in
2399 5594 2458 5634 se
2506 5576 2746 5647 suscepit
2793 5573 3062 5638 Salvator,
3113 5581 3168 5627 et
3197 5569 3326 5625 fecit
3369 5581 3530 5622 unum
3569 5564 3613 5619 in
3641 5555 3814 5642 Domina.

2314 5675 2454 5734 sicut
2493 5682 2549 5732 et
2572 5671 2712 5742 lapis
2749 5667 3024 5738 angularis
3063 5665 3200 5724 duos
3253 5661 3488 5734 parietes
3539 5651 3747 5720 εοιιιὶηειι

2316 5729 2522 5824 unitate
2548 5729 2742 5822 domus
2761 5729 3034 5824 ﬁrmatos;
3065 5729 3424 5815 ﬁdeles-enim
3453 5743 3723 5825 superﬁcies
3737 5729 3814 5787 sum

2387 5887 2416 5929 b
2454 5884 2584 5943 Mss.
2617 5879 2890 5952 nonnulli,
2909 5877 3131 5952 apostoli
3153 5875 3520 5953 pradicet-unt.
