3978 6310
177 278 282 338 381

1146 276 1650 346 ΕΟΜΜΕΝΤΑΜΑ
1692 278 1758 338 IN
1799 279 2016 340 EPIST.
2061 280 2151 342 AD
2189 272 2543 356 ειδιιιιειοε.

3369 289 3481 347 582

179 410 312 470 lein;
337 400 370 456 li
400 401 522 468 Dei,
545 401 595 462 in
623 400 812 474 spiritu
837 409 1252 468 conversantes;
1287 408 1344 458 ut
1368 399 1577 472 possint
1606 402 1780 468 tngere-
1802 401 1861 479 Α
1885 402 2065 472 agnita
2095 411 2181 462 est
2205 401 2459 464 voluntas
2489 401 2619 470 Dei;
2651 401 2773 474 quia
2803 409 2995 478 gentes
3022 402 3142 463 sine
3171 418 3338 478 opere
3375 407 3481 474 Leo

177 495 280 554 des
304 496 422 554 ﬁeri
456 497 694 562 celestis
723 497 1092 558 habitationis.

810 634 1038 695 CAPUT
1075 638 1164 695 111.

253 779 444 851 (Vers.
497 778 575 851 i.)
634 777 812 852 Hujus
853 779 929 834 rei
967 779 1140 852 gratia
1186 795 1279 851 ego
1324 778 1525 836 Paulus
1580 777 1779 834 vinctus

173 871 371 927 Christi
393 871 520 928 Iesu
557 889 652 944 pro
680 873 820 932 vobis
851 872 1120 944 fratribus.
1152 871 1422 940 Quoniam
1459 871 1779 943 dispositio-

170 981 303 1029 nem
326 967 525 1023 divinae
551 965 876 1033 clementiae,
899 981 1020 1038 qua:
1053 967 1214 1022 fuerit
1243 977 1368 1022 ante
1392 965 1652 1024 mundum
1691 981 1780 1022 er-

167 1075 236 1130 ga
278 1059 513 1116 salutem
544 1057 783 1130 gentium
817 1059 1086 1125 ostendit;
1112 1074 1253 1116 nunc
1281 1074 1342 1118 se
1373 1059 1646 1130 legatione
1679 1061 1778 1114 hu-

163 1155 260 1224 jus
284 1155 416 1210 doni
442 1154 587 1225 [ιιιιεί
619 1155 710 1210 Dei
753 1155 1094 1226 provisione,
1119 1153 1340 1211 Christo
1379 1155 1648 1222 mittente,
1676 1153 1774 1214 de-

166 1247 364 1302 clarat.
432 1249 692 1304 Dominus
745 1250 889 1306 enim
939 1259 1059 1320 post
1107 1249 1571 1305 resurrectionem
1620 1263 1773 1307 suam

165 1345 458 1414 apostolos
503 1360 632 1401 suos
686 1345 801 1402 rice
843 1360 941 1403 sua
996 1346 1144 1402 misit
1195 1342 1496 1416 praedicare
1544 1343 1771 1418 (Matth.

165 1455 366 1505 XXVI",
387 1440 500 1512 19),
525 1440 668 1497 hunc
691 1441 934 1514 dirigens
954 1441 1024 1498 ad
1053 1443 1466 1498 conversionem
1493 1444 1769 1514 gentium;

165 1535 250 1592 sic
280 1537 430 1591 enim
473 1535 607 1591 dixit
636 1536 702 1590 ad
733 1552 856 1591 eum
886 1555 898 1591 :
953 1535 1116 1603 Vade,
1163 1554 1255 1609 ego
1303 1537 1456 1609 longe
1483 1538 1553 1594 ad
1598 1548 1774 1609 gentes

166 1631 376 1684 mittam
402 1640 448 1686 te
471 1630 607 1700 (Act.
642 1647 784 1699 nu,
814 1632 934 1703 ﬁt).
969 1633 1252 1689 Dominico
1288 1639 1582 1706 ergogusus
1603 1636 1772 1692 verbo

167 1735 279 1789 est,
314 1741 437 1782 cum
474 1726 605 1782 dicit
641 1744 654 1782 :
707 1725 897 1782 Pacem
949 1728 1094 1783 nobis
1137 1729 1223 1800 qui
1269 1729 1439 1800 longe,
1467 1737 1518 1786 et
1565 1729 1630 1784 iis
1681 1731 1772 1801 qui

159 1827 345 1896 juxta.

237 1915 429 1989 (Vers.
445 1916 498 1982 ἓ,
518 1919 572 1984 5,
602 1917 678 1989 4.)
707 1918 766 1972 Si
781 1927 951 1973 tamen
962 1918 1179 1974 audistis
1196 1917 1630 1988 dispensationem
1644 1934 1768 1989 gra-

163 2013 254 2067 tia:
270 2011 385 2076 Dei,
407 2030 522 2085 quia
537 2015 660 2069 data
675 2026 750 2070 est
764 2015 909 2070 nobis
925 2015 978 2070 in
991 2032 1098 2070 vos.
1123 2015 1246 2072 Vult
1265 2029 1357 2072 eos
1371 2015 1511 2070 scire
1532 2014 1657 2086 quia
1675 2014 1768 2071 Dei

158 2103 374 2174 judicio
392 2121 421 2160 a
442 2105 660 2162 Christo
688 2105 886 2162 missus
908 2117 990 2162 est
1018 2106 1318 2178 prmdicare
1341 2107 1594 2178 gentibus
1621 2123 1772 2179 mys-

162 2201 362 2254 terium
393 2202 580 2272 gratiae
605 2203 720 2258 Dei.
741 2202 1036 2258 Secundum
1052 2203 1413 2258 reuelationem
1431 2212 1609 2257 notum
1641 2204 1770 2258 mihi

160 2295 363 2362 factum
397 2303 471 2348 est
499 2295 822 2366 mysterium,
867 2295 999 2348 sicut
1045 2304 1195 2349 antea
1227 2295 1413 2367 scripsi
1452 2295 1507 2348 in
1532 2295 1763 2364 modico,

159 2400 322 2458 prout
351 2392 562 2458 potestis
593 2391 815 2462 legentes
839 2391 1127 2464 intelligere
1161 2392 1490 2464 prudentiam
1518 2407 1684 2446 meum
1711 2391 1769 2446 in

155 2483 410 2552 mysterio
456 2481 668 2538 Christi.
702 2482 990 2539 Ostensam
1036 2484 1138 2538 sibi
1180 2484 1448 2554 significat
1475 2484 1768 2540 revelatio-

155 2590 286 2630 nem
338 2578 585 2649 mysterii
619 2577 736 2641 Dei,
779 2577 848 2633 de
889 2593 995 2650 quo
1025 2576 1176 2648 prius
1207 2577 1446 2634 breviter
1472 2593 1531 2634 se
1560 2593 1768 2633 merae-

155 2679 244 2724 rat
291 2671 611 2742 scripsisse,
646 2671 748 2726 hoc
793 2680 907 2738 est,
960 2679 1262 2742 temperate
1309 2681 1468 2742 prout
1514 2680 1768 2744 poterant

153 2782 358 2838 capere
387 2768 728 2840 prudentiam
755 2767 1002 2838 Apostoli
1033 2769 1086 2822 in
1117 2779 1460 2824 sacramento
1488 2768 1711 2823 Christi.

233 2860 425 2929 (V’ers.
470 2861 522 2929 5,
554 2860 633 2931 6.)
676 2861 828 2928 Quod
857 2862 908 2915 in
939 2862 1056 2916 aliis
1082 2863 1284 2917 sterulis
1322 2879 1423 2916 non
1461 2863 1560 2934 fuit
1587 2873 1764 2917 notum

159 2957 291 3024 ﬁliis
311 2955 599 3020 hominum,
635 2960 767 3010 sicut
801 2974 935 3011 nunc
962 2959 1241 3013 revelatum
1264 2969 1335 3013 est
1367 2960 1560 3012 sanctis
1582 2962 1692 3027 ejus
1717 2969 1766 3014 et

152 3049 432 3120 praphetis
463 3052 515 3105 in
546 3051 750 3123 spiritu,
777 3063 950 3124 gentes
972 3069 1078 3107 esse
1105 3053 1394 3108 coluercdes
1413 3065 1458 3108 et
1481 3069 1764 3123 concorpo-

153 3153 300 3198 ratas
336 3155 384 3199 et
420 3146 697 3214 participes
728 3147 1085 3216 promissionis
1111 3148 1226 3218 ejus
1250 3156 1274 3184 ³
1298 3149 1350 3202 in
1378 3148 1581 3203 Christo
1611 3147 1756 3203 Jesn.

1884 497 1968 568 gis
1988 495 2204 552 salvare
2225 495 2491 560 decrevit.

1955 585 2139 654 (Vera.
2169 585 2250 659 8.)
2291 585 2426 650 Mihi
2451 589 2679 646 omnium
2707 599 3000 650 sanctorum
3027 595 3242 654 minimo
3259 597 3383 655 data
3411 609 3486 657 est

1881 683 2051 755 gratia
2092 682 2223 737 hazc.
2254 682 2516 740 Humiliat
2545 698 2638 752 se,
2691 700 2812 742 cum
2865 702 2929 746 se
2972 689 3258 748 minimum
3311 691 3486 760 dicit,

1883 779 2060 836 sciens
2097 777 2458 836 humilitatem
2495 777 2798 847 profectum
2831 779 3054 838 habere.
3091 782 3229 840 Nam
3280 795 3482 842 tantam

1881 874 2110 945 gratiam
2153 873 2254 934 sibi
2286 871 2468 938 datam
2509 873 2680 942 dicit;
2721 883 2778 930 ut
2807 875 3011 942 donum
3043 877 3148 936 hoc
3184 880 3328 952 quod
3357 889 3487 948 ante

1881 965 2123 1039 ignotum
2153 968 2252 1026 fuit
2279 970 2567 1039 praeteritis
2601 970 2851 1039 saeculis,
2879 972 2983 1028 sibi
3015 984 3227 1030 asserat
3253 989 3481 1032 conces-

1881 1078 2021 1129 sum,
2057 1074 2113 1130 ιιι
2142 1065 2243 1119 hoc
2274 1062 2649 1124 maniiestaret
2686 1067 2959 1136 gentibus.
3008 1066 3171 1126 Unde
3199 1069 3346 1125 enim
3378 1069 3483 1125 mi-

1881 1158 2060 1219 nimus
2089 1172 2401 1222 sanctorum
2433 1158 2674 1216 omnium
2722 1159 2890 1215 videri
2925 1167 3138 1231 potest,
3187 1163 3279 1233 qui
3326 1173 3480 1220 aute-.-

1879 1266 2038 1321 quam
2063 1249 2560 1320 baptizaretur,vas
2576 1251 2860 1310 electionis
2888 1253 3191 1324 appellatus
3219 1255 3337 1311 est?
3364 1255 3390 1294 ι’
3410 1255 3484 1312 Ut

1878 1345 1930 1398 in
1948 1343 2242 1402 nationibus
2281 1346 2621 1418 evangelium
2660 1346 3044 1404 intustirnabiles
3087 1346 3292 1404 divitias
3336 1347 3484 1406 Chri—

1878 1441 1944 1496 sti
1983 1439 2120 1511 (Act.
2152 1455 2234 1506 ιιι,
2287 1439 2402 1509 15).
2443 1441 2692 1500 Elecutm
2723 1455 2784 1498 se
2831 1443 3028 1514 probat
3069 1442 3136 1500 ad
3181 1445 3483 1514 praedican-

1878 1534 2005 1590 dunt
2067 1533 2266 1590 donum
2318 1535 2412 1592 Dei
2465 1535 2520 1592 in
2569 1534 2778 1594 divitiis
2829 1535 3480 1608 incomprehensibilibus

1875 1627 2109 1693 Christi,
2140 1643 2277 1698 quas
2304 1628 2558 1700 gentibus
2591 1629 2704 1700 jam
2736 1630 3041 1701 desperatis
3073 1631 3258 1703 largiri
3287 1631 3482 1705 digna-

1876 1730 1960 1780 tus
1988 1733 2104 1788 est;
2135 1733 2192 1780 ut
2219 1725 2337 1782 sine
2361 1740 2528 1797 opere
2553 1725 2900 1782 salvarentur
2928 1742 3024 1797 per
3053 1726 3234 1784 (idem.
3268 1727 3331 1782 Et
3361 1743 3478 1784 ma-

1801 1821 1850 1882 B
1877 1817 2132 1876 niiestum
2163 1820 2396 1890 estquia
2427 1835 2587 1877 nemo
2614 1821 2894 1892 egregium
2938 1833 2991 1876 ct
3023 1823 3319 1878 maximum
3356 1841 3480 1878 mu-

1877 1930 1978 1969 nus
2008 1928 2104 1984 per
2134 1914 2409 1986 indignam
2450 1916 2616 1970 mittit
2645 1931 2962 1988 personam.
2996 1917 3303 1980 Ostendens
3346 1933 3482 1988 ergo

1875 2019 2130 2076 quantum
2153 2025 2182 2064 a
2214 2011 2323 2066 Deo
2349 2021 2644 2079 mereatur,
2679 2011 2931 2069 humiliat
2963 2021 3144 2070 tamen
3171 2029 3252 2083 se,
3279 2023 3336 2070 ut
3361 2030 3480 2072 mc-

1876 2102 2041 2158 ritum
2073 2101 2192 2172 ejus
2221 2114 2570 2160 concrescat.

1946 2196 2127 2267 (Vere.
2177 2197 2260 2272 9.)
2302 2198 2366 2254 Et
2403 2200 2692 2255 illuminent
2741 2218 2916 2257 omnes
2942 2245 2955 2268 ,
3005 2218 3122 2274 quas
3161 2203 3481 2276 dispensatio

1872 2291 2104 2360 mysterii
2146 2291 2435 2348 absconditi
2475 2309 2508 2348 a
2551 2294 2755 2350 sweulis
2803 2295 2858 2348 in
2911 2293 3051 2361 Deo,
3106 2298 3192 2366 qui
3239 2297 3482 2357 universa

1870 2385 2082 2440 creavit.
2126 2385 2347 2442 Missum
2375 2402 2439 2442 se
2467 2387 2598 2443 dicit
2623 2387 2826 2458 duplici
2865 2389 3027 2444 modo
3059 2389 3257 2446 docere
3283 2401 3481 2460 gentes

1870 2479 2216 2552 mysterium,
2241 2481 2384 2553 quod
2417 2481 2516 2538 fuit
2543 2483 2597 2537 in
2623 2482 2758 2548 Deo,
2792 2499 2857 2539 ex
2889 2497 2998 2554 quo
3021 2492 3148 2539 sunt
3175 2483 3387 2549 omnia;
3415 2495 3480 2542 ut

1870 2587 1970 2642 per
1994 2588 2117 2629 eum
2148 2573 2362 2630 discant
2391 2590 2456 2630 ae
2503 2575 2814 2647 intelligant
2857 2574 3134 2630 Christum
3176 2589 3395 2646 semper
3420 2575 3477 2636 in

1870 2669 2002 2736 Deo,
2029 2678 2086 2725 et
2109 2669 2252 2740 apud
2287 2669 2482 2738 Deum,
2529 2681 2585 2726 et
2626 2671 2754 2742 quia
2801 2671 2922 2726 sine
2953 2669 3370 2727 circumcisione
3413 2679 3476 2728 et

1868 2764 2082 2820 caeteris
2141 2764 2301 2836 Legis
2349 2764 2619 2821 mandatis
2674 2766 2947 2835 disposuit
2994 2766 3208 2820 salvere
3256 2773 3474 2836 gentes.

1866 2860 2031 2932 238
2061 2859 2267 2931 Indigni
2301 2861 2446 2916 enim
2476 2861 2677 2917 inventi
2705 2869 2830 2915 sunt
2851 2859 3021 2915 Judzni
3055 2869 3261 2915 tantum
3290 2876 3354 2915 ac
3381 2868 3464 2914 ta-

1867 2957 1969 3009 lem
2004 2955 2205 3011 hubere
2243 2957 2563 3022 doctorem;
2598 2957 2675 3010 sic
2717 2956 2861 3011 enim
2890 2955 3061 3010 Judmi
3091 2956 3389 3011 credebant
3414 2955 3471 3012 in

1865 3047 2166 3116 Christum,
2201 3060 2257 3104 ut
2284 3049 2480 3120 Legem
2515 3059 2693 3104 tamen
2741 3058 3053 3114 servarent;
3085 3048 3226 3119 quod
3263 3048 3473 3104 odihile

1865 3151 1948 3197 est
1978 3143 2118 3213 apud
2154 3144 2342 3199 Deum.
2376 3143 2620 3214 Denique
2651 3142 2840 3198 dicunt
2874 3142 3105 3212 apostoli
3140 3143 3204 3195 ad
3261 3156 3471 3212 coapo-

150 3241 271 3296 "Oc
312 3238 512 3294 asserit
557 3250 835 3296 ostensum
868 3256 895 3294 τι
929 3241 1039 3297 Deo
1069 3251 1312 3313 tempore
1338 3241 1563 3308 Christi,
1612 3242 1755 3312 quod
1788 3227 1831 3290 C
1866 3236 2064 3291 stolum
2093 3253 2247 3292 suum
2278 3238 2501 3293 Paulum
2537 3255 2549 3291 :
2597 3236 2770 3302 Vides,
2803 3239 2983 3308 frater,
3009 3244 3129 3306 quot
3154 3235 3318 3291 millia
3343 3244 3468 3290 sunt

151 3333 391 3398 latebat;
426 3336 548 3404 quia
579 3346 767 3403 gentes
793 3336 1084 3406 participes
1117 3335 1310 3391 futurre
1341 3346 1527 3392 essent
1569 3338 1756 3407 gratia:
1857 3331 1908 3385 in
1941 3330 2142 3386 Judteis
2170 3332 2508 3394 credentium,
2537 3341 2582 3386 et
2611 3347 2786 3386 omnes
2831 3331 2918 3384 isti
2963 3330 3294 3384 (cmulatores
3345 3338 3464 3383 sunt

148 3427 443 3498 promissa:
479 3429 530 3483 in
570 3430 734 3501 Lege.
765 3429 917 3498 Quod
950 3441 1228 3486 ostensum
1261 3431 1390 3485 dicit
1438 3430 1759 3501 pradicato-

148 3521 307 3576 ribus
334 3524 540 3578 sanctis
565 3532 621 3579 et
647 3524 948 3596 pr0phetis,
983 3524 1033 3579 id
1067 3535 1170 3590 est,
1201 3527 1468 3596 apostolis
1513 3534 1567 3579 et
1600 3524 1758 3592 Legis

148 3619 636 3687 explanatoribus,
685 3633 792 3673 non
827 3618 1105 3690 prophetis
1149 3618 1447 3674 veteribus.
1499 3618 1758 3686 Quamvis

149 3713 299 3766 enim
347 3711 771 3769 admitterentur
820 3713 972 3785 prius
1012 3712 1079 3768 ad
1119 3713 1317 3785 Legem
1365 3714 1624 3783 gentiles,
1663 3712 1756 3767 sed

149 3806 478 3862 circumcidi
510 3807 871 3878 jubebantur;
909 3818 962 3865 et
986 3811 1270 3880 prophette
1296 3808 1540 3864 scierunt
1568 3819 1759 3880 gentes

151 3902 457 3973 participes
485 3902 692 3959 futuras
717 3902 844 3958 doni
891 3904 986 3960 Dei
1017 3903 1162 3977 (nam
1195 3913 1249 3960 et
1290 3905 1391 3962 itnc
1419 3902 1761 3974 significave-

151 4003 288 4050 runt
316 3995 502 4050 multis
524 3996 577 4050 in
613 3995 802 4068 locis);
837 3997 930 4052 sed
971 3996 1072 4051 hoc
1102 3996 1281 4063 latuit,
1307 3996 1449 4068 quod
1480 3997 1601 4052 sine
1646 3997 1756 4050 cir-

151 4089 516 4155 cumcisione,
548 4100 602 4147 et
632 4091 901 4160 sabbatis,
951 4102 1004 4146 et
1057 4092 1386 4156 neomeniis,
1443 4098 1498 4145 et
1544 4091 1759 4146 ca'teris

155 4184 385 4250 talibus,
407 4183 598 4256 gratiae
630 4185 719 4240 Dei
751 4184 945 4241 futura:
977 4197 1160 4243 essent
1191 4186 1480 4258 participes
1500 4229 1512 4249 ,
1547 4196 1601 4242 et
1631 4188 1758 4241 abs-

153 4295 263 4351 que
293 4278 440 4350 Lege
469 4279 816 4349 susciperent
842 4278 1002 4336 lidem
1031 4281 1256 4350 Christi,
1291 4290 1348 4338 et
1391 4282 1758 4340 salvarentur.

157 4373 278 4428 Hoc
302 4383 409 4440 ρει,
443 4372 588 4443 quod
613 4372 743 4428 dicit
777 4390 790 4427 :
822 4372 890 4430 In
917 4375 1105 4447 spiritu
1131 4392 1237 4430 esse
1262 4385 1434 4448 gentes
1471 4375 1760 4431 cohteredes

153 4475 203 4522 et
251 4475 686 4536 concorporatas,
726 4474 776 4522 et
821 4467 1098 4539 participes
1147 4471 1504 4540 promissionis
1550 4474 1662 4544 ejus
1707 4472 1759 4526 in

155 4560 390 4615 Christo.
417 4561 520 4630 Qui
565 4561 711 4617 enim
755 4562 946 4633 spiritu
993 4563 1158 4619 Deum
1188 4565 1345 4631 colit,
1385 4580 1553 4637 Opere
1599 4563 1760 4638 Legis

153 4668 296 4726 opus
327 4671 434 4709 non
464 4655 647 4711 habet.

227 4749 413 4821 (Vers.
444 4749 526 4821 '7.)
561 4749 664 4806 Per
686 4749 1022 4826 Evangelium
1051 4758 1163 4828 ejus
1185 4758 1355 4827 factus
1383 4773 1497 4811 sum
1525 4757 1758 4812 minister

153 4841 445 4898 secundum
467 4843 661 4898 donum
687 4848 868 4917 gratia:
900 4843 1022 4913 Dei,
1045 4863 1157 4916 quae
1177 4849 1298 4902 data
1320 4857 1395 4903 est
1423 4847 1544 4902 mihi
1568 4866 1756 4905 secun-

151 4939 278 4992 dum
325 4941 676 5010 operationem
714 4940 916 4996 virtutis
964 4943 1093 5008 ejus.
1148 4944 1250 5000 Per
1308 4943 1752 5015 praedicationem

151 5030 445 5086 ministerii
479 5031 563 5086 sui
594 5031 869 5105 cognitum
901 5036 1098 5090 asserit
1126 5035 1351 5106 donum,
1390 5037 1535 5109 quod
1569 5037 1754 5107 diSpo-

149 5123 261 5180 snit
299 5123 445 5180 Deus
476 5125 728 5194 gentibus
756 5125 914 5196 juxta
961 5127 1172 5184 virtutis
1214 5143 1326 5185 sua:
1356 5131 1752 5206 operationem.

148 5218 420 5290 Operatio
463 5219 608 5274 enim
643 5221 863 5276 virtutis
889 5221 1006 5293 ejus
1037 5234 1140 5292 est,
1176 5224 1299 5295 quia
1330 5224 1610 5280 Christum
1639 5241 1759 5282 sus-

144 5312 340 5368 citavit
368 5327 399 5367 a
441 5315 688 5382 mortuis,
721 5314 937 5372 devicta
966 5327 1163 5385 morte,
1198 5319 1249 5374 in
1278 5335 1382 5391 qtta
1421 5335 1613 5375 omnes
1642 5320 1754 5375 sal-

143 5406 320 5463 vavit.
355 5405 694 5478 Dispensatin
715 5418 895 5466 tamen
919 5411 1196 5483 Evangelii
1229 5413 1347 5484 ejus
1368 5413 1483 5470 h.rc
1516 5425 1621 5482 est,
1650 5431 1756 5488 qua

217 5598 245 5625 α
291 5586 540 5667 Xoeibus
563 5590 615 5647 in
657 5592 862 5667 Christo
890 5594 1017 5650 Jesu
1057 5595 1333 5667 subiungit
1378 5597 1538 5653 Rom.
1585 5599 1750 5665 edit.,

137 5675 248 5742 per
282 5659 646 5742 Errtngelium.
669 5666 775 5742 Sed
798 5669 1138 5742 versiculum
1157 5659 1288 5740 'seq'.
1318 5669 1397 5724 sic
1425 5671 1708 5742 exorditur
1737 5659 1750 5726 Ξ

138 5731 317 5842 Cuius
350 5735 520 5802 factus
547 5751 656 5791 sum
681 5739 934 5806 minister,
965 5731 1076 5812 etc.

295 5803 510 5842 Faciam
550 5809 655 5842 adis
711 5811 848 5842 Ωιι-ιη
947 5811 1014 5842 lis
1053 5811 1076 5842 ἓ,

295 5803 510 5889 Eadem
550 5809 677 5889 edit.
711 5803 872 5868 Rom.
895 5803 1106 5882 ,Ut‘in
1152 5813 1384 5886 gentibus
1416 5815 1757 5889 evangelium

132 5875 710 5951 incomprehensibiles,
747 5892 855 5942 etc.

1863 3424 2014 3497 Legis
2043 3425 2179 3496 (Act.
2220 3441 2340 3492 rm,
2377 3425 2493 3497 ΞΟ).
2531 3424 2684 3479 Unde
2733 3425 2933 3480 factum
2981 3432 3086 3489 est,
3123 3433 3180 3477 ut
3211 3437 3308 3476 vas
3353 3422 3468 3477 ele-

1859 3519 2056 3573 ctionis
2099 3519 2164 3574 ad
2195 3528 2383 3589 gentes
2409 3518 2684 3574 docendas
2716 3519 2914 3572 missus
2946 3527 3122 3579 esset,
3157 3525 3213 3570 ut
3247 3516 3330 3570 vel
3362 3517 3466 3587 ipsi

1860 3613 1983 3667 lidei
2017 3628 2130 3667 sum
2159 3628 2309 3683 spem
2336 3613 2552 3683 plenam
2587 3612 2875 3673 haberent,
2915 3609 3048 3664 nihil
3079 3609 3148 3664 de
3171 3609 3340 3679 Lege,
3369 3609 3468 3663 sed

1861 3706 1914 3760 in
1959 3707 2076 3760 solo
2123 3706 2345 3760 Christo
2393 3716 2699 3776 sperantes.
2733 3703 3078 3759 Manifestato
3099 3707 3242 3756 etiim
3287 3716 3470 3756 sacra-

1862 3809 2066 3866 mento,
2091 3799 2290 3856 Christi
2339 3800 2446 3854 tale
2487 3799 2688 3854 donum
2734 3799 2922 3852 datum
2975 3807 3080 3862 est,
3117 3809 3138 3834 ε
3170 3797 3313 3867 quod
3345 3810 3470 3864 per-

1859 3893 2018 3948 fectae
2047 3893 2235 3948 salutis
2267 3894 2488 3948 haberet
2513 3892 2804 3958 eliectum;
2839 3892 2981 3946 sicut
3003 3892 3147 3945 enim
3178 3894 3230 3944 in
3271 3903 3466 3958 magna

1861 3997 1984 4043 vota
2017 3989 2254 4045 maxima
2300 3988 2502 4043 dantur
2532 3988 2908 4058 apophoreta;
2964 3987 3036 4040 ita
3086 3993 3140 4039 et
3185 3981 3469 4054 magniﬁco

1863 4083 2207 4139 manifestato
2254 4083 2538 4154 mysterio,
2593 4081 2773 4153 gaudii
2816 4091 2868 4136 et
2913 4079 3115 4134 latitia:
3147 4091 3306 4132 causa
3355 4084 3466 4132 tam

1861 4179 2081 4250 egregio
2109 4193 2334 4234 munere
2365 4178 2551 4232 donati
2579 4185 2704 4232 sunt
2733 4175 3006 4242 homines,
3031 4173 3175 4245 quod
3200 4173 3307 4229 illis
3334 4171 3470 4228 satis

1863 4271 1932 4327 sit
1955 4271 2022 4326 ad
2053 4272 2266 4351 cepiam
2295 4272 2613 4328 salutarem.

1933 4366 2112 4440 (Vcrs.
2151 4369 2261 4441 10.)
2305 4368 2372 4425 Ut
2396 4379 2517 4424 nota
2549 4370 2639 4438 ﬁat
2673 4367 3008 4440 Principibus
3036 4374 3084 4420 et
3113 4362 3467 4420 Potestatibus

1865 4464 1918 4516 in
1940 4464 2226 4518 caelestibus
2243 4481 2337 4535 per
2366 4463 2653 4519 Ecclesium
2682 4461 3020 4534 multiformis
3043 4460 3316 4530 sapientiae
3346 4457 3463 4514 Dei.

1862 4558 1995 4615 Tant
2044 4559 2182 4616 bene
2210 4559 2276 4615 de
2314 4559 2418 4616 hoc
2449 4561 2621 4616 sensit
2650 4559 2815 4626 Deus,
2861 4566 2917 4611 ut
2947 4572 3054 4610 non
3086 4555 3263 4610 solum
3293 4553 3471 4625 genti-

1784 4623 1840 4686 Β
1869 4655 1967 4710 bus
2015 4656 2158 4711 hunc
2203 4657 2522 4727 magistrum
2564 4656 2754 4721 daret;
2804 4668 2992 4710 verum
3049 4651 3210 4707 etiam
3264 4661 3321 4704 ut
3371 4664 3472 4718 per

1864 4765 1989 4806 cum
2029 4751 2232 4808 veritas
2261 4752 2459 4808 Christi
2490 4753 2790 4807 innotescat
2825 4747 3110 4820 spiritibus
3144 4747 3196 4802 in
3227 4744 3469 4801 cmlesti-

1863 4845 1983 4916 bus,
2034 4847 2124 4918 qui
2171 4855 2298 4902 sunt
2350 4846 2629 4917 Principes
2680 4856 2734 4902 et
2778 4845 3110 4900 I’otcstates.
3161 4841 3466 4895 Potestates

1861 4941 2008 5010 ideo,
2037 4941 2164 5013 quia
2195 4941 2535 5012 potentiores
2565 4950 2687 4994 sunt
2738 4941 2882 4995 inter
2927 4948 3161 4993 caeteros
3185 4933 3410 5004 spiritus
3443 4947 3459 4984 :

1862 5034 2142 5106 Principes
2172 5043 2349 5088 autent
2373 5077 2387 5100 ,
2417 5049 2482 5088 eo
2507 5034 2651 5104 quod
2679 5024 3460 5104 principenturPotestatibus;

1861 5139 1918 5184 ut
1948 5139 2305 5199 agnoscentes
2337 5143 2434 5199 per
2467 5127 2790 5191 Ecclesium,
2821 5141 2942 5196 qua:
2971 5119 3265 5176 multifario
3292 5115 3356 5169 ad
3377 5115 3463 5169 vi-

1859 5235 1966 5280 tam
1995 5234 2222 5281 attracta
2253 5234 2355 5293 est,
2382 5225 2433 5280 in
2463 5223 2681 5279 Christo
2705 5226 2863 5277 unius
2893 5220 2989 5274 Dei
3019 5229 3240 5270 manere
3263 5220 3463 5283 mystc-

1858 5321 2022 5390 rittm,
2053 5321 2307 5376 desinant
2333 5320 2401 5375 ab
2429 5335 2636 5376 errore.
2671 5320 2728 5374 Id
2767 5317 2910 5372 enim
2939 5313 3140 5383 agitur,
3175 5317 3232 5362 ut
3258 5303 3462 5378 prtcdi-

1857 5415 2000 5470 catio
2031 5414 2398 5470 ecclesiastica
2428 5414 2592 5470 etiam
2638 5411 2721 5467 his
2778 5406 3050 5480 proﬁciat,
3102 5413 3155 5458 et
3201 5401 3462 5456 deserant

1935 5610 1957 5639 ο
2000 5599 2129 5675 Mss.
2169 5600 2453 5675 nonnulli,
2511 5599 2648 5670 quod
2699 5604 2895 5675 aperta:
2933 5594 3138 5675 salutis.
3198 5593 3267 5648 At
3297 5607 3462 5675 versu

1861 5672 2136 5742 proximo,
2160 5674 2252 5729 ubi
2278 5688 2378 5736 nos
2403 5667 2531 5727 cum
2554 5679 2671 5724 aut.
2699 5669 2832 5732 edit.
2853 5683 2915 5723 ac
2947 5667 3194 5738 pluribus
3224 5682 3379 5742 mss.,
3408 5667 3465 5719 in

1861 5739 2049 5816 magna
2087 5756 2235 5810 vota;
2267 5741 2425 5798 Rom.
2474 5742 2608 5797 edit.
2629 5743 2886 5816 praciert,
2917 5746 2969 5796 in
2999 5742 3199 5814 magnis
3229 5739 3379 5804 votis,
3408 5745 3465 5790 et.

1863 5814 2078 5888 quidam
2106 5831 2263 5885 mss,
2293 5817 2344 5869 in
2375 5830 2564 5888 magna
2589 5814 2711 5868 vita.
