3978 6310
551 257 666 323 383

1504 261 1598 318 AD
1634 261 1867 322 OPERA
1905 260 2152 319 SANCTI
2191 258 2515 318 AMBROSII
2558 260 2926 320 APPENDIX.
3732 265 3807 320 38$

552 398 837 442 assensum
883 379 1180 456 tyrannidis
1223 378 1458 447 diaboli,
1490 395 1593 453 qua
1647 395 1708 436 se
1755 380 2023 437 adversus
2059 380 2155 436 Dei
2183 385 2238 445 Α
2263 377 2416 445 dicit,
2449 389 2509 434 ut
2539 379 2665 451 quia
2713 380 2967 450 dignatus
3008 389 3094 436 est
3139 379 3415 437 advocare
3457 389 3637 452 gentes
3665 381 3721 436 ad
3743 397 3810 438 co-

551 479 712 534 unius
744 477 905 533 ﬁdem
937 476 1101 546 impia
1142 475 1563 545 priesumptione
1609 473 1859 529 armavit.
1891 473 1995 541 Qui
2025 489 2155 529 sen-

555 589 651 629 sus
679 574 890 644 psalmo
916 571 1182 642 vigesimo
1211 571 1370 628 tertio
1398 571 1750 642 praescriptus
1767 579 1874 636 est,
1905 569 1993 625 ubi
2014 568 2158 624 Deus

549 665 923 722 universitatis
971 665 1229 720 Dominus
1289 665 1734 731 demonstratur,
1791 662 2008 717 dicente
2059 659 2156 716 Dei

550 757 758 830 Spiritu
808 772 906 828 per
953 757 1161 812 David:
1195 755 1411 812 Domini
1453 764 1525 810 est
1578 767 1746 821 terra,
1794 764 1841 809 et
1887 755 2156 825 plenitudo

547 854 687 925 ejus,
717 853 855 907 orbis
886 833 1179 918 terrarum:
1233 860 1281 905 et
1329 850 1557 905 universi
1590 850 1679 920 qui
1721 848 1953 902 habitant
1997 849 2051 902 in
2099 864 2156 902 eo

549 945 724 1019 (Psal.
761 961 934 1010 mu,
984 945 1064 1017 1).
1117 945 1258 1000 Etin
1306 943 1616 1014 subjectis:
1666 947 1693 974 ο
1750 941 1943 997 Tollite
1979 953 2157 1014 portas

547 1037 820 1109 Principis
850 1041 1008 1096 vestri
1032 1083 1046 1107 ,
1074 1049 1120 1094 et
1149 1039 1422 1094 elevamini
1455 1048 1619 1105 porta:
1656 1039 1957 1102 ceternales,
2002 1047 2049 1090 et
2077 1039 2156 1090 in-

544 1135 719 1189 troibit
745 1135 858 1190 Rex
878 1134 1081 1206 gloriae.
1115 1133 1242 1200 Quis
1265 1144 1342 1186 est
1373 1135 1467 1187 iste
1500 1130 1614 1186 Rea:
1639 1130 1862 1203 gloriae?
1903 1131 2156 1184 Dominus

547 1229 797 1284 virtutum
828 1229 941 1298 ipse
985 1235 1061 1281 est
1094 1225 1206 1282 Rex
1232 1227 1415 1297 gloriae
1453 1223 1620 1296 (Ibid.
1649 1265 1665 1291 ,
1695 1225 1728 1278 7
1752 1233 1801 1278 et
1827 1223 1982 1292 seq.).
2016 1223 2157 1279 Dici-

545 1332 639 1380 tur
666 1338 798 1394 ergo
826 1322 914 1377 his
946 1321 1315 1392 Principibus,
1357 1321 1447 1391 qui
1491 1320 1545 1374 in
1578 1333 1769 1374 errore
1798 1326 1926 1372 sunt
1956 1317 2007 1371 in
2038 1331 2153 1371 cte-

548 1416 815 1482 lestibus,
867 1417 985 1471 sive
1017 1414 1281 1470 ministris
1321 1415 1438 1484 ejus
1471 1412 1522 1469 in
1573 1414 1766 1478 terris,
1820 1423 1878 1468 ut
1907 1412 2157 1467 auferant

547 1521 737 1583 portas
769 1509 1032 1580 principis
1051 1509 1156 1575 sui,
1186 1509 1236 1563 id
1259 1517 1360 1573 est,
1385 1508 1589 1563 diaboli
1613 1507 1682 1562 de
1709 1506 1980 1562 mentibus
2012 1507 2150 1574 suis,

547 1618 649 1674 per
679 1617 818 1673 quas
844 1602 1138 1656 multorum
1166 1601 1393 1657 deorum
1425 1599 1844 1656 asserendorum
1879 1615 2038 1655 error
2067 1601 2152 1654 in-

545 1695 730 1752 travit.
764 1693 903 1750 Sunt
946 1695 1092 1750 enim
1145 1694 1511 1765 temporales;
1545 1693 1672 1764 quia
1717 1693 1895 1747 omnis
1942 1693 2152 1747 fallacia

2261 473 2636 544 gnoscendum
2683 476 3002 548 mysterium
3045 476 3344 532 voluntatis
3381 477 3527 548 ejus,
3558 475 3654 532 hoc
3688 479 3809 535 etiam

2259 567 2450 635 donet,
2480 571 2605 640 quia
2637 569 2794 625 dives
2821 580 2922 634 est,
2960 580 3016 626 ut
3037 581 3171 626 nutu
3199 572 3320 641 ejus
3350 571 3635 626 ﬁrmentur
3653 571 3699 625 in
3724 572 3812 640 Spi-

2259 660 2388 726 ritu,
2423 663 2523 716 hoc
2549 671 2653 731 est,
2681 672 2740 717 ut
2787 665 2948 736 239
2982 680 3089 720 non
3118 666 3242 720 illos
3271 664 3594 735 perturbent
3622 667 3810 720 carnalia

2259 757 2424 810 exitia
2453 755 2598 811 illata
2639 773 2667 810 a
2696 758 2916 826 perlidis
2947 777 2960 814 :
2990 759 3087 814 sed
3113 762 3222 814 sint
3254 760 3511 824 stabiles,
3545 769 3812 830 exspectan-

2261 861 2343 907 tes
2369 850 2420 905 in
2457 850 2638 905 futuro
2667 851 2829 922 hujus
2860 855 2937 908 rei
2979 853 3315 910 mercedem.

2332 944 2512 1015 (Vers.
2550 944 2664 1014 17.)
2695 944 2760 999 In
2806 947 3050 1002 interiore
3077 947 3285 1002 homine
3330 946 3592 1002 Christum
3633 948 3815 1004 habitare

2258 1054 2349 1109 per
2379 1038 2533 1106 ﬁdem
2571 1040 2624 1091 in
2653 1038 2896 1093 cordibus
2933 1041 3133 1094 uestris.
3182 1040 3240 1095 ιιι
3268 1055 3336 1095 eo
3380 1041 3528 1110 petit
3553 1055 3644 1094 eos
3687 1042 3814 1111 magis

2259 1128 2486 1194 ﬁrmari,
2519 1139 2576 1183 ut
2613 1145 2721 1184 non
2760 1131 3060 1201 ambigam,
3091 1132 3189 1188 sed
3219 1134 3391 1205 magis
3420 1132 3649 1188 credant
3674 1134 3814 1187 Chris-

2261 1231 2375 1276 tum
2406 1221 2652 1278 habitare
2695 1224 2746 1277 in
2777 1239 2859 1285 se,
2905 1241 3069 1295 quem
3106 1240 3210 1280 non
3240 1226 3432 1280 vident
3460 1225 3546 1280 his
3568 1227 3752 1292 oculis;
3776 1239 3814 1280 ut

2261 1315 2496 1381 Spiritus
2534 1315 2696 1371 datus
2740 1316 2845 1371 hoc
2872 1319 2950 1372 eis
2983 1333 3079 1388 per
3111 1318 3208 1374 Dei
3252 1319 3464 1376 donum
3496 1320 3743 1386 infundat,
3777 1333 3815 1375 ut

2258 1411 2395 1465 certi
2428 1411 2536 1464 sint
2564 1411 2632 1465 de
2660 1411 2876 1467 Christo
2906 1413 3052 1484 quod
3081 1413 3236 1480 vivit,
3264 1424 3320 1470 et
3341 1414 3524 1470 Filius
3557 1415 3648 1469 Dei
3679 1424 3817 1480 est,et

2259 1503 2464 1559 habitat
2496 1519 2595 1574 per
2626 1503 2788 1559 ﬁdem
2820 1507 2873 1561 in
2906 1506 3166 1562 cordibus
3195 1508 3424 1575 nostris,
3463 1516 3660 1562 meum
3694 1507 3813 1561 ﬁdem

2258 1599 2376 1668 ejus
2405 1598 2670 1654 habemus
2696 1599 2750 1655 in
2778 1601 3034 1656 cordibus
3067 1603 3295 1667 nostris,
3328 1605 3515 1672 ipsum
3547 1602 3730 1657 habere
3761 1604 3816 1656 vi-

2257 1689 2676 1759 deamur.Quod
2701 1707 2768 1747 eo
2793 1693 3028 1761 proﬁcit,
3058 1703 3116 1748 ut
3144 1695 3323 1749 securi
3352 1695 3532 1749 simus
3553 1693 3619 1748 de
3637 1695 3815 1749 auxiliis

545 1794 794 1858 tempore
823 1785 1092 1841 clauditur
1116 1803 1130 1840 :
1165 1785 1275 1840 lter
1300 1785 1445 1841 enim
1474 1787 1750 1853 impiorum
1777 1784 2150 1857 peribit(Psal.
2183 1785 2230 1845 Β
2259 1784 2408 1854 ejus;
2438 1786 2565 1854 quia
2592 1801 2699 1840 non
2728 1786 2941 1842 deserit
2970 1803 3092 1853 nos,
3121 1788 3218 1843 sed
3258 1803 3486 1860 semper
3515 1786 3664 1843 adest
3691 1803 3814 1857 prop-

544 1894 597 1947 ι,
624 1880 702 1950 6).
751 1879 824 1936 Ut
865 1889 1047 1934 autem
1100 1886 1334 1934 :eternas
1368 1886 1549 1949 portas
1603 1878 1853 1944 elevent,
1899 1877 2153 1933 hortante

543 1973 790 2045 justitia,
854 1972 1251 2036 admonentur;
1297 1973 1423 2042 quia
1475 1970 1677 2026 veritas
1729 1972 1783 2026 in
1823 1973 2152 2042 sempiterna

543 2068 742 2124 saecula
812 2075 1146 2137 perseverat.
1218 2065 1377 2121 Unde
1447 2065 1525 2120 ait
1586 2065 1637 2120 in
1699 2064 1908 2134 psalmo
1962 2074 2150 2122 cente-

547 2160 689 2216 simo
718 2159 934 2216 decimo
961 2159 1197 2229 septimo
1230 2176 1245 2212 :
1280 2157 1409 2212 ch
1449 2168 1597 2230 porta
1625 2155 1871 2225 Domini,
1917 2159 2041 2225 iusti
2066 2159 2150 2212 in.-

547 2253 755 2308 trabunt
785 2268 876 2323 per
903 2268 1012 2306 eam
1056 2249 1233 2324 (Psal.
1277 2265 1460 2317 cxvu,
1504 2250 1623 2319 20).
1675 2251 2019 2307 Manifestum
2070 2261 2154 2307 est

549 2347 694 2402 enim
726 2346 850 2417 quia
872 2345 1004 2414 justi
1028 2360 1127 2417 per
1149 2344 1308 2400 ﬁdem
1334 2345 1822 2410 intrantinctelos,
1852 2347 1906 2402 in
1925 2362 2152 2419 regnum

548 2437 666 2507 Dei,
711 2439 852 2510 quod
877 2453 1174 2510 numquam
1203 2441 1598 2510 corrumpitur,
1633 2441 1776 2496 sicut
1804 2441 1993 2497 Daniel
2028 2456 2155 2512 pro-

548 2531 710 2603 pheta
744 2540 998 2596 testatur,
1044 2532 1233 2590 dicens
1283 2533 1428 2589 inter
1468 2543 1711 2589 caetera:
1764 2533 2025 2607 Exsurget
2074 2553 2156 2590 re-

546 2645 703 2701 gnum
733 2630 880 2684 aliud
910 2631 1304 2698 incorruptibile
1329 2629 1492 2696 (Dan.
1518 2646 1592 2698 ιι,
1626 2629 1722 2701 44)
1750 2651 1763 2687 :
1795 2629 1943 2698 impii
1973 2639 2152 2685 autem

551 2732 777 2793 propter
809 2722 1246 2778 incredulitatem
1280 2724 1482 2778 intrant
1511 2723 1786 2779 infernum
1833 2733 2152 2779 tartareum.

553 2813 654 2868 llic
685 2829 815 2883 ergo
842 2814 954 2869 Rex
977 2815 1164 2884 gloria:
1192 2813 1446 2870 Christus
1479 2825 1582 2878 est,
1613 2815 1703 2884 qui
1735 2815 1947 2870 devicta
1979 2826 2155 2872 morte

552 2919 846 2976 resurgens
873 2914 1099 2977 apparet
1122 2906 1388 2961 Dominus
1414 2921 1536 2962 esse
1563 2915 1620 2962 et
1651 2907 1766 2962 [lex
1796 2907 2004 2978 gloriae.
2034 2908 2156 2964 Vir-

550 3005 666 3054 tute
712 2998 859 3054 enim
911 2999 1196 3068 potestatis
1225 3014 1367 3063 sum,
1401 3016 1505 3067 qua
1537 3000 1752 3071 subegit
1783 3000 2009 3067 inferos,
2043 3019 2154 3056 ma-

550 3089 872 3155 nifestatur;
920 3091 1048 3160 quia
1091 3089 1209 3160 ipse
1251 3099 1334 3145 est
1363 3089 1533 3146 Filius
1584 3092 1712 3158 Dei,
1744 3091 1834 3163 qui
1867 3091 2027 3148 unius
2061 3095 2153 3150 Dei

2256 1885 2339 1932 ter
2362 1878 2522 1933 ﬁdem
2553 1895 2731 1947 suam,
2773 1897 2939 1950 quam
2986 1881 3135 1936 videt
3172 1883 3226 1936 in
3259 1883 3418 1937 nobis
3453 1900 3466 1936 :
3509 1882 3699 1952 quippe
3724 1898 3813 1936 cum

2255 1970 2378 2026 ideo
2399 1970 2639 2042 Spiritus
2664 1975 2805 2043 ejus,
2831 1974 2924 2046 qui
2949 1986 3004 2030 et
3032 1975 3127 2031 Dei
3151 1975 3330 2031 Patris
3352 1987 3464 2043 est,
3491 1976 3646 2032 detur
3667 1977 3812 2041 nobis;

2255 2074 2313 2119 ut
2343 2065 2462 2120 vice
2488 2065 2606 2136 ejus
2637 2076 2782 2122 tutos
2812 2077 3037 2138 praestet
3078 2083 3199 2134 uos,
3232 2071 3277 2124 si
3308 2071 3358 2125 ei
3383 2070 3750 2133 assentiamus,
3775 2079 3811 2123 ut

2255 2168 2309 2213 et
2334 2158 2546 2214 occulta
2577 2160 2818 2225 revelet;
2863 2176 2959 2230 per
2987 2177 3151 2227 quem
3191 2160 3378 2232 utique
3412 2163 3596 2232 ipsum
3628 2163 3674 2216 in
3699 2162 3813 2216 nobis

2255 2251 2505 2308 habitare
2534 2253 2816 2323 ambigere
2847 2269 2953 2309 non
2975 2254 3261 2310 debemus.
3293 2255 3393 2310 Est
3418 2256 3567 2311 enim
3599 2255 3679 2310 hic
3705 2255 3808 2308 alios

2257 2345 2571 2414 paraclitus,
2598 2347 2741 2400 inter
2760 2363 2899 2418 quos
2930 2364 3288 2418 personarum
3319 2349 3587 2405 distantia
3619 2357 3709 2414 est,
3737 2364 3811 2402 non

2257 2445 2498 2503 natum;
2539 2439 2662 2508 quia
2711 2448 2767 2494 et
2815 2439 2884 2494 de
2931 2455 2997 2495 eo
3027 2440 3248 2512 accipit,
3288 2451 3344 2497 et
3393 2457 3424 2496 a
3476 2443 3592 2497 Deo
3621 2440 3810 2512 procedit

2255 2528 2436 2601 (Joan.
2474 2548 2564 2599 xv,
2595 2531 2713 2604 ‘26).
2746 2533 2803 2588 In
2832 2535 3031 2617 quibus
3077 2537 3222 2591 enim
3266 2547 3489 2592 natura:
3539 2538 3704 2591 unitas
3736 2544 3809 2599 est,

2256 2622 2494 2680 invicem
2527 2625 2610 2680 sui
2657 2637 2817 2693 sunt;
2852 2627 2996 2684 unde
3027 2627 3160 2684 dicit
3195 2629 3505 2685 Dominus:
3537 2628 3707 2683 Omnia
3729 2625 3805 2682 Ρη·
3906 2661 3907 2680 η

2256 2719 2348 2773 tris
2378 2735 2491 2772 mea
2516 2730 2654 2785 sunt,
2681 2729 2730 2772 et
2762 2737 2874 2775 mea
2899 2722 3072 2775 omnia
3105 2719 3278 2777 Patris
3312 2721 3504 2793 (Joan.
3537 2737 3643 2784 va,
3670 2719 3760 2788 15).

2331 2811 2516 2885 (Vers.
2552 2815 2666 2884 18.)
2696 2813 2763 2869 Ut
2792 2817 2844 2868 in
2868 2815 3120 2870 charitate
3143 2818 3369 2874 radicati
3398 2828 3448 2872 et
3492 2817 3700 2889 fundati,
3725 2830 3809 2884 pos-

2257 2905 2371 2960 sitis
2399 2905 2831 2974 comprehendere
2859 2925 2974 2962 cunt
3004 2910 3238 2964 omnibus
3269 2913 3467 2966 sanctis
3493 2927 3606 2982 qua:
3631 2911 3690 2964 sit
3721 2907 3807 2961 lati.

2259 2995 2406 3060 tudo,
2455 3006 2500 3050 et
2545 2999 2836 3069 longitudo,
2866 3011 2915 3054 et
2961 3001 3206 3068 altitudo,
3255 3015 3300 3058 et
3352 3002 3685 3074 profundum.
3729 2999 3808 3055 Hoc

2261 3099 2522 3160 praestare
2556 3091 2690 3147 dicit
2734 3093 3068 3152 habitantem
3101 3097 3378 3154 Christum
3402 3100 3491 3154 vel
3521 3099 3749 3169 Spiritum
3770 3094 3804 3148 in

550 3197 780 3251 regnum
814 3179 867 3235 in
897 3182 1052 3237 caelis
1079 3192 1134 3237 et
1175 3181 1231 3236 in
1273 3183 1436 3238 terris
1466 3197 1589 3239 esse
1634 3183 1703 3239 ad
1733 3184 2149 3242 condemnatio-
2179 3182 2224 3244 C
2260 3183 2436 3250 nobis,
2462 3195 2522 3240 ut
2552 3185 2761 3242 fundati
2786 3188 2961 3244 simus
2989 3191 3043 3244 in
3065 3189 3333 3248 charitate
3359 3193 3477 3256 Dei,
3509 3189 3806 3248 devinctibe

555 3288 680 3330 nem
714 3272 1014 3344 tyrannidis
1045 3273 1247 3329 diaboli
1289 3275 1622 3344 praedicavit.

626 3364 806 3436 (Vers.
843 3365 930 3429 11,
976 3364 1092 3437 12.)
1139 3365 1436 3421 Secundum
1485 3369 1806 3439 propositum
1841 3372 2153 3427 strculorum

549 3457 608 3512 in
637 3457 842 3512 Christo
879 3459 1007 3514 .Iesu
1036 3457 1261 3513 Domino
1293 3471 1491 3528 nostro,
1513 3461 1567 3516 in
1593 3479 1694 3532 quo
1725 3463 1970 3518 habemus
1999 3465 2155 3520 liber-

551 3558 705 3604 tatem
734 3551 789 3605 in
838 3551 1152 3621 conﬁdentia
1199 3569 1289 3622 per
1327 3554 1484 3622 ﬁdem
1533 3555 1718 3627 ipsius.
1750 3556 2153 3613 Manifestatum

555 3642 689 3698 dicit
713 3641 988 3699 Christum
1008 3645 1234 3713 szeculo,
1259 3661 1368 3716 quo
1392 3649 1674 3718 proposuit
1693 3649 1836 3705 Deus
1858 3653 2155 3708 ostendere

553 3739 874 3808 mysterium
919 3753 1077 3794 suum
1128 3755 1229 3810 pro
1278 3740 1455 3797 salute
1503 3741 1757 3810 humana,
1809 3754 1870 3800 ut
1915 3747 2157 3816 cognitio

553 3830 800 3899 mysterii
832 3830 924 3886 Dei
949 3831 1269 3887 mortalibus
1305 3834 1585 3890 conferret
1613 3836 1843 3891 salutem
1871 3853 1886 3901 ;
1917 3849 1973 3893 ιιι
1999 3841 2154 3910 quasi

551 3924 822 3980 dedicatio
844 3925 996 3996 regni
1021 3925 1224 3980 Christi
1249 3926 1389 3982 hanc
1414 3929 1645 3998 gratiam
1677 3930 2031 3987 credentibus
2060 3949 2157 4002 pro

555 4015 904 4087 apophoretis
933 4017 1245 4088 largiretur.
1278 4018 1429 4074 Licet
1458 4021 1602 4075 enim
1631 4022 1742 4091 jam
1773 4023 1906 4079 olim
1953 4024 2155 4082 factum

553 4111 644 4178 sit,
678 4125 880 4166 novum
913 4120 1092 4166 tamen
1123 4111 1339 4167 videtur
1379 4113 1652 4184 ignoranti
1683 4124 1970 4173 creaturze.

633 4203 815 4274 (Vers.
847 4204 961 4273 15.)
984 4200 1015 4240 ι)
1045 4203 1270 4277 PrOpter
1300 4206 1436 4276 quod
1463 4215 1581 4278 peto
1605 4223 1670 4261 ne
1699 4207 1958 4278 deﬁciatis
1982 4212 2038 4265 in
2065 4212 2160 4267 tri-

555 4296 901 4352 bulationibus
938 4297 1063 4352 meis
1094 4313 1189 4369 pro
1214 4299 1378 4365 vobis,
1399 4315 1515 4370 qua:
1547 4312 1667 4356 sunt
1689 4301 1745 4356 in
1767 4303 1937 4375 gloria
1966 4316 2153 4362 vestra.

558 4388 901 4445 Manifestata
920 4405 1037 4462 spe,
1058 4408 1181 4462 quae
1209 4392 1362 4464 estin
1385 4396 1653 4467 mysterio
1669 4395 1900 4466 Christi,
1915 4415 2160 4457 commo-

554 4491 650 4539 net
695 4497 764 4536 ne
812 4482 1128 4539 scandalum
1169 4485 1442 4554 patiantur
1491 4498 1714 4559 propter
1749 4490 2155 4561 tribulationes,

553 4590 674 4647 qua:
706 4576 908 4632 sanctis
932 4593 960 4630 a
991 4577 1214 4649 perﬁdis
1258 4581 1584 4653 irrogautur.
1620 4583 1708 4640 Ad
1746 4585 1979 4658 gloriam
2008 4590 2152 4646 enim
2180 4594 2232 4654 D

556 4669 792 4740 pertinet
825 4669 1064 4736 illorum,
1089 4672 1135 4727 si
1163 4672 1216 4727 in
1247 4674 1596 4732 tribulatione
1623 4679 1873 4750 magistri
1897 4696 2004 4737 non
2035 4682 2154 4740 fue-

554 4763 664 4818 rint
687 4760 1031 4818 scandalizati
1056 4763 1334 4836 discipuli,
1362 4767 1463 4824 hac
1486 4784 1583 4841 spe
1606 4770 1842 4837 ﬁrmati;
1869 4774 1994 4844 quia
2023 4775 2154 4832 lide-

555 4853 687 4909 lium
721 4869 988 4925 pressura:
1022 4856 1186 4913 l‘uturi
1234 4861 1417 4916 saeculi
1466 4861 1636 4932 gloria
1683 4865 2001 4936 erigentur;
2039 4869 2155 4926 haec

551 4947 698 5005 enim
731 4945 973 5004 ﬁdelium
1006 4949 1254 5020 probatio
1278 4963 1383 5019 est,
1415 4955 1459 5010 si
1489 4954 1612 5012 ﬁdei
1635 4973 1749 5014 sua:
1774 4974 1927 5030 spem
1953 4961 2152 5018 adver-

555 5052 690 5100 tant.

623 5139 806 5211 (Vers.
852 5140 941 5206 Η,
974 5141 1060 5208 15,
1098 5141 1215 5214 16.)
1264 5143 1435 5218 Hujus
1464 5148 1539 5200 rei
1585 5153 1752 5220 gratia
1796 5154 1950 5222 ﬂecto
1987 5173 2156 5227 genua

553 5249 666 5288 mea
713 5234 782 5287 ad
813 5234 1025 5290 Putrem
1078 5235 1286 5292 Domini
1324 5240 1488 5293 nostri
1516 5239 1647 5296 .Iesu
1688 5242 1900 5313 Christi,
1950 5267 2015 5305 ea:
2049 5269 2154 5322 quo

554 5329 720 5382 omnis
751 5331 1032 5400 paternitas
1056 5331 1110 5384 in
1140 5331 1282 5386 caelis
1312 5342 1357 5385 et
1383 5333 1437 5386 in
1459 5342 1598 5388 terra
1619 5337 1953 5404 nominatur;
1983 5354 2036 5396 ut
2067 5344 2153 5398 det

551 5420 692 5477 vobis
721 5425 1001 5478 secundum
1027 5425 1239 5481 divitias
1264 5427 1552 5496 majestatis
1574 5444 1686 5483 sua:
1705 5430 1941 5486 uirtutem
1964 5437 2154 5505 conﬁr-

552 5513 686 5567 mari
716 5523 738 5551 ο
767 5513 820 5569 in
849 5514 1051 5589 Spiritu
1081 5535 1196 5575 suo.
1229 5517 1344 5576 Hoc
1390 5518 1547 5576 ﬂexis
1593 5522 1823 5594 genibus
1853 5526 2065 5594 precari
2094 5543 2155 5584 se

624 5682 654 5756 ξ
690 5677 823 5734 Mss.
866 5679 1074 5762 aliquot

547 5756 847 5879 "ai’iiiii.
883 5819 1053 5893 edit,
1087 5816 1305 5896 Propter
1332 5817 1468 5899 quod
1495 5823 1766 5898 utbur'nmé
1792 5817 2063 5901 deﬁciatis.

1126 5698 1144 5761 ς
1203 5682 1394 5752 Tollite
1439 5693 1613 5756 portas
1643 5727 1658 5753 ,
1693 5681 1990 5758 Principes,
2034 5703 2145 5742 ues-

2263 3281 2472 3338 neﬁciis
2526 3282 2666 3354 ejus,
2717 3293 2772 3338 et
2825 3287 3096 3354 possimus
3146 3301 3272 3341 cum
3312 3288 3541 3352 sanctis,
3593 3285 3676 3356 qui
3717 3290 3806 3336 sunt

2257 3375 2492 3446 apostoli
2539 3386 2595 3432 et
2625 3376 2935 3447 prOpbetze,
2969 3379 3298 3433 iuuneusum
3335 3389 3391 3435 et
3423 3376 3803 3434 inaestimabilem

2258 3483 2589 3540 cognoscere
2617 3469 2810 3536 Deum,
2826 3471 3016 3526 omnia
3037 3472 3394 3528 excedentem
3427 3474 3700 3544 majestate
3721 3469 3804 3522 vir-

2259 3563 2390 3617 tutis
2414 3579 2544 3616 suaz.
2578 3562 2711 3618 Cttm
2743 3563 2886 3618 cuitu
2917 3563 3086 3619 dicit:
3120 3563 3392 3630 Latitudo,
3422 3577 3470 3620 et
3497 3563 3805 3636 longitudo,“

2259 3655 2502 3718 altitudo,
2527 3666 2572 3710 et
2601 3657 2951 3727 profundum;
2979 3655 3083 3713 hoc
3109 3659 3294 3728 utique
3321 3661 3614 3730 signiﬁcat,
3637 3655 3804 3712 utsicut

2260 3747 2314 3801 in
2346 3747 2558 3818 spluera
2607 3758 2753 3804 tanta
2804 3750 3090 3820 longitudo
3120 3762 3226 3818 est,
3267 3763 3474 3823 quanta
3518 3753 3736 3813 latitudo,
3769 3755 3806 3799 cl

2262 3847 2404 3894 tanta
2437 3841 2687 3906 altitudo,
2713 3853 2973 3913 thaulum
3005 3857 3058 3899 et
3081 3843 3447 3913 profundum;
3483 3845 3557 3900 ita
3586 3852 3638 3900 ει
3660 3841 3802 3897 inDeo

2259 3935 2440 3989 omnia
2469 3937 2696 4006 :cqualia
2725 3947 2851 3991 sunt
2892 3937 3264 3993 immensitate
3292 3939 3598 3995 inﬁnitatis.
3629 3935 3803 4007 Spbxra

2259 4032 2404 4086 enim
2451 4030 2676 4086 deﬁnito
2723 4031 2884 4088 modo
2917 4033 3264 4088 concluditur
3310 4051 3322 4086 :
3357 4034 3501 4090 Deus
3529 4043 3692 4088 autem
3727 4042 3802 4082 non

2257 4123 2436 4179 solum
2465 4125 2652 4194 implet
2680 4124 2886 4193 omnia,
2916 4125 3011 4180 sed
3035 4136 3090 4182 et
3117 4126 3339 4183 excedit
3363 4145 3380 4195 ;
3415 4143 3519 4183 nec
3539 4126 3672 4183 enim
3695 4123 3803 4178 clau-

2259 4216 2426 4282 ditur,
2463 4217 2560 4272 sed
2592 4218 2777 4272 omnia
2808 4221 2953 4274 intra
2979 4235 3039 4275 se
3070 4219 3258 4288 habet,
3286 4231 3345 4276 ut
3387 4223 3540 4278 solus
3570 4215 3802 4276 ineﬁabilis

2257 4319 2315 4367 et
2344 4309 2586 4368 inﬁnitus
2629 4311 2894 4369 habeatur
2927 4331 2941 4370 :
2973 4323 3027 4370 et
3063 4316 3254 4385 gratia:
3300 4314 3430 4372 huic
3467 4314 3803 4374 insufﬁcienler

2259 4411 2510 4473 agantur,
2534 4403 2655 4474 quia
2685 4420 2807 4460 cum
2841 4414 3024 4462 tantus
3047 4407 3152 4474 sit,
3194 4407 3449 4480 dignatus
3475 4422 3559 4466 est
3584 4425 3670 4481 per
3686 4403 3802 4461 Chri-

2261 4505 2403 4552 stum
2428 4496 2705 4554 homiuem
2737 4499 2960 4556 visitare
2989 4503 3228 4572 peccatis
3261 4514 3316 4558 et
3346 4505 3800 4573 mortisubjectum.

2329 4588 2510 4661 (Vers.
2570 4590 2690 4662 19.)
2753 4591 3072 4667 Cagnoscere
3127 4612 3326 4667 quoque
3398 4599 3798 4671 supereminenum

2259 4683 2487 4738 scientia:
2516 4686 2816 4741 charitatem
2845 4685 3061 4744 Christi.
3105 4689 3234 4745 Post
3267 4692 3357 4747 Dei
3391 4691 3568 4748 Patris
3590 4689 3800 4747 inﬁnitam

2260 4783 2317 4831 et
2339 4777 2946 4848 incomprehensibilem
2967 4782 3340 4851 cognitionem
3357 4793 3415 4840 et
3435 4781 3797 4841 ineuarrabilem

2260 4871 2629 4938 clementiam,
2651 4873 2856 4932 Christi
2883 4892 3100 4948 quoque
3129 4893 3428 4950 agnoscere
3457 4896 3554 4936 nos
3581 4878 3684 4934 vult
3704 4873 3799 4930 cha-

2260 4965 2513 5035 ritatem;
2547 4969 2670 5038 quia
2702 4970 3165 5040 supereminentis
3207 4982 3291 5028 est
3320 4974 3580 5041 scientiae,
3631 4982 3679 5027 et
3704 4965 3797 5023 sub-

2262 5057 2580 5131 intelligitur
2623 5062 2915 5130 humanm;
2949 5074 3010 5120 ut
3048 5081 3212 5136 super
3257 5068 3542 5124 scientiam
3573 5066 3796 5124 hominum

2259 5153 2526 5210 habeatur
2553 5155 2774 5212 dilectio
2805 5157 3027 5215 Christi.
3060 5159 3193 5227 Quis
3221 5161 3364 5216 enim
3393 5174 3566 5233 potest
3591 5159 3793 5227 colligere

2259 5249 2504 5320 mysterii
2537 5249 2694 5320 hujus
2717 5251 3001 5307 charitatis
3022 5253 3318 5321 rationem,
3346 5263 3405 5310 ut
3430 5266 3486 5311 et
3517 5255 3648 5311 Deus
3667 5245 3796 5306 humi-

2255 5343 2342 5398 nis
2385 5359 2546 5399 causa
2581 5345 2743 5400 homo
2777 5355 3115 5415 nasceretur,
3148 5347 3348 5404 deinde
3396 5355 3686 5404 moreretur
3724 5351 3792 5410 pro

2259 5436 2601 5506 hominibus,
2636 5454 2734 5509 pro
2764 5441 2940 5496 servis
2968 5441 3246 5508 dominus,
3281 5458 3377 5510 pro
3419 5452 3651 5496 creatura
3684 5447 3793 5490 crea-

2257 5539 2364 5599 tor,
2399 5546 2500 5602 pro
2539 5530 2722 5604 impiis
2765 5533 2928 5605 pius?
2958 5533 3193 5606 Pr0pter
3220 5535 3352 5606 quid
3384 5534 3456 5590 ita
3489 5531 3662 5590 dilexit
3694 5519 3792 5582 nos?

2333 5700 2358 5730 ο
2385 5691 2824 5769 _Eadgm_edit..
2878 5695 3258 5769 ρετηδρίτίέυηὲ
3299 5711 3468 5769 ﬁmi!
3507 5695 3560 5769 5."
3605 5685 3791 5769 ίηιξνῗίῖῖέ

2515 5763 2670 5887 Dnde
2689 5751 2910 5825 versum
2938 5751 3102 5827 lilia
3145 5755 3338 5838 incipit
3363 5784 3376 5821 ι
3405 5757 3652 5823 Christum
3681 5751 3785 5812 Ιιάί·
