3978 6310
93 291 196 347 585

1028 275 1532 340 COMMEN'I‘ARIA
1569 275 1634 337 ΙΝ
1677 274 1896 336 EPIST.
1934 275 2028 334 AD
2068 273 2420 336 EPHESIOS.

3281 278 3392 337 586

91 412 182 456 aut
210 409 267 456 ut
306 399 433 471 quid
469 408 711 455 nostrum
758 397 1008 465 haberet,
1054 397 1148 468 qui
1195 395 1397 452 nullius
1438 394 1680 464 indiget?
1709 396 1762 455 Α
1787 391 2112 449 studendum
2164 403 2386 457 monet;
2441 405 2511 448 ne
2557 391 2809 466 spiritum
2861 391 3085 448 unitatis
3133 402 3188 449 et
3238 395 3391 466 pacis

89 493 350 564 numquid
375 508 480 548 non
505 492 740 548 charitas
763 491 879 547 hzec
902 506 1065 562 super
1087 489 1370 546 scientiam
1395 488 1679 545 hominum

87 589 210 644 est?
238 596 330 644 aut
359 587 481 656 quis
510 586 786 641 hominum
822 585 963 641 hanc
1002 586 1196 656 poterit
1227 583 1550 639 charitatem
1581 583 1683 638 ali-

87 679 171 735 cui
215 677 512 745 exhiberc;
545 692 870 748 quamquam
917 677 1094 748 impar
1119 676 1209 743 sit,
1241 690 1304 731 ac
1332 691 1429 746 per
1456 675 1562 731 hoc
1590 689 1683 730 su-

89 772 393 840 pereminet
441 771 674 826 humana
708 771 1054 827 commenta?
1105 769 1221 826 Hoc
1265 785 1400 840 ergo
1435 769 1552 825 vult
1581 783 1683 824 nos

90 864 246 931 scire,
294 865 420 934 quia
459 878 654 920 sensus
702 873 890 920 noster
932 864 1150 933 assequi
1182 879 1290 918 non
1343 871 1542 934 potest,
1582 876 1686 918 nec

91 955 398 1028 perspicere
437 956 867 1027 profunditatem
897 956 1291 1012 beneﬁciorum
1321 954 1522 1010 Christi
1555 968 1684 1026 erga

91 1065 184 1104 nos
205 1065 220 1112 ;
251 1058 311 1104 ut
343 1049 570 1118 perinde
592 1065 810 1118 semper
832 1050 881 1105 ei
904 1049 1078 1104 simus
1100 1049 1378 1120 supplices
1400 1056 1456 1104 et
1475 1047 1682 1113 devoti,

89 1152 139 1197 et
181 1141 271 1212 qui
318 1141 520 1223 debitis
567 1143 714 1198 trulla
757 1143 967 1198 ratione
1009 1142 1328 1199 satisfacere
1369 1157 1682 1213 possumus,

91 1237 169 1291 vel
203 1236 260 1291 in
289 1235 396 1291 ﬁde
424 1235 541 1306 ejus
568 1252 743 1308 usque
769 1237 836 1292 ad
864 1249 1093 1293 mortem
1124 1251 1560 1308 perseveremus.
1587 1236 1685 1294 llle

89 1329 231 1385 enim
266 1344 367 1399 pro
392 1328 793 1399 magniﬁcentia
825 1329 1126 1398 majestatis
1167 1345 1280 1384 sua:
1306 1344 1368 1385 ea
1396 1329 1565 1400 gessit
1587 1344 1688 1400 pro

89 1422 266 1488 nobis,
292 1430 317 1458 α
345 1436 467 1492 qua:
496 1421 600 1475 sibi
633 1421 851 1492 indigna
873 1432 1027 1489 Sunt;
1057 1432 1113 1476 ut
1137 1432 1192 1477 et
1223 1437 1322 1477 nos
1345 1423 1396 1476 in
1421 1432 1684 1493 quantum

91 1528 398 1586 possumus,
429 1514 480 1569 ei
524 1513 876 1570 famulemur.
915 1513 984 1569 Ut
1027 1515 1347 1585 impleamini
1392 1515 1446 1569 in
1485 1531 1688 1570 onmem

90 1608 466 1678 plenitudinem
524 1605 644 1661 Dei.
695 1607 830 1676 Quia
885 1607 1020 1662 fides
1070 1624 1247 1679 neque
1299 1609 1351 1664 in
1401 1609 1521 1664 solo
1582 1608 1687 1663 Pa-

91 1709 168 1756 tre
197 1701 403 1770 integra
430 1708 536 1767 est,
562 1715 738 1771 neque
767 1701 819 1756 in
847 1701 966 1756 solo
996 1701 1132 1757 Filio
1162 1702 1423 1772 perfecta,
1447 1701 1572 1757 ideo
1596 1701 1690 1756 ad-

1784 487 2036 540 amittant
2061 503 2073 538 :
2103 501 2166 541 ac
2192 501 2286 554 per
2318 485 2421 539 hoc
2445 493 2502 539 ut
2528 485 2759 540 invicem
2784 500 2842 541 se
2863 484 3124 542 sufferant
3147 502 3266 543 cum
3289 502 3387 558 pa-

1787 577 1993 634 tientia.
2022 578 2286 634 Modestia
2315 578 2460 633 enim
2492 577 2798 649 profectum
2829 579 3004 648 parit;
3033 581 3157 650 quia
3180 596 3300 637 cum
3326 595 3387 636 se

1785 670 2018 726 invicem
2054 671 2304 734 tolerant,
2329 685 2451 726 cum
2486 669 2710 727 lenitate
2741 671 2904 726 animi
2935 683 3242 739 monentes,
3266 688 3391 730 cor-

1784 763 2034 834 riguntur
2083 762 2152 818 ad
2181 762 2460 828 effectum,
2508 772 2565 818 et
2610 779 2716 834 pax
2768 764 2821 818 in
2853 764 2934 818 eis
2976 765 3240 831 manebit,
3291 781 3390 836 per

1783 872 1945 928 quam
1977 855 2101 912 Filii
2126 856 2220 912 Dei
2253 873 2359 912 non
2389 858 2663 914 immerito
2691 859 3064 925 vocabuntur;
3098 861 3221 931 quia
3250 861 3392 917 dixit

1786 951 2047 1008 Dominus
2072 970 2084 1006 :
2107 950 2258 1007 Beati
2288 953 2517 1024 paciﬁci,
2539 954 2788 1024 quoniam
2816 955 2916 1022 ﬁlii
2943 953 3040 1010 Dei
3063 957 3390 1012 vocabuntur

1786 1042 2007 1112 (Matth.
2039 1060 2095 1110 v,
2128 1043 2210 1111 9).
2239 1043 2586 1100 Perturbatio
2611 1045 2756 1100 enim
2781 1045 2867 1101 vel
2901 1046 3219 1117 inquietudo
3248 1063 3389 1105 con-

1786 1137 2086 1191 tentionem
2110 1135 2261 1202 facit,
2288 1151 2407 1207 qua:
2433 1137 2574 1192 solet
2601 1138 2766 1192 etiam
2800 1152 2887 1203 ea,
2911 1154 3032 1206 quae
3051 1140 3193 1195 mala
3212 1141 3392 1210 novit,

1787 1229 1928 1284 velle
1947 1228 2272 1296 defendere;
2298 1244 2370 1284 ne
2393 1229 2589 1286 cedere
2612 1229 2881 1286 videatur.
2906 1230 3046 1288 Hinc
3073 1233 3249 1290 oritur
3269 1232 3390 1291 dis-

1787 1323 1996 1390 cordia,
2022 1339 2144 1395 quae
2173 1323 2474 1394 corrumpit
2511 1324 2659 1395 pacis
2688 1325 2916 1383 fmdera.

1859 1414 2042 1486 (νει-ε.
2076 1415 2158 1487 4.)
2188 1415 2360 1472 Unum
2389 1433 2600 1487 corpus,
2625 1429 2673 1472 et
2703 1435 2839 1474 unus
2865 1420 3106 1491 spiritus,
3129 1421 3202 1477 ita
3227 1432 3282 1477 ut
3301 1438 3394 1478 vo-

1787 1509 1891 1563 cati
1918 1511 2038 1565 estis
2061 1511 2111 1565 in
2139 1527 2244 1565 una
2268 1529 2360 1581 spe
2385 1514 2668 1568 vocationis
2697 1523 2895 1570 vestrm.
2938 1515 3173 1588 Propter
3201 1534 3394 1590 pacem

1788 1612 1843 1658 et
1871 1605 2220 1660 concordiam
2267 1606 2385 1662 haec
2427 1606 2684 1678 subjecit;
2719 1617 2778 1663 ut
2822 1609 2946 1678 quia
2976 1625 3142 1664 unum
3190 1626 3394 1683 corpus

1789 1703 1873 1750 est
1913 1695 2181 1764 Ecclesia,
2213 1713 2378 1753 unum
2423 1700 2594 1770 sapiat
2635 1700 2900 1771 populus;
2929 1703 3054 1773 quia
3091 1718 3255 1759 unum
3283 1714 3390 1774 est,

85 1793 212 1864 jecit
242 1811 254 1844 :
289 1792 358 1849 Ut
391 1793 718 1863 impleamini
747 1794 800 1848 in
827 1809 1027 1848 onmem
1055 1795 1431 1865 plenitudinem
1470 1793 1599 1860 Dei;
1628 1805 1688 1851 ut
1719 1785 1767 1846 Β
1792 1788 1934 1856 Quod
1973 1788 2236 1845 creditur.

89 1887 433 1944 confessione
459 1899 512 1942 et
537 1887 833 1959 gratiarum
863 1888 1081 1945 actione
1108 1890 1248 1945 sicut
1297 1890 1467 1956 Patri,
1514 1890 1586 1945 ita
1633 1897 1689 1946 et

92 1983 224 2038 Filio
252 1983 668 2039 honoriﬁcentia
697 1993 1014 2040 reservetur
1043 2003 1055 2036 :
1080 1994 1136 2040 et
1161 1985 1342 2039 omnia
1372 2000 1494 2053 quae
1521 1999 1551 2040 a
1578 1984 1688 2040 Deo

92 2076 240 2131 Patre
261 2084 413 2141 sunt,
441 2092 537 2148 per
561 2076 753 2132 Filium
781 2076 920 2131 facta
948 2087 1002 2131 et
1029 2087 1332 2132 restaurata
1355 2077 1683 2142 credantur;

93 2179 148 2224 nt
171 2170 236 2223 sit
266 2169 427 2240 plena
461 2170 718 2239 perfectio
744 2168 1048 2224 divinitatis
1078 2171 1130 2224 in
1182 2169 1523 2239 professione
1568 2187 1690 2228 cre-

93 2262 352 2318 dentium.
378 2262 528 2318 Nihil
551 2264 695 2318 enim
725 2263 903 2318 deerit
929 2262 1496 2334 christiano,‘quando
1521 2263 1690 2320 Deum

95 2354 301 2411 Patrem
337 2372 435 2425 per
461 2355 644 2412 omnia
675 2357 1002 2411 immensum
1042 2371 1167 2412 esse
1194 2357 1472 2428 cognoscit
1505 2376 1518 2412 :
1554 2358 1687 2413 cha-
1729 2393 1736 2398 -

94 2449 297 2503 ritatem
335 2465 558 2521 quoque
580 2449 784 2505 Christi
811 2450 1164 2517 ineffabilem,
1189 2460 1242 2506 et
1267 2451 1688 2522 supereminen-

97 2554 196 2600 tem
228 2546 477 2600 scientiae
507 2546 758 2602 humanae
804 2547 1114 2617 proﬁtetur.

161 2636 338 2708 (νει-ε.
369 2638 470 2704 ‘20,
496 2637 616 2711 21.)
643 2637 708 2693 Ei
749 2655 866 2695 vero
896 2641 984 2710 qui
1014 2650 1181 2710 potest
1209 2641 1384 2695 omnia
1428 2641 1614 2712 facere,
1643 2651 1693 2697 et

101 2728 644 2799 superabundantius,
701 2748 856 2802 quam
905 2733 1129 2801 petimus
1175 2744 1270 2788 aut
1314 2733 1689 2803 intelligimus,

95 2819 415 2877 1’secundum
447 2825 703 2890 virtutem,
723 2827 1100 2895 qute‘operatur
1126 2827 1179 2880 in
1209 2826 1390 2880 nobis:
1413 2826 1694 2898 ipsigloria

95 2914 142 2968 in
166 2915 363 2972 Christo
384 2913 427 2970 J
432 2933 542 2985 esu,
577 2928 622 2971 et
652 2919 704 2972 in
743 2917 994 2984 Ecclesia,
1025 2919 1146 2972 etin
1171 2920 1347 2972 omnia
1375 2918 1568 2973 stccula
1595 2935 1693 2972 sa:-

97 3011 342 3068 culorum.
377 3012 566 3067 Amen.
603 3012 686 3068 Ad
721 3012 905 3068 Patris
935 3029 1224 3083 personam
1258 3013 1372 3067 haac
1396 3012 1592 3076 refert;
1635 3022 1693 3066 ut

97 3103 210 3173 quia
239 3105 435 3160 melius
455 3105 556 3161 scit
576 3121 695 3177 quae
721 3105 897 3169 utilia,
917 3117 973 3162 et
1002 3123 1124 3178 qua:
1145 3123 1254 3161 non
1276 3106 1510 3176 petenda
1539 3112 1692 3172 sunt,

1864 1879 2043 1950 (γει-ε.
2067 1880 2123 1949 5,
2164 1881 2244 1939 6.)
2277 1882 2424 1940 Unus
2454 1881 2733 1954 Dominus,
2763 1905 2869 1943 una
2893 1889 3043 1959 ﬁdes,
3078 1907 3238 1946 unum
3267 1891 3395 1965 bap-

1790 1974 1965 2042 tisma,
1996 1992 2129 2030 unus
2176 1975 2316 2032 Deus
2359 1989 2408 2032 et
2449 1990 2592 2049 pater
2623 1983 2872 2051 omnium,
2903 1985 2994 2054 qui
3022 2001 3175 2055 super
3219 2002 3396 2042 onmes

1789 2077 1883 2134 est,
1911 2079 1954 2121 et
1982 2084 2071 2137 per
2093 2085 2286 2136 omnes,
2313 2081 2359 2124 et
2381 2072 2435 2125 in
2464 2073 2698 2128 omnibus
2717 2075 2884 2130 nobis.
2914 2073 3105 2132 Adhuc
3128 2077 3392 2134 unitatem

1791 2159 2156 2227 commendat,
2192 2169 2248 2216 ut
2275 2162 2396 2232 quia
2426 2163 2605 2219 unitas
2630 2174 2715 2220 est
2743 2168 2810 2220 ad
2841 2184 3002 2238 quam
3033 2184 3310 2238 vocamur,
3341 2170 3398 2227 in

1792 2253 1939 2306 nullo
1970 2253 2378 2310 dissentiamus.
2414 2257 2468 2312 Si
2513 2258 2657 2312 enim
2708 2275 2846 2314 unus
2873 2271 2956 2316 est
3004 2264 3285 2330 Dominus,
3339 2263 3396 2320 id

1792 2352 1895 2411 est,
1930 2344 2201 2412 Christus,
2252 2349 2392 2402 sicut
2421 2360 2474 2404 et
2521 2350 2636 2420 ipse
2663 2352 2738 2406 ait
2783 2353 2836 2407 in
2881 2354 3220 2426 Evangelia:
3258 2357 3398 2424 Quia

1795 2443 2035 2513 magister
2059 2455 2223 2498 uester
2249 2461 2386 2500 unus
2416 2456 2487 2501 est
2517 2446 2755 2503 Christus
2797 2449 3014 2523 (Matth.
3068 2469 3224 2520 χχιιι,
3259 2455 3390 2525 10);

1797 2549 1898 2588 una
1946 2534 2103 2603 ﬁdes,
2134 2553 2300 2592 unum
2330 2539 2620 2609 baptisma,
2655 2557 2796 2597 unus
2831 2543 2972 2599 Deus
3002 2555 3056 2601 et
3101 2557 3251 2616 pater
3277 2563 3399 2601 om-

1795 2627 1966 2692 nium,
2002 2628 2092 2698 qui
2128 2645 2292 2699 super
2323 2632 2502 2686 omnia
2531 2643 2634 2700 est,
2669 2644 2724 2690 et
2756 2652 2851 2707 per
2879 2651 3088 2704 omnes,
3119 2650 3173 2695 et
3202 2639 3255 2695 in
3278 2656 3402 2697 om-

1797 2723 1956 2778 nibus
1983 2723 2335 2780 credentibus
2365 2741 2503 2782 unus
2531 2727 2696 2784 debet
2725 2745 2848 2786 esse
2877 2741 2931 2786 et
2959 2731 3194 2800 animus,
3224 2744 3280 2790 et
3305 2749 3404 2793 cor

1797 2816 2021 2886 p0puli;
2051 2817 2172 2886 quia
2208 2817 2326 2874 haec
2352 2835 2473 2890 quae
2503 2835 2810 2892 enumerat,
2839 2825 3064 2881 unitatis
3095 2837 3244 2892 sunt,
3266 2843 3402 2886 con-

1796 2910 2028 2964 cordant
2051 2912 2195 2965 enim
2230 2911 2280 2966 in
2306 2914 2578 2970 omnibus.
2607 2915 2820 2972 Patrem
2849 2927 3028 2974 tamen
3056 2919 3249 2986 Deum,
3271 2923 3403 2994 quia

1798 3005 1935 3059 nulli
1967 3005 2124 3062 debet
2166 3007 2310 3077 quod
2352 3019 2454 3074 est,
2486 3025 2650 3080 super
2671 3012 2851 3068 omnia
2881 3029 3004 3073 esse
3024 3015 3187 3082 dixit,
3218 3029 3270 3073 et
3301 3033 3402 3089 per

1796 3113 2005 3155 onmes.
2037 3099 2165 3156 Ideo
2197 3118 2292 3169 per
2322 3118 2534 3170 omnes,
2564 3105 2684 3174 quia
2715 3121 2778 3160 ex
2809 3122 2876 3162 eo
2901 3123 3092 3166 omnes
3141 3127 3154 3164 :
3205 3120 3261 3168 et
3304 3129 3404 3169 ne-

98 3209 146 3252 et
165 3201 375 3270 quando
402 3200 607 3263 danda,
628 3210 685 3257 et
709 3201 911 3271 qualia.
939 3211 990 3257 et
1012 3211 1208 3272 quanta
1237 3215 1374 3270 opus
1405 3201 1550 3265 sint;
1582 3199 1695 3269 ipse
1725 3187 1769 3251 C
1801 3206 1952 3248 cosse
1980 3204 2064 3250 est
2091 3205 2148 3250 ut
2177 3211 2340 3267 super
2372 3197 2488 3253 haec
2537 3201 2716 3255 omnia
2757 3206 2850 3267 Sil,
2882 3219 3002 3274 qua:
3052 3221 3117 3260 ex
3149 3222 3216 3262 eo
3248 3217 3398 3265 sunt.

98 3293 351 3362 gubernet
381 3293 728 3364 providentia
759 3307 808 3349 et
857 3295 1059 3348 virtute
1094 3309 1191 3348 sua
1233 3293 1335 3348 sibi
1380 3292 1689 3347 credentes.

99 3382 190 3438 Cui
220 3385 337 3440 ideo
357 3386 531 3457 gloria
560 3386 611 3439 in
645 3385 851 3440 Christo
888 3384 1043 3453 Iesu,
1070 3386 1196 3453 quia
1231 3402 1325 3454 per
1355 3385 1529 3452 ipsum
1571 3400 1693 3438 om-

102 3477 180 3531 nia
204 3487 432 3548 prmstat
455 3477 614 3533 nobis
639 3496 652 3532 :
677 3488 732 3532 et
756 3479 880 3547 quia
913 3477 1089 3532 honor
1121 3477 1299 3531 Patris
1334 3477 1386 3530 in
1421 3475 1560 3531 Filio
1590 3486 1691 3540 est,

103 3578 151 3621 et
193 3567 244 3622 in
295 3568 569 3632 Ecclesia,
601 3569 766 3642 240
803 3569 853 3623 id
895 3577 999 3635 est,
1051 3569 1104 3623 in
1137 3568 1357 3638 populo,
1401 3583 1562 3636 quem
1593 3566 1697 3621 sibi

103 3659 353 3731 adoptare
378 3661 637 3731 dignatus
663 3673 767 3716 est.
796 3662 849 3716 In
878 3663 1123 3717 claritate
1146 3659 1290 3714 enim
1318 3658 1553 3713 ﬁliorum
1575 3658 1698 3728 glo-

105 3755 177 3809 ria
215 3755 383 3824 patris
434 3762 540 3821 est,
588 3753 804 3809 dicente
853 3753 1086 3808 Domino
1119 3753 1297 3826 (Matt.
1331 3768 1384 3819 v,
1419 3751 1508 3822 16)
1544 3768 1558 3804 :
1607 3750 1699 3806 Sic

107 3848 268 3905 luceat
313 3850 491 3904 lumen
537 3858 763 3902 rastrum
810 3866 982 3903 coram
1037 3848 1348 3916 hominibus,
1405 3857 1460 3901 ut
1500 3847 1702 3902 videant

107 3958 252 4012 Opera
274 3953 444 3998 vestra
472 3941 627 4009 bona,
652 3950 697 3995 et
733 3942 1061 4013 magniﬁcent
1091 3939 1301 3995 Patrem
1331 3951 1578 4008 vestrum,
1610 3940 1699 4010 qui

108 4035 156 4088 in
183 4035 314 4091 caelis
341 4045 438 4090 est.
475 4033 544 4090 In
585 4035 777 4091 stvcula
809 4036 1139 4091 stcculorum.
1174 4035 1354 4103 Amen,
1387 4035 1437 4092 id
1487 4046 1591 4102 est,
1643 4036 1699 4091 in

109 4138 361 4187 :cternum
395 4131 618 4187 veritas.

717 4222 946 4281 CAPUT
1001 4224 1092 4281 IV.

176 4319 355 4390 (Vers.
394 4320 472 4392 1.)
505 4320 729 4376 Obsecro
757 4322 934 4392 itaque
972 4335 1082 4386 vos,
1128 4325 1338 4390 fratres,
1381 4337 1473 4392 ego
1500 4320 1700 4376 vinctus

115 4414 163 4467 in
189 4413 434 4483 Domino,
476 4426 529 4470 ut
571 4417 724 4489 digne
761 4415 1035 4470 ambulctis
1076 4414 1360 4481 vocatione,
1391 4431 1494 4484 qua
1537 4415 1702 4469 vocati

112 4508 246 4563 estis.
278 4509 538 4564 Hortatur
567 4525 683 4573 eos,
725 4519 783 4562 ut
811 4519 960 4564 recte
988 4507 1305 4564 incedentes
1331 4507 1383 4563 in
1417 4510 1701 4578 praeceptis

113 4599 339 4668 Domini,
389 4601 458 4658 ad
506 4602 830 4672 promissam
869 4602 1098 4673 gloriam
1131 4599 1342 4672 possint
1390 4601 1697 4673 pervenire.
1726 4589 1779 4650 D

115 4692 257 4749 Sicut
301 4695 447 4750 enim
486 4697 693 4766 peritus
740 4695 985 4754 medicus
1026 4696 1281 4752 obseCrat
1329 4696 1596 4765 infirmos,
1641 4705 1701 4752 ut

116 4784 245 4842 bene
274 4802 333 4843 se
359 4801 584 4859 agentes
616 4789 827 4859 possint
849 4789 1146 4845 salutarem
1169 4789 1414 4860 recipere
1439 4791 1706 4847 valetudi-

115 4893 260 4945 nem;
291 4881 365 4936 ita
391 4891 446 4937 et
475 4882 734 4954 magister
761 4883 1008 4954 gentium
1038 4882 1302 4948 hortatur,
1332 4891 1392 4937 ut
1431 4882 1554 4938 ﬁdei
1591 4898 1704 4940 sua:

116 4969 270 5041 digna
299 4989 462 5043 opera
510 4975 795 5044 facientes,
842 4978 1055 5046 possint
1092 4975 1375 5046 percipere
1415 4991 1534 5047 quae
1581 4992 1705 5048 pro-

119 5063 277 5121 missa
305 5076 433 5122 sunt
458 5068 682 5136 sanctis,
711 5069 889 5125 sciens
915 5069 1104 5140 gloria:
1133 5085 1249 5125 suae
1275 5084 1396 5126 esse
1428 5069 1586 5140 hujus
1625 5071 1705 5127 rei

119 5159 440 5227 profectum.

185 5252 369 5324 (νει-ε.
396 5254 550 5328 2,5.)
591 5268 611 5295 ο
640 5256 769 5313 Cum
816 5259 954 5312 onmi
991 5256 1285 5311 humilitate
1310 5257 1473 5311 animi
1515 5268 1564 5313 et
1591 5275 1705 5313 mo-

122 5345 302 5414 destia,
325 5363 444 5401 cum
469 5351 910 5420 magnanimitate.
936 5349 1237 5418 sufferentes
1260 5349 1477 5405 invicem
1507 5353 1559 5403 in
1587 5349 1707 5404 cha-

123 5439 294 5509 ritate,
341 5443 560 5499 sollicite
588 5454 844 5499 servantes
893 5444 1106 5499 unitatis
1137 5443 1381 5514 spiritum
1409 5443 1464 5496 in
1507 5443 1710 5497 vinculo

126 5533 280 5597 pacis.
313 5533 467 5590 Nunc
496 5535 888 5594 dissensionem
921 5535 1196 5608 prohibet,
1245 5534 1498 5590 charitati
1527 5543 1708 5591 autem

195 5695 220 5724 ἰ
247 5687 503 5746 Nonnulli
550 5709 702 5761 mss.,
745 5709 862 5766 qua:
900 5692 996 5750 sibi
1039 5692 1199 5764 digna
1243 5699 1394 5756 sunt;
1431 5705 1534 5746 non
1584 5690 1716 5748 satis

130 5768 292 5816 recte.

197 5829 223 5868 δ
253 5832 380 5889 Mss.
413 5833 634 5906 aliquot,
666 5839 947 5895 secundum
978 5835 1260 5901 veritatem,
1295 5849 1408 5905 qua:
1451 5843 1712 5905 operatur.

1799 3283 1868 3340 Et
1915 3289 1966 3340 in
1999 3289 2232 3345 omnibus
2278 3293 2444 3357 nobis,
2481 3293 2530 3347 id
2564 3302 2668 3361 est,
2704 3295 2974 3352 ﬁdelibus.
3021 3297 3076 3354 In
3117 3300 3274 3356 nobis
3313 3310 3406 3358 est

1799 3383 1945 3438 enim
1980 3398 2076 3453 per
2103 3384 2544 3450 confessionem;
2584 3388 2706 3458 quia
2739 3405 2863 3445 eum
2897 3391 3154 3460 fatemur,
3189 3405 3242 3450 et
3273 3395 3404 3465 quia

1799 3476 2048 3546 spiritum
2079 3492 2240 3533 suum
2288 3479 2436 3536 dedit
2464 3481 2642 3547 nobis,
2673 3498 2770 3552 per
2810 3501 2971 3554 quem
3001 3488 3123 3544 sine
3152 3489 3318 3545 dubio
3347 3490 3405 3546 in

1803 3571 1962 3626 nobis
1989 3582 2072 3626 est
2104 3589 2117 3627 :
2153 3573 2205 3627 in
2249 3573 2474 3644 paganis
2507 3592 2612 3630 non
2659 3587 2770 3644 est;
2829 3579 2953 3650 quia
2999 3581 3159 3638 Pater
3197 3583 3406 3642 Christi

1801 3674 2032 3733 negatur
2060 3681 2185 3722 esse
2206 3667 2274 3721 ab
2302 3667 2432 3722 illis.

1875 3760 2057 3831 (Vers.
2093 3759 2173 3833 7.)
2206 3761 2494 3834 Unicuique
2529 3773 2696 3819 autem
2721 3777 2953 3822 nostrum
2991 3769 3112 3823 data
3137 3779 3214 3826 est
3236 3773 3412 3843 gratia

1801 3852 2084 3906 secundum
2131 3870 2426 3908 mensuram
2473 3855 2769 3912 donationis
2821 3856 3031 3914 Dontini
3061 3863 3226 3916 nostri
3269 3861 3404 3920 Jests

1803 3943 2015 4000 Christi.
2049 3943 2204 4000 Nunc
2253 3961 2342 4011 ne,
2375 3947 2499 4017 quia
2534 3947 2750 4004 diversa
2804 3951 2857 4006 in
2909 3951 3221 4011 hominibus
3259 3956 3406 4014 dona

1803 4046 1952 4102 sunt,
1974 4046 2292 4107 putarentur
2316 4039 2542 4096 ofﬁcere
2567 4041 2781 4110 unitati,
2810 4043 2912 4101 hoc
2935 4059 3126 4118 purgat
3151 4064 3259 4104 non
3285 4065 3414 4110 esse

1802 4132 2177 4197 contrarium;
2209 4133 2332 4203 quia
2364 4133 2417 4188 in
2449 4133 2608 4190 donis
2643 4137 2947 4194 ofﬁciorum
2977 4139 3266 4199 diversitas
3296 4154 3408 4215 est,

1803 4238 1912 4280 non
1939 4233 2166 4281 naturai.
2200 4225 2500 4298 Unicuique
2527 4239 2709 4286 autem
2740 4239 2947 4288 tantum
2981 4233 3112 4290 dicit
3144 4235 3262 4292 dari
3284 4253 3414 4310 gra-

1805 4317 1916 4382 tite,
1950 4329 2209 4388 quantum
2241 4318 2449 4378 donare
2491 4321 2747 4394 dignatus
2777 4324 2942 4382 fuerit
2971 4327 3264 4397 Dominus;
3295 4348 3407 4392 non

1806 4417 1986 4465 tamen
2015 4410 2135 4466 sine
2164 4412 2438 4483 mquitatis
2476 4429 2757 4484 mensura,
2797 4420 2923 4490 quia
2964 4423 3260 4497 unicuique
3311 4443 3414 4499 pro

1804 4501 2013 4559 viribus
2044 4505 2263 4573 tribuit;
2295 4515 2353 4562 ut
2381 4518 2588 4565 tantum
2619 4509 2852 4579 hauriat,
2878 4525 3140 4585 quantum
3172 4519 3308 4577 sitit.

1877 4597 2062 4670 (Vers.
2113 4599 2197 4668 8.)
2241 4603 2466 4673 Propter
2508 4606 2648 4672 quod
2685 4606 2810 4661 dicit
2833 4606 3009 4677 (Psal.
3053 4629 3220 4682 vatt,
3269 4616 3408 4688 l9):

1806 4694 2102 4749 Ascendens
2125 4695 2178 4748 in
2201 4698 2388 4764 altum,
2417 4698 2674 4770 captivam
2698 4702 2848 4757 duxit
2867 4707 3238 4777 captivitatem,
3267 4711 3416 4769 dedit

1807 4787 1944 4841 dona
1969 4788 2284 4844 hominibus.
2312 4789 2428 4846 Hoc
2457 4802 2542 4848 est
2571 4793 2834 4864 scriptum
2863 4797 2915 4852 in
2947 4801 3158 4869 psahno
3184 4819 3415 4875 sexage-

1805 4882 1946 4938 simo
1976 4882 2233 4952 septimo.
2275 4882 2424 4939 Dona
2455 4894 2634 4943 tamen
2669 4887 2787 4946 haec
2812 4902 2936 4963 post
2967 4895 3269 4968 triumphos
3297 4914 3414 4956 coc-

1805 4972 2078 5044 pitlargiri
2098 4991 2113 5041 ;
2130 4976 2354 5033 vincens
2367 4978 2515 5034 enim
2538 4987 3081 5051 mortem,exaltatus
3106 5002 3188 5046 est
3213 4992 3264 5046 in
3287 5007 3414 5048 cru-

1807 5081 1892 5132 ce,
1913 5067 2058 5123 sicut
2084 5069 2202 5139 ipse
2225 5071 2460 5127 dixerat.
2481 5072 2576 5130 Ait
2603 5077 2747 5132 enim
2772 5093 2787 5130 :
2819 5078 2950 5136 Cum
2975 5084 3235 5140 exaltatus
3259 5090 3412 5156 fuero

1812 5180 1844 5216 a
1879 5171 2042 5227 terra,
2065 5165 2239 5219 omnia
2269 5167 2474 5222 traham
2505 5169 2575 5223 ad
2601 5187 2678 5225 me
2709 5171 2892 5240 (Joan.
2923 5190 3023 5242 xu,
3047 5175 3161 5243 32).
3196 5177 3414 5249 Exspo-

1812 5254 1965 5310 liavit
1993 5255 2217 5324 inferos,
2253 5273 2378 5315 cum
2420 5263 2668 5333 captivos
2693 5279 2832 5334 quos
2856 5282 2928 5322 ex
2959 5268 3414 5337 prmvnricatioue

1811 5347 1968 5416 Adae,
1997 5357 2093 5405 aut
2133 5351 2370 5421 propriis
2399 5365 2590 5424 captos
2621 5359 2859 5426 peccatis
2886 5358 2943 5414 in
2989 5359 3306 5421 conditione
3335 5373 3418 5423 te-

1813 5441 2033 5507 nebant,
2055 5441 2283 5499 abstulit
2304 5447 2709 5502 consentientes
2731 5448 2859 5514 sibi,
2879 5458 2939 5506 et
2957 5453 3260 5512 ascendens
3289 5457 3418 5518 inde

1816 5534 1872 5590 in
1912 5537 2083 5593 cmios
2124 5535 2336 5594 induxit
2363 5537 2584 5612 (Matth.
2614 5554 2787 5607 xxvu,
2819 5539 2937 5614 52).
2968 5542 3052 5600 Ex
3081 5547 3282 5618 quibus
3311 5552 3418 5608 ali-

1902 5704 1932 5779 ;
1966 5691 2126 5779 Rom.
2155 5693 2315 5758 cdit..
2346 5695 2474 5779 (Iunt
2503 5695 2643 5777 omni
2653 5777 2659 5779 _
2681 5695 2987 5779 lenitate....
3012 5721 3132 5761 cum
3174 5709 3421 5779 patientia

1819 5783 1841 5816 s
1851 5763 2145 5832 afferentes.
2159 5805 2169 5819 .
2185 5808 2220 5820 ..
2258 5777 2514 5822 servantes
2548 5769 2798 5822 unitatem
2823 5774 3057 5844 spiritus.
