3978 6310
119 310 214 367 589

1039 292 1537 364 consumma
1582 301 1646 362 ut
1689 287 1907 364 apter.
1949 293 2040 360 se
2083 283 2435 366 spasmos.

3293 313 3398 369 500

116 425 356 482 sacerdos
397 425 414 494 (
451 423 636 479 lPetr.
671 437 730 491 tt,
753 420 849 497 9).
880 422 945 478 in
1001 421 1400 494 adiﬁéationem
1455 423 1688 495 corporis
1716 434 1769 496 Α
1798 420 2193 492 Potentiarum,
2219 424 2624 496 Principatuuni
2667 437 2720 481 et
2752 417 3086 484 Potestatum
3129 431 3398 489 subsistit.

117 519 314 575 Christi.
364 518 620 574 Ecclesia:
667 516 1070 575 ordinationem
1127 526 1153 556 ι
1209 519 1276 574 ad
1345 520 1690 590 compagina-

116 617 303 671 tiouem
349 614 566 670 humani
623 613 873 686 corporis
935 615 986 670 ltt
1055 613 1411 686 professimiis
1483 615 1693 670 unitate

115 710 237 765 dicit
283 709 669 779 compositam;
703 715 760 764 ut
789 709 994 766 diversi
1050 709 1316 781 dignitate
1368 709 1421 764 iii
1473 705 1693 764 Chi-isto

113 818 290 860 omnes
335 803 444 858 sint
470 817 654 870 unum,
687 811 850 859 unum
903 813 1062 876 caput
1090 803 1354 860 habentes
1386 802 1689 872 Christum,

115 895 207 952 hoc
230 905 329 964 est,
360 903 633 953 dctorem
669 898 812 954 vitae.

178 988 372 1061 (Veis.
401 989 465 1048 15
486 988 529 1063 ).
562 989 739 1046 Donec
770 1007 1108 1047 occurramus
1158 1009 1331 1047 omnes
1358 993 1410 1048 in
1446 989 1694 1048 unitatem

114 1084 292 1153 ﬁdeiet
328 1085 639 1156 agnitionem
675 1083 806 1140 Filii
850 1085 962 1140 Dei.
1007 1085 1233 1141 Tamdiu
1292 1087 1423 1141 dicit
1474 1091 1696 1143 manere

111 1179 516 1247 ordinationem,
563 1180 819 1251 quamdiu
871 1182 1050 1237 cuncti
1098 1180 1359 1237 deStlnati
1412 1180 1479 1236 ad
1526 1173 1694 1237 vllam

114 1274 260 1328 unius
312 1273 418 1328 sint
469 1273 673 1329 iideiin
719 1275 1090 1347 cognitionem
1131 1272 1357 1330 Christi.
1413 1273 1479 1328 In
1522 1275 1693 1329 virum

113 1366 398 1437 perfectum,
448 1367 501 1420 in
530 1381 826 1423 mensuram
880 1367 1045 1423 uelutis
1105 1362 1452 1438 plenitudinis
1479 1359 1692 1421 Chiisti.

109 1457 177 1513 lta
204 1455 587 1514 elaborandum
621 1458 894 1528 hortatur,
925 1469 984 1515 ttt
1025 1460 1290 1531 perfectio
1321 1458 1450 1516 ﬁdei
1494 1461 1693 1530 appre-

110 1551 404 1608 hendatur:
449 1554 606 1624 cujus
651 1555 766 1610 haec
798 1556 937 1610 ratio
987 1566 1088 1624 cst,
1139 1564 1198 1610 ut
1249 1549 1526 1612 Christum
1568 1563 1695 1626 per-

109 1646 296 1702 lectum
323 1655 380 1703 et
407 1646 626 1718 plenum
659 1648 828 1706 Deum
878 1657 1057 1705 teneat
1086 1648 1242 1717 ﬁdes,
1302 1663 1402 1705 nec
1444 1651 1696 1703 mensura

110 1741 328 1797 humana
379 1743 669 1809 metiatur,
726 1744 823 1800 sed
880 1745 930 1799 in
995 1744 1336 1814 plenitudine
1396 1739 1699 1798 divinitatis

110 1838 247 1908 quasi
281 1838 551 1908 perfectus
575 1840 719 1896 Deus
744 1839 1030 1896 habeatur.
1064 1839 1173 1896 Nec
1197 1841 1340 1894 enim
1391 1833 1693 1910 perlectum

108 1929 299 1997 dicens,
330 1931 505 1987 virum
536 1933 823 2002 temporali
854 1941 1014 1988 {elate
1041 1941 1093 1988 et
1123 1945 1382 1988 mensura
1403 1917 1694 2003 signilicat;

109 2024 194 2080 sed
224 2041 316 2096 per
347 2026 452 2081 hoe
477 2026 682 2082 dictum
717 2027 992 2096 perfectos
1024 2039 1122 2081 nos
1147 2027 1261 2082 vult
1291 2021 1407 2081 lteri
1444 2019 1496 2081 iu
1528 2019 1700 2096 pleni-

113 2118 283 2176 tudine
306 2121 616 2177 intellectus
641 2121 941 2178 divinitatis
975 2121 1095 2178 Filii
1127 2121 1240 2178 Dei.

175 2213 371 2284 (Vers.
425 2214 572 2286 M.)
621 2215 690 2271 Ut
717 2216 857 2270 ultra
908 2231 1009 2271 non
1057 2217 1215 2272 simus
1260 2210 1488 2287 parvuli,
1538 2233 1700 2286 neque

109 2309 431 2378 ﬂuctuantes,
481 2323 528 2366 et
575 2311 1005 2381 circumferuntur
1058 2313 1197 2366 ontni
1245 2321 1398 2367 etanta
1449 2312 1699 2366 doctrinae

108 2403 156 2457 in
184 2405 398 2474 nequitia
429 2405 720 2473 hominum,
751 2411 803 2459 tu
833 2407 1044 2468 astutia,
1075 2406 1144 2460 ad
1173 2406 1454 2460 remedium
1483 2403 1697 2461 erroris.

110 2495 366 2553 Fundatos
389 2507 446 2554 et
473 2495 700 2554 siabiles
727 2511 848 2554 esse
881 2515 980 2554 nos
1011 2499 1127 2554 vult
1175 2500 1230 2554 in
1260 2496 1544 2570 disciplina
1574 2495 1701 2554 ildei

109 2590 391 2657 catholicae,
437 2606 600 2663 quant
660 2592 851 2648 Petrus
881 2593 1182 2663 apuStolus,
1217 2594 1498 2649 revelante
1564 2579 1700 2660 Deo,

110 2681 369 2750 professus
412 2693 500 2739 est
534 2687 551 2753 (
583 2683 771 2739 Matth.
805 2700 915 2750 xvt,
944 2686 1008 2740 16
1039 2686 1088 2756 ),
1146 2697 1246 2741 nec
1292 2683 1544 2740 iehtilari
1599 2677 1702 2738 hos

108 2775 410 2834 aberrantes
467 2791 565 2849 per
594 2778 951 2850 diversarum;
979 2775 1248 2835 haeresunt
1296 2777 1705 2850 pestilentiosas

108 2874 525 2930 asseverationes
574 2873 813 2946 nequitia
866 2874 1104 2929 humana
1155 2873 1442 2939 inventas;
1496 2881 1554 2929 ut
1604 2887 1704 2944 per

109 2965 196 3021 itas
228 2967 465 3024 fallentis
504 2969 707 3024 inimici
761 2969 862 3024 sub
906 2971 1017 3024 veri
1068 2969 1287 3024 nomine
1341 2983 1500 3026 error
1530 2969 1703 3039 possit

109 3059 292 3116 alieni.
351 3063 471 3118 Hoc
510 3064 652 3118 enim
695 3063 997 3118 remedium
1039 3071 1125 3118 est
1173 3061 1451 3130 falsitatis,
1513 3068 1569 3115 ttt
1601 3059 1708 3116 sub

111 3165 355 3223 praetextu
382 3155 631 3211 veritatis
663 3155 885 3210 inducat
933 3169 1220 3211 errorem:
1255 3162 1312 3211 et
1361 3163 1472 3210 non
1522 3153 1699 3209 solum

1796 515 2054 584 Quamvis
2102 518 2246 574 enim
2281 519 2492 590 singula
2545 519 2664 576 iure
2707 537 2966 578 numeros
3007 524 3256 595 preprios
3309 526 3405 581 lia-

1799 609 1994 676 beant,
2042 620 2098 666 et
2140 610 2250 666 sint
2314 611 2604 683 legiones,
2669 624 2725 670 ut
2783 618 2898 686 ipse
2955 617 3210 674 Dominus
3265 615 3404 674 dixit

1799 701 2014 776 (Matth.
2046 705 2192 772 Xavt,
2227 701 2296 761 53
2325 703 2368 777 );
2402 705 2528 777 quia
2557 717 2738 764 tamen
2791 710 2856 765 ab
2890 727 2997 766 uno
3026 723 3078 768 et
3109 729 3206 784 per
3238 729 3400 769 unum

1797 799 1954 864 sunt,
2023 797 2186 854 Sititul
2235 799 2418 854 Omnia
2469 811 2632 856 anum
2689 807 2888 874 corpus
2937 805 3196 875 appellat.
3248 801 3403 862 Sicut

1797 891 1942 947 enim
1993 892 2238 948 membra
2278 907 2399 949 eum
2462 891 2571 950 sint
2628 895 2787 953 uniu‘s
2839 900 3125 968 corporis,
3190 901 3405 958 diversa

1801 995 1980 1043 tamen
2009 985 2137 1044 sunt
2166 999 2286 1044 aetu
2334 997 2389 1046 et
2431 976 2696 1061 dignitate
2731 1011 2743 1046 :
2777 1001 2832 1048 et
2876 991 2948 1048 ita
2989 1005 3236 1051 creatura
3278 1013 3410 1052 con-

1800 1081 1908 1139 dita
1940 1091 2021 1140 ρει
2043 1097 2071 1139 a
2101 1080 2215 1140 Deo
2245 1089 2340 1156 per
2394 1081 2692 1155 Christum,
2716 1098 2828 1143 uta
2873 1087 3170 1146 Cheruhim
3225 1103 3277 1147 et
3310 1093 3410 1148 Se-

1800 1176 2012 1250 raphim
2038 1177 2321 1248 potentiis,
2355 1191 2474 1250 qua:
2507 1175 2608 1236 sub
2633 1177 2765 1236 sede
2793 1181 2885 1236 Dei
2921 1193 3068 1249 sunt,
3103 1194 3157 1238 et
3186 1181 3411 1252 Angelis

1800 1285 1936 1341 quos
1967 1269 2086 1342 ip’se
2112 1270 2372 1327 Dominus
2403 1282 2623 1329 sanctos
2654 1273 2897 1345 appellat
2924 1267 3118 1346 (Marc.
3148 1293 3260 1343 vttt,
3289 1275 3409 1346 58),

1801 1364 1955 1436 quasi
1983 1361 2229 1435 quaedam
2262 1367 2644 1422 concatenatio
2675 1369 2764 1436 sit,
2798 1371 2968 1440 usqt'te
2991 1369 3057 1424 ad
3097 1369 3413 1427 firmamen-

1804 1464 1917 1511 tum
1941 1459 2194 1516 ordinata
2215 1453 2575 1527 descendens;
2605 1467 2660 1517 ut
2689 1470 2857 1516 totum
2883 1469 2940 1518 et
2965 1449 3215 1534 junctum
3247 1463 3315 1519 sit
3359 1475 3415 1520 et

1804 1547 2015 1610 inerilis
2041 1557 2220 1612 tamen
2252 1557 2638 1613 discernatur:
2670 1557 2880 1613 meritis
2918 1558 3041 1614 dico
3089 1575 3196 1614 nun
3237 1559 3411 1614 solum

1803 1645 2131 1718 ciliciorum,
2167 1641 2261 1706 sed
2286 1655 2339 1707 et
2370 1651 2705 1708 haturartttn.
2739 1645 2849 1709 Nec
2889 1655 3032 1709 enim
3066 1653 3190 1726 quia
3224 1649 3337 1725 jurn
3363 1666 3412 1708 ta

1806 1735 1941 1798 dicit
1968 1746 2172 1810 omnia,
2203 1745 2362 1802 unius
2402 1751 2562 1802 erant
2592 1755 2798 1802 natura?
2826 1767 2838 1802 :
2866 1748 2892 1786 ι)
2920 1747 3014 1803 sed
3045 1745 3188 1819 quod
3219 1747 3272 1804 in
3299 1766 3417 1803 t-or-

1807 1849 1938 1904 pure
1978 1831 2221 1894 hienthra
2275 1827 2476 1895 l‘acittnt
2508 1839 2746 1896 discreta
2774 1837 2990 1907 ciliciis,
3046 1841 3152 1897 non
3187 1841 3416 1908 natura;

1806 1931 1877 1986 ita
1903 1931 1961 1988 ct
1989 1931 2044 1988 in
2073 1932 2158 1988 his
2185 1921 2436 1990 omnibus
2472 1953 2576 1989 nun
2612 1933 2854 1991 membra
2879 1978 2892 2002 ,
2926 1935 3019 1992 sed
3055 1948 3259 1992 naturte
3287 1937 3420 2008 ἰπὶ-ει)

1808 2021 2012 2081 faciunt
2043 2025 2443 2085 distinctiones.
2479 2017 2593 2086 Hoc
2623 2038 2710 2086 est
2749 2047 2878 2101 ergo
2925 2029 3068 2100 quod
3117 2031 3422 2098 laboralut',

1808 2129 1870 2174 ut
1909 2120 1978 2175 ad
2013 2131 2176 2177 unum
2211 2117 2430 2178 sensum
2463 2122 2740 2196 redigatur
2766 2135 3039 2190 creatura,
3075 2133 3126 2179 et
3151 2121 3202 2178 in
3256 2139 3421 2178 sensu

1811 2227 1977 2269 auum
2030 2216 2100 2270 sit
2130 2217 2352 2286 corpus,
2386 2217 2513 2271 dum
2557 2217 2796 2272 omnium
2853 2233 2957 2271 una
3010 2215 3277 2287 professio
3317 2227 3423 2284 cst,

1813 2315 1870 2361 ut
1902 2308 2203 2363 concordet
2255 2310 2310 2364 in
2353 2303 2622 2366 chaiitate
2661 2310 2936 2366 Creatoris
2979 2311 3044 2365 ad
3091 2326 3250 2366 suum
3301 2328 3428 2381 pro-

1814 2399 2037 2466 fectum;
2243 2402 2544 2457 reaediiicat
2566 2403 2712 2459 enim
2740 2421 2799 2460 se
2818 2403 2872 2459 in
2892 2404 3154 2475 templum
3182 2407 3423 2474 Domini,

1813 2492 2088 2548 destructa
2112 2495 2258 2550 enim
2283 2493 2459 2550 fuerat
2488 2497 2758 2552 dementia
2784 2505 2837 2555 et
2859 2499 3040 2554 furore
3064 2497 3285 2555 diaboli.

1889 2587 2074 2662 (Vers.
2111 2575 2198 2657 17,
2233 2587 2346 2662 18.)
2379 2589 2496 2645 Hoc
2527 2609 2644 2664 ergo
2674 2595 2786 2648 dico
2836 2604 2884 2650 et
2913 2605 3068 2649 testor
3099 2593 3150 2649 in
3179 2591 3430 2663 Domino,

1815 2694 1871 2738 nt
1893 2700 1994 2738 non
2033 2684 2324 2753 ambuletis,
2357 2687 2488 2740 sicut
2516 2697 2565 2742 et
2609 2693 2781 2760 gentes
2811 2689 3078 2745 ambulant
3128 2689 3180 2744 in
3211 2691 3436 2745 virilitate

1815 2777 2002 2832 mentis
2053 2778 2183 2842 stite,
2224 2773 2484 2834 o‘bscttratl
2538 2777 2824 2848 intellecta,
2871 2782 3084 2836 alienati
3121 2786 3151 2836 ti
3192 2783 3294 2853 ﬁde
3337 2781 3436 2839 Dei

1813 2870 2024 2944 propter
2047 2869 2410 2946 ignorantiam,
2434 2875 2549 2944 quae
2570 2881 2642 2929 est
2668 2875 2718 2927 in
2750 2873 2894 2943 ipsis.
2920 2872 3261 2931 Manifeslato
3281 2875 3434 2931 crea-

1818 2966 1958 3030 to’re,
2009 2971 2068 3020 et
2107 2963 2316 3022 ratione
2348 2971 2586 3031 ostensa,
2637 2981 2795 3036 quam
2842 2969 2992 3038 Sequi
3046 2965 3240 3024 debeat
3279 2985 3435 3024 crea-

1817 3067 1961 3128 tura,
1997 3059 2047 3114 in
2084 3057 2190 3116 iide
2227 3057 2323 3117 Dei
2353 3061 2435 3116 sui
2475 3055 2775 3130 dumtaxat,
2830 3067 3165 3117 centestatur
3213 3063 3336 3118 illos
3383 3061 3436 3119 in

1819 3152 2025 3223 Deum,
2075 3161 2134 3208 ut
2188 3167 2295 3209 non
2342 3153 2500 3210 "aliter
2557 3153 2808 3212 incedant
2848 3156 2931 3210 τυ]
2973 3156 3224 3223 sentiant,
3276 3173 3436 3227 quant

108 3248 198 3303 sub
224 3250 330 3305 veri
381 3251 628 3317 nomine,
687 3250 783 3306 sed
813 3259 869 3306 et
915 3258 1016 3318 ne,
1048 3251 1189 3306 sicut
1243 3257 1374 3307 ante
1424 3248 1701 3320 acceptam
1731 3290 1779 3350 Ο
1814 3247 2116 3315 docentur;
2157 3259 2224 3304 ne
2254 3249 2457 3305 suntles
2486 3249 2778 3322 gentilibus
2818 3251 3182 3322 inveniantur,
3218 3254 3306 3324 qui
3337 3267 3439 3310 nec

109 3340 432 3401 ﬁdetnsenSu
462 3344 697 3400 humiles
719 3343 1051 3415 vagabantur
1072 3355 1169 3416 per
1191 3345 1441 3401 diversos
1459 3351 1700 3412 errores,
1732 3331 1779 3354 ’³
1817 3343 1986 3399 tidem
2018 3344 2307 3412 recipiunt,
2356 3359 2456 3400 nec
2482 3346 2976 3415 conversationem,
3011 3364 3170 3416 quam
3218 3346 3443 3406 mandat

109 3434 281 3492 ﬁdeles
309 3437 435 3493 iacti
492 3438 926 3493 discurreremus
955 3437 1196 3509 fragiles,
1223 3447 1277 3492 et
1322 3435 1472 3493 dtibii
1503 3437 1572 3494 de
1609 3441 1706 3509 spe

110 3532 384 3600 promissa,
417 3541 772 3598 commonet;
803 3532 930 3603 quia
948 3534 1058 3602 jam
1091 3531 1376 3587 christiani
1411 3530 1555 3596 ia‘eti,
1584 3532 1709 3586 tun-

108 3623 211 3678 dati
261 3631 381 3683 esse
432 3627 659 3694 debent,
704 3628 827 3697 quia
869 3627 1205 3698 ambiguitas
1258 3625 1310 3680 in
1365 3624 1473 3680 fide
1522 3631 1706 3680 nostra

111 3732 208 3774 non
235 3730 338 3788 est;
367 3721 788 3777 contmendatur
819 3721 962 3775 enim
997 3721 1198 3776 virtute
1225 3720 1622 3791 prodigiorum.

173 3813 360 3883 (Vera.
397 3817 488 3872 15.
521 3816 539 3887 )
568 3816 848 3872 Veritatem
874 3823 1045 3872 autem
1077 3817 1322 3889 facientes
1351 3815 1405 3871 in
1436 3817 1712 3886 cltaritate,

111 3924 378 3981 augeantur
429 3913 486 3966 in
515 3914 626 3983 ipso
653 3925 745 3984 per
798 3913 992 3978 Omnia,
1023 3913 1114 3984 qui
1135 3923 1212 3967 est
1241 3913 1398 3982 caput
1450 3910 1707 3966 Christus.

113 4001 250 4060 Hanc
287 4005 417 4060 dicit
449 4019 575 4062 esse
600 4006 913 4072 veritatem,
947 4017 1005 4062 ut
1038 4017 1280 4064 amorem
1308 4005 1508 4062 Christi
1539 4005 1716 4074 rCSpi-

112 4096 324 4165 cientes,
364 4113 475 4171 quo
505 4099 697 4155 dilexit
729 4115 850 4165 nos,
879 4105 933 4155 et
963 4099 1187 4154 tradidit
1235 4111 1295 4154 se
1349 4105 1448 4171 pro
1513 4099 1718 4166 nobis,

114 4191 281 4247 omnia
309 4193 667 4264 subji'eiam'tts
697 4194 767 4259 ei,
789 4193 1167 4264 scientesquia
1184 4189 1430 4248 omnium
1457 4195 1725 4249 a‘uctbrcs-

116 4283 250 4352 vitze,
305 4294 361 4341 ut
392 4287 547 4358 quasi
585 4287 748 4358 capiti
801 4289 1047 4344 membra
1080 4279 1406 4354 'subda‘utur;
1441 4297 1497 4343 ut
1536 4283 1580 4342 si
1623 4287 1714 4342 alii

118 4390 290 4435 errore
338 4383 421 4436 vel
463 4382 843 4438 malevolentia
901 4398 1007 4437 non
1053 4382 1288 4438 latenter
1326 4381 1508 4437 omnia
1556 4390 1732 4451 caput.

121 4469 308 4530 habere
337 4473 641 4541 Christum,
672 4478 794 4548 quia
826 4477 894 4532 ab
937 4477 1056 4547 ipso
1098 4476 1235 4532 facta
1267 4471 1394 4532 sunt
1438 4475 1720 4531 voluntate

123 4561 452 4631 Patris;nos
499 4577 680 4625 tamen
712 4569 802 4640 qui
847 4569 1131 4626 catholicae
1178 4568 1302 4625 iidei
1349 4567 1734 4634 adiuvemus,

1817 3433 1956 3502 Lex,
2007 3435 2302 3491 obscurum
2336 3436 2599 3494 habentes
2625 3453 2867 3505 sensum,
2905 3455 2968 3495 ne
3000 3441 3442 3512 contemplemur

1819 3529 1991 3586 divini
2044 3527 2279 3586 nominis
2335 3533 2642 3587 veritatem.
2697 3531 2844 3588 Vana
2917 3533 3062 3589 enim
3139 3543 3440 3604 sedantes,

1820 3633 1944 3696 qua:
1970 3633 2097 3678 sunt
2125 3621 2458 3692 idololatria,
2485 3625 2825 3682 ini'renantur
2846 3641 2874 3681 a
2901 3626 3155 3693 diabolo;
3184 3644 3250 3682 ne
3279 3627 3440 3684 unius

1827 3716 1924 3774 Dei
1952 3718 2056 3773 iter
2086 3713 2362 3787 incedant,
2395 3728 2452 3773 ut
2477 3718 2656 3776 socios
2686 3719 2806 3776 illos
2832 3729 2944 3775 Suae
2969 3717 3288 3791 perditionis
3320 3709 3441 3778 elli-

1827 3812 1959 3867 ciat.

1905 3903 2085 3978 (Vers.
2121 3902 2236 3979 19.)
2298 3905 2364 3960 Et
2399 3906 2676 3962 (recitatum
2727 3907 2897 3963 cordis
2949 3907 3178 3975 illorum,
3225 3907 3312 3980 qui
3359 3909 3448 3966 de-

1831 3999 2125 4068 sperantes,
2158 4003 2456 4071 semctt’psos
2495 4000 2819 4055 tradiderunt
2852 4002 3190 4070 impudicitiis
3237 4001 3289 4056 in
3322 4021 3448 4073 ape-

1834 4093 2088 4147 rationem
2137 4093 2495 4160 immunditiw
2553 4093 2747 4161 omnis,
2805 4103 2852 4148 et
2901 4093 3153 4151 araritiw.
3204 4094 3452 4152 Gentiles

1836 4185 2035 4240 futura:
2079 4186 2498 4241 resurrectionis
2527 4183 2908 4257 deSperatione
2931 4188 3228 4245 caecitatem
3274 4189 3456 4247 cordis

1840 4277 2043 4334 habere
2075 4273 2364 4348 “slgttilICat.
2393 4278 2555 4345 quasi
2595 4276 2737 4335 enim
2775 4277 2912 4352 ultra
2948 4285 3053 4337 ito‘n
3089 4279 3253 4339 futuri
3283 4283 3452 4340 vitam

1839 4377 1995 4428 suam
2043 4373 2421 4429 contaminant
2462 4375 2771 4444 tttrpiSSima
2820 4375 3161 4444 Operatioue,
3204 4377 3456 4434 uolentes

1841 4471 1907 4522 se
1950 4465 2220 4538 subjicere
2273 4467 2375 4538 legi
2433 4465 2596 4533 fidei;
2647 4469 2770 4539 quia
2820 4467 3067 4538 prohibet
3121 4469 3456 4542 voluptatem

1840 4571 2075 4632 propter
2121 4578 2273 4634 Spem
2307 4563 2430 4618 vitee
2463 4563 2676 4630 futurae,
2712 4579 2873 4636 qttatn
2928 4565 2982 4620 lii
3023 4565 3227 4622 idcirco
3270 4566 3458 4623 riden-

124 4658 218 4714 hoc
261 4663 408 4717 omni
463 4662 759 4719 devotione
816 4671 871 4718 et
928 4675 1054 4719 cura
1105 4677 1270 4734 agere
1324 4661 1610 4728 debemus,
1665 4653 1975 4753 utDO‘am
2010 4657 2256 4724 censent,
2295 4664 2350 4710 ut
2395 4653 2517 4727 jure
2565 4656 2932 4713 dehonestare
2957 4667 3038 4725 se,
3071 4669 3122 4714 et
3154 4659 3332 4716 aliena
3363 4675 3462 4732 ap-

125 4750 240 4808 huic
301 4755 428 4811 ﬁdei
494 4757 601 4812 no‘n
643 4756 931 4822 damnum,
991 4756 1088 4812 sed
1142 4758 1350 4811 lucrum
1401 4753 1725 4825 aﬂ‘eiamus,

125 4856 528 4915 perseverantes
545 4849 598 4905 in
615 4849 716 4905 hac
737 4850 1184 4918 asseveratione;
1215 4855 1274 4904 ut
1295 4849 1734 4920 comprimantur

127 4951 292 5008 pravae
321 4941 520 4999 mentis
546 4943 820 5014 colloquia
847 4943 1112 5000 adversus
1163 4941 1448 5000 veritatem
1487 4947 1717 4998 armata.

191 5033 390 5102 (vers.
427 5035 563 5106 16.)
614 5033 700 5091 Et:
721 5053 818 5107 quo
863 5045 1023 5092 totum
1067 5051 1257 5110 corpus
1299 5033 1619 5109 compactum
1675 5049 1735 5092 ει·

127 5137 398 5182 connexum
451 5135 539 5199 per
592 5145 794 5184 omnem
846 5133 1150 5202 juncturam
1226 5129 1722 5186 subminis‘tiationis

127 5221 397 5275 secundum
444 5223 797 5292 dpe’rationem
864 5225 916 5276 in
967 5227 1260 5279 mensuram
1321 5221 1740 5294 uniuscujusque

129 5313 699 5380 partis,incrEtttentum
745 5317 983 5387 corporis
1033 5314 1160 5387 facit
1208 5317 1277 5370 (td
1326 5315 1722 5386 tediﬁcationem

130 5407 203 5460 sui
244 5409 295 5462 in
340 5410 607 5466 rharitate.
642 5412 758 5480 Qua
820 5413 1030 5468 ratione
1068 5412 1344 5468 Christum
1393 5407 1554 5482 caput
1600 5425 1739 5468 esse

131 5501 360 5557 omnium
389 5503 608 5572 dixerit,
641 5505 836 5570 docet;
868 5522 929 5562 ex
959 5505 1076 5576 ipso
1107 5506 1273 5572 enim,
1305 5505 1502 5576 inquit,
1549 5513 1722 5560 totum

133 5607 339 5667 corptts,
391 5595 446 5654 id
486 5597 604 5667 est,
669 5597 848 5657 omnis
890 5596 1089 5658 chorus
1133 5593 1604 5671 Archaug'elmum
1667 5609 1725 5657 ct

201 5764 224 5792 ³
249 5754 366 5834 Vel.
391 5753 520 5814 edit.
548 5776 608 5834 ac
630 5751 762 5816 mss.
788 5776 898 5820 non
916 5737 1090 5834 pauci,
1215 5757 1725 5834 compaginationcnt

137 5827 338 5883 humani
386 5833 604 5902 getteris;
637 5834 830 5891 melius
861 5827 1019 5892 Rom.
1062 5840 1117 5892 et
1148 5833 1236 5890 alii
1269 5827 1493 5889 mssfut
1523 5830 1576 5885 iu
1603 5843 1734 5886 con-

139 5903 305 5956 testu.

1844 4756 2046 4821 *petere
2086 4749 2242 4806 avida
2273 4749 2572 4821 cupiditate
2619 4751 2921 4821 videantur,
2967 4755 3120 4825 quasi
3173 4765 3294 4826 post
3322 4753 3465 4812 lianc

1848 4843 2356 4914 transphnetionem
2393 4843 2538 4898 nulla
2564 4843 2634 4899 sit
2664 4844 2791 4902 vita.

1929 4936 2112 5009 (Vers.
2139 4936 2228 5003 2t),
2264 4936 2381 5008 21.)
2421 4936 2525 4992 Vos
2554 4947 2730 4993 autem
2755 4956 2855 4994 non
2886 4940 2960 4994 ita
3010 4941 3265 4996 didicistis
3319 4939 3468 4995 Clari-

1845 5039 2007 5097 stum,
2033 5029 2079 5084 si
2109 5039 2276 5085 tamen
2295 5030 2443 5086 illum
2461 5031 2700 5097 audistis,
2733 5037 2779 5089 'e‘t
2803 5033 2852 5089 in
2883 5031 2974 5089 illo
2997 5034 3166 5089 edocti
3193 5035 3332 5101 estis,
3361 5035 3466 5088 sic-

1849 5136 1914 5181 ut
1964 5136 2038 5183 est
2102 5127 2286 5182 veritas
2331 5127 2384 5181 in
2423 5127 2569 5182 Jesu.
2615 5127 2958 5186 Manifestum
3018 5138 3102 5185 est
3141 5125 3470 5186 christianos

1860 5221 1970 5276 noh
2004 5221 2446 5292 desperationem
2479 5225 2603 5295 post
2628 5232 2858 5280 mortem
2892 5223 3029 5278 hanc
3061 5221 3336 5288 didicisse,
3369 5223 3469 5281 sed

1850 5317 2015 5386 spem
2070 5313 2136 5370 ad
2193 5323 2512 5386 utrumque;
2553 5315 2801 5372 iideiibus
2856 5317 2998 5372 enim
3064 5314 3192 5382 vita,
3246 5313 3468 5386 periidis

1857 5423 1994 5466 vero
2023 5403 2542 5482 promittiturnwrs,
2567 5425 2690 5482 quae
2709 5416 2792 5465 est
2819 5424 2974 5479 poena
3006 5421 3239 5477 aeterna;
3272 5419 3326 5466 ut
3355 5409 3472 5470 sive

1858 5519 2034 5571 mors,
2077 5504 2194 5559 sive
2223 5504 2330 5558 vita
2377 5504 2426 5556 iu
2461 5503 2682 5557 Christo
2728 5502 3004 5567 discatur;
3052 5505 3176 5573 quia
3213 5503 3306 5576 qui
3349 5520 3474 5562 eum

1863 5598 2135 5670 sequitur,
2171 5613 2267 5669 per
2291 5613 2414 5654 eum
2455 5603 2704 5667 resurget
2735 5594 2800 5649 ad
2829 5593 2993 5651 vitam
3023 5613 3040 5651 -:
3076 5599 3166 5667 qui
3197 5611 3326 5655 vero
3367 5599 3478 5657 dis-

1946 5754 1982 5829 "_
2000 5754 2155 5829 Rom.
2183 5752 2316 5810 edit.
2341 5753 2486 5829 sola;
2515 5751 2626 5809 Sed
2645 5752 2905 5823 quomodo
2930 5753 2982 5812 in
2999 5755 3224 5829 ’ξονρυνίο
3256 5755 3482 5814 ηιτηώνα

1873 5827 2075 5896 {arium
2101 5825 2323 5881 discreta
2355 5824 2539 5894 ofﬁcia.
