3978 6310
508 257 606 314 591

1438 250 1533 308 AD
1569 250 1806 310 OPERA
1846 249 2095 310 SANCTI
2132 248 2461 309 AMBROSII
2501 246 2871 309 APPENDIX.

3714 251 3819 308 392

504 370 686 426 cernit
716 382 774 425 se
818 368 888 425 ab
928 381 1016 434 eo,
1043 365 1154 440 'per
1179 380 1304 424 eum
1359 368 1759 440 mancipabitur
1800 369 2096 442 gehennae;
2127 377 2177 436 Α
2205 369 2346 426 iram
2373 379 2652 441 peccetur.
2703 370 2956 427 Solemus
2982 369 3126 426 enim
3173 367 3398 425 inodum
3442 366 3658 439 egredi,
3693 367 3816 423 dum

506 464 625 534 ipso
673 463 820 518 enim
847 461 1142 532 judicaute,
1171 459 1540 517 damnabitur.
1580 462 1649 518 Et
1688 463 1946 533 quoniam
1985 475 2112 519 sunt

503 555 728 628 quidam
753 557 805 611 in
837 555 1100 622 Ecclesia,
1125 557 1217 627 qui
1233 556 1338 613 sub
1369 557 1588 612 nomine
1626 557 1828 614 Christi
1870 574 1975 613 non
2020 573 2109 614 se-

503 661 744 724 quuntur
759 648 959 706 Christi
981 650 1301 716 veritatem;
1327 649 1559 722 ideoque
1583 670 1596 708 :
1622 650 1772 707 Sicut
1798 660 1892 717 est,
1915 652 2106 722 inquit,

501 744 689 800 veritas
710 743 762 798 in
786 742 954 809 Jesu;
980 752 1039 799 ut
1074 743 1120 798 si
1147 743 1219 798 ita
1249 744 1394 800 docti
1432 752 1582 811 sunt,
1615 753 1672 799 ut
1706 753 1791 800 est
1827 745 2028 800 veritas
2056 745 2109 800 in

498 835 648 904 Jesu,
681 846 805 893 tunc
841 836 1120 894 Christum
1170 838 1453 907 didicisse,
1481 848 1537 894 et
1578 837 1729 894 illum
1770 837 2014 906 audisse,
2057 847 2113 896 ct

497 928 551 984 in
582 930 678 985 illo
723 929 902 985 edocti
933 944 1056 986 esse
1087 929 1414 986 videantur:
1453 930 1708 987 Christus
1751 931 1898 988 enim
1931 930 2000 986 de
2053 946 2113 986 se

499 1022 662 1080 docet
710 1021 840 1095 quid
887 1022 998 1090 sit,
1043 1034 1099 1080 et
1142 1033 1379 1094 quantus
1425 1023 1736 1082 credendus
1765 1025 1855 1093 sit,
1888 1033 1946 1081 et
1992 1039 2112 1096 qua:

500 1135 629 1192 spes
667 1120 722 1175 in
765 1136 831 1174 eo
883 1120 957 1175 sit
1008 1130 1064 1175 et
1115 1120 1306 1191 quales
1346 1119 1582 1177 debeant
1629 1135 1752 1176 esse
1801 1119 2109 1176 credentes.

499 1215 600 1285 Qui
632 1216 776 1272 enim
808 1213 1001 1271 didicit
1022 1212 1326 1283 Christum,
1352 1215 1454 1270 scit
1489 1214 1642 1270 illum
1685 1229 1717 1270 a
1764 1213 1995 1270 mortuis
2028 1229 2113 1270 re-

502 1310 842 1377 surrexisse;
881 1318 937 1365 ut
966 1307 1145 1364 forma
1175 1318 1324 1365 esset
1347 1307 1620 1376 lidelibus,
1653 1307 1887 1380 ideoque
1917 1323 2111 1380 magna

502 1418 630 1473 spes
658 1411 742 1459 est
764 1417 861 1473 pro
884 1401 988 1458 ista
1016 1412 1196 1458 morte
1227 1403 1536 1459 amantibus
1561 1403 1756 1458 Deum.

575 1497 761 1568 (Vers.
817 1496 939 1569 22.)
981 1495 1051 1552 Ut
1093 1496 1363 1569 deponatis
1412 1497 1699 1553 secundum
1737 1497 1961 1569 priorem
1989 1512 2115 1551 con-

500 1592 840 1647 versationem
868 1601 1089 1646 ueterem
1122 1591 1403 1660 hominem,
1435 1592 1524 1661 qui
1559 1590 1909 1662 corrumpitur
1939 1605 2116 1644 secun-

502 1687 630 1741 dum
648 1686 911 1743 desideria
938 1683 1266 1754 erroris.Qui
1292 1684 1572 1741 Christum
1592 1684 1822 1751 audivit,
1851 1684 1956 1739 hoc
1975 1682 2118 1739 didi-

2215 464 2504 520 irascimur
2528 475 2584 520 et
2615 464 2925 521 invenimur
2972 464 3073 536 ipsi
3105 479 3357 534 peccare,
3390 464 3483 536 qui
3527 473 3820 534 peccantes

2212 557 2515 628 arguimus,
2546 557 2676 613 dum
2727 559 2846 628 plus
2888 557 3203 624 irascimur,
3240 565 3300 613 et
3351 556 3588 628 amplius
3624 569 3821 610 onera-

2215 663 2335 704 mus
2372 657 2714 720 peccantem,
2744 666 2906 721 quam
2937 659 3196 706 meretur.
3229 649 3347 706 Hoc
3379 665 3514 721 ergo
3535 650 3721 715 docet,
3760 660 3819 705 ut

2211 743 2330 814 ipsa
2383 744 2461 800 ira
2494 759 2616 801 cum
2667 745 3043 802 moderatione
3088 745 3160 801 sit
3208 761 3389 816 neque
3431 744 3661 800 nimium
3701 745 3820 816 quis

2209 837 2418 908 justum
2454 853 2513 895 se
2547 840 2788 909 prtebeat
2816 840 3190 910 delinquenti:
3226 840 3354 911 quia
3396 840 3578 896 solent
3599 839 3819 912 quidam

2215 929 2298 985 sic
2345 946 2594 999 peccare,
2651 940 2710 986 ut
2745 934 2912 988 tantis
2967 932 3141 1004 plagis
3187 932 3467 989 alliciendi
3505 933 3820 1000 videantur,

2213 1032 2446 1095 quantas
2474 1041 2581 1080 non
2613 1027 3006 1096 possuntlerre
3033 1044 3044 1080 :
3078 1036 3134 1083 et
3159 1028 3252 1098 qui
3286 1036 3506 1097 poterat
3539 1028 3680 1084 forte
3701 1043 3820 1083 cor-

2215 1119 2340 1190 rigi,
2396 1119 2603 1176 tollitur
2644 1121 2714 1176 de
2763 1122 2894 1187 vita,
2929 1137 3034 1177 non
3075 1121 3194 1178 sine
3225 1132 3456 1192 peccato
3509 1122 3818 1177 insecutis.

2217 1211 2353 1266 Hinc
2367 1221 2451 1266 est
2473 1212 2617 1268 unde
2639 1213 2898 1269 Salomon
2925 1232 2938 1268 :
2965 1213 3114 1281 Noli,
3139 1215 3335 1286 inquit,
3355 1217 3537 1286 justus
3556 1231 3672 1271 esse
3693 1215 3822 1270 nisl-

2216 1313 2360 1373 tum;
2387 1305 2508 1374 quia
2529 1307 2711 1376 estqui
2740 1307 2874 1377 perit
2903 1308 2957 1361 in
2981 1323 3076 1362 suo
3103 1310 3252 1380 justo
3299 1307 3533 1379 (Eccles.
3577 1324 3676 1370 vn.
3710 1309 3819 1375 l7).

2214 1396 2322 1452 Sed
2365 1397 2663 1454 imitatores
2696 1399 2792 1455 Dei
2823 1414 2947 1456 esse
2994 1399 3258 1456 debemus
3311 1402 3406 1472 qui
3457 1411 3818 1472 temperatam

2217 1488 2380 1545 habet
2413 1490 2716 1559 justitiam;
2760 1507 2882 1548 cum
2912 1492 3057 1547 enim
3095 1492 3303 1563 justum
3330 1501 3481 1549 esset
3519 1493 3686 1566 plecti
3724 1492 3824 1548 ini-

2217 1599 2377 1655 quos,
2409 1586 2667 1656 patientia
2697 1602 2795 1642 sua
2824 1587 3016 1643 suﬂ'ert
3046 1602 3164 1652 eos,
3201 1597 3263 1644 ut
3288 1588 3459 1660 aliqui
3495 1605 3565 1645 ex
3591 1590 3679 1646 eis
3704 1604 3824 1644 cor-

2216 1680 2486 1751 rigantur.
2524 1681 2634 1739 Nos
2677 1684 2824 1755 ipsos
2867 1699 3058 1740 servos
3087 1699 3218 1741 suos
3258 1695 3551 1756 peccantes
3595 1686 3820 1758 patitur,

500 1781 607 1848 cit;
639 1790 700 1837 ut
723 1781 1006 1838 recederet
1044 1796 1074 1836 a
1105 1780 1524 1836 conversatione
1555 1781 1802 1850 pristina,
1841 1794 2001 1851 quam
2030 1793 2116 1834 ve-
2143 1787 2191 1847 Β
2221 1790 2322 1832 nec
2345 1776 2456 1831 cito
2475 1776 2709 1846 aliquem
2741 1778 2997 1849 percutit.

503 1883 680 1931 terem
721 1873 1002 1929 hominem
1037 1883 1312 1944 nuncupat
1338 1881 1560 1944 propter
1587 1871 1928 1943 praeteritum
1959 1871 2113 1942 igno-

505 1970 700 2024 rantia:
732 1977 972 2040 tempus.
1013 1967 1187 2024 Homo
1228 1966 1413 2039 itaque
1461 1982 1598 2023 unus
1627 1976 1788 2037 atque
1818 1965 1960 2022 idem
2004 1974 2110 2031 est,

506 2064 624 2135 qui,
655 2064 700 2119 si
729 2066 959 2136 pristina
989 2062 1124 2118 vitia
1171 2063 1441 2134 sequitur,
1484 2070 1641 2118 vetus
1667 2061 1870 2117 dicitur
1897 2077 1910 2114 :
1943 2060 1989 2116 si
2019 2076 2115 2115 au-

508 2166 621 2214 tem
661 2159 716 2213 in
757 2159 1004 2214 novitate
1046 2159 1173 2213 vita:
1205 2157 1466 2226 ambulat,
1518 2156 1732 2212 alienus
1780 2171 1811 2211 a
1869 2155 2114 2211 saeculari

500 2267 715 2317 errore,
746 2251 837 2322 qui
879 2260 966 2308 est
995 2262 1021 2290 δ
1051 2253 1167 2308 sive
1216 2252 1269 2306 in
1313 2260 1459 2317 actu,
1501 2250 1617 2306 sive
1647 2250 1702 2305 in
1743 2264 1932 2316 sensu,
1962 2248 2115 2304 rudis

504 2344 740 2412 dicitur;
789 2361 895 2400 non
945 2346 1134 2417 utique
1175 2344 1480 2400 substantia
1527 2344 1712 2399 carnis
1756 2353 1850 2398 aut
1895 2340 2111 2409 animm,

505 2439 605 2496 sed
635 2440 916 2497 intellectu
946 2449 1004 2496 et
1041 2439 1464 2496 conversatione
1510 2439 1658 2494 vitm.
1689 2438 1995 2508 Corruptus
2037 2445 2117 2492 ta-

504 2549 630 2591 men
688 2545 844 2590 vetus
897 2534 1060 2590 homo
1089 2532 1327 2600 dicitur,
1366 2531 1938 2604 propter-adulterum
1991 2545 2117 2586 sen-

507 2646 652 2696 sum.
683 2639 738 2686 et
764 2640 975 2701 turpem
1007 2629 1196 2684 vitam.

579 2727 766 2800 (Vers.
798 2726 893 2792 25,
931 2724 1052 2798 24.)
1099 2725 1443 2781 Renovamini
1487 2717 1707 2779 autem”
1752 2739 1905 2779 sensu
1935 2722 2117 2777 mentis

506 2831 706 2887 vestrae,
741 2830 787 2875 et
827 2819 1106 2874 induimini
1147 2837 1332 2875 novum
1380 2820 1658 2884 hominem,
1707 2819 1794 2889 qui
1832 2817 2117 2874 secundum

507 2916 674 2972 Deum
702 2925 907 2971 creatus
939 2923 1013 2970 est
1038 2915 1094 2969 in
1121 2917 1330 2970 veritate
1352 2929 1399 2970 et
1432 2915 1658 2988 justitia.
1689 2912 1903 2970 Justum
1941 2924 1996 2969 et
2027 2927 2118 2968 ve-

506 3024 629 3064 rum
682 3017 765 3064 est
825 3017 1029 3064 rectam
1072 3007 1215 3062 viam
1267 3008 1466 3078 sequi:
1528 3007 1616 3062 hic
1667 3015 1846 3061 autem
1910 3016 2114 3062 rectam

505 3103 648 3157 viam
701 3103 970 3173 sequitur.
1021 3103 1112 3172 qui
1169 3102 1400 3159 devotus
1468 3102 1706 3158 creatori
1753 3118 1852 3157 suo
1901 3103 1953 3157 in
2019 3117 2111 3156 vo-

2289 1871 2473 1946 (Vers.
2518 1873 2637 1948 27.)
2669 1874 2762 1932 Sol
2790 1893 2892 1931 non
2927 1877 3130 1931 occidat
3153 1893 3310 1950 super
3346 1878 3678 1932 iracundiam
3719 1893 3826 1932 ees-

2217 1975 2352 2020 tram
2375 1983 2394 2022 :
2427 1978 2450 2007 °
2475 1969 2635 2023 nolite
2656 1969 2826 2024 locum
2844 1970 2970 2024 dare
2997 1969 3224 2026 diabolo.
3255 1970 3396 2026 Iram
3427 1971 3667 2026 transire
3693 1971 3822 2036 vult,

2217 2075 2320 2115 nec
2343 2061 2565 2117 retineri
2596 2063 2646 2116 in
2675 2073 2915 2132 pectore,
2938 2075 2997 2119 ut
3020 2063 3111 2120 die
3139 2072 3282 2132 orta,
3314 2079 3440 2120 cum
3467 2064 3558 2120 die
3577 2065 3820 2135 decidat.

2217 2154 2344 2224 quia
2377 2156 2421 2208 si
2451 2155 2504 2210 in
2531 2156 2712 2212 animo
2759 2158 3041 2226 manserit,
3073 2157 3164 2213 dat
3205 2159 3550 2214 occasionem
3598 2157 3822 2213 diabolo

2216 2248 2506 2319 gloriandi.
2556 2248 2790 2306 Necesse
2843 2260 2928 2306 est
2979 2250 3125 2306 enim
3183 2251 3354 2306 iratus
3403 2251 3621 2306 animus
3689 2251 3822 2306 nisls

2218 2343 2443 2416 cogitet,
2472 2344 2616 2414 quod
2651 2345 2804 2416 cupit
2847 2345 3126 2413 diabolus;
3155 2346 3362 2402 invenit
3401 2347 3547 2401 enim
3583 2357 3822 2403 mentea

2219 2448 2462 2509 paratam
2491 2438 2557 2493 ad
2585 2439 2812 2506 malum,
2837 2439 2924 2494 cui
2950 2456 3010 2496 se
3034 2441 3304 2507 inserens,
3331 2440 3524 2496 all‘ectu
3555 2457 3661 2499 suo
3683 2443 3823 2498 deci-

2221 2533 2301 2603 pit
2323 2532 2599 2589 hominem
2623 2533 2822 2588 factum
2853 2533 2921 2590 ad
2948 2535 3144 2600 vitam;
3171 2535 3298 2606 quia
3323 2535 3558 2590 hominis
3583 2537 3824 2606 cogitare

2220 2635 2326 2693 est,
2357 2626 2562 2682 diaboli
2590 2627 2839 2698 implere.

2295 2721 2476 2792 (Vers.
2503 2721 2622 2794 28.)
2649 2722 2752 2790 Qui
2778 2724 3076 2794 iurabatur,
3101 2727 3220 2797 jam
3248 2740 3351 2780 non
3376 2729 3581 2796 furetttr
3602 2742 3626 2780 :
3665 2727 3826 2799 mag‘s

2221 2829 2394 2874 autem
2434 2819 2653 2885 laboret,
2685 2819 2948 2891 operando
2978 2821 3215 2875 manibus
3252 2821 3390 2892 quod
3421 2823 3605 2876 bonum
3631 2834 3745 2886 est;
3771 2830 3826 2875 ut

2221 2913 2428 2980 habent,
2460 2909 2486 2949 δ
2518 2913 2655 2967 unde
2676 2914 2863 2968 tribuat
2887 2917 3234 2969 necessitatem
3262 2915 3591 2985 patientibus.
3629 2914 3703 2971 Ut
3734 2930 3826 2968 no-

2222 3007 2271 3061 vi
2306 3007 2541 3062 hominis
2567 3007 2910 3063 conversatio
2943 3017 3182 3073 maneat,
3222 3007 3471 3062 hortatur
3501 3023 3570 3062 ne
3606 3024 3823 3063 rursum

2221 3101 2288 3158 ad
2335 3102 2611 3173 praeterita
2660 3103 2790 3157 vitia
2831 3113 2886 3158 et
2932 3112 3154 3174 peccata
3200 3102 3489 3168 redeatur;
3534 3119 3660 3158 nam
3693 3101 3824 3157 nihil

508 3194 718 3251 luntate
769 3195 888 3267 ejus
941 3195 1208 3263 ambulat,
1256 3211 1418 3268 quam
1461 3196 1738 3267 gentilitas
1781 3197 1970 3252 nescit.
2024 3195 2114 3250 [n-
2144 3173 2189 3236 ί)
2222 3193 2466 3266 proderit
2494 3209 2691 3249 novum
2724 3195 2855 3261 dici,
2888 3173 3104 3265 quando
3125 3205 3281 3251 vetus
3300 3210 3423 3252 esse
3461 3194 3627 3250 homo
3671 3195 3823 3250 malis

508 3298 737 3345 novatus
806 3288 952 3345 enim
1027 3289 1221 3360 spiritu
1284 3289 1482 3344 mentis
1556 3303 1754 3342 novum
1839 3287 2112 3343 hominem

506 3381 708 3438 dicitur
736 3381 975 3450 indutus,
1011 3387 1101 3452 qui
1127 3392 1212 3437 est
1243 3380 1526 3446 Christus;
1568 3380 1844 3436 Christum
1865 3383 2009 3436 enim
2035 3381 2116 3436 in—

507 3475 711 3542 duitur,
761 3477 850 3547 qui
892 3491 989 3546 per
1024 3475 1185 3530 tidem
1227 3484 1452 3530 renatus
1499 3474 1552 3528 in
1600 3472 1844 3540 Christo,
1887 3475 2115 3529 aemulus

509 3574 766 3634 estvita}.
817 3585 980 3640 quam
1033 3568 1258 3624 tradidit
1309 3567 1586 3634 Christus;
1642 3578 1698 3622 ut
1738 3567 1892 3638 juxta
1945 3566 2116 3622 Deum

509 3675 726 3721 creatus
767 3664 1024 3721 videatur
1058 3665 1144 3720 :in
1195 3677 1261 3718 eo
1303 3664 1447 3719 enim
1493 3663 1616 3734 quis
1651 3673 1868 3718 creatus
1905 3670 2012 3727 est,
2061 3661 2114 3715 in

505 3774 615 3832 quo
643 3758 816 3830 sapit;
849 3771 902 3814 et
936 3757 1059 3812 ideo
1087 3755 1290 3812 veritas
1311 3766 1363 3810 et
1399 3754 1606 3824 justitia
1641 3755 1734 3810 Dei
1766 3770 1795 3807 a
1826 3751 2116 3824 gentilibus

511 3854 814 3927 ignoratur.
870 3851 1005 3909 Cum
1053 3852 1200 3908 enim
1251 3849 1542 3906 credentes
1588 3848 1762 3904 Deum
1815 3853 2119 3918 agnoscunt

507 3957 832 4015 creatorem,
887 3955 1173 4002 servantes
1221 3943 1475 4000 mandata
1522 3943 1662 4015 ejus,
1696 3942 1749 3997 in
1799 3940 2012 4013 juStitia
2061 3946 2118 3995 et

513 4044 746 4100 veritate
766 4049 1044 4097 creantur.

590 4133 784 4208 (Ἶρι-5.
836 4131 964 4203 25.)
1019 4130 1245 4202 Propter
1313 4131 1451 4201 quod
1516 4131 1748 4200 deposito
1826 4129 2113 4193 mendacio,

516 4226 787 4298 loquimini
851 4227 1114 4281 veritatem
1169 4225 1519 4295 unusquisque
1571 4239 1687 4278 cum
1730 4224 1964 4296 proximo
2024 4239 2118 4276 suo

519 4319 708 4394 (Zaclt.
737 4335 857 4386 vm,
902 4318 1026 4390 l6);
1072 4317 1319 4390 quoniam
1378 4333 1557 4372 sumus
1607 4315 1821 4370 invicem
1870 4314 2114 4368 membra.

515 4417 652 4486 Quia
699 4417 753 4473 in
802 4415 1034 4471 veritate
1063 4424 1120 4470 et
1159 4413 1368 4485 justitia
1394 4411 1568 4469 creati
1613 4427 1822 4477 sumus,
1864 4410 2036 4466 renati
2061 4408 2116 4464 in

515 4511 874 4583 baptismate;
909 4509 1110 4565 idcirco
1137 4516 1197 4563 ut
1229 4507 1282 4562 in
1312 4521 1379 4562 eo
1409 4520 1746 4571 maneamus,
1775 4503 2114 4561 mendacium

2219 3289 2476 3361 operibus
2496 3290 2844 3361 approbatur.
2869 3288 2984 3345 Non
3001 3291 3177 3346 solum
3201 3307 3332 3362 ergo
3352 3291 3682 3347 christianus
3699 3291 3826 3347 alie-

2219 3399 2288 3439 na
2318 3400 2422 3438 non
2453 3383 2645 3438 tollere
2662 3383 2905 3452 jnbetur,
2936 3383 3029 3437 sed
3043 3392 3098 3438 et
3121 3382 3189 3438 de
3217 3383 3400 3439 labore
3422 3399 3522 3437 suo
3542 3384 3822 3452 penuriam

2221 3477 2551 3547 patientibus
2575 3475 3027 3542 subministrare;
3054 3487 3109 3530 ut
3131 3475 3287 3531 bonis
3308 3475 3565 3546 operibus
3586 3475 3819 3542 deditus,

2220 3571 2485 3642 rependat
2521 3586 2642 3641 quae
2671 3570 2822 3640 prius
2847 3569 3168 3634 abstulerat,
3192 3578 3248 3624 et
3285 3567 3356 3624 de
3375 3579 3578 3624 cancro
3605 3567 3824 3624 thesau-

2219 3666 2358 3721 rizet
2383 3665 2484 3720 sibi
2512 3665 2564 3720 in
2593 3664 2866 3730 futurum;
2893 3664 2982 3733 qui
3007 3663 3150 3717 enim
3170 3671 3352 3718 cessat
3373 3678 3402 3718 a
3423 3662 3590 3731 l‘urto,
3612 3663 3820 3719 veniam

2217 3768 2401 3832 potest
2450 3758 2669 3824 habere,
2704 3773 2812 3814 non
2856 3757 3106 3828 gloriam.
3160 3756 3300 3824 Quid
3344 3758 3488 3813 enim
3545 3773 3821 3829 magnum,

2218 3864 2314 3906 aut
2350 3852 2505 3923 cujus
2536 3852 2712 3907 meriti
2736 3861 2817 3907 est
2845 3852 2912 3906 ab
2934 3850 3128 3906 alienis
3157 3850 3505 3920 temperare?
3533 3850 3616 3906 Ad
3664 3852 3823 3905 meri-

2221 3955 2332 4000 tum
2355 3947 2499 4001 enim
2519 3943 2750 4014 prolicit,
2771 3959 2894 3999 cum
2911 3943 3032 4014 quis
3055 3943 3124 3999 de
3152 3944 3373 4013 proprio
3401 3942 3594 3998 tribuit
3611 3943 3819 4013 egenis.

2290 4040 2473 4113 (Vers.
2504 4039 2623 4111 29.)
2677 4037 2858 4094 Omnis
2895 4054 3066 4094 sermo
3096 4038 3264 4092 malus
3290 4037 3356 4092 de
3387 4055 3474 4092 ore
3508 4047 3678 4092 vestro
3724 4054 3820 4092 non

2219 4133 2504 4206 procedat;
2527 4132 2619 4188 sed
2640 4134 2688 4186 si
2711 4132 2827 4202 quis
2868 4131 3031 4186 bonus
3069 4131 3138 4184 ad
3161 4129 3562 4200 mdi/icationem
3594 4129 3743 4200 ﬁdei,
3772 4140 3822 4182 ut

2219 4227 2305 4282 det
2351 4226 2576 4299 gratiam
2616 4224 2963 4281 audientibus.
2997 4225 3056 4281 In
3085 4223 3184 4279 Dei
3215 4238 3374 4280 servo
3399 4223 3584 4279 omnia
3623 4222 3823 4278 debent

2220 4320 2362 4377 bona
2390 4320 2585 4388 videri,
2619 4335 2721 4377 nec
2766 4335 2832 4376 ex
2883 4319 3064 4390 aliqua
3097 4329 3250 4390 parte
3283 4318 3488 4388 puritas
3513 4317 3635 4388 ejus
3663 4317 3822 4373 debet

2219 4415 2501 4471 maculari.
2531 4414 2670 4483 Quid
2697 4415 2845 4471 enim
2880 4413 3102 4485 prodest
3121 4411 3378 4471 mundam
3402 4413 3566 4467 vitam
3601 4411 3816 4472 habere,

2221 4521 2275 4568 et
2301 4527 2362 4567 os
2389 4510 2702 4576 sordidum;
2735 4524 2856 4564 cum
2882 4508 3030 4564 dicat.
3062 4507 3326 4562 Dominus
3352 4505 3494 4578 quod
3536 4507 3822 4572 unusquis-

517 4573 793 4676 deponerc
819 4573 1097 4674 juhemur,
1136 4610 1414 4671 assumpta
1447 4598 1700 4665 veritate,
1732 4611 1834 4654 nec
1859 4596 1985 4653 dolo
2019 4597 2118 4652 ali-
2144 4573 2196 4632 D
2223 4619 2329 4675 que
2362 4602 2546 4659 verbis
2593 4573 2708 4657 suis
2733 4610 2827 4656 aut
2859 4599 3267 4672 justiﬁcabitur,
3307 4573 3398 4655 aut
3436 4597 3818 4655 condemnabio

517 4699 652 4770 quid
683 4713 806 4754 cum
828 4698 997 4755 fratre
1015 4711 1208 4770 agere;
1244 4703 1304 4750 ut
1327 4694 1452 4766 quia
1481 4696 1645 4750 unius
1673 4693 1919 4764 corporis
1948 4707 2122 4749 mem-

519 4789 617 4846 bra
656 4804 866 4859 sumus,
899 4790 1082 4847 causis
1124 4787 1326 4845 nostris
1377 4787 1433 4843 in
1475 4785 1707 4842 veritate
1758 4786 1989 4841 invicem
2033 4785 2115 4840 fa-

519 4900 766 4943 veamus.

592 4981 776 5056 (Vers.
824 4977 944 5048 26.)
986 4976 1285 5033 lrascimini
1310 4987 1359 5033 et
1398 4976 1556 5032 nolite
1589 4991 1820 5049 peccare.
1846 4974 2120 5044 Quoniam

520 5075 681 5132 irasci
712 5073 836 5145 quis
858 5087 963 5127 non
994 5079 1173 5141 potest
1193 5070 1471 5143 prohiberi
1502 5070 1727 5144 (quippe
1753 5083 1877 5124 cum
1902 5069 1980 5124 ira
2003 5084 2120 5124 mo-

520 5178 608 5225 tus
634 5169 706 5225 sit
735 5164 1017 5233 naturalis,
1057 5174 1352 5234 conceptus
1387 5179 1453 5220 ex
1482 5165 1686 5228 causis,
1726 5162 1820 5234 qui
1862 5161 2006 5218 solet
2050 5161 2117 5215 ad

520 5262 824 5332 protectum
855 5261 1134 5332 pertinere
1161 5258 1552 5330 delinquentis)
1584 5257 1747 5330 244.
1776 5257 1980 5314 idcirco
2014 5257 2120 5312 ira-

521 5355 780 5414 scendum
832 5353 965 5410 dicit
993 5352 1169 5426 (Psal.
1222 5368 1296 5421 tv,
1327 5351 1409 5426 5),
1441 5351 1538 5409 sed
1565 5361 1877 5408 commonet
1903 5366 1972 5408 ne
2023 5365 2119 5423 per

596 5532 622 5559 ει
662 5521 800 5576 Rom
826 5516 985 5583 edit.,
1017 5517 1123 5574 sive
1148 5519 1202 5572 in
1230 5515 1443 5584 affectu,
1475 5516 1578 5570 sive
1600 5515 1653 5569 in
1682 5531 1854 5571 sensu.

596 5592 624 5631 δ
665 5589 866 5646 Eadem
893 5588 1054 5656 edit.,
1087 5589 1276 5659 spiritu
1303 5588 1488 5643 mentis
1512 5597 1709 5642 vestrte.

598 5675 622 5705 c
662 5662 864 5719 omnes
906 5659 1067 5727 edit.,
1108 5657 1231 5716 cum
1277 5676 1379 5715 ms.
1431 5675 1540 5713 uno
1584 5659 1672 5713 vel
1699 5657 1903 5723 altero,
1962 5674 2121 5728 neque

526 5737 694 5793 locum
723 5730 860 5787 detis
899 5729 1104 5787 diabolo
1137 5747 1154 5785 :
1198 5747 1331 5788 mss.
1365 5745 1494 5788 vero
1543 5743 1714 5801 prope
1741 5729 1807 5786 ad
1850 5745 2036 5796 unum,
2070 5739 2126 5786 ut

528 5811 580 5868 in
615 5813 785 5866 testu.

2227 4695 2561 4770 tur,(Matth.
2586 4711 2682 4761 xu,
2709 4694 2838 4768 '57)?
2867 4693 2974 4750 Nec
3000 4692 3264 4750 credibile
3291 4700 3468 4762 potest
3489 4692 3661 4748 videri
3687 4692 3820 4746 bene

2224 4792 2408 4846 vivere
2453 4805 2601 4857 eum,
2652 4789 2744 4860 qui
2785 4787 2926 4842 male
2971 4789 3257 4860 loquatur;
3297 4787 3442 4842 male
3486 4787 3631 4841 enim
3675 4783 3821 4855 loqui

2223 4883 2292 4938 ad
2343 4883 2512 4938 multa
2561 4879 2734 4936 trahit
2768 4881 2920 4935 vitia.
2957 4881 3144 4936 Potest
3167 4879 3313 4936 enim
3351 4878 3494 4936 male
3529 4878 3702 4949 loqui,
3734 4878 3818 4948 qui

2227 4975 2457 5046 turpiter
2482 4973 2648 5040 fatur,
2671 4981 2726 5030 et
2768 4972 2860 5043 qui
2884 4973 3042 5028 bonis
3066 4972 3328 5038 detrahit,
3358 4979 3414 5028 et
3436 4971 3670 5042 quicum
3694 4969 3818 5024 dolo

2227 5067 2586 5136 fabulatur,et
2615 5068 2706 5137 qui
2733 5069 3053 5122 mentitur.e
3077 5066 3208 5122 [iam
3225 5065 3510 5121 horrorem
3534 5072 3815 5134 praestant;

2227 5160 2383 5216 bonae
2412 5160 2556 5216 enim
2584 5168 2640 5214 et
2663 5160 2862 5215 sobriae
2887 5158 3080 5214 fabulae
3105 5158 3242 5213 dant
3267 5157 3520 5229 gratiam,
3553 5166 3607 5212 et
3631 5171 3814 5212 exem-

2227 5255 2374 5324 plum
2427 5253 2807 5320 audientibus;
2854 5261 2913 5309 ut
2940 5251 3308 5309 honoriﬁcent
3344 5253 3512 5308 Deum
3558 5251 3611 5307 in
3638 5250 3814 5307 verbis

2225 5350 2366 5422 ejus,
2401 5349 2652 5406 mdilicati
2679 5349 2733 5404 in
2760 5348 2865 5405 ﬁde
2883 5347 3114 5405 Christi.

2257 5587 2268 5598 .
2299 5511 2512 5599 dJEdit.
2545 5513 2729 5581 Rom.,
2768 5511 2904 5568 unde
2950 5511 3301 5569 subministrat
3337 5513 3683 5570 necessitatem
3729 5532 3806 5588 pa-

2231 5595 2395 5642 tient'.
3715 5627 3717 5630 .

2249 5729 2286 5734 __
2306 5669 2329 5696 ο
2356 5604 2446 5713 illa
2474 5673 2605 5714 mss.
2636 5655 2883 5715 melioris
2909 5664 3052 5734 notae
3075 5674 3093 5712 :
3117 5659 3205 5734 alii
3233 5665 3414 5716 autem
3456 5667 3613 5734 atque
3658 5643 3808 5734 cidit,

2306 5669 2329 5696 ε
2371 5661 2446 5713 Ita
2474 5673 2605 5714 mss.
2636 5661 2883 5715 melioris
2909 5664 3052 5714 notae
3075 5674 3093 5712 :
3117 5661 3205 5715 alii
3233 5665 3414 5716 autem
3456 5667 3613 5734 atque
3658 5677 3694 5718 e

2236 5729 2365 5786 Hatc
2391 5747 2611 5786 errorem
2642 5739 2909 5801 praestant.
2937 5729 3055 5785 Non
3077 5732 3207 5786 satis
3229 5742 3397 5790 recte.
3652 5661 3742 5936 Ii

3665 5977 3682 6026 Ι

3649 6041 3672 6092 tl
