3978 6310
107 288 213 347 395

1045 284 1551 343 COMMENTARIA
1590 285 1655 343 IN
1696 284 1913 343 EPIST.
1956 288 2051 344 AD
2088 287 2447 351 EPHESIOS.

3291 305 3402 364 594

178 403 383 477 (Vers.
421 403 553 473 30.)
597 401 663 457 Et
716 402 873 459 nolite
918 405 1229 460 contristare
1278 404 1537 474 Spiritum
1574 420 1695 459 san-
1718 404 1770 466 Α
1798 403 1941 459 enim
1972 402 2332 463 charissimus
2358 410 2529 477 patris
2556 418 2636 466 est
2668 409 2831 481 ﬁlius,
2862 414 2953 483 qui
2988 414 3253 473 bonorum
3278 420 3401 493 ejus

104 506 242 551 ctum
268 495 392 563 Dei,
424 497 477 551 in
503 512 600 567 quo
645 494 835 569 signati
861 497 984 553 estis
1012 498 1066 551 in
1119 496 1254 552 diem
1298 496 1685 565 redemptionis.

102 590 238 645 Cum
268 590 411 647 bene
434 590 657 662 agimus,
688 590 888 661 gaudet
917 591 970 647 in
1002 590 1159 647 nobis
1186 590 1421 661 Spiritus
1446 600 1690 657 sanctus,

103 684 262 740 datus
285 684 468 749 nobis,
495 683 678 739 videns
703 684 907 739 monita
938 698 1035 740 sua
1062 683 1327 755 proﬁcere
1368 683 1694 739 utilitatibus

101 778 334 845 nostris,
357 776 702 834 sicutdictum
729 787 815 833 est
835 790 865 831 a
887 776 1116 833 Domino
1133 795 1145 831 :
1161 774 1247 832 Ita
1267 776 1515 851 gaudium
1526 777 1621 831 erit
1639 777 1694 831 in

101 870 227 925 uelo
253 870 309 924 in
332 885 437 924 uno
468 880 730 936 peccatore
757 870 1107 940 paenitentiam
1123 882 1306 941 agente
1316 868 1689 943 (Luc.xv,10).

99 961 315 1019 Gaudet
350 976 481 1035 ergo
500 961 734 1034 Spiritus
760 974 980 1020 sanctus
1003 964 1164 1020 saluti
1193 975 1416 1031 nostrae,
1438 979 1543 1020 non
1566 964 1691 1033 sibi,

100 1056 188 1126 qui
222 1069 334 1112 non
365 1055 571 1127 indiget
594 1054 809 1122 ltetitia;
833 1057 928 1121 ita,
949 1071 980 1113 e
1001 1057 1301 1124 contrario,
1319 1057 1364 1112 si
1376 1056 1694 1114 obedientes

102 1150 151 1207 ei
184 1167 295 1206 non
328 1149 631 1217 fuerimus,
662 1151 1055 1219 contristatur,
1086 1151 1210 1223 quia
1239 1167 1345 1207 non
1379 1151 1541 1208 habet
1566 1166 1694 1223 pro-

101 1248 301 1301 tectum
328 1245 381 1301 in
411 1244 565 1302 nobis
593 1261 609 1310 ;
643 1245 757 1300 vult
806 1248 951 1301 enim
979 1261 1080 1302 nos
1106 1247 1379 1317 pertinere
1407 1247 1474 1301 ad
1506 1248 1690 1302 vitam.

100 1337 217 1395 Non
247 1350 429 1395 tamen
458 1339 536 1395 sic
563 1340 934 1407 contristatur,
974 1350 1033 1396 ut
1059 1343 1320 1412 patiatur,
1352 1340 1552 1412 quippe
1571 1356 1694 1397 cum

101 1431 457 1504 impassibilis
486 1432 593 1489 sit:
638 1433 734 1489 sed
784 1449 907 1489 cum
954 1449 1080 1491 eum
1106 1434 1490 1490 contristatum
1517 1435 1649 1491 dicit
1679 1476 1695 1503 ,

102 1528 274 1583 nostri
298 1540 467 1582 causa
494 1527 598 1582 hoc
627 1526 927 1594 signiﬁcat;
957 1528 1080 1598 quia
1108 1527 1318 1584 deserit
1339 1544 1442 1584 nos
1462 1544 1529 1584 eo
1552 1527 1699 1600 quod

103 1623 412 1681 laeserimus
425 1639 575 1690 eum,
589 1623 991 1680 contemnendo
1011 1624 1216 1680 monita
1239 1624 1379 1695 ejus.
1393 1625 1699 1681 Contrista-

107 1716 181 1772 tio
210 1716 398 1788 itaque
426 1716 545 1787 ejus
573 1715 869 1789 indignitas
910 1730 1101 1774 nostra
1131 1728 1236 1785 est,
1267 1734 1387 1788 qna;-
1417 1718 1558 1775 ﬁlios
1596 1732 1700 1775 nos

1795 495 2037 551 imitator
2065 506 2172 553 est.

1867 588 2047 660 (Vers.
2081 591 2165 660 2.)
2196 590 2265 646 Et
2289 594 2546 651 ambulate
2574 598 2627 652 in
2650 599 2950 671 dilectione,
2992 607 3123 661 sicut
3161 605 3398 665 Christus

1795 682 1977 738 dilexit
2010 702 2124 751 nos,
2158 698 2205 740 et
2231 688 2452 746 tradidit
2491 693 2823 766 semetipsum
2846 714 2939 767 pro
2981 701 3127 756 nobis
3172 701 3402 761 hostium

1795 784 1843 830 et
1868 775 2179 833 oblationem
2206 778 2317 835 Deo
2346 782 2399 836 in
2430 785 2640 839 odorem
2665 790 2957 845 suavitatis.
2990 792 3143 849 Sicut
3172 795 3264 851 Dei
3294 796 3403 853 Pa-

1798 869 1896 925 tris
1926 869 2235 929 imitatores
2264 888 2366 930 nos
2397 890 2521 932 esse
2549 878 2664 933 vult
2694 880 2748 935 in
2780 881 3118 954 benignitate
3148 894 3205 943 et
3234 889 3402 946 mise-

1795 960 2145 1029 ricordia,ita
2168 973 2223 1021 et
2250 966 2452 1022 Christi
2478 967 2571 1024 ﬁlii
2598 970 2715 1042 ejus
2743 972 2797 1028 in
2824 974 3155 1045 dilectione;
3178 991 3235 1035 ut
3257 982 3405 1038 sicut

1796 1053 1889 1109 ille
1916 1053 2109 1111 dilexit
2139 1072 2257 1124 nos,
2291 1059 2520 1115 tradens
2548 1076 2609 1117 se
2638 1079 2738 1132 pro
2776 1066 2953 1135 nobis,
2992 1070 3066 1124 ita
3097 1080 3149 1127 et
3176 1088 3275 1130 nos
3308 1076 3398 1131 in-

1798 1146 1969 1202 vicem
2017 1165 2114 1217 pro
2170 1150 2331 1207 nobis
2370 1154 2537 1208 etiam
2585 1158 2796 1213 animas
2828 1174 3033 1229 ponere
3080 1164 3400 1223 debeamus.

1796 1239 1953 1308 Quod
1991 1243 2158 1297 etiam
2189 1243 2433 1301 Joannes
2476 1249 2763 1316 apostolus
2794 1251 2957 1318 dixit,
2991 1257 3250 1326 exemplo
3300 1259 3409 1314 Do-

1799 1333 1929 1389 mini
1986 1349 2084 1405 pro
2133 1334 2394 1393 fratribus
2444 1341 2657 1397 animas
2713 1343 2996 1412 ponendas
3042 1347 3097 1415 (l
3128 1347 3290 1404 Joan.
3321 1368 3405 1419 ιιι,

1803 1426 1915 1497 16).
1949 1429 2003 1484 Si
2038 1431 2225 1500 itaque
2250 1430 2455 1488 Christi
2486 1450 2634 1491 mors
2666 1436 2720 1491 in
2750 1438 2980 1495 odorem
3008 1444 3293 1499 suavitatis
3324 1457 3413 1503 est

1801 1519 1935 1585 Deo,
1970 1532 2202 1579 mortem
2229 1523 2348 1595 ejus
2376 1525 2609 1583 libenter
2642 1528 2782 1585 Deus
2804 1533 3033 1604 accepit.
3062 1534 3216 1602 Quod
3238 1536 3285 1593 si
3308 1552 3408 1594 ve-

1800 1626 1920 1666 rum
1946 1622 2062 1679 est,
2092 1629 2199 1668 non
2244 1628 2611 1684 peccaverunt
2648 1621 2739 1689 qui
2779 1621 2930 1677 illum
2969 1626 3265 1682 secundum
3310 1627 3413 1685 Dei

1798 1705 2135 1763 voluntatem
2153 1708 2561 1766 cruciﬁxerunt.
2586 1711 2692 1768 Sed
2716 1729 2823 1770 non
2848 1716 2921 1771 ita
2949 1726 3049 1784 est,
3076 1720 3201 1789 quia
3249 1718 3414 1778 Chri-

102 1809 197 1865 Dei
226 1808 485 1880 prohibe;
511 1810 811 1880 appellari;
844 1810 959 1881 ipse
986 1811 1131 1865 enim
1164 1818 1250 1866 εει
1277 1810 1511 1880 spiritus
1544 1826 1704 1867 sane-
1731 1808 1778 1870 Β
1807 1806 1923 1851 stus
1954 1796 2063 1853 Deo
2093 1813 2153 1855 se
2180 1799 2380 1855 dicitur
2421 1801 2703 1871 obtulisse,
2735 1805 2864 1861 dum
2894 1810 3066 1865 occidi
3113 1827 3171 1865 se
3218 1827 3413 1882 passus

103 1910 209 1965 tus.
236 1912 261 1940 ι
284 1903 383 1974 qui
409 1902 711 1959 sanctiﬁcat
742 1904 883 1960 ﬁlios
914 1905 1038 1971 Dei,
1070 1920 1299 1961 manens
1322 1907 1376 1961 in
1409 1906 1587 1961 nobis.

172 1996 359 2068 (Vers.
389 1994 505 2068 Si.)
542 1995 722 2051 Omnis
748 1998 1064 2064 amaritudo,
1095 2006 1143 2053 et
1167 1999 1270 2065 ira,
1296 2009 1344 2053 et
1374 1998 1661 2072 indignatio
1681 2039 1698 2066 ,

103 2102 149 2148 et
179 2092 403 2158 clamor,
435 2101 481 2146 et
510 2091 828 2158 blasphemia
855 2095 1126 2162 auferatur
1150 2111 1183 2147 a
1232 2092 1373 2147 vobis
1402 2109 1520 2147 cum
1561 2093 1703 2149 omni

105 2186 323 2239 malitia.
356 2184 548 2240 Omnia
573 2183 689 2241 lucc
714 2201 835 2254 qua:
862 2186 1161 2257 perniciem
1185 2195 1415 2256 possunt
1440 2196 1704 2255 praestare

101 2276 326 2345 animis,
364 2276 663 2333 amovenda
698 2287 1001 2344 memorat;
1033 2293 1133 2349 per
1160 2278 1295 2334 iram
1345 2279 1494 2334 enim
1525 2278 1586 2334 ﬁt
1615 2277 1704 2334 in-

104 2368 370 2441 dignatio,
400 2384 499 2441 per
528 2369 955 2442 indignationem
985 2372 1217 2438 clamor,
1250 2372 1402 2443 quasi
1435 2387 1542 2427 vox
1566 2373 1706 2429 insa-

106 2464 307 2519 nientis
332 2506 354 2530 ,
383 2479 503 2536 qua
530 2463 709 2521 aliena
740 2473 826 2520 est
852 2479 883 2518 a
914 2463 1012 2519 Dei
1040 2478 1204 2520 servo
1236 2482 1250 2517 :
1290 2480 1390 2536 per
1414 2464 1707 2521 clamorem

106 2556 356 2627 subrepit
384 2556 745 2627 blasphemia,
766 2572 886 2627 qua:
912 2572 1019 2611 non
1050 2565 1231 2626 potest
1257 2570 1366 2611 non
1392 2556 1531 2611 mala
1562 2569 1706 2625 esse,

105 2649 231 2706 Haac
269 2664 518 2706 amaram
552 2658 777 2721 praestat
817 2650 1022 2715 vitam,
1051 2648 1273 2704 trahens
1315 2647 1386 2704 ad
1423 2656 1657 2704 mortem
1690 2664 1707 2703 :

107 2745 337 2817 ideoque
360 2744 427 2801 ab
454 2743 538 2801 his
565 2745 819 2802 omnibus
842 2744 1179 2809 cavendum;
1214 2742 1376 2798 timor
1426 2742 1573 2797 enim
1612 2739 1711 2797 Dei

108 2846 419 2908 temperare
454 2836 616 2895 debet
645 2845 702 2894 et
746 2837 969 2892 modum
1009 2836 1292 2905 imponere
1335 2832 1713 2889 accidentibus

108 2930 302 2986 causis.
338 2929 449 2987 Sed
468 2930 593 3001 quia
623 2937 851 3000 possunt
893 2928 1059 3000 aliqui
1088 2942 1300 2999 pressa,
1329 2927 1382 2982 in
1424 2927 1607 2983 animo
1634 2927 1713 2982 ira

108 3032 161 3080 et
182 3024 453 3089 clamore,
480 3024 722 3080 retinere
750 3022 1013 3080 malitiam
1029 3022 1095 3076 ad
1110 3019 1528 3077 retributionem
1558 3027 1714 3076 nacta

107 3116 433 3184 occasione;
465 3116 669 3174 idcirco
723 3115 888 3191 245
927 3115 1157 3187 subjecit
1199 3114 1317 3171 btec
1366 3113 1569 3170 auferri
1591 3126 1714 3169 cum

1800 1897 1905 1979 est,
1935 1887 1989 1944 in
2026 1890 2118 1945 Dei
2148 1891 2323 1948 Patris
2360 1894 2442 1949 sui
2485 1896 2762 1953 voluntate
2792 1900 3125 1969 perdurans;
3154 1906 3279 1976 quia
3310 1907 3407 1979 qui

1796 1977 1941 2049 juste
1967 1982 2232 2038 occiditur
2257 1984 2473 2041 diabolo
2508 2002 2569 2043 sc
2600 1987 2831 2047 offerens
2859 2034 2874 2058 ,
2921 1995 3257 2054 voluntatem
3287 1977 3411 2070 ejus

1803 2071 1954 2138 facit,
1984 2076 2233 2131 utoccidi
2258 2090 2554 2135 mereatur.
2588 2080 2664 2137 Ita
2692 2093 2744 2137 et
2769 2083 3020 2142 Christus
3042 2088 3168 2143 dum
3198 2090 3293 2146 Dei
3318 2106 3419 2147 vo—

1804 2164 1998 2221 luntati
2020 2166 2285 2237 adhaeret,
2314 2168 2540 2226 diabolo
2567 2172 2864 2244 displicuit,
2907 2188 2963 2234 et
2988 2180 3112 2236 ideo
3136 2183 3288 2238 illum
3319 2200 3418 2240 oc-

1805 2255 1960 2326 cidit,
1989 2260 2114 2329 quia
2155 2260 2267 2317 Deo
2306 2277 2369 2319 se
2396 2264 2614 2332 obtulit,
2642 2265 2911 2335 justitiam
2945 2276 3321 2343 exsequendo.
3356 2277 3417 2334 In

1808 2350 2083 2407 oblatione
2130 2354 2275 2408 enim
2325 2354 2536 2425 justitia
2584 2358 2827 2428 signatur
2881 2371 2939 2417 et
2987 2365 3225 2434 veritas;
3274 2368 3418 2427 hanc

1807 2444 1950 2500 enim
1982 2446 2204 2515 respicit
2234 2447 2398 2516 Deus,
2426 2450 2605 2505 ethoc
2622 2462 2705 2507 est
2718 2458 2838 2522 ejus
2863 2457 3195 2515 sacriﬁcium
3212 2476 3413 2535 accep-

1812 2546 1944 2592 tum.
1981 2538 2165 2607 Itaque
2208 2540 2536 2610 immeritus,
2579 2545 2670 2613 qui
2710 2548 3000 2619 occiditur,
3044 2554 3221 2622 placet
3267 2555 3416 2624 Deo;

1811 2647 1918 2687 non
1951 2631 2076 2702 quia
2107 2632 2394 2700 occiditur,
2424 2635 2521 2692 sed
2548 2638 2673 2709 quia
2697 2656 2870 2712 usque
2913 2643 2981 2699 ad
3024 2656 3254 2703 mortem
3292 2650 3419 2721 jus-

1813 2724 1990 2780 titiam
2039 2729 2411 2784 conservavit.
2480 2730 2736 2804 Suscepit
2792 2737 2937 2791 enim
2990 2737 3130 2797 hanc
3183 2752 3418 2800 mortem

1812 2815 2061 2873 Christus
2102 2817 2169 2873 ad
2212 2819 2410 2887 vitam;
2444 2822 2589 2878 unde
2616 2834 2671 2880 et
2701 2825 2840 2882 odor
2866 2831 3150 2888 suavitatis
3178 2836 3425 2905 appella-

1814 2915 1903 2963 tur
1946 2908 2057 2965 Deo
2088 2926 2103 2964 :
2130 2910 2198 2965 ad
2244 2910 2523 2970 Romanos
2560 2925 2740 2973 tamen
2771 2919 2902 2976 dicit
2928 2922 3051 2991 quia
3089 2924 3232 2981 Deus
3264 2927 3421 2983 illum

1816 3000 2035 3058 tradidit
2082 3018 2180 3073 pro
2222 3005 2378 3060 nobis
2421 3007 2674 3064 omnibus
2714 3008 2894 3080 (Rom.
2940 3030 3071 3082 vm,
3104 3016 3217 3085 52).
3264 3017 3423 3076 Nunc

1816 3095 2169 3166 quaerendum
2210 3108 2294 3153 est
2332 3101 2607 3170 quomodo
2646 3102 2801 3161 illum
2853 3106 2997 3163 Deus
3024 3109 3275 3180 tradidit,
3323 3123 3422 3170 aut

108 3211 251 3266 omni
282 3209 526 3277 malitia;
558 3209 684 3280 quia
709 3190 817 3265 non
844 3209 1021 3265 solum
1075 3206 1458 3278 blasphemare
1510 3204 1714 3262 malitia
1742 3193 1789 3259 C
1818 3190 2094 3261 (Ιυοηιοάο
2126 3204 2185 3246 se
2218 3191 2334 3261 ipse
2373 3194 2569 3251 Obtulit
2600 3197 2742 3263 Ι)εοὶ
2776 3215 2896 3255 nam
2925 3201 3031 3260 hoc
3055 3214 3317 3275 quantum
3350 3208 3423 3265 ad

112 3310 212 3370 cst,
239 3316 437 3361 verum
465 3300 630 3358 etiam
656 3300 871 3375 ﬁngere
897 3316 1085 3373 pacem
1118 3301 1172 3357 in
1196 3299 1356 3366 facie,
1375 3297 1498 3355 etin
1528 3297 1713 3354 animo

112 3394 360 3452 meditari
387 3394 737 3451 discordiam.

182 3488 368 3560 (νει-ε.
411 3487 533 3560 32.)
563 3486 742 3543 Estote
761 3495 935 3542 autem
969 3486 1187 3542 invicem
1236 3485 1465 3555 benigni,
1508 3485 1714 3541 miseri-

116 3579 315 3646 cordes,
344 3579 597 3636 donantes
618 3580 758 3635 vobis
789 3579 1026 3645 invicem,
1050 3579 1183 3633 sicut
1221 3587 1269 3634 et
1310 3576 1453 3633 Deus
1485 3577 1539 3631 in
1565 3575 1717 3632 Chri-

116 3680 189 3727 sto
226 3673 447 3729 donavit
486 3674 645 3730 vobis.
685 3671 948 3742 Exemplo
999 3671 1095 3727 Dei
1142 3670 1322 3727 Patris
1353 3670 1617 3739 benignos
1660 3676 1716 3725 et

116 3764 507 3822 misericordes
548 3765 781 3821 invicem
829 3764 948 3821 ﬁeri
977 3762 1325 3831 exhortatur,
1357 3763 1498 3820 sicut
1523 3772 1579 3818 et
1610 3760 1717 3818 Do-

116 3857 290 3913 minus
323 3875 338 3913 :
372 3856 573 3925 Estote,
613 3856 811 3929 inquit,
865 3855 1254 3920 misericordes.
1285 3864 1342 3910 ut
1385 3854 1579 3909 similes
1604 3855 1717 3910 sitis

119 3948 292 4005 Patris
332 3949 524 4016 vestri,
553 3950 642 4019 qui
686 3950 743 4004 in
770 3949 913 4006 caelis
939 3960 1011 4005 est
1042 3948 1197 4020 (Luc.
1230 3962 1307 4014 vr,
1348 3945 1463 4017 36).
1491 3945 1549 4003 Si
1570 3946 1715 4003 enim

120 4044 383 4103 Dominus
415 4061 512 4117 per
556 4045 755 4103 Filium
787 4061 946 4103 suum
992 4060 1275 4101 servorum
1312 4043 1567 4099 misertus
1596 4050 1714 4109 est;

118 4147 317 4209 quanto
346 4140 522 4210 magis
550 4139 693 4195 servi
719 4138 825 4210 ipsi
847 4137 1076 4194 invicem
1104 4137 1188 4193 sui
1214 4136 1417 4193 debent
1445 4134 1712 4205 misereri,

120 4239 173 4289 et
193 4231 423 4301 donare,
453 4232 500 4289 si
534 4232 673 4289 alter
698 4232 752 4288 in
778 4232 1012 4289 alterum
1041 4230 1261 4304 peccet?
1293 4231 1420 4287 Haec
1449 4239 1717 4301 praecepta

120 4326 239 4397 ejus
267 4334 421 4394 sunt,
448 4325 540 4396 qui
572 4326 865 4382 miseratus
890 4333 976 4382 est
1006 4342 1019 4379 :
1048 4325 1141 4397 qui
1161 4323 1209 4380 si
1238 4325 1292 4380 in
1324 4323 1410 4379 his
1437 4332 1719 4395 contemp-

124 4426 206 4473 tus
252 4415 441 4484 luerit,
490 4416 608 4475 sine
657 4416 823 4474 dubio
877 4416 1156 4474 revocabit
1209 4415 1566 4483 sententiam,
1622 4429 1719 4487 per

121 4524 281 4580 quam
318 4508 748 4567 misericordiam
792 4508 1065 4583 dederat:
1104 4517 1161 4566 et
1207 4508 1282 4564 ita
1306 4508 1547 4576 eveniet,
1577 4508 1719 4565 sicut

1816 3283 1983 3338 verba
2013 3284 2280 3355 pertinet,
2315 3286 2531 3343 videtur
2560 3293 2914 3349 contrarium.
2949 3294 3096 3351 Deus
3130 3298 3286 3355 illum
3312 3310 3427 3357 tra-

1815 3372 2021 3431 didisse
2056 3375 2282 3445 dicitur,
2313 3377 2442 3433 dum
2470 3378 2625 3437 illum
2654 3384 2827 3440 occidi
2860 3387 3139 3456 permisit,
3172 3390 3316 3448 sicut
3341 3392 3427 3449 di-

1814 3466 1888 3523 cit
1916 3468 2178 3526 Dominus
2215 3469 2283 3525 ad
2325 3471 2558 3529 Pilatum
2594 3494 2607 3530 :
2637 3473 2762 3531 Non
2787 3479 3000 3535 haberes
3038 3483 3310 3539 adversum
3341 3503 3427 3543 me

1816 3570 2114 3628 potestatem
2133 3602 2147 3628 ,
2173 3563 2272 3617 nisi
2293 3563 2420 3620 data
2441 3566 2532 3621 tibi
2551 3579 2680 3622 esset
2697 3568 2921 3641 desuper
2947 3572 3129 3645 (Joan.
3155 3592 3242 3631 ιιι
3263 3618 3279 3643 ,
3308 3577 3422 3645 ii).

1816 3649 1948 3705 Data
1975 3662 2057 3708 est
2084 3654 2226 3709 enim
2259 3656 2333 3721 ei,
2364 3657 2463 3712 sed
2494 3660 2716 3728 volenti,
2751 3672 3014 3732 potestas,
3040 3667 3145 3725 hoc
3164 3676 3269 3735 est,
3295 3684 3424 3740 per-

1816 3743 2042 3800 missum
2054 3754 2139 3801 est
2159 3746 2240 3802 illi
2258 3746 2439 3805 facere
2465 3751 2608 3821 quod
2632 3754 2821 3819 voluit,
2848 3767 2903 3811 et
2926 3756 3030 3813 hoc
3057 3767 3143 3814 est
3166 3760 3416 3818 tradere:

1815 3835 1943 3893 dum
1975 3840 2124 3895 enim
2153 3840 2485 3909 dissimulat,
2517 3844 2711 3912 tradit;
2737 3846 2785 3903 si
2815 3848 2961 3904 enim
2992 3850 3262 3909 noluisset
3289 3868 3421 3924 per-

1816 3933 2062 4003 mittere,
2108 3952 2216 3993 non
2260 3936 2454 3993 fuisset
2492 3940 2725 3997 occisus.
2780 3941 3034 3999 Permisit
3056 3960 3189 4017 ergo
3236 3947 3418 4003 occidi

1816 4042 1962 4096 eum,
1982 4026 2079 4083 sed
2097 4028 2165 4085 ab
2176 4029 2255 4084 eis
2266 4028 2356 4100 qui
2376 4045 2498 4086 eum
2519 4032 2773 4089 volebant
2793 4050 2897 4090 non
2917 4045 3127 4104 coacte,
3141 4036 3238 4094 sed
3255 4052 3424 4110 spon-

1819 4130 1870 4177 te
1891 4120 2162 4178 occidere.
2186 4121 2303 4179 Non
2326 4138 2457 4196 ergo
2481 4125 2752 4182 immunes
2773 4142 2803 4182 a
2825 4143 2982 4199 paena
2998 4139 3146 4196 sunt,
3165 4131 3292 4201 quia
3312 4130 3422 4189 hoc

1815 4213 1896 4270 eis
1938 4213 2260 4281 permissum
2302 4223 2406 4284 est,
2450 4216 2594 4287 quod
2637 4218 2926 4287 volebant;
2957 4220 3231 4277 damnatio
3269 4220 3421 4281 enim

1818 4305 1871 4360 in
1902 4320 1970 4362 eo
1995 4307 2275 4376 competit,
2293 4307 2416 4378 quia
2439 4310 2750 4368 voluerunt.
2772 4312 2926 4383 Quod
2943 4313 3067 4372 ideo
3093 4324 3271 4373 tamen
3292 4333 3422 4390 per-

1819 4395 1967 4452 misit
1991 4396 2152 4463 Deus;
2170 4398 2296 4469 quia
2324 4399 2483 4455 scivit
2504 4401 2664 4458 iStum
2688 4402 2714 4442 ι)
2736 4404 3025 4463 adversum
3045 4407 3319 4465 diabolum
3338 4410 3421 4465 fu.

1822 4497 2001 4545 turum
2024 4505 2124 4561 pro
2146 4491 2352 4548 multis.
2373 4493 2601 4567 Dignum
2623 4497 2768 4554 enim
2792 4498 2974 4557 fuitut
3000 4502 3143 4573 quod
3167 4502 3423 4561 inimicus

124 4602 197 4658 ait
230 4602 493 4660 Dominus
519 4604 571 4659 in
599 4603 894 4676 Evangelia
922 4603 992 4660 de
1010 4581 1211 4675 coqui,
1252 4602 1528 4676 accipiens
1553 4618 1583 4656 a
1614 4601 1706 4658 Do-

1824 4581 2159 4651 impruescius
2185 4581 2490 4642 futurorum
2517 4598 2708 4644 contra
2733 4605 2814 4656 se,
2836 4592 2990 4663 quasi
3022 4608 3121 4664 pro
3149 4608 3211 4651 se
3239 4594 3425 4653 facere

125 4694 272 4751 mino
303 4695 751 4764 misericordiam,
781 4698 836 4753 in
862 4711 1188 4754 conservum
1213 4711 1374 4754 suum
1398 4696 1601 4768 impius
1629 4696 1724 4753 de-

127 4788 425 4858 prehensus
450 4798 536 4847 est
561 4788 783 4863 (Matth.
811 4805 964 4860 xvut,
992 4791 1109 4863 33).

748 4926 981 4986 CAPUT
1032 4929 1094 4983 V.

206 5039 385 5110 (Vers.
423 5040 502 5114 ι.)
526 5039 706 5098 Estote
725 5059 847 5116 ergo
873 5043 1160 5101 imitatores
1180 5040 1299 5112 Dei,
1327 5045 1461 5099 sicut
1487 5042 1587 5113 ﬁlii
1603 5044 1727 5099 cha-

1826 4673 2071 4745 putabat,
2117 4674 2528 4746 permitteretur
2556 4680 2607 4737 ei
2629 4697 2645 4745 ;
2671 4691 2728 4737 ut
2759 4682 3237 4755 imprrescientiam
3267 4702 3425 4744 suam

1825 4767 1928 4823 sibi
1951 4770 2242 4838 imputans,
2266 4770 2392 4825 lacti
2418 4772 2501 4827 sui
2530 4774 2848 4844 poenitentia
2878 4785 3244 4849 torqueretur.
3270 4779 3431 4848 Quod

1825 4868 2007 4915 autem
2034 4857 2285 4917 Christus
2314 4861 2429 4933 ipse
2448 4878 2510 4922 se
2537 4865 2756 4935 obtulit,
2784 4878 2875 4925 aut
2901 4870 3046 4926 Deus
3072 4872 3223 4928 illum
3252 4871 3431 4928 tradi-

1827 4950 1927 5019 dit,
1956 4967 2121 5008 unum
2155 4964 2271 5020 est;
2304 4957 2432 5027 quia
2464 4958 2750 5017 amborum
2780 4978 2887 5018 una
2916 4964 3171 5022 voluntas
3194 4974 3299 5022 cst.

1902 5052 2099 5125 (Vera.
2135 5053 2216 5126 '5.)
2248 5055 2557 5115 Fornicatio
2598 5071 2794 5131 autem,
2817 5072 2866 5119 et
2895 5065 3062 5119 omnis
3101 5062 3441 5118 immunditia

133 5133 345 5189 rissimi.
380 5134 494 5193 Hoc
537 5145 624 5193 est
664 5138 807 5209 quod
849 5153 1019 5210 supra
1053 5138 1212 5203 dixit,
1245 5138 1370 5210 quia
1413 5138 1509 5195 Dei
1552 5138 1729 5195 Patris
1834 5156 1925 5202 aut
1944 5148 2188 5217 avaritia,
2219 5168 2313 5207 nec
2348 5155 2641 5211 nominetur
2666 5158 2799 5214 inter
2826 5174 2937 5226 vos,
2972 5160 3108 5215 sicut
3132 5158 3275 5212 decet
3311 5173 3441 5215 san-

134 5226 439 5320 imitatores
489 5246 613 5288 esse
660 5232 922 5304 jubemur
967 5232 1069 5289 hac
1119 5232 1533 5300 exhortatione;
1583 5242 1640 5288 ut
1687 5231 1734 5288 si
1837 5244 1967 5291 ctos.
1993 5237 2279 5298 Manifesta
2297 5254 2564 5316 suntquae
2585 5246 2737 5305 dicit.
2755 5248 2924 5317 Quam
2945 5259 3124 5306 tamen
3150 5247 3441 5320 gravisres

136 5318 605 5393 obaudiverimus,
651 5324 751 5383 ﬁlii
782 5326 881 5384 Dei
916 5325 1229 5384 cbarissimi
1273 5325 1590 5383 habeamur.
1637 5323 1737 5381 Hic
1838 5318 3441 5413 sitlavaritia,aquadissimulamus,quandotornicationi

215 5548 240 5628 ὲ
286 5541 585 5628 Vet_.hedit.
629 5562 751 5603 cum
796 5562 932 5628 mss.
978 5547 1278 5628 nonnullis,
1325 5547 1413 5620 qui
1449 5545 1744 5628 signiﬁcat;
1873 5624 1882 5628 _
1924 5563 1946 5592 ε
1972 5553 2174 5613 Eadem
2215 5556 2376 5615 Rom.
2410 5560 2568 5628 edit.,
2615 5561 2855 5627 avaritia,
2887 5564 3005 5619 hinc
3032 5566 3450 5624 animadverten-

337 5614 783 5712 gnss.
818 5622 1046 5712 aliquot.
1076 5620 1164 5693 qui
1193 5609 1404 5693 signa};
1430 5609 1626 5676 mélius
1654 5609 1746 5674 alii
1849 5609 3454 5712 eumai;quasi}:reiiiiztsgﬁigéi’ihﬁi'idiiiﬁ'giiﬁéiﬁ-

147 5687 431 5781 mshsngu‘i
459 5687 932 5781 sanctiﬁcatnetc'.
974 5763 1007 5781 μ
1192 5780 1215 5781 ἡ
1244 5687 1263 5693 ⁷
1302 5766 1377 5781 Α,
1417 5772 1446 5781 ,Α
1850 5704 1959 5781 tur,
1991 5714 2038 5781 a_
2069 5687 2173 5770 qua
2214 5687 2554 5757 nihilominus
2599 5687 3142 5781 ἀίωὶιηιιίὼέᾶξξῖἷ
3159 5687 3461 5769 ait};

221 5754 250 5794 δ
291 5754 450 5815 Rem.
477 5754 638 5830 edit.,
657 5754 928 5819 adversum
953 5763 1221 5821 diabolum
1249 5766 1585 5836 profuturum
1611 5761 1749 5818 mul-
1849 5754 1958 5835 bis,
1990 5754 2096 5826 etc:

153 5837 236 5883 ω.
430 5921 703 5991 Ps'raon.
749 5927 951 5998 XVII.
2880 5942 2957 6007 13
