3978 6310
96 339 191 399 597

94 553 336 614 agnoscat
362 544 660 607 veritatem,
688 557 805 612 quae
830 550 914 597 est
934 539 1205 596 Christus.
1236 541 1433 597 Perlidi
1456 556 1587 613 ergo
1610 551 1665 597 et

93 635 258 692 vitiosi
284 636 515 693 demersi
557 637 607 691 in
632 649 848 692 omnum
880 634 982 689 sub
1013 632 1400 704 desperatione
1428 634 1575 701 vitae,
1608 642 1666 688 ttt

95 736 362 800 resurgant
398 729 515 785 sive
558 735 845 798 emergant
873 725 1244 782 admonentur
1275 767 1288 792 ,
1337 737 1391 782 et
1426 727 1667 783 habeant

94 834 287 897 partem
335 839 458 880 cum
508 822 769 887 Christo:
800 832 861 877 ut
881 821 949 878 de
992 821 1234 878 tenebris
1280 829 1562 878 transeant
1596 822 1665 877 ad

95 918 257 974 lucem
288 928 341 974 et
368 931 398 971 a
427 924 605 973 morte
625 915 690 971 ad
725 915 912 971 vitam.

156 1011 330 1085 (Vera.
361 1012 444 1077 15,
476 1011 589 1081 id.)
631 1010 809 1067 Videte
836 1025 957 1082 ergo
984 1008 1243 1079 quomodo
1265 1020 1415 1063 caute
1440 1007 1667 1063 ambule-

92 1108 171 1173 tis,
218 1122 316 1161 non
354 1116 408 1160 ιιι
443 1104 746 1174 insipientes
774 1145 787 1169 ,
842 1104 934 1159 sed
966 1113 1024 1158 ut
1051 1104 1334 1171 sapientes,
1362 1103 1669 1157 redimentes

90 1211 309 1270 tempus,
358 1199 597 1270 quoniam
643 1198 754 1252 dies
782 1197 907 1251 mali
931 1206 1069 1251 sunt.
1105 1195 1377 1264 Quoniam
1413 1194 1667 1265 superius

89 1290 357 1363 perﬁdiam
379 1298 434 1345 et
453 1290 580 1349 vitia
608 1289 735 1344 vitzu
756 1304 785 1343 a
814 1290 907 1344 Dei
931 1289 1109 1343 servis
1139 1288 1418 1359 arguenda
1444 1287 1667 1342 manda-

87 1384 187 1449 vit,
219 1396 359 1439 nunc
402 1392 461 1437 ut
498 1381 802 1453 prudenter
826 1395 889 1437 ea
940 1381 1058 1451 ipsa
1098 1388 1405 1451 arguantur
1443 1388 1669 1451 propter

87 1475 412 1541 scandalum,
452 1474 721 1545 subjecit;
751 1484 808 1528 ιιι
836 1475 977 1529 inter
1012 1473 1249 1542 perﬁdos
1275 1474 1400 1530 cum
1435 1472 1670 1543 pruden-

87 1570 154 1627 tia
173 1568 602 1625 cenversaudum
631 1568 703 1624 sit
728 1608 742 1633 ,
800 1566 1039 1621 maxime
1064 1574 1314 1635 tempore
1344 1578 1456 1636 quo
1479 1564 1669 1635 perfidi

88 1674 321 1736 regnant,
353 1672 746 1735 prasumentes
790 1661 860 1716 de
900 1675 1033 1731 rege
1060 1659 1319 1730 profano;
1352 1668 1410 1714 ut
1445 1658 1493 1713 si
1520 1657 1672 1714 vide-

87 1759 151 1815 rit
174 1757 498 1815 christianus
520 1756 825 1828 inquietum
858 1767 911 1811 et
939 1752 1263 1811 iracundum
1296 1754 1672 1810 contradicto~

1019 327 1520 397 COIlMEN'l‘ABlA
1560 331 1627 393 ΙΝ
1666 327 1887 393 EPIST.
1931 332 2022 391 AD
2062 330 2421 397 EPHESIOS.

98 462 193 517 est,
224 466 287 507 es
318 465 426 521 qua
457 461 739 522 resurgere
764 454 1178 513 commonetur;
1232 457 1293 503 ut
1334 448 1670 517 resipiscens
1700 450 1752 509 Α

3270 344 3379 407 398

1851 445 2031 517 (Vers.
2059 448 2173 521 i9.)
2198 449 2305 506 Sed
2327 450 2649 522 impleantini
2676 452 2880 525 Spiritu
2893 454 3096 527 sancto,
3112 461 3376 535 loquentes

1767 540 2165 613 nobismetipsis,
2180 544 2233 598 in
2248 545 2461 614 psalmis
2475 555 2523 601 et
2536 546 2761 619 hymnis,
2781 559 2827 605 et
2842 554 3057 610 canticis
3085 557 3377 627 spirituali-

1768 634 1883 702 bus,
1906 647 2168 693 cantantes
2196 648 2243 691 et
2271 640 2552 710 psallentes
2578 640 2631 695 in
2650 643 2894 700 cordibus
2912 648 3093 703 vestris
3109 649 3241 706 Deo.
3264 650 3375 708 Ra-

1768 729 2090 787 tionabiiem
2118 733 2287 787 vitam
2302 732 2482 806 diligit
2510 732 2745 806 Spiritus
2759 745 2978 795 sanctus
2998 755 3011 805 ;
3031 740 3157 813 quia
3172 744 3214 797 si
3238 744 3379 802 bene

1768 824 2087 895 vixerimus,
2124 826 2478 897 implebimur
2499 842 2589 897 eo,
2617 837 2674 885 ut
2696 841 2986 899 memorat,
3015 833 3083 890 ad
3106 838 3378 896 conﬁten-

1768 916 1896 972 dum
1952 929 2004 974 et
2035 919 2409 976 extollendum
2462 921 2559 978 Dei
2582 921 2785 978 donum
2818 923 3039 981 diverso
3086 926 3239 983 vocis
3280 940 3375 980 ca-

1769 1025 1940 1078 nore;
1972 1020 2034 1067 ut
2064 1012 2182 1069 laus
2215 1014 2269 1068 in
2298 1012 2469 1069 Deum
2499 1015 2649 1070 omni
2674 1016 2859 1082 lingua
2889 1026 3140 1075 canatur.
3182 1018 3241 1074 ln
3265 1032 3376 1089 quo

1770 1104 1918 1160 enim
1948 1113 2035 1161 est
2060 1097 2317 1176 Spiritus,
2353 1120 2575 1179 semper
2604 1110 2915 1180 spiritualia
2947 1112 3286 1179 meditatur;
3324 1122 3383 1167 ut

1772 1209 1880 1251 ιιοιι
1930 1198 1981 1250 in
2031 1198 2190 1254 labiis
2228 1209 2439 1255 tantum
2471 1201 2575 1267 sit,
2624 1203 2723 1259 sed
2772 1202 2841 1259 de
2867 1204 3035 1260 corde
3062 1216 3382 1277 prorumpat

1771 1300 1994 1361 propter
2052 1300 2211 1347 Vetus
2240 1293 2443 1349 dictum
2496 1294 2713 1350 Domini
2767 1309 2869 1367 per
2918 1297 3264 1368 prophetam.
3295 1296 3388 1353 Ait

1771 1386 1916 1441 enim
1945 1401 1958 1439 :
1991 1384 2153 1442 Plebs
2185 1388 2294 1443 lucc
2320 1387 2473 1443 labiis
2500 1404 2581 1444 me
2610 1388 2856 1458 honorat,
2886 1406 2975 1445 cor
3004 1400 3175 1446 autem
3206 1407 3381 1446 eorum

1771 1481 1925 1553 longe
1952 1491 2030 1535 est
2059 1497 2090 1534 a
2120 1496 2200 1536 me
2221 1480 2393 1552 (Esal.
2416 1483 2713 1554 xstx,'15).

1843 1572 2027 1640 (Vera.
2060 1572 2156 1639 20,
2182 1569 2301 1643 2i.)
2325 1572 2536 1629 Gratias
2583 1584 2789 1646 agentes
2840 1592 3040 1648 semper
3074 1594 3171 1647 pro
3216 1580 3385 1633 omni-

1770 1662 1866 1716 bus
1895 1664 1949 1717 in
1980 1665 2188 1718 nomine
2228 1663 2445 1719 Domini
2468 1669 2639 1720 nostri
2669 1664 2799 1723 Iesu
2830 1666 3025 1726 Christi
3057 1669 3170 1725 Deo
3201 1681 3249 1726 et
3282 1668 3390 1725 Pa-

1776 1757 1865 1822 tri,
1890 1756 2108 1829 subjecti
2136 1758 2351 1813 invicem
2374 1760 2430 1813 in
2456 1762 2647 1815 timore
2677 1759 2894 1818 Christi.
2928 1760 3096 1837 2&8
3118 1766 3230 1821 Deo
3256 1781 3382 1836 gra-

89 1867 214 1917 rctn,
235 1850 544 1911 dissimulet
571 1850 640 1905 ah
671 1865 766 1916 eo,
814 1861 871 1905 et
898 1865 966 1905 ne
988 1864 1111 1905 eum
1142 1848 1365 1919 quidem
1390 1847 1581 1904 incitet
1603 1847 1669 1903 ad
1702 1850 1751 1911 B
1777 1850 1877 1905 tias
1897 1849 1952 1905 in
1982 1850 2239 1906 omnibus
2262 1851 2423 1907 donis
2446 1852 2564 1923 ejus
2590 1868 2756 1925 agere
2776 1855 3054 1925 iubemur,
3088 1862 3178 1929 qui
3208 1859 3378 1915 etiam

87 1944 465 2015 blasphemiam
490 1953 544 1999 et
566 1950 947 2012 tempestatem
972 1940 1330 2007 merendam;
1361 1941 1470 1997 illic
1492 1951 1677 1997 autem

88 2036 239 2093 verba
259 2037 442 2100 faciat,
467 2036 557 2091 ubi
582 2036 742 2090 datur
768 2033 1017 2090 facultas.
1042 2033 1331 2104 Quomodo
1356 2033 1501 2089 enim
1535 2032 1679 2087 inter

95 2141 328 2201 potentes
381 2128 622 2200 perﬁdos
650 2129 1018 2199 interrogatus
1060 2128 1189 2199 quid
1222 2128 1313 2194 sit,
1352 2136 1535 2183 tacere
1569 2143 1674 2182 non

88 2224 268 2289 debet,
324 2239 427 2279 nec
451 2238 649 2294 negare
678 2222 823 2294 quod
855 2231 979 2287 est;
1014 2222 1086 2277 ita
1120 2231 1173 2278 et
1199 2222 1247 2277 si
1278 2232 1454 2277 metus
1484 2230 1573 2277 est
1597 2223 1678 2276 in-

91 2326 164 2372 ter
190 2332 280 2373 eos
320 2316 627 2387 disputare,
674 2314 1135 2371 dissimulandum
1166 2326 1284 2380 est;
1319 2315 1521 2385 quippe
1553 2328 1674 2369 cum

88 2406 459 2462 detrimentum
482 2406 554 2462 sit
575 2406 854 2486 seminare
877 2420 1041 2477 supra
1061 2406 1265 2475 spinas.
1288 2405 1401 2460 Hoc
1417 2414 1500 2461 est
1528 2404 1675 2461 enim

90 2500 375 2571 prudentis,
424 2501 568 2558 scire
607 2498 1070 2571 quemadmodum
1122 2498 1418 2569 unicuique
1448 2513 1674 2568 respon-

89 2592 224 2660 deat;
257 2604 337 2651 est
367 2594 519 2650 enim
548 2594 641 2664 qui
680 2593 932 2664 quamvis
963 2592 1203 2662 perfidus
1224 2592 1328 2659 sit,
1364 2606 1471 2646 non
1496 2603 1677 2647 tamen

90 2688 291 2757 penitus
339 2685 701 2741 intractabilis
730 2695 809 2738 est
836 2726 850 2749 ,
902 2694 959 2738 ttt
1000 2699 1101 2739 nec
1132 2682 1321 2739 audire
1351 2699 1411 2739 se
1441 2685 1678 2754 patiatur

89 2779 236 2834 verba
263 2777 413 2835 ﬁdei.
455 2776 554 2832 Est
603 2776 798 2831 iterum
829 2777 882 2830 in
915 2790 1025 2846 quo
1059 2776 1139 2831 sic
1179 2775 1352 2832 fervet
1378 2775 1527 2832 zelus
1554 2790 1680 2847 per-

90 2870 239 2936 ﬁdia,
267 2879 327 2925 ut
353 2886 470 2925 non
501 2881 711 2925 tantum
736 2886 844 2923 non
876 2885 999 2925 cum
1032 2868 1127 2924 illo
1154 2869 1249 2925 scd
1280 2884 1381 2926 nec
1411 2878 1679 2940 praesente

92 2965 176 3021 illo
199 2973 463 3021 tractetur
488 2964 559 3019 de
583 2964 717 3029 lide;
749 2972 1130 3033 perstrepente
1156 2966 1301 3019 enim
1321 2964 1439 3030 illo,
1458 2973 1513 3019 et
1536 2965 1681 3020 blas-

95 3057 387 3127 phemante,
441 3056 631 3110 multis
681 3055 743 3111 lit
775 3055 1117 3111 scandalum.
1172 3054 1330 3111 Unde
1380 3054 1579 3111 Paulus
1624 3064 1681 3111 et

96 3148 351 3206 Barnabas
368 3164 498 3207 cum
524 3148 816 3205 adversum
842 3163 905 3205 se
930 3148 1378 3218 blasphemantes
1400 3148 1675 3215 audirent,

1777 1944 2043 2014 adeptare
2072 1958 2173 2000 nos
2198 1945 2457 2017 dignatus
2487 1956 2572 2003 est
2596 1962 2693 2019 per
2720 1946 2999 2005 Christum
3024 1950 3225 2008 Filium
3258 1968 3389 2023 pro—

1779 2036 1955 2105 prium
1975 2078 1989 2103 ,
2020 2052 2119 2107 per
2146 2052 2307 2108 quem
2334 2039 2689 2111 cognovimus
2711 2056 2836 2097 eum
2863 2083 2878 2109 ,
2921 2050 2975 2097 et
3000 2042 3293 2099 didicimus
3326 2045 3381 2100 in

1777 2128 1981 2200 Spiritu
2005 2130 2171 2186 Deum
2202 2132 2352 2203 (quia
2380 2131 2521 2189 Deus
2541 2133 2769 2203 spiritus
2796 2133 2904 2207 est)
2924 2134 3287 2204 adorandum,
3307 2137 3390 2191 al-

1780 2230 1862 2277 ter
1888 2223 2048 2279 alteri
2080 2238 2138 2279 Se
2170 2224 2471 2295 subjiciens
2502 2238 2727 2297 propter
2756 2229 3009 2284 timorem
3045 2229 3271 2295 Christi,
3298 2230 3393 2300 qui

1780 2312 2146 2369 humilitatem
2188 2315 2598 2384 exscquendam
2639 2314 2917 2372 inundavit
2955 2317 3139 2389 (Joan.
3174 2336 3248 2387 tv,
3271 2318 3391 2391 Ἡ).

1852 2406 2039 2475 (Vers.
2063 2407 2157 2471 22,
2187 2408 2281 2475 25,
2310 2406 2429 2478 24.)
2465 2406 2713 2465 Mulieres
2736 2410 2859 2463 viris
2876 2411 2983 2465 suis
3014 2411 3237 2467 subdita:
3258 2414 3386 2481 sint,

1780 2500 1917 2554 sicut
1950 2498 2172 2554 Domino
2190 2516 2210 2566 ;
2241 2501 2480 2571 quoniam
2510 2502 2588 2555 vir
2616 2511 2775 2573 caput
2801 2512 2876 2557 est
2897 2504 3154 2571 mulieris,
3185 2506 3315 2559 sicut
3341 2516 3387 2559 et

1779 2590 2017 2647 Christus
2038 2601 2198 2660 caput
2219 2601 2295 2647 est
2323 2590 2591 2661 Eceleaite,
2612 2595 2724 2666 ipse
2754 2594 2986 2649 salvator
3016 2596 3221 2667 roporis
3251 2600 3381 2669 ejus.

1784 2684 1891 2739 Sed
1920 2693 1974 2739 ut
2007 2684 2248 2739 Ecclesia
2284 2684 2519 2758 subjecta
2554 2696 2629 2740 est
2659 2684 2869 2741 Christo
2895 2729 2909 2753 ,
2954 2688 3033 2742 ita
3066 2698 3113 2743 et
3142 2688 3387 2744 mulieres

1778 2778 1903 2832 viris
1916 2779 2024 2833 suis
2036 2778 2260 2834 subdin
2270 2780 2372 2833 sint
2389 2780 2443 2834 in
2460 2780 2718 2835 omnibus.
2745 2780 2999 2837 Mulieres
3016 2782 3250 2838 subdita:
3266 2796 3389 2839 esse

1779 2869 1915 2924 viris
1932 2872 2168 2925 naturali
2204 2871 2323 2941 lege
2345 2870 2631 2941 iubentur,
2662 2870 2785 2941 quia
2820 2873 3066 2929 mulieris
3092 2884 3285 2930 auctor
3305 2876 3389 2930 vir

1781 2973 1867 3021 est
1884 2982 1897 3031 ;
1916 2966 2061 3020 unde
2080 2965 2498 3036 sicuLDomino,
2517 2967 2718 3037 inquit,
2744 2967 2814 3022 ita
2841 2968 2978 3023 viris
3001 2968 3235 3025 subdita:
3264 2984 3390 3026 esse

1776 3059 2161 3115 debent.liinc
2184 3058 2316 3115 Sara
2346 3058 2631 3115 dominum
2665 3060 2895 3116 vocabat
2930 3060 3206 3117 Abraham
3228 3061 3387 3133 (Gen.

1780 3166 1933 3217 xvtn,
1970 3151 2084 3222 l2);
2129 3151 2269 3206 sicut
2312 3150 2460 3206 enim
2496 3159 2659 3221 caput
2709 3151 2971 3211 Ecclesiae
3002 3150 3255 3209 Christus
3280 3161 3387 3221 est,

96 3241 415 3299 escutientes
438 3242 765 3298 vestimenta
795 3256 917 3307 sua,
948 3250 1299 3299 recesserunt
1324 3242 1392 3297 ab
1421 3243 1502 3297 eis
1528 3242 1671 3312 (Aet.
1705 3243 1750 3308 C
1780 3242 1853 3298 ita
1886 3253 1942 3299 et
1970 3245 2056 3299 vir
2084 3244 2351 3299 mulieris.
2388 3247 2429 3299 Α
2458 3243 2682 3301 Christo
2711 3245 2856 3301 enim
2882 3244 3127 3302 Ecclesia
3160 3249 3404 3319 sumpsit

96 3352 199 3401 snt,
229 3338 341 3409 ιιι).

160 3428 332 3498 (Vera.
366 3428 485 3500 i7.)
514 3426 644 3483 Ideo
671 3428 831 3482 nolite
852 3428 991 3499 efﬁci
1010 3426 1386 3499 ivnpradentes,
1418 3428 1506 3481 sed
1528 3428 1682 3481 intel-

98 3523 291 3592 ligentes
313 3539 429 3593 qua
447 3522 520 3577 sit
551 3522 789 3577 voluntas
823 3519 1057 3576 Domini.
1087 3521 1354 3576 Dominus
1379 3520 1537 3577 Jesus
1565 3521 1683 3593 paci

99 3616 412 3672 studendum
449 3629 574 3673 esse
601 3624 807 3671 monet.
838 3613 1021 3670 Etvas
1061 3614 1381 3670 electionis:
1408 3613 1469 3671 Si
1498 3624 1683 3685 potest,

101 3708 281 3781 inquit,
309 3713 422 3781 ﬁeri
443 3711 587 3782 quod
602 3724 666 3768 ea:
684 3711 828 3766 vobis
846 3720 943 3776 est,
964 3724 1081 3764 cum
1107 3709 1349 3763 omnibus
1390 3725 1571 3778 pacem
1596 3708 1691 3762 ba-

102 3806 253 3860 bentes
280 3804 461 3877 (Rom.
486 3820 588 3869 ιιι,
631 3806 743 3875 18).
776 3805 841 3859 Ει
884 3802 954 3859 ad
980 3802 1350 3874 LTimmheum
1399 3802 1683 3869 :Servum,

99 3897 185 3965 ait,
207 3896 415 3954 Domini
462 3914 565 3953 non
593 3906 792 3967 Oportet
830 3897 1059 3967 litigare,
1102 3895 1193 3950 sed
1224 3906 1553 3949 mansuetum
1577 3910 1688 3949 esse

102 3990 161 4043 ad
190 4008 362 4046 omnes
390 3991 459 4063 (ll
490 3990 628 4045 Tim.
652 4006 716 4057 ιι,
746 3990 863 4061 24).
890 3990 1017 4045 Haec
1046 3999 1131 4044 est
1165 3989 1418 4046 voluntas
1447 3987 1685 4053 Domini,

102 4088 155 4135 ut
193 4097 310 4151 qua:
351 4082 565 4153 agenda
618 4090 748 4136 sunt
782 4095 813 4134 a
844 4080 1019 4134 servis
1058 4078 1201 4147 ejus,
1244 4093 1368 4134 cum
1422 4078 1688 4134 modestia

103 4183 347 4244 agantur;
373 4173 715 4245 perturbatio
745 4172 892 4228 enim
915 4182 969 4227 et
993 4171 1260 4242 strepitus
1278 4213 1291 4235 ,
1322 4172 1437 4226 sive
1460 4180 1690 4226 conten-

105 4266 175 4323 tio
200 4283 318 4324 eutu
350 4268 728 4336 animositate,
759 4266 1097 4320 inimicitiam
1130 4272 1375 4335 generat.
1408 4264 1533 4319 Haec
1560 4279 1689 4335 ergo

106 4372 317 4433 propter
343 4362 632 4432 superiora
659 4359 931 4423 subdidit,
986 4358 1042 4413 in
1072 4358 1268 4430 quibus
1298 4357 1414 4413 vult
1445 4358 1543 4413 Dei
1571 4372 1691 4413 ser-

105 4468 192 4510 ves
210 4456 493 4525 corripere
516 4453 716 4509 delicta
750 4452 1032 4508 hominum
1060 4459 1406 4522 peccatorum
1432 4468 1447 4519 ;
1487 4458 1546 4505 ut
1565 4449 1693 4521 quia

105 4562 194 4617 per
224 4549 323 4605 hoc
346 4549 491 4605 solet
530 4548 663 4603 oriri
685 4545 959 4601 dissensio
993 4555 1044 4600 et
1066 4545 1207 4610 rixa,
1236 4558 1361 4599 cum
1393 4552 1694 4613 temperan-

1787 3335 2025 3401 iuitium,
2057 3336 2203 3391 unde
2226 3336 2471 3405 subjecta
2503 3345 2589 3393 est
2614 3338 2730 3406 illi;
2767 3338 2841 3394 ita
2868 3350 2922 3395 et
2948 3340 3068 3395 viro
3094 3341 3315 3409 mulier,
3342 3351 3405 3398 ut

1785 3428 2119 3485 sitsubdita.
2167 3428 2223 3484 In
2248 3444 2313 3484 eo
2360 3438 2541 3487 tamen
2586 3430 2775 3496 distat,
2808 3441 2833 3469 α
2861 3433 2986 3503 quia
3026 3434 3222 3490 mulier
3263 3450 3400 3490 con~

1787 3520 2163 3577 substantialis
2208 3522 2324 3578 viro
2370 3532 2501 3579 est:
2542 3524 2784 3579 Ecclesia
2834 3532 3016 3581 autem
3064 3527 3119 3583 in
3168 3529 3396 3585 nomine

1784 3623 1985 3686 potest,
2016 3629 2122 3670 non
2148 3616 2198 3669 in
2228 3622 2416 3669 natura
2444 3617 2759 3687 participari
2786 3616 3030 3674 Christo.

1860 3707 2043 3779 (Vers.
2090 3704 2306 3779 25-18.)
2349 3705 2458 3761 Viri
2483 3748 2498 3774 ,
2548 3708 2751 3780 diligite
2780 3726 2968 3766 uxores
2993 3721 3189 3767 vestras
3213 3752 3226 3777 ,
3258 3713 3394 3767 sicut

1789 3807 1837 3854 et
1868 3798 2103 3853 Christus
2132 3798 2315 3853 dilexit
2341 3796 2654 3866 Ecclesium,
2715 3809 2763 3855 et
2803 3803 3134 3873 semetipsum
3174 3803 3397 3859 tradidit

1789 3910 1884 3966 pro
1915 3910 2008 3959 ea;
2058 3904 2111 3947 ut
2132 3894 2279 3949 illam
2326 3894 2709 3962 sanctiﬁcaret,
2744 3896 3008 3950 mandans
3044 3913 3153 3951 eam
3184 3897 3397 3953 lavacro

1790 4002 1939 4057 aqua:
1964 3986 2019 4040 in
2048 3988 2198 4042 verbo
2226 4002 2244 4041 :
2274 3997 2330 4040 ut
2362 3985 2625 4042 exhiberet
2673 3987 2785 4057 ipse
2829 3988 2928 4041 sibi
2972 3990 3256 4059 gloriosam
3288 3989 3393 4045 Ec-

1793 4079 2005 4134 clesium
2025 4121 2038 4144 ,
2072 4092 2173 4133 non
2200 4078 2467 4134 habentem
2494 4080 2774 4147 maculam,
2809 4090 2899 4135 aut
2926 4097 3132 4152 rugam,
3164 4094 3253 4137 aut
3288 4083 3393 4139 ali-

1791 4172 1916 4242 quid
1934 4171 2236 4245 lmjusmodi
2259 4188 2276 4226 :
2305 4172 2396 4227 sed
2414 4173 2553 4229 utsit
2579 4183 2760 4229 sancta
2791 4182 2836 4229 et
2867 4173 3221 4229 immaculata.
3243 4174 3331 4231 Ita
3351 4187 3401 4232 et

1792 4262 1889 4317 viri
1917 4263 2100 4318 debent
2129 4264 2345 4336 diligere
2374 4280 2563 4321 uxores
2592 4282 2735 4320 suas.
2768 4264 3024 4322 Mulieres
3051 4283 3174 4324 esse
3196 4268 3395 4339 juben-

1794 4364 1883 4410 tur
1908 4355 2143 4411 subditae
2164 4399 2179 4423 ,
2230 4365 2288 4412 et
2343 4358 2705 4413 reverentiam
2737 4357 2941 4414 habere
2969 4359 3212 4415 virorum
3247 4378 3260 4415 :
3291 4364 3397 4419 viri

1795 4464 1925 4505 vero
1946 4450 2019 4505 ita
2036 4450 2263 4522 diligere
2288 4451 2547 4507 mulieres
2564 4466 2690 4507 suas
2710 4451 3104 4519 admonentur;
3144 4465 3203 4511 ut
3228 4457 3394 4513 etiam

1794 4544 2003 4599 animas
2032 4558 2158 4598 suas
2202 4559 2302 4615 pro
2340 4544 2450 4599 illis
2497 4556 2731 4613 ponant,
2771 4560 2933 4601 causa
2965 4546 3276 4604 dilectionis
3301 4564 3393 4607 ze-

106 4642 172 4697 tia
194 4651 246 4698 et
270 4640 692 4699 mansuetudine
736 4646 969 4709 arguant
999 4645 1345 4709 peceatores;
1383 4652 1452 4693 ne
1487 4637 1553 4691 ad
1587 4638 1693 4692 ira-
1719 4636 1769 4702 D
1797 4634 1908 4691 lum
1928 4636 2190 4693 habentes
2223 4637 2370 4692 circa
2400 4635 2651 4693 allectum
2696 4652 2885 4693 earum
2934 4646 2989 4694 et
3020 4638 3392 4709 disciplinam,

108 4735 348 4790 cundiam
381 4734 699 4806 provocati,
733 4731 976 4787 insiliant
1003 4730 1070 4786 ad
1101 4729 1275 4785 litem.
1306 4728 1541 4798 ideoque
1572 4743 1699 4799 pru-

108 4826 290 4885 denter
312 4826 463 4884 istud
486 4824 787 4882 curandum
814 4831 1026 4888 monet,
1052 4830 1110 4876 ut
1139 4822 1213 4877 sit
1244 4820 1549 4892 profectus.

174 4920 355 4992 (Vers.
383 4920 503 4991 18.)
534 4918 599 4973 Et
620 4918 781 4973 nolite
798 4915 1044 4972 inebriari
1066 4915 1183 4969 uino
1210 4956 1223 4979 ,
1250 4917 1301 4967 in
1322 4931 1424 4985 quo
1451 4923 1522 4969 est
1544 4914 1699 4969 luatu-

110 5013 202 5067 ria.
230 5012 411 5071 Sohrii
440 5020 672 5084 possunt
702 5010 907 5068 habere
938 5007 1190 5064 ﬁduciam
1213 5008 1472 5079 arguendi
1498 5023 1512 5071 ;
1558 5007 1699 5062 bona

110 5107 245 5163 enim
270 5109 619 5167 conversatio
647 5118 916 5164 terrorem
949 5104 1143 5159 incutit
1180 5100 1522 5174 delinquenti
1551 5117 1567 5156 ε
1600 5116 1701 5159 nec

111 5204 303 5273 poterit
320 5204 419 5274 qui
448 5204 698 5275 arguitur
725 5241 739 5267 ,
797 5212 993 5269 aspere
1024 5196 1166 5252 lerre
1194 5197 1320 5267 quia
1348 5194 1701 5267 reprehendi-

114 5305 225 5365 tur,
249 5298 469 5370 quando
499 5297 602 5352 scit
622 5296 884 5366 optimam
914 5290 1391 5347 conversationem
1424 5290 1700 5345 monentis

115 5405 190 5447 se.
218 5392 349 5448 Nam
385 5391 482 5447 ubi
508 5392 766 5454 ebrietas,
804 5388 876 5443 ibi
898 5395 955 5443 et
974 5385 1186 5441 luxuria
1214 5392 1335 5440 est:
1367 5384 1577 5439 luxuria
1609 5399 1702 5440 ve-

115 5495 177 5536 ro
199 5494 462 5553 provocat
496 5482 910 5554 turpiwdinem.
958 5476 1329 5547 Quamobrem
1368 5476 1582 5532 sobrios
1608 5491 1705 5533 eos

119 5583 521 5649 «accusauit,
538 5591 596 5637 ut
618 5583 780 5636 beate
796 5575 1237 5633 conversationis
1250 5574 1371 5646 jura
1389 5580 1699 5630 serventur.

186 5753 216 5793 ι
245 5744 377 5827 Yet;
393 5747 531 5809 edit.
557 5764 633 5827 ac
681 5763 819 5807 mss.
855 5746 1097 5827 aliquot,
1132 5742 1476 5827 quia.an
1494 5741 1710 5827 consub-

129 5819 482 5945 δςαηιιὶρὶβοιῐι
512 5819 687 5877 edit...
719 5814 1183 5884 consubstantiva';
1205 5816 1298 5873 alii
1318 5829 1476 5885 mss.,
1500 5814 1719 5871 consub-

136 5902 156 5941 s
181 5905 243 5943 an
266 5906 314 5945 ta
336 5908 405 5945 ts.

1800 4736 1856 4784 ttt
1902 4729 2172 4799 religiosa:
2200 4737 2256 4785 et
2285 4738 2489 4785 sancta:
2524 4730 2653 4784 sint.
2684 4728 2711 4768 ιι
2743 4729 2915 4786 Suum
2961 4747 3151 4801 corpus
3198 4733 3393 4805 diligit,

1798 4823 1886 4893 qui
1909 4838 2120 4877 uxorem
2143 4838 2289 4877 suam
2311 4822 2504 4896 diligit.
2529 4822 2779 4879 Naturali
2804 4824 3021 4881 ratione
3043 4825 3243 4881 mulier
3273 4841 3399 4895 por-

1799 4915 1876 4970 tio
1903 4916 2153 4984 corporis
2191 4914 2293 4971 viri
2324 4922 2409 4971 est
2430 4957 2444 4981 ,
2500 4931 2562 4971 ac
2585 4931 2687 4987 per
2712 4916 2817 4972 hoc
2858 4917 2944 4972 vir
2980 4919 3032 4973 in
3079 4918 3307 4974 muliere
3338 4934 3399 4973 se

1799 5006 1976 5078 ipsum
2023 5008 2232 5078 diligit;
2283 5008 2558 5079 quomodo
2607 5009 2653 5064 si
2692 5011 3022 5075 lornicetur,
3051 5010 3105 5065 in
3136 5011 3398 5080 seipsum

1799 5109 2012 5173 peccat,
2066 5101 2192 5172 quia
2233 5101 2340 5156 duo
2366 5102 2417 5156 in
2468 5119 2633 5159 carne
2660 5119 2767 5159 una
2795 5113 2944 5160 sunt.
2973 5102 3090 5158 Non
3118 5117 3249 5173 ergo
3273 5118 3399 5173 per«

1802 5208 1955 5250 seum
2003 5195 2373 5250 substantiam
2416 5196 2709 5265 dividunt,
2759 5208 2816 5253 ut
2858 5213 2957 5269 per
2999 5210 3263 5267 personas
3302 5211 3409 5252 nuo

1803 5304 1989 5346 merus
2018 5289 2111 5345 fiat
2140 5298 2350 5346 natura:
2380 5309 2392 5343 :
2421 5292 2517 5347 sed
2540 5299 2669 5345 sunt
2695 5292 2746 5346 in
2772 5292 2980 5346 unitate
3011 5300 3245 5346 naturas.

1877 5383 2063 5455 (Vers.
2094 5383 2212 5455 29.)
2241 5383 2407 5440 Nemo
2422 5386 2562 5439 enim
2590 5399 2833 5454 umquam
2865 5399 3070 5436 carnem
3092 5398 3241 5437 suam
3270 5383 3406 5454 odit,

1807 5479 1897 5534 sed
1918 5480 2080 5533 nutrit
2108 5488 2153 5534 et
2176 5481 2229 5551 fo
2250 5489 2310 5534 ‘et
2340 5496 2449 5534 eam
2470 5479 2603 5533 sicut
2629 5485 2674 5532 et
2701 5474 2933 5531 Christus
2956 5474 3265 5533 Eeclesiam.
3294 5476 3408 5535 Ex-

1807 5573 1991 5644 emplo
2012 5573 2319 5631 Salvatoris
2337 5573 2488 5629 viros
2505 5584 2704 5629 uxores
2725 5585 2855 5626 suas
2877 5569 3107 5644 diligere
3123 5570 3407 5631 hortatur:

1894 5739 1921 5781 ι
1952 5739 2113 5797 Rom.
2144 5742 2277 5819 edit.
2317 5740 2459 5805 sola,
2509 5737 2582 5819 Se
2620 5738 2790 5808 ipsum
2816 5735 3009 5818 diligit.
3278 5753 3419 5794 vero

1983 5821 2099 5869 ant.
2133 5812 2266 5871 edit.
2301 5826 2362 5870 ac
2391 5811 2578 5883 paucis
2612 5822 2742 5863 mss.
2773 5811 3017 5877 quoniam
3043 5812 3087 5869 si
3112 5811 3418 5885 fornicetur.
