3978 6310
595 311 701 372 399

1486 300 1581 359 AD
1607 296 1842 360 OPERA
1882 298 2127 361 SANCTI
2167 297 2493 362 AMBROSII
2529 300 2904 362 APPENDIX.
3723 309 3794 370 too

588 428 729 483 sicut
756 423 1004 482 Christus
1035 432 1060 460 ει
1100 432 1297 492 corpus
1333 433 1490 476 suum
1527 420 1701 476 nutrit
1724 427 1785 487 et,
1817 419 1997 487 fovet;
2030 422 2101 476 ita
2126 428 2181 476 et
2206 422 2256 483 Α
2286 428 2346 475 ιιι
2374 420 2712 477 discerneret
2733 421 2876 477 inter
2903 418 3159 477 mandata
3183 432 3306 493 quae
3323 420 3392 477 ad
3422 418 3603 489 Deum,
3628 430 3677 479 et
3695 423 3796 482 inter

586 519 667 574 vir
694 519 1002 583 mulierem,
1034 514 1157 586 quia
1188 528 1319 570 caro
1349 514 1468 584 ejus
1496 523 1603 570 εει.

656 612 837 683 (Vers.
870 609 985 675 50.)
1019 608 1277 676 Quoniam
1317 607 1548 663 membra
1590 622 1765 662 sumus
1792 607 2023 678 corporis
2046 607 2179 674 eius,

580 714 629 759 et
656 704 719 759 de
748 720 901 757 carne
922 702 1084 773 ipsius
1106 743 1120 769 ,
1154 710 1203 757 et
1232 701 1295 755 de
1324 700 1525 756 ossibus
1552 700 1686 772 ejus.
1726 700 1843 756 Hoc
1867 699 2184 772 spiritaliter

578 794 995 864 intelligendum
1028 801 1149 859 est;
1184 791 1309 848 ideo
1338 793 1484 847 enim
1506 791 1643 848 dixit
1665 807 1763 849 nos
1785 807 1909 848 esse
1937 792 2182 848 membra

579 888 729 959 ejus,
781 888 907 959 quia
956 897 1119 959 caput
1165 896 1251 942 est
1278 887 1397 956 ipse
1428 886 1594 942 totius
1638 886 1940 951 Ecclesiae;
1971 894 2031 941 ut
2056 887 2182 957 quia

578 997 679 1052 per
706 982 883 1053 ipsum
926 995 1053 1036 esse
1091 980 1396 1051 coepimus,
1445 988 1609 1050 caput
1652 989 1901 1034 nostrum
1946 978 2178 1046 dicatur,

578 1075 737 1149 quasi
780 1090 854 1131 ex
900 1090 1009 1147 quo
1036 1088 1200 1129 omne
1250 1086 1451 1143 corpus
1488 1071 1778 1139 subsistat;
1835 1080 1896 1126 ut
1940 1072 2184 1128 membra

579 1171 703 1241 ejus
745 1170 926 1227 omnis
973 1168 1237 1239 spiritalis
1276 1178 1532 1223 creatura
1560 1167 1633 1223 sit
1664 1184 1677 1220 :
1709 1168 1755 1222 si
1790 1177 1969 1224 tamen
1998 1167 2055 1223 in
2085 1180 2185 1223 no-

579 1265 730 1322 mine
762 1264 879 1335 ejus
909 1278 1055 1333 genu
1085 1261 1291 1317 ﬂectat.
2172 1276 2181 1279 -

653 1357 839 1429 (γεγε.
864 1356 957 1423 Si,
986 1354 1103 1427 32.)
1132 1353 1355 1427 Propter
1378 1356 1474 1409 hoc
1516 1354 1772 1426 relinquet
1799 1354 1950 1409 homo
1982 1363 2184 1424 patrem

536 1460 537 1463 ‘
577 1461 627 1507 et
657 1461 897 1518 matrem,
938 1460 987 1504 et
1027 1448 1311 1505 adhcerebit
1362 1450 1517 1505 uxori
1559 1464 1685 1512 suae,
1737 1458 1785 1503 et
1828 1458 1977 1502 erunt
2003 1449 2106 1503 duo
2129 1449 2184 1503 in

578 1562 733 1601 carne
781 1562 885 1599 una
911 1543 1071 1615 (Gen.
1106 1560 1164 1611 ιι,
1197 1544 1313 1614 24).
1370 1543 1452 1599 Ad
1498 1544 1764 1599 unitatem
1796 1542 2186 1599 commendan—

581 1638 706 1694 dam
732 1636 955 1692 unitatis
984 1635 1137 1691 dedit
1167 1636 1521 1706 exemplum;
1576 1645 1636 1691 ut
1683 1636 1827 1691 sicut
1874 1636 1959 1689 vir
1986 1645 2042 1691 et
2068 1651 2187 1690 mu-

580 1731 690 1787 lier
722 1746 888 1786 unum
920 1739 1047 1786 sunt
1094 1744 1191 1800 per
1225 1738 1507 1796 naturam,
1542 1728 1619 1783 ita
1644 1738 1699 1785 et
1728 1728 1985 1785 Christus
2006 1740 2058 1784 et
2084 1729 2189 1784 Ec—

2286 528 2348 569 ea
2379 529 2501 583 qua:
2526 512 2594 568 ad
2627 513 2903 571 hominem
2928 514 3232 585 pertinent.
3396 590 3407 593 _

2358 605 2541 679 (Vers.
2573 606 2688 679 14.)
2729 606 2953 683 Elisos,
2983 618 3196 679 patres,
3240 609 3397 664 nolite
3440 609 3506 663 ad
3549 609 3798 666 iracundiam

2284 716 2565 771 provocare
2592 700 2729 769 ﬁlios
2755 710 2950 756 vestros
2974 717 2987 756 :
3016 702 3107 756 sed
3132 701 3347 757 (ducate
3371 702 3491 757 illos
3517 702 3569 756 in
3592 701 3801 773 disciplin:

2286 807 2331 847 et
2362 795 2685 866 correptione
2735 794 2965 850 Domini.
3016 795 3087 852 Ut
3136 795 3248 852 Lex
3292 797 3469 868 possit
3511 798 3707 860 servari.
3731 816 3801 869 qua

2285 896 2499 942 cautum
2524 894 2627 952 est,
2657 896 2717 942 ut
2744 887 2841 943 ﬁlii
2863 888 3227 945 bonoriﬁcent
3252 898 3505 960 parentes
3527 907 3541 944 :
3563 891 3805 959 parentibus

2286 995 2502 1051 quoque
2526 980 2630 1036 alia
2660 979 2772 1037 Lex
2808 980 2878 1036 ab
2905 981 3172 1052 Apostolo
3199 980 3359 1037 datur
3378 1022 3396 1051 ,
3428 991 3489 1038 ut
3515 984 3591 1039 sic
3626 984 3805 1039 imbuant

2288 1072 2449 1138 ﬁlios,
2483 1088 2551 1130 ne
2592 1074 2844 1130 mandata
2885 1073 3045 1135 Leuis
3090 1082 3477 1141 contemnant;
3503 1076 3621 1147 quia
3646 1075 3685 1130 si
3706 1077 3745 1131 in
3764 1078 3806 1131 ti-

2286 1180 2440 1222 more
2486 1164 2700 1221 Domini
2750 1166 2953 1223 fuerint
2996 1167 3252 1235 enutriti,
3286 1175 3549 1239 paterunt
3587 1167 3807 1226 observare

2288 1274 2409 1330 qua:
2438 1268 2709 1333 prtecepta
2741 1270 2887 1316 sunt.
2917 1260 3050 1317 Nam
3073 1260 3123 1317 si
3149 1262 3215 1317 ad
3241 1262 3374 1317 iram
3400 1271 3676 1333 provocant
3693 1262 3806 1329 ﬁlios,

2288 1368 2390 1408 nec
2424 1352 2529 1423 ipsi
2560 1352 2779 1409 modum
2810 1353 2971 1425 Legis
2999 1355 3345 1422 custodiunt;
3375 1370 3572 1427 cogere
3593 1356 3715 1413 enim
3747 1371 3809 1412 eos

2287 1445 2559 1513 videntur,
2589 1455 2647 1501 ut
2675 1448 3123 1516 praevaricatores
3154 1448 3520 1504 inveniantur.
3544 1446 3601 1503 In
3629 1448 3693 1503 ira
3711 1449 3808 1503 enim

2288 1553 2453 1594 nemo
2482 1541 2731 1609 agnoscit
2755 1540 2882 1611 quid
2922 1540 2991 1596 sit
3027 1539 3189 1607 utile;
3238 1540 3445 1597 idcirco
3475 1543 3809 1612 temperantiam

2288 1644 2577 1705 parentum
2626 1636 2881 1705 exemplo
2924 1635 3127 1691 debent
3165 1636 3475 1704 addiscere,
3501 1645 3557 1692 ut
3581 1652 3687 1707 qua:
3708 1637 3811 1693 utilia

2289 1735 2437 1789 sunt,
2468 1736 2770 1783 sectentur.
2801 1728 3115 1784 Meminisse
3136 1728 3281 1784 enim
3306 1728 3510 1785 debent
3532 1740 3709 1800 patres.
3728 1731 3810 1800 quia

577 1824 744 1880 clesia
796 1822 973 1878 unum'
1032 1821 1409 1893 intelligantur
1466 1836 1593 1877 esse
1649 1836 1749 1891 per
1801 1821 1985 1877 ﬁdem.
2042 1821 2350 1893 Mys-Bet
2378 1821 2480 1891 ipsi
2508 1821 2730 1878 fuerunt
2763 1821 2883 1889 filii,
2916 1832 2974 1878 ει
3000 1821 3295 1878 noluerunt
3345 1825 3532 1895 utique
3570 1824 3813 1881 exacerbati

582 1918 773 1972 terinm
804 1918 899 1970 hoc
930 1931 1175 1989 magnum
1205 1923 1316 1982 est,
1363 1930 1457 1986 ego
1487 1924 1659 1969 autem
1681 1914 1799 1969 dico
1828 1914 1879 1967 in
1907 1912 2111 1969 Christo
2139 1922 2185 1969 et

580 2014 637 2067 in
668 2011 924 2067 Ecclesia.
956 2009 1197 2081 MySterii
1229 2019 1634 2064 sacramentum
1666 2006 1872 2076 grande
1898 2008 1949 2061 in
1978 2006 2185 2062 unitate

584 2104 689 2159 viri
721 2119 784 2158 ac
806 2101 1023 2158 femina:
1073 2116 1196 2157 esse
1242 2099 1532 2172 signiﬁcat.
1565 2099 1677 2156 Nec
1706 2099 1809 2153 hoc
1840 2098 2041 2168 prodit,
2085 2098 2183 2154 sed

578 2195 742 2252 aliam
773 2210 1017 2259 causam,
1049 2210 1170 2266 quae
1202 2208 1310 2248 non
1339 2192 1616 2248 discordet
1644 2206 1675 2246 a
1708 2201 2011 2248 memorato
2037 2206 2188 2262 mys-

580 2290 720 2347 terio
747 2289 970 2361 ﬂagitat,
1004 2304 1165 2358 quam
1196 2288 1302 2343 scit
1330 2286 1396 2343 ad
1431 2286 1738 2359 profectum
1772 2286 1995 2342 humani
2018 2302 2189 2357 gene-

573 2384 656 2439 ris
686 2384 984 2455 pertinere,
1009 2382 1114 2438 hoc
1131 2391 1239 2448 est,
1264 2381 1532 2438 Ecclesiae
1558 2392 1611 2437 et
1636 2380 1969 2446 Salvatoris;
2001 2390 2059 2435 ut
2082 2380 2191 2436 sic-

579 2486 641 2533 ut
680 2478 886 2532 relictis
924 2476 1262 2547 parentibus,
1288 2473 1455 2530 homo
1487 2475 1642 2529 uxori
1673 2489 1789 2529 sua:
1818 2473 2087 2538 adhaeret,
2114 2473 2188 2528 ita

574 2578 634 2627 et
658 2570 850 2626 relicto
872 2570 1020 2624 omni
1049 2583 1258 2633 errore,
1282 2566 1529 2623 Ecclesia
1548 2565 1826 2622 adhaereat
1850 2575 1905 2622 et
1931 2564 2192 2636 subjicia~

577 2670 668 2718 tur
695 2661 862 2731 capiti
890 2676 1010 2728 suo,
1043 2660 1186 2730 quod
1214 2667 1299 2715 est
1321 2656 1590 2715 Christus.
1692 2694 1699 2717 τ

665 2757 1023 2812 Verumtamen
1047 2764 1095 2809 et
1139 2771 1227 2810 vos
1248 2754 1465 2825 singuli,
1511 2752 1862 2823 unusquisque
1886 2768 2035 2807 suam
2059 2768 2193 2806 uxo—

578 2867 686 2906 rem
716 2860 771 2904 ut
795 2865 848 2904 se
875 2847 1063 2919 diligat
1090 2863 1108 2902 :
1139 2846 1325 2900 mulier
1344 2855 1517 2901 autem
1540 2856 1595 2899 ut
1626 2845 1800 2901 timeat
1830 2845 2018 2899 virum.
2043 2843 2191 2912 Quo-

580 2944 729 2999 niam
762 2957 873 2997 una
905 2939 1177 2996 naturain
1221 2937 1342 2994 viro
1371 2949 1426 2994 et
1467 2936 1669 2995 femina
1710 2947 1835 3003 εει,
1878 2936 2088 2992 idcirco
2108 2934 2194 2990 vir

582 3034 741 3108 quasi
764 3033 1050 3104 seipsutn,
1086 3032 1157 3086 ita
1192 3030 1481 3086 mulierem
1514 3029 1749 3101 diligere
1775 3036 2192 3095 commonetur,

2290 1930 2319 1969 a
2348 1914 2631 1995 patribus.
2684 1914 2807 1971 Filii
2853 1931 3071 1987 quoque
3114 1930 3456 1987 cognoscere
3498 1916 3679 1973 debent
3716 1916 3813 1988 quod

2289 2006 2456 2062 futuri
2488 2021 2616 2064 sunt
2634 2016 2825 2082 patres
2847 2050 2862 2071 .
2890 2019 2947 2065 et
2983 2008 3191 2064 nollent
3220 2008 3545 2066 inhonorari
3573 2010 3636 2065 ab
3660 2010 3739 2065 eis.
3761 2010 3814 2065 hl-

2288 2100 2436 2156 circo
2466 2097 2681 2173 utrique
2707 2100 3003 2158 exhibeant
3031 2102 3262 2159 invicem
3284 2142 3301 2170 ,
3332 2102 3485 2174 quod
3508 2102 3755 2175 exquirunt
3771 2104 3813 2161 ab

2291 2194 2550 2251 invicem.

2363 2286 2547 2357 (Vers.
2581 2286 2664 2358 5.)
2706 2286 2876 2353 Serui,
2895 2288 3095 2343 obedite
3121 2289 3345 2345 dominis
3366 2290 3656 2346 carnalibus
3673 2290 3814 2344 cunti-

2291 2392 2434 2431 more
2449 2388 2496 2432 et
2510 2387 2728 2433 tremore
2740 2378 2794 2433 in
2810 2379 3140 2449 simplicitate
3161 2380 3332 2435 cordis
3344 2383 3505 2436 uestri
3520 2381 3642 2437 sicut
3655 2379 3813 2436 Christo.

2290 2469 2560 2539 Quoniam
2592 2473 2833 2528 omnium
2866 2458 3239 2530 sublimior‘et
3264 2475 3381 2530 sola
3429 2484 3618 2546 potens
3642 2484 3711 2531 est
3730 2474 3812 2530 reli-

2290 2565 2383 2635 gio
2415 2574 2599 2621 nostra
2624 2608 2639 2631 ,
2670 2575 2725 2621 et
2751 2582 2873 2638 qum
2902 2567 3258 2624 credentibus
3284 2569 3554 2626 caelorum
3585 2586 3723 2641 regna
3742 2570 3816 2639 pol-

2294 2654 2487 2712 licetur
2531 2674 2544 2711 :
2589 2674 2656 2712 ne
2705 2659 2806 2713 hac
2853 2659 3015 2729 igitur
3062 2674 3225 2715 causa
3267 2663 3534 2734 superbia
3578 2670 3815 2718 nasceretur

2292 2746 2609 2804 hominibus
2632 2790 2647 2815 ,
2679 2765 2872 2806 omnes
2917 2750 3100 2807 debita
3144 2752 3527 2811 conditionum
3562 2756 3641 2811 vel
3672 2754 3816 2810 officio-

2292 2857 2411 2897 rum
2462 2844 2813 2914 prtesentium
2853 2845 3117 2915 jubentur
3164 2848 3492 2915 exsolvere;
3524 2858 3581 2903 ut
3622 2856 3673 2904 et
3702 2846 3815 2918 mags

2294 2936 2521 2994 incitent
2561 2936 2891 3008 perﬁdorum
2923 2938 3137 2994 animos
3180 2939 3247 2995 ad
3285 2941 3558 2997 culturam
3587 2940 3689 3008 Dei,
3709 2953 3814 3009 quam

2295 3027 2479 3084 vident
2509 3037 2564 3084 et
2586 3027 2790 3099 justam
2817 3040 2873 3085 et
2898 3030 3179 3086 humilem.
3229 3030 3494 3089 Videntes
3521 3032 3654 3088 enim
3675 3031 3817 3087 domini

584 3127 786 3183 mulier
838 3135 1023 3181 autem
1064 3124 1190 3196 quia
1234 3137 1467 3193 persona
1517 3122 1751 3179 inferior
1798 3132 1884 3179 est
1919 3121 2195 3179 conditio—
2239 3196 2258 3198 ῃ
2297 3120 2618 3177 meliorasse
2641 3137 2856 3191 servos,
2884 3125 3018 3179 etin
3050 3124 3341 3182 reddendis
3364 3126 3637 3198 obsequiis
3654 3125 3818 3181 ﬁdeliter

586 3219 673 3275 nis
710 3233 899 3284 causa,
959 3233 1070 3273 non
1104 3226 1315 3273 natura:
1342 3258 1357 3283 ,
1406 3216 1526 3273 viro
1572 3215 1819 3287 subjecta
1848 3216 2041 3273 timere
2063 3230 2191 3272 eum
2217 3196 2265 3262 Ο
2297 3214 2625 3287 profecisse,
2671 3217 2813 3288 quod
2854 3228 3133 3274 merentur
3168 3234 3293 3275 cum
3329 3220 3487 3278 omni
3522 3196 3738 3276 libertate
3760 3233 3818 3273 ex-

590 3314 834 3385 jubetur.

1212 3379 1445 3439 CAPUT
1475 3379 1568 3437 Vl.

2294 3307 2537 3364 solvunt.
2567 3307 2721 3364 Servi
2753 3324 2972 3381 quoque
2998 3311 3128 3367 dum
3164 3322 3397 3368 cernunt
3427 3310 3816 3369 mansuetudinem

2295 3399 2665 3469 dominorum,
2702 3402 2850 3457 omni
2879 3401 3139 3460 aviditate
3165 3404 3566 3476 concupiscunt
3590 3404 3818 3469 ﬁdem,cn-

661 3497 1021 3573 (Vers.l,2.)
1047 3495 1197 3564 Filii,
1223 3496 1774 3567 obauditeparentibus
1805 3495 2193 3551 uestrisinDo—
2289 3492 2381 3563 jus
2431 3501 2539 3548 tam
2590 3494 2818 3563 placidis
2876 3495 3192 3553 retinaculis
3244 3497 3618 3569 gubernantur
3654 3496 3817 3553 humana

589 3594 750 3660 mino,
767 3593 863 3647 hoc
890 3590 1022 3646 enim
1033 3593 1237 3664 justum
1259 3597 1335 3645 est
1357 3605 1375 3643 :
1394 3587 1608 3643 Honora
1629 3598 1825 3660 patrem
1851 3598 1994 3643 tuum
2016 3597 2060 3642 et
2084 3604 2194 3643 ma-

591 3696 740 3741 trem.
769 3684 882 3741 Lex
921 3682 1085 3739 datur
1115 3682 1266 3746 ﬁliis,
1310 3690 1365 3737 ut
1394 3681 1517 3753 quia
1572 3680 1893 3752 parentibus
1951 3680 2192 3736 auctori-

587 3778 691 3835 bus
721 3783 998 3844 constant,
1055 3776 1314 3833 obediaut
1340 3775 1422 3831 eis
1442 3791 1458 3841 ;
1482 3774 1693 3846 justum
1722 3774 1868 3830 enim
1912 3782 2082 3830 estut
2107 3789 2194 3830 re-

588 3869 892 3926 verentiam
923 3866 1226 3923 exhibeant
1257 3866 1359 3933 eis,
1383 3881 1483 3937 per
1523 3880 1661 3937 quos
1692 3874 1840 3920 sunt.

661 3960 845 4033 (Vers.
884 3961 967 4032 5.)
1004 3958 1157 4027 Quod
1205 3967 1281 4014 est
1306 3958 1615 4014 mandatum
1645 3958 1871 4027 primum
1896 3956 2196 4028 promissio-

593 4056 699 4122 nis,
748 4064 807 4108 ut
836 4063 882 4107 et
905 4053 1027 4108 bene
1054 4054 1119 4107 sit
1150 4052 1240 4107 tibi
1264 4094 1280 4118 ,
1320 4062 1367 4106 et
1390 4052 1461 4107 sis
1490 4051 1755 4123 longaevus
1795 4067 1952 4123 super
1980 4061 2190 4107 terram.

593 4144 898 4201 Promissio
937 4143 1056 4200 hmc
1084 4143 1137 4198 in
1169 4142 1360 4198 Exodo
1389 4143 1703 4199 continetur
1727 4141 1928 4217 (Exod.
1954 4159 2045 4210 xx,
2078 4142 2194 4210 12),

597 4247 656 4293 ut
697 4236 988 4294 honoriﬁci
1014 4237 1129 4292 sint
1150 4244 1447 4308 parentes;
1474 4247 1535 4291 ut
1556 4236 1696 4293 bene
1727 4245 1909 4293 essent
1934 4278 1947 4304 ,
1985 4246 2040 4294 ct
2071 4250 2200 4308 pro-

592 4333 855 4388 veCtioris
900 4331 1102 4388 ﬁerent
1137 4331 1333 4386 aetatis.
1378 4330 1668 4400 Quomodo
1713 4340 1896 4387 tamen
1942 4330 2048 4386 hoc
2080 4329 2197 4401 pri-

598 4440 748 4481 mum
773 4423 937 4499 ³49
966 4425 1278 4481 mandatum
1307 4424 1481 4490 dixit;
1536 4438 1659 4479 cum
1716 4432 1933 4480 constet
1962 4424 2198 4495 primum

600 4517 915 4573 mandatum
947 4517 1019 4573 ita
1042 4516 1311 4573 contineri
1344 4534 1356 4571 :
1394 4514 1520 4572 Non
1544 4516 1649 4571 sint
1677 4515 1767 4570 tibi
1788 4516 1881 4570 alii
1908 4514 1984 4569 dii
2014 4524 2200 4586 prceter

2295 3583 2495 3642 ofﬁcia.
2547 3585 2681 3642 Nam
2723 3596 2781 3642 et
2820 3587 2914 3659 qui
2962 3588 3015 3644 in
3063 3589 3379 3647 conditione
3426 3601 3535 3661 est,
3562 3592 3606 3648 si
3645 3590 3821 3644 habuerit

2295 3675 2579 3745 famulum,
2608 3693 2715 3733 non
2740 3678 2854 3735 vult
2874 3682 3150 3736 contemni
3174 3681 3245 3737 ab
3266 3696 3367 3748 eo;
3398 3682 3626 3752 ideoque
3651 3696 3732 3738 nec
3746 3680 3821 3749 ipse

2295 3768 2458 3823 debet
2503 3777 2859 3828 contemnere
2903 3770 3187 3828 dominum
3233 3790 3392 3831 suum
3441 3794 3456 3830 :
3498 3784 3553 3833 et
3597 3776 3716 3832 sicut
3750 3771 3823 3826 vult

2297 3874 2461 3931 agere
2490 3876 2678 3918 secum
2710 3862 2993 3920 dominum
3020 3881 3200 3936 suum,
3228 3866 3301 3923 ita
3325 3878 3381 3924 et
3406 3868 3532 3941 ipse
3555 3883 3699 3942 agere
3718 3866 3824 3923 debet

2298 3968 2422 4009 cum
2453 3969 2637 4023 servo,
2665 3966 2721 4012 et
2745 3957 2824 4012 sic
2857 3959 3055 4028 poterit
3084 3958 3302 4030 placere
3333 3960 3470 4019 Deo.

2371 4046 2550 4115 (Vers.
2582 4048 2639 4116 6,
2686 4050 2740 4118 7,
2764 4050 2845 4122 8.)
2876 4051 3000 4107 Non
3047 4053 3117 4106 ad
3159 4055 3369 4110 oculum
3409 4057 3694 4122 servientes,
3728 4048 3823 4122 qusi

2302 4142 2592 4197 hominibus
2622 4142 2880 4214 placentes
2904 4160 2923 4199 :
2945 4145 3035 4199 sed
3067 4156 3121 4200 ut
3143 4146 3274 4201 serui
3300 4148 3517 4217 Christi,
3544 4149 3751 4221 [nienses
3771 4158 3824 4196 ιό-

2303 4234 2550 4292 luntatem
2576 4235 2672 4291 Dei
2694 4254 2757 4292 ea:
2775 4238 2971 4306 animo,
2997 4254 3114 4294 cum
3138 4239 3456 4313 benignitate
3480 4238 3824 4298 seruientessictl

2302 4328 2545 4396 Domino,
2568 4342 2615 4387 et
2644 4348 2748 4387 non
2778 4342 2835 4387 ut
2860 4331 3191 4401 hominibus;
3219 4334 3440 4393 scientes
3461 4337 3599 4408 quod
3625 4331 3825 4403 unusqsit'

2302 4439 2399 4493 que
2423 4424 2778 4496 quodcumque
2804 4425 2981 4497 fecerit
3011 4425 3220 4493 bonum,
3253 4424 3353 4481 hoc
3391 4419 3825 4499 consequeturaDe—

2304 4514 2464 4584 mino,
2496 4516 2601 4571 sive
2638 4532 2834 4583 seruus,
2884 4517 2986 4571 sive
3024 4517 3174 4572 liber.
3220 4516 3456 4590 Propter
3507 4518 3731 4575 timorem
3764 4512 3826 4567 Dei

602 4607 2196 4681 me.Deinde:Non{aciestibisimilitudinemullameorum,
2223 4594 2445 4678 Djusta
2490 4616 2545 4662 et
2590 4606 2774 4664 ﬁdelia
2820 4608 2939 4664 vult
2985 4607 3298 4666 hominibus
3344 4610 3589 4668 exhiberi
3634 4605 3823 4667 servilia:

605 4719 720 4774 qua:
738 4703 925 4757 suntin
946 4703 1070 4758 ctelo
1093 4719 1316 4770 sursum,
1339 4711 1390 4757 et
1410 4702 1617 4756 interra
1638 4700 1898 4756 deorsum.
1918 4698 2200 4755 Tertium:

609 4795 737 4851 Non
752 4813 921 4851 sumes
952 4812 1136 4851 nomen
1160 4793 1481 4851 DominiDei
1504 4795 1649 4855 tuijn
1666 4810 1876 4849 uanum.
1901 4792 2165 4861 Quartum
2192 4809 2205 4845 :

607 4888 934 4956 Observabis,
957 4889 1153 4961 inquit,
1174 4888 1383 4943 sabbata
1404 4904 1535 4942 mea.
1560 4886 1823 4953 Quintum
1844 4894 2030 4942 autem
2055 4901 2069 4939 :
2093 4884 2205 4939 Ha.

610 4998 742 5037 nora
763 4990 965 5051 patrem
987 4989 1037 5034 et
1060 4990 1294 5047 matrem,
1314 4988 1422 5036 etc.
1446 4978 1641 5051 (Exod.
1674 4994 1766 5044 xx,
1794 4978 1828 5033 3
1845 4989 1893 5033 et
1914 4976 2068 5049 seq).
2096 4976 2205 5033 Sed

610 5075 736 5146 quia
766 5075 940 5146 prima
968 5082 1202 5145 quatuor
1237 5072 1488 5128 mandata
1508 5071 1575 5126 ad
1598 5072 1768 5126 Deum
1786 5069 2077 5141 pertinent,
2095 5071 2212 5127 lure

607 5166 663 5223 in
691 5168 866 5239 prima
897 5166 1079 5223 tabula
1106 5165 1375 5222 contineri
1390 5162 1890 5233 subintelliguntur,
1920 5174 2119 5220 cactera
2140 5163 2210 5219 ad

610 5263 976 5337 homineni,ut
1008 5262 1242 5320 honoret
1289 5270 1565 5332 parentes,
1589 5272 1701 5314 non
1722 5256 1956 5324 occidat,
1979 5273 2088 5313 non
2102 5256 2213 5314 for-

610 5357 845 5426 uicetur,
870 5373 977 5414 non
1011 5357 1243 5423 foretur,
1275 5370 1383 5411 non
1409 5352 1604 5408 falsum
1626 5350 1996 5407 testimonium
2041 5351 2210 5419 dicat,

606 5465 789 5521 neque
825 5451 1121 5523 quidquam
1150 5448 1384 5523 proximi
1421 5446 1509 5502 sui
1541 5446 1918 5516 concupiscat.
1962 5445 2089 5502 llmc
2115 5461 2211 5502 sex

614 5542 870 5599 mandata
897 5545 951 5601 in
984 5546 1230 5604 secunda
1250 5543 1431 5600 tabula
1452 5539 1707 5598 videntur
1731 5538 1955 5610 scripta,
1985 5555 2215 5612 quorum

613 5636 852 5705 primum
870 5649 955 5693 est
977 5655 990 5692 :
1012 5638 1224 5694 Honora
1238 5648 1437 5709 patrem
1458 5645 1506 5691 et
1524 5643 1761 5689 matrem.
1782 5632 1892 5689 Hac
1909 5647 2072 5689 causa
2086 5648 2218 5706 ergo

618 5724 755 5783 dixit
789 5747 803 5782 :
837 5728 990 5795 Quod
1034 5741 1108 5786 est
1136 5733 1439 5788 mandatum
1468 5730 1696 5801 primum
1743 5726 1798 5780 in
1838 5726 2218 5797 promissione;

689 5852 714 5882 ⁸
745 5844 1007 5903 Nonnulli
1038 5861 1197 5915 mss.,
1235 5864 1367 5920 opus
1387 5862 1541 5903 suum
1565 5844 1753 5914 nutrit,
1776 5850 1885 5901 etc.

2308 4699 2420 4757 Deo
2463 4700 2609 4757 enim
2664 4700 2864 4766 servit,
2896 4700 3053 4772 cujus
3097 4701 3220 4772 jura
3265 4703 3322 4759 in
3370 4704 3643 4777 obsequiis
3684 4695 3826 4757 domini

2306 4792 2544 4847 carnalis
2569 4790 2832 4859 custodit,
2858 4808 3021 4864 quem
3046 4792 3149 4850 sibi
3178 4810 3279 4866 pro
3298 4795 3465 4866 justis
3490 4797 3687 4853 actibus
3711 4792 3753 4848 in
3772 4787 3827 4845 die

2303 4885 2493 4957 judicii
2542 4888 2719 4944 vicem
2768 4886 3037 4954 reddere,
3089 4898 3145 4945 et
3192 4890 3411 4948 caeteris
3459 4892 3696 4950 omnibus
3729 4883 3828 4942 audit

2312 4977 2519 5035 testari.
2564 4978 2696 5048 Quae
2735 4994 2824 5035 res
2870 4976 3050 5051 potest
3087 4981 3355 5052 proﬁcere
3381 4985 3548 5041 etiam
3576 4983 3638 5040 ad
3664 4980 3826 5038 salutem

2313 5068 2689 5139 dominorum;
2722 5070 2968 5127 videntes
2989 5070 3154 5139 enim,
3172 5074 3319 5145 quod
3344 5074 3567 5133 difﬁcile
3587 5083 3679 5143 est,
3700 5078 3828 5128 senos

2312 5176 2412 5234 per
2436 5162 2535 5219 Dei
2578 5162 2804 5235 gratiam
2851 5163 3024 5221 factos
3056 5163 3244 5223 ﬁdeles
3271 5168 3552 5226 ministros
3570 5210 3585 5237 ,
3611 5165 3828 5240 potuerunt

2315 5255 2410 5311 Dei
2440 5255 2670 5327 gloriam
2703 5257 3034 5315 collaudare.

2387 5347 2571 5419 (νει-ε.
2602 5348 2684 5421 9.)
2710 5349 2777 5403 Et
2806 5367 2923 5418 uos,
2972 5352 3204 5423 domini,
3233 5357 3414 5412 eadem
3459 5356 3610 5429 facile
3644 5352 3703 5409 ad
3724 5348 3827 5409 illati

2314 5445 2631 5500 remittentes
2658 5445 2824 5501 minas
2860 5462 2881 5502 :
2917 5448 3134 5505 scientes
3173 5453 3313 5522 quod
3337 5463 3386 5509 et
3412 5463 3572 5509 uester
3609 5459 3652 5507 et
3682 5445 3829 5502 illum

2316 5537 2574 5596 Dominus
2602 5552 2677 5597 est
2702 5543 2755 5596 in
2782 5543 2945 5612 caelis,
2986 5553 3038 5599 et
3073 5562 3412 5617 personarum
3454 5565 3556 5605 non
3578 5556 3647 5603 est
3666 5535 3828 5609 ααιμίθ

2318 5636 2458 5707 apud
2486 5651 2621 5691 eum.
2669 5635 2786 5691 Non
2818 5636 3130 5709 ignorantes
3175 5640 3363 5712 utique
3405 5641 3645 5698 carnales
3684 5623 3826 5691 domini

2321 5728 2491 5787 Deum
2523 5728 2769 5786 omnium
2795 5729 3080 5790 dominum
3109 5747 3233 5791 esse
3255 5748 3613 5801 communem,
3633 5728 3736 5787 talia
3755 5715 3828 5779 επί-
