3978 6310
122 315 211 373 ιοι
1047 312 1549 374 COMMENTARIA
1589 317 1657 375 IN
1696 316 1917 377 EPIST.
1959 322 2053 379 AD
2092 322 2454 382 EPHESIOS.

3293 327 3401 386 ιυι

120 434 240 499 gant
265 426 479 482 servitia
500 468 515 494 ,
547 427 724 499 qualia
751 442 778 481 a
811 444 871 485 se
915 430 1052 501 exigi
1094 445 1201 484 non
1231 428 1410 487 lerant
1436 447 1602 505 aegre.
1636 432 1693 489 In
1723 435 1777 496 Α
1799 435 2173 495 devincamus.
2206 452 2227 479 ο
2262 441 2352 498 Sic
2396 443 2578 515 itaque
2625 446 3005 515 succingemtts
3051 445 3265 502 lumbos
3301 463 3402 505 no-

123 535 220 591 qua
247 519 385 574 enim
410 519 531 589 quis
552 534 808 575 mensura
838 524 1253 588 mensuraverit,
1279 526 1597 582 remetietur
1624 527 1701 583 illi

128 612 331 686 (Matth.
372 628 473 680 vn,
504 613 591 685 l);
620 614 887 673 Dominus
929 616 1072 674 enim
1099 616 1281 689 justus
1302 620 1473 690 judex
1504 637 1701 680 causas

126 706 395 770 discernit,
424 721 530 761 non
565 722 845 777 personas.

191 800 364 873 (Vers.
391 800 508 871 10.)
535 799 613 857 De
642 810 848 871 caetero,
872 807 1079 876 fratres,
1106 806 1475 866 confortamini
1498 806 1553 861 in
1590 804 1700 862 Do-

124 898 274 962 mino,
299 904 348 951 et
367 895 420 949 in
440 895 666 964 potentia
688 896 890 951 virtutis
910 900 1047 970 ejus.
1078 906 1105 935 ⁸
1134 898 1262 954 Post
1284 899 1465 954 omnia
1495 902 1698 956 monita

122 1001 173 1049 et
198 990 555 1057 hortamenta,
584 1001 639 1046 et
667 989 973 1062 disciplinae
1003 992 1249 1049 ordinem
1283 994 1539 1050 traditum
1570 995 1697 1051 reli-

122 1085 281 1158 giose,
316 1094 371 1140 et
413 1082 819 1155 dispositionem
851 1086 1093 1157 mysterii
1138 1086 1507 1155 manifestam,
1537 1090 1701 1145 robu-

121 1192 225 1235 stos
252 1178 375 1234 illos
402 1178 515 1234 vult
549 1193 670 1236 esse
712 1178 766 1235 in
799 1179 906 1235 ﬁde
938 1180 1137 1236 fiducia
1166 1184 1447 1253 potestatis
1480 1183 1570 1239 Dei
1598 1201 1612 1250 ;
1642 1194 1701 1240 ut

119 1275 343 1331 scientes
388 1272 599 1330 ﬁrmam
644 1289 767 1332 esse
809 1291 960 1349 spem
1011 1279 1392 1347 promissionis
1417 1321 1431 1346 ,
1464 1282 1697 1352 prompti

118 1372 219 1426 sint
242 1368 383 1426 circa
409 1370 669 1443 obsequia
701 1372 795 1428 Dei
822 1414 838 1441 ,
867 1373 1141 1445 erigentes
1170 1375 1537 1447 gubernacula
1568 1393 1699 1434 con-

120 1473 194 1518 tra
228 1462 420 1519 ﬂuctus
460 1464 672 1521 excitos
702 1464 1068 1538 imprudentia
1112 1468 1341 1527 inimici.
1375 1469 1697 1541 Tempesta-

119 1564 219 1613 tem
239 1557 379 1613 enim
409 1556 503 1614 Dei
531 1558 706 1615 servis
726 1570 1062 1628 commovet,
1090 1560 1185 1616 sed
1210 1561 1328 1633 ipse
1355 1561 1696 1635 naufragium

115 1649 252 1706 facit.

179 1741 336 1816 25o
358 1742 543 1816 (Vers.
575 1745 663 1814 11,
697 1744 814 1819 12.)
846 1745 1144 1803 lnduimini
1171 1764 1259 1805 vos
1298 1767 1445 1805 arma
1476 1749 1610 1820 Dei,
1640 1764 1696 1808 ut

1800 539 1943 588 stros
1971 532 2025 589 in
2056 534 2325 603 veritate,
2351 536 2396 592 si
2442 539 2614 609 parati
2659 552 2846 595 sumus
2890 540 3072 596 errori
3114 541 3399 599 resistere.

1800 623 1991 682 Omnis
2016 627 2162 684 enim
2187 629 2281 701 qui
2309 632 2527 703 operari
2559 633 2694 699 vult,
2722 634 2998 707 subcingit
3017 651 3109 702 se;
3131 646 3189 693 ut
3217 637 3403 694 ablato

1801 720 2213 792 impedimento,
2244 724 2557 796 diligentius
2578 738 2855 798 operetur.

1872 814 2055 887 (Vers.
2091 817 2181 879 l8.
2218 817 2307 883 19,
2348 818 2468 890 20.)
2502 818 2624 874 Ῥετ
2650 837 2852 877 omnem
2889 824 3175 879 orationem
3200 834 3247 880 et
3284 842 3403 898 pre-

1801 924 1910 963 cem
1955 919 2156 966 orantes
2183 911 2235 965 in
2265 914 2406 967 omni
2448 923 2695 986 tempore,
2734 916 2790 970 in
2827 918 3009 989 spiritu
3028 960 3041 983 ,
3070 928 3120 973 et
3148 922 3200 973 in
3228 921 3400 990 ipsum

1800 1004 2072 1077 vigilantes
2104 1006 2158 1059 in
2202 1008 2344 1061 omni
2388 1010 2768 1078 perseverantia
2812 1020 2861 1064 et
2911 1011 3263 1068 obsecratione
3306 1030 3404 1086 pro

1800 1098 2034 1151 omnibus
2076 1100 2298 1165 sanctis,
2338 1109 2388 1154 et
2432 1116 2527 1173 pro
2552 1117 2633 1155 me
2646 1117 2665 1167 ;
2694 1111 2750 1156 ut
2777 1102 2928 1157 detur
2972 1102 3099 1157 mihi
3145 1121 3313 1160 sermo
3344 1107 3400 1159 in

1801 1191 2066 1260 apertione
2092 1187 2119 1228 ἀ
2150 1192 2256 1246 oris
2299 1193 2401 1247 mei
2442 1203 2611 1249 exerte
2654 1204 2832 1250 notum
2878 1194 3052 1265 facere
3095 1198 3402 1269 mysterium

1803 1282 2095 1357 Evangelii,
2139 1301 2233 1357 pro
2279 1303 2381 1355 quo
2412 1288 2667 1359 legatione
2710 1290 2904 1361 fungar
2931 1290 2987 1344 in
3014 1299 3232 1356 catena;
3264 1300 3319 1346 ut
3345 1292 3402 1346 in

1801 1378 1915 1447 ipso
1956 1389 2130 1434 exerta
2168 1380 2399 1437 libertate
2432 1390 2573 1450 utar,
2616 1394 2770 1454 prout
2814 1393 3019 1454 oportet
3048 1400 3128 1439 me
3154 1384 3313 1455 loqui.
3346 1384 3405 1441 Si

1802 1480 1950 1527 recte
1976 1486 2387 1540 conversamur,
2421 1473 2656 1546 Spiritus
2681 1485 2901 1531 sanctus
2930 1484 3117 1531 manet
3138 1480 3191 1531 in
3219 1476 3397 1543 nobis,

1801 1571 1857 1619 et
1884 1564 2025 1635 quod
2072 1554 2411 1635 postulamus
2437 1608 2450 1633 ,
2482 1580 2770 1636 possumus
2816 1567 3131 1637 impetrare.
3162 1568 3275 1623 Hoc
3320 1577 3408 1624 est

1802 1671 1932 1729 ergo
1956 1658 2007 1712 in
2032 1657 2225 1728 spiritu
2250 1660 2400 1714 omni
2424 1669 2670 1731 tempore
2691 1674 2873 1726 orare,
2894 1659 3091 1716 munda
3116 1660 3407 1717 conscien-

1802 1750 1873 1805 tia
1922 1761 1977 1806 et
2023 1750 2129 1806 ﬁde
2179 1751 2387 1823 integra
2439 1767 2657 1823 precem
2705 1752 2772 1807 ad
2820 1751 2992 1808 Deum
3039 1751 3293 1824 dirigere.
3342 1750 3404 1807 In

118 1837 312 1905 possitis
339 1846 475 1891 stare
504 1837 749 1892 adversus
794 1840 1049 1894 nationes.
1104 1842 1269 1896 Arma
1303 1842 1400 1897 Dei
1450 1843 1586 1901 ﬁdes
1609 1857 1694 1903 est
1724 1832 1773 1893 Β
1799 1860 1963 1901 carne
1993 1846 2136 1901 enim
2168 1856 2308 1914 orat,
2336 1847 2431 1917 qui
2463 1846 2665 1918 polluta
2694 1856 2874 1902 mente
2900 1855 3174 1916 precatur,
3204 1846 3401 1901 iterum

116 1927 333 1991 stabilis,
355 1944 454 1998 per
490 1946 653 2001 quam
696 1931 872 1988 solam
890 1947 1111 2006 semper
1133 1936 1307 1992 victus
1326 1946 1413 1992 est
1438 1938 1690 1995 Satanas.

120 2019 363 2089 Quoniam
376 2038 480 2077 non
502 2033 579 2079 est
602 2023 742 2079 vobis
760 2026 900 2080 lucta
921 2027 1167 2083 adversus
1190 2046 1398 2085 carnem
1414 2041 1462 2086 et
1477 2034 1693 2105 sangui-

115 2132 240 2182 nem,
263 2116 352 2171 sed
361 2118 611 2176 adversus
634 2117 976 2192 Principatus
1003 2131 1049 2177 et
1064 2120 1355 2180 Potestates
1373 2126 1526 2197 hujus
1546 2144 1695 2181 mun-

114 2210 184 2276 di,
198 2208 482 2266 hadversus
505 2216 827 2268 tenebrarum
842 2214 1029 2270 harum
1046 2227 1290 2284 rectores,
1320 2222 1567 2275 adversus
1586 2222 1697 2291 spi-

113 2303 274 2390 rivlia
293 2305 561 2373 nequitiae,
589 2321 704 2376 quae
730 2317 851 2361 sunt
874 2309 929 2361 in
953 2308 1263 2365 ccelestibus.
1291 2309 1487 2367 Certus
1514 2314 1688 2383 Apos-

112 2396 243 2450 tolus
254 2396 372 2460 quia
387 2396 581 2463 exitia,
595 2413 717 2468 quae
731 2414 758 2452 a
778 2398 1109 2469 perﬁdisDei
1127 2401 1345 2458 famulis
1361 2403 1693 2475 irrogantur,

113 2498 318 2544 auctore
338 2488 586 2557 diabolo,
611 2491 1012 2561 ministrantur,
1038 2494 1194 2565 cujus
1222 2495 1453 2552 altitudo
1477 2498 1697 2569 grandis

110 2591 161 2637 et
184 2582 489 2640 hominibus
520 2585 877 2656 impossibilis
908 2601 1019 2656 est;
1052 2600 1238 2647 monet
1278 2594 1539 2652 adversus
1582 2597 1698 2653 haec

111 2689 247 2731 arma
289 2675 381 2733 Dei
431 2680 722 2747 sumenda,
753 2682 909 2751 cujus
934 2682 1107 2738 solius
1146 2684 1343 2740 virtute
1373 2696 1698 2757 superantur

111 2778 161 2825 et
202 2770 555 2828 destruantur
603 2775 786 2829 omnia
836 2776 1273 2832 machinamenta
1321 2779 1542 2835 diaboli.
1576 2782 1697 2854 Ipse

111 2874 187 2920 est
207 2865 349 2921 enim
378 2870 541 2938 cujus
570 2870 834 2925 satellites
872 2882 1032 2938 sunt,
1060 2885 1197 2942 quos
1226 2874 1570 2929 tenebrarum
1601 2876 1697 2931 ba-

111 2970 220 3012 rum
247 2959 378 3015 dicit
407 2973 686 3029 rectores,
719 2964 945 3032 spiritus
989 2967 1343 3036 nequissimi,
1374 2968 1464 3039 qui
1494 2968 1697 3040 degunt

113 3052 160 3107 itt
188 3053 519 3121 etelestibus,
552 3054 607 3110 in
636 3054 979 3110 ﬁrmamento
1008 3058 1217 3113 mundi.
1252 3059 1313 3114 Hi
1338 3073 1463 3115 sunt
1490 3064 1698 3119 erroris

111 3143 284 3209 duces.
318 3149 675 3203 tenebrarum
723 3157 998 3217 rectores,
1030 3148 1131 3205 hoc
1159 3161 1265 3217 est,
1296 3153 1614 3222 ignorantia:
1642 3164 1698 3210 et

1797 1951 2143 2015 peccaturus,
2172 1956 2282 1997 non
2331 1944 2398 1998 de
2440 1953 2640 1998 eventu
2671 1950 2764 1996 aut
2810 1941 3182 2011 subreptione,
3210 1939 3305 1995 sed
3333 1938 3404 1995 de

1799 2033 2099 2106 preposito.
2157 2034 2262 2090 Sed
2312 2042 2494 2105 potest
2538 2049 2647 2090 non
2693 2033 2908 2104 peccari
2950 2033 3016 2088 ad
3057 2041 3322 2098 mortem,
3355 2032 3404 2087 si

1798 2137 2220 2200 perseveranter
2254 2139 2479 2193 oretur;
2510 2137 2569 2183 ιιι
2612 2130 2829 2182 animus
2867 2126 3055 2183 sedula
3095 2135 3277 2181 mente
3320 2125 3407 2179 in-

1800 2229 1985 2276 tentus
2034 2221 2107 2274 sit
2152 2235 2371 2291 semper
2408 2221 2460 2275 in
2508 2220 2603 2276 Dei
2645 2220 2864 2291 Legem,
2911 2235 2975 2274 ea
3015 2218 3285 2274 meditans
3315 2216 3407 2274 die

1799 2324 2070 2387 nocteque
2097 2330 2219 2386 qua:
2249 2324 2393 2369 amat
2438 2315 2604 2370 Deus.
2653 2315 2803 2369 Tunc
2833 2323 2889 2369 et
2917 2328 3013 2383 pro
3039 2313 3245 2368 sanctis
3278 2326 3387 2382 pos-

1798 2418 1928 2466 sunt
1955 2425 2143 2477 orare;
2192 2424 2297 2465 non
2327 2417 2412 2465 est
2456 2409 2599 2465 enim
2633 2409 2914 2480 indignum
2942 2416 3003 2462 ut
3035 2422 3135 2477 pro
3167 2406 3405 2461 invicem

1798 2505 2031 2560 sollicita
2062 2505 2172 2559 sint
2215 2505 2460 2558 membra
2502 2519 2518 2557 :
2562 2517 2664 2557 nec
2710 2500 3060 2557 temerarium
3094 2496 3292 2568 p0terit
3322 2496 3405 2551 vi-

1799 2595 1935 2661 deri,
1971 2597 2015 2651 si
2049 2612 2146 2665 pro
2201 2595 2461 2666 magistro
2512 2593 2762 2662 discipuli
2813 2591 2993 2647 idonei
3026 2589 3404 2660 interpellent,

1800 2686 2122 2757 adjuvantes
2150 2702 2274 2742 eum
2302 2729 2317 2753 ,
2346 2696 2399 2740 ut
2435 2684 2752 2756 postpositis
2790 2681 3192 2754 impedimentis
3236 2680 3409 2736 liber-

1802 2788 1911 2836 tate
1943 2788 2125 2835 utatur
2176 2780 2243 2835 ad
2292 2779 2697 2851 praedicandum
2726 2820 2739 2843 ,
2768 2778 2910 2833 sicut
2938 2776 3192 2831 traditum
3223 2784 3305 2831 est
3335 2776 3406 2831 ab

1800 2882 2060 2937 auctore;
2112 2888 2181 2928 ne
2226 2887 2447 2943 pressus
2476 2871 2527 2926 ti
2558 2871 2963 2926 tribulationum
2991 2909 3004 2933 ,
3053 2869 3166 2937 ipsa
3213 2867 3399 2922 formi-

1799 2967 1927 3023 dine
1957 2982 2189 3024 acumen
2227 2969 2488 3023 doctrinze
2521 2965 2817 3031 obtundat,
2854 2964 3054 3018 amissa
3087 2961 3405 3017 severitate.

1803 3062 2011 3129 Duplici
2062 3063 2224 3132 igitur
2264 3078 2464 3133 genere
2496 3078 2593 3133 pro
2635 3077 2695 3117 se
2735 3058 2999 3115 orandum
3031 3057 3315 3120 hortatur;
3344 3064 3406 3109 ut

1800 3165 1853 3209 et
1880 3169 2078 3209 sensus
2101 3154 2217 3224 ejus
2243 3154 2528 3223 impleatur
2549 3152 2741 3221 Spiritu
2764 3150 2830 3206 ad
2854 3147 3216 3217 cloituendutn
3244 3147 3409 3215 plene

113 3237 337 3307 perﬁdiae
380 3240 687 3311 praepositi.
735 3241 997 3297 [lectores
1045 3243 1189 3298 enim
1243 3248 1588 3302 tenebrarum
1639 3251 1691 3305 in
1722 3227 1767 3291 C
1802 3248 2150 3319 mysterium,
2200 3259 2256 3301 et
2298 3246 2527 3300 facultas
2574 3247 2647 3300 illi
2692 3246 2854 3299 detur
2900 3242 3144 3298 audacia:
3175 3243 3225 3296 in
3260 3255 3411 3297 asse-

112 3344 410 3398 perversum
441 3332 782 3406 intelligendi
806 3344 934 3391 sunt
962 3335 1299 3407 gubernare,
1332 3340 1486 3410 quasi
1522 3342 1695 3397 incre-

112 3420 338 3480 dulitatis
369 3429 640 3497 magistri.

176 3514 347 3588 (Vers.
371 3520 464 3574 15-
477 3519 595 3591 17.)
621 3520 750 3577 Ideo
766 3524 984 3594 accipite
1006 3523 1389 3579 universitatem
1410 3543 1696 3596 armorum,

118 3619 170 3662 ut
195 3613 395 3680 possitis
421 3615 665 3670 resistere
688 3615 743 3670 in
770 3618 856 3671 die
882 3617 1044 3680 malo,
1079 3628 1125 3672 et
1147 3619 1201 3671 in
1224 3622 1458 3675 omnibus
1484 3626 1698 3693 perfecti

114 3713 258 3773 stare,
282 3709 535 3763 succincti
577 3709 776 3765 lumbos
821 3722 1014 3767 vestros
1054 3713 1107 3767 in
1144 3713 1414 3783 charitate,
1452 3728 1502 3771 et
1533 3719 1701 3772 induti

117 3797 315 3855 loricam
348 3802 614 3873 justitiaz,
666 3814 714 3858 et
757 3804 973 3860 calceati
1020 3806 1175 3876 pedes
1218 3807 1273 3861 in
1322 3811 1701 3879 praeparatione

116 3890 374 3965 Evangelii
405 3896 573 3965 pacis.
608 3895 781 3966 Super
809 3897 891 3951 his
937 3900 1177 3954 onmibus
1223 3911 1542 3955 assumentes
1582 3919 1701 3956 scu-

116 3994 211 4039 tum
238 3988 399 4056 ﬁdei,
430 3989 487 4043 in
528 4006 628 4061 quo
670 3992 909 4062 poteritis
950 3993 1123 4046 omnia
1155 3991 1256 4046 tela
1285 3994 1501 4063 maligni
1538 3994 1701 4065 ignita

114 4080 426 4155 exstinguere
449 4100 467 4137 :
490 4094 535 4138 et
558 4086 758 4158 galeam
787 4087 973 4140 salutis
996 4087 1232 4157 accipite,
1264 4098 1311 4141 et
1338 4089 1569 4159 gladium
1594 4089 1702 4160 spi-

113 4171 254 4241 ritus,
281 4177 417 4245 quod
443 4189 519 4231 est
549 4178 755 4232 verbum
791 4178 908 4233 Dei.
941 4179 1205 4247 Quoniam
1246 4189 1434 4235 contra
1471 4182 1697 4236 atrocis.

116 4265 271 4323 simos
303 4271 487 4327 hostes
510 4281 561 4326 et
584 4272 731 4327 omni
764 4274 1211 4344 tergiversatione
1241 4273 1469 4329 callidos
1501 4274 1699 4330 bellum

117 4360 361 4430 gerimus,
396 4364 601 4420 idcirco
646 4366 797 4421 omni
839 4368 1050 4422 cautela
1081 4376 1135 4423 et
1162 4368 1531 4423 sollicitudine
1559 4368 1698 4439 vigi-

117 4448 222 4506 lare
249 4453 546 4523 debemus;
579 4466 638 4512 ut
669 4473 1027 4529 quacumque
1074 4460 1427 4526 tentaverint,
1461 4461 1701 4516 munitos

116 4558 209 4601 nos
236 4557 285 4602 et
321 4559 654 4621 prmparatos
686 4552 985 4607 inveniant.
1019 4551 1255 4608 Necesse
1286 4563 1369 4607 est
1394 4552 1538 4607 enim
1569 4561 1701 4608 utet

1799 3341 1992 3406 rendo,
2021 3354 2185 3409 quam
2217 3340 2404 3408 utique
2427 3353 2643 3408 precem
2674 3340 2910 3393 libenter
2932 3337 3084 3391 audit
3109 3336 3289 3399 Deus;
3324 3336 3409 3389 vi-

1799 3434 1889 3491 det
1919 3434 2063 3489 enim
2100 3433 2425 3504 legationem
2453 3446 2606 3485 suam
2646 3431 2700 3483 in
2728 3430 2993 3498 Apostolo
3035 3444 3135 3484 suo
3172 3427 3404 3496 tlespici,

1801 3526 1945 3581 unde
1982 3526 2167 3596 utique
2218 3523 2529 3595 indignatus
2580 3523 2631 3575 in
2676 3536 2836 3576 causa
2884 3538 2980 3576 sua
3031 3536 3137 3577 non
3188 3519 3411 3589 negabit

1801 3617 2074 3674 effectum.
2119 3616 2177 3673 Si
2205 3619 2349 3672 enim
2382 3615 2720 3671 consuetudo
2748 3625 2801 3670 et
2832 3614 2916 3670 lex
2950 3623 3034 3669 est
3077 3614 3267 3683 legalis
3300 3613 3404 3667 ho-

1802 3710 2005 3767 minum
2038 3727 2143 3767 non
2177 3709 2382 3765 inferre
2410 3710 2573 3764 exitia
2602 3726 2614 3762 :
2638 3723 2743 3777 qua
2776 3706 3197 3777 praesumptione
3224 3713 3279 3760 et
3307 3720 3407 3759 au-

1803 3802 1953 3857 dacia
2007 3802 2196 3872 legatis
2249 3801 2343 3856 Dei
2395 3816 2501 3855 non
2548 3801 2724 3855 solum
2773 3798 2973 3862 exitia,
3020 3796 3116 3853 sed
3154 3808 3207 3852 et
3255 3811 3407 3852 mors

1805 3894 2077 3967 irrogatur
2102 3896 2115 3950 !
2138 3896 2319 3960 Quare
2349 3901 2403 3948 et
2425 3892 2558 3947 dicit
2601 3910 2614 3947 :
2658 3890 2766 3945 Pro
2790 3907 2889 3961 quo
2921 3890 3176 3961 legatione
3210 3888 3405 3959 fungar

1802 3990 1857 4045 in
1886 4000 2086 4044 catena.
2120 3988 2237 4044 Non
2265 3987 2408 4043 enim
2444 3986 2856 4057 permittebatur
2886 3985 3055 4041 libere
3095 3984 3264 4055 loqui,
3306 3983 3404 4040 sed

1804 4084 1858 4139 in
1904 4082 2245 4154 subjectione
2288 4090 2343 4135 ct
2382 4080 2709 4137 necessitate
2753 4079 2917 4136 verba
2970 4080 3065 4134 Dei
3114 4079 3359 4134 referens
3386 4121 3404 4147 ,

1804 4178 2058 4246 vinculis,
2088 4178 2282 4249 plagis,
2316 4175 2733 4247 subjiciebatur,
2765 4184 2820 4231 et
2845 4174 3152 4229 mortibus:
3183 4183 3239 4228 et
3269 4172 3407 4240 lapi-

1804 4270 1964 4326 datus
1993 4281 2077 4327 est
2104 4269 2249 4326 enim
2277 4277 2333 4326 et
2362 4269 2429 4324 atl
2460 4268 2666 4325 bestias
2696 4268 2956 4340 pugnavit
2983 4266 3183 4338 Ephesi
3212 4264 3255 4338 (1
3281 4264 3404 4320 Cor.

1766 4416 1771 4421 .
1806 4379 1903 4431 xv,
1936 4362 2048 4435 '52).

1876 4457 2061 4531 (Vers.
2088 4456 2183 4523 2i,
2210 4454 2329 4528 22.)
2357 4454 2425 4510 (lt
2452 4464 2629 4510 autem
2649 4452 2825 4508 sciatis
2853 4461 2901 4507 et
2924 4468 3011 4507 vos
3039 4465 3248 4521 ea,qute
3267 4452 3410 4506 circa

1805 4566 1885 4604 me
1914 4560 2066 4615 sunt;
2094 4549 2216 4619 quid
2238 4565 2391 4620 agam
2423 4548 2572 4619 plene
2593 4556 2772 4601 notum
2798 4545 2953 4615 faciet
2982 4545 3122 4599 vobis
3146 4542 3408 4615 Tychicus

117 4636 249 4695 Deus
280 4642 513 4713 adjuvet,
541 4660 676 4716 quos
703 4646 899 4701 viderit
928 4646 981 4701 in
1018 4647 1267 4717 precibus
1289 4646 1532 4718 vigilare,
1554 4658 1607 4702 et
1634 4647 1702 4703 de
1728 4622 1780 4682 D
1807 4643 2023 4698 dilectus
2069 4646 2261 4712 frater,
2295 4652 2341 4695 et
2373 4640 2546 4710 fidelis
2576 4640 2807 4693 minister
2839 4639 2893 4692 in
2936 4637 3159 4691 Domino
3203 4651 3221 4691 :
3257 4652 3408 4705 quem

119 4736 274 4791 armis
313 4736 433 4808 ejus
476 4750 793 4808 exspectare
824 4740 1129 4796 victoriam.
1170 4740 1229 4795 In
1262 4738 1576 4810 bujusmodi
1608 4756 1703 4795 au-

120 4837 217 4884 tem
239 4831 380 4888 bello
405 4834 586 4889 sobria
615 4842 796 4890 mente
814 4848 952 4903 opus
977 4843 1079 4903 est,
1104 4843 1156 4890 et
1183 4849 1314 4905 pura
1343 4833 1700 4898 conscientia,

121 4922 233 4991 quia
284 4940 390 4981 non
440 4936 627 4981 contra
674 4926 915 4982 carnalia
968 4928 1259 4999 nequititn,
1294 4928 1389 4984 sed
1435 4928 1703 4984 adversus

121 5014 411 5082 spiritualia
435 5017 743 5075 dimicatur.
772 5016 974 5075 Contra
997 5020 1303 5091 terrigenos
1332 5023 1478 5078 enim
1512 5019 1703 5077 hostes

122 5117 306 5176 corpus
330 5108 513 5178 sagina
538 5110 846 5178 roboratur,
876 5118 934 5166 et
958 5112 1165 5182 poculis
1191 5127 1342 5168 mens
1372 5112 1702 5178 incenditur,

120 5205 177 5251 ut
221 5202 553 5271 repugnandi
600 5212 784 5258 sumat
828 5202 1113 5258 audaciam
1158 5221 1172 5258 :
1215 5202 1478 5260 adversus
1520 5210 1702 5259 autem

124 5291 373 5360 spiritalia
422 5297 672 5368 nequitia:
700 5294 1019 5368 spiritaliter
1062 5295 1471 5367 repugnandum
1501 5305 1621 5363 est,
1651 5305 1707 5351 et

123 5383 426 5443 sobrietatis
448 5396 501 5443 et
530 5389 878 5445 abstinentiae
924 5403 1078 5443 arma
1131 5387 1395 5444 sumenda
1441 5396 1605 5455 sunt;
1647 5397 1707 5443 ut

125 5476 277 5536 infusi
306 5492 492 5539 sancto
528 5484 735 5555 Spiritu
773 5481 1082 5539 immundos
1111 5491 1167 5538 et
1194 5482 1457 5538 erraticos
1484 5480 1707 5553 spiritus

192 5646 219 5675 ⁸
248 5638 369 5713 Yet.
384 5640 528 5713 redit.
560 5655 624 5713 ac
650 5640 871 5713 quidam
901 5654 1035 5696 mss.
1058 5680 1074 5707 ,
1102 5638 1233 5713 Post
1271 5640 1446 5694 omnia
1471 5640 1700 5706 merita;

129 5704 278 5764 Rom.
308 5710 439 5766 edit.
458 5723 510 5768 et
529 5712 617 5768 alii
636 5704 867 5779 mss...“
893 5704 1090 5767 monita
1109 5727 1128 5776 ;
1150 5710 1287 5766 infra
1310 5727 1440 5766 vero
1468 5728 1535 5767 ex
1566 5704 1698 5767 mss.

132 5792 232 5856 non
248 5782 429 5851 paucis
444 5785 1151 5856 reposuimus,imprudentia
1168 5783 1381 5849 inimici,
1393 5783 1487 5839 ubi
1511 5797 1705 5839 omnes

133 5850 257 5908 'edit.
282 5863 337 5908 et
363 5868 490 5910 mss.
506 5850 722 5928 aliquot
745 5850 970 5925 habent,
994 5855 1311 5927 impudentia
1340 5856 1560 5911 inimici.

1806 4736 1923 4791 misi
1969 4736 2038 4789 ad
2082 4750 2169 4789 vos
2213 4736 2266 4788 in
2309 4736 2403 4787 hoc
2446 4735 2647 4803 ipsum,
2686 4742 2742 4785 ut
2789 4742 3064 4804 cognoscat
3094 4730 3252 4803 251
3289 4747 3409 4803 quia

1770 4850 1773 4853 ·
1806 4828 1946 4882 circa
1972 4842 2058 4881 vos
2086 4833 2292 4891 sunt,et
2328 4825 2621 4879 consoletur
2658 4822 2818 4878 corda
2858 4832 3044 4877 vestra.
3076 4821 3179 4877 Per
3204 4821 3407 4893 Tychi-

1805 4933 1931 4974 cum
1974 4916 2195 4987 Ephesii
2244 4916 2461 4971 discunt
2501 4914 2629 4986 quid
2669 4924 2793 4987 agat
2831 4914 3145 4986 Apostolus,
3174 4922 3229 4968 et
3260 4912 3406 4967 idem

1807 5012 2090 5083 cognoscit
2131 5010 2260 5083 quid
2308 5018 2538 5083 agerent
2579 5010 2823 5083 Ephesii.
2867 5011 2941 5065 De
2968 5008 3249 5079 Apostolo,
3276 5007 3408 5076 quia

1806 5107 1999 5163 divina
2044 5115 2219 5173 erant,
2265 5120 2387 5176 quae
2432 5104 2656 5176 agebat,
2693 5104 2920 5161 dubium
2952 5116 3061 5159 non
3092 5109 3211 5157 erat
3252 5118 3266 5153 :
3308 5101 3406 5157 sed

1806 5200 1913 5255 hoc
1940 5198 2219 5255 sciendum
2250 5207 2369 5253 erat
2388 5197 2456 5255 de
2485 5215 2571 5265 eo,
2596 5198 2725 5270 quid
2753 5206 2939 5269 ageret
2969 5196 3111 5251 inter
3140 5191 3404 5263 perﬁdos,

1807 5304 1862 5350 et
1893 5291 2117 5348 insidias
2140 5306 2351 5347 eorum.
2391 5290 2467 5347 De
2496 5290 2749 5361 Ephesiis
2776 5304 2910 5344 vero
2940 5288 3043 5341 hoc
3072 5298 3407 5357 cognomen—

1810 5386 1937 5443 dum
1959 5428 1975 5453 ,
2005 5386 2053 5441 si
2099 5384 2464 5457 proﬁcerent,
2498 5400 2688 5441 necne.
2740 5382 2812 5439 Ut
2838 5394 2971 5451 ergo
2998 5378 3320 5444 obedirent,
3348 5387 3408 5435 et

1810 5481 2046 5539 libenter
2089 5481 2341 5537 audirent
2367 5480 2532 5537 verba
2580 5476 2802 5549 Tycbici
2825 5516 2839 5540 ,
2868 5474 3011 5529 hunc
3036 5470 3406 5542 commendat,

1880 5638 1908 5676 ι’
1938 5637 2096 5693 Rom.
2128 5638 2261 5694 edit.
2292 5637 2429 5698 sola.
2461 5635 2705 5688 adversus
2732 5630 2983 5687 versutias
3019 5632 3233 5690 diaboli.

1885 5720 1907 5749 ο
1952 5710 2076 5765 Mss.
2108 5711 2336 5781 aliquot,
2367 5707 2456 5763 Sic
2480 5706 2649 5773 itaque
2668 5702 3103 5774 succingantus...
3129 5706 3207 5762 sic
3232 5708 3405 5778 parati

1808 5782 1992 5845 simus,
2012 5791 2122 5837 etc.
3065 5834 3073 5842 ,

1883 5851 1908 5891 δ
1952 5854 2109 5908 llom.
2140 5850 2273 5906 edit.
2304 5848 2442 5915 sola,
2470 5846 2573 5901 oris
2599 5846 2699 5901 mei
2726 5861 2843 5902 cum
2873 5846 3125 5915 libertate,
3154 5854 3261 5903 etct
