3978 6310
603 335 711 392 ιοδ

1545 328 1641 386 ΑΙ)
1666 326 1901 386 οιιῑιιΑ
1944 326 2191 386 8ΔΝΟΤΙ
2227 326 2556 385 Διιηοειι
2595 326 2966 384 APPENDIX.

595 462 649 506 et
678 450 903 506 fratrem
931 449 1091 505 istum
1115 446 1531 504 dilectissimum
1555 461 1773 516 vocans,
1802 456 1858 503 et
1884 448 2191 504 ministrum
2216 449 2267 510 Α
2368 445 2551 502 Gratia
2572 462 2689 500 cum
2715 448 2970 512 oinnibus,
2999 447 3087 517 qui
3114 446 3344 518 diligunt
3372 444 3626 504 Dominum
3644 462 3810 508 mare
3910 484 3911 523 γ

601 545 693 600 Dei
724 544 998 599 idoneum.

667 636 788 692 Pu:
827 636 1075 708 fratribus
1098 677 1114 703 ,
1165 645 1216 691 et
1262 636 1491 691 charitas
1527 651 1646 691 cum
1684 636 1789 706 fide
1816 653 1847 690 a
1876 634 1991 691 Deo
2039 636 2200 692 Patre

597 740 795 795 nostro,
824 740 871 783 et
898 727 1121 783 Domino
1146 727 1275 784 Iesu
1300 728 1529 784 Christo.
1556 730 1748 785 Pacem
1776 745 1897 801 quae
1922 740 2008 787 est
2030 730 2196 801 janua

594 822 927 889 dilectionis,
954 832 1104 893 optat
1133 823 1295 896 ,52
1326 838 1448 879 esse
1477 838 1601 879 cum
1631 823 1911 889 fratribus.
1941 833 1996 881 et
2020 826 2201 882 chari-

598 922 763 971 tatem
786 930 909 972 cum
940 915 1083 982 (ide;
1116 924 1173 973 ut
1200 916 1432 987 ingressi
1460 932 1557 987 per
1589 932 1775 987 pacem
1797 958 1810 981 ,
1843 918 2053 988 possint
2084 935 2199 975 ma-

596 1024 730 1064 nere
775 1011 829 1066 in
858 1010 1157 1078 charitate,
1188 1025 1311 1081 qua:
1349 1019 1434 1066 est
1474 1025 1539 1066 ex
1590 1010 1715 1067 ﬁde.
1759 1011 1884 1067 Haec
1928 1022 2016 1068 est
2050 1014 2194 1069 enim

595 1101 696 1158 Dei
743 1102 918 1158 Patris
967 1112 1021 1159 et
1060 1103 1181 1158 Filii
1206 1103 1324 1175 ejus
1354 1103 1565 1159 Domini
1598 1104 1765 1159 nostri
1804 1104 1932 1161 Iesu
1974 1106 2196 1165 Christi.

2294 542 2478 601 Iesum
2525 544 2789 601 Christum
2834 548 2887 600 in
2936 547 3353 615 incorruptione.
3404 546 3574 601 Amen.
3616 547 3811 607 Prrscius
3910 536 3911 595 ἓ

2295 640 2588 709 Apostolus
2633 640 2841 695 multos
2882 638 3093 695 futuros
3143 638 3449 709 desperatae
3497 639 3609 695 ﬁdei
3651 655 3812 699 season

2300 734 2566 789 habentes
2606 734 2675 789 de
2717 734 2948 787 Domino
2993 745 3179 789 neStro
3224 732 3354 788 Iesu
3400 731 3635 800 Christo,
3663 735 3815 792 cumiis

2298 838 2559 885 aeternam
2590 830 2821 901 gratiam
2850 828 2982 885 dicit
3010 843 3349 893 mansuram,
3375 828 3465 898 qui
3494 827 3698 900 diligunt
3715 829 3815 885 Chri-

2298 931 2464 991 stum,
2491 935 2643 979 recte
2670 923 2738 979 de
2767 924 2879 988 illo,
2911 932 2965 978 et
2990 937 3112 978 eum
3140 922 3232 977 Dei
3261 920 3443 976 Patris
3467 921 3713 977 voluntate
3732 936 3815 979 sett-

2301 1020 2533 1085 ticntes;
2562 1020 2652 1090 qui
2683 1018 2828 1075 enim
2871 1017 3200 1089 degenerem
3231 1015 3380 1072 hunc
3404 1015 3604 1082 dicunt,
3629 1016 3727 1071 data
3748 1016 3816 1073 illis

2302 1115 2475 1186 gratia
2504 1116 2804 1172 auferetur.

592 1246 3807 1277 W

942 1364 1062 1451 IN
1138 1367 1796 1455 EPISTOLAM
1872 1375 1969 1455 B.
2050 1374 2407 1463 PAULI
2484 1382 2643 1465 AD
2722 1326 3583 1463 PHILIPPENSES.

2061 1540 2435 1557 ψ

1105 1650 1267 1724 251
1306 1649 1693 1709 pnowcus.

674 1741 1115 1814 Philippensibus
1156 1743 1383 1799 verbum
1440 1742 1565 1799 ﬁdei
1608 1743 1907 1814 Apostolus
1935 1744 2192 1812 tradidit;

597 1839 813 1895 somnio
840 1839 988 1895 enim
1036 1837 1277 1894 monitus
1305 1848 1425 1903 est,
1454 1838 1597 1895 sicut
1623 1839 1935 1894 continetur
1963 1839 2017 1895 in
2050 1840 2200 1896 Actis

600 1933 970 2001 apostolorum
1020 1932 1156 2003 (Act.
1206 1946 1314 1999 xvi,
1350 1930 1446 2002 9),
1493 1940 1553 1986 ut
1581 1931 1870 1988 accederet
1899 1931 1967 1987 ad
1996 1946 2113 1999 eos,
2145 1940 2202 1988 et

600 2027 846 2096 aperiret
894 2041 1054 2081 aures
1113 2040 1303 2081 eorum
1348 2026 1418 2080 ad
1465 2024 1838 2095 recipiendum
1887 2040 2200 2081 sermonem

603 2120 838 2175 Domini.
873 2120 1055 2175 Multis
1082 2134 1211 2189 ergo
1249 2118 1441 2175 diebus
1483 2128 1852 2175 commoratus
1893 2118 2038 2189 apud
2069 2134 2199 2186 eos,

600 2210 861 2267 instruxit
890 2212 1113 2269 eosdem
1160 2212 1211 2265 in
1247 2210 1497 2268 doetrina
1547 2211 1782 2268 Domini.
1828 2210 1897 2267 Et
1924 2212 2050 2281 quia
2083 2219 2205 2281 post

600 2303 900 2360 discessum
937 2306 1059 2374 ejus
1104 2319 1213 2360 non
1257 2314 1383 2359 sunt
1436 2303 1688 2359 translati
1734 2303 1801 2360 ad
1849 2304 2035 2371 aliud,
2064 2304 2206 2359 sicut

602 2396 813 2454 Galatas
837 2415 849 2451 :
874 2397 968 2453 sed
1004 2405 1423 2467 permanserunt
1462 2396 1515 2451 in
1560 2396 1689 2463 ﬁde,
1719 2412 1825 2452 non
1874 2397 2205 2467 recipientes

600 2490 1120 2561 pseudoapostolos;
1153 2506 1248 2561 per
1277 2490 1563 2559 epistolam
1592 2489 1868 2546 collaudat
1910 2505 2005 2547 eos
2024 2534 2039 2559 ,
2067 2506 2204 2561 gau-

600 2585 736 2642 dens
789 2586 842 2641 in
890 2586 1175 2655 proposito
1220 2584 1401 2640 cordis
1431 2598 1643 2639 eorum.
1694 2582 1750 2639 ln
1799 2582 1995 2639 horum
2046 2582 2205 2639 laude

600 2676 831 2731 aliorum
854 2676 1183 2746 vituperatio
1203 2676 1547 2730 continetur:
1570 2673 1844 2731 Corinthii
1863 2673 2008 2731 enim
2034 2675 2205 2729 multo

606 2777 855 2836 tempore
885 2766 1170 2822 audientes
1198 2766 1516 2836 Apostolum
1542 2808 1557 2829 ,
1608 2764 1904 2821 recedente
1931 2781 2019 2829 eo,
2049 2781 2079 2820 a
2123 2765 2207 2821 di-

605 2861 779 2917 versis
809 2859 1280 2931 pseudoapostolis
1312 2858 1527 2915 fuerant
1558 2860 1735 2916 eversi
1762 2876 1774 2912 :
1800 2858 1943 2916 unde
1970 2859 2057 2914 isti
2083 2859 2205 2930 jure

606 2954 915 3010 laudantur.

1122 3042 1352 3101 CAPUT
1390 3043 1682 3101 PRIMUM.

674 3141 857 3214 (Vers.
890 3139 970 3210 1.)
1002 3138 1203 3195 Paulus
1247 3149 1295 3194 et
1344 3138 1641 3194 Timotheus
1667 3138 1797 3194 servi
1830 3136 1958 3194 Iesu
1983 3136 2200 3194 Christi.

604 3234 924 3304 Apostolmn
954 3248 1015 3289 se
1044 3241 1207 3300 tacet,
1231 3234 1356 3303 quia
1390 3232 1458 3287 iis
1485 3228 1696 3299 scribit,
1722 3232 1810 3303 qui
1842 3233 1909 3288 de
1937 3233 2029 3289 illo
2055 3242 2203 3289 recta

603 3329 902 3395 sentirent;
929 3328 1048 3385 ideo
1069 3327 1388 3397 dignitatem
1410 3342 1562 3383 suam
1589 3328 1897 3397 supprimit,
1916 3336 2037 3383 erat
2056 3328 2201 3384 enim

604 3420 689 3474 his
735 3421 1020 3476 manifesta
1051 3439 1063 3473 :
1097 3419 1470 3479 conditionem
1521 3433 1649 3475 vero
1694 3418 1928 3485 fatetur;
1961 3420 2087 3489 quia
2112 3420 2203 3490 qui

600 3512 879 3571 Christum
924 3514 1214 3573 conﬁtetur
1256 3514 1537 3569 dominum
1561 3555 1576 3580 ,
1608 3514 1692 3569 his
1720 3514 1892 3583 magis
1922 3514 2057 3569 liber
2094 3522 2201 3579 est,

598 3617 653 3661 et
685 3607 849 3663 habet
893 3606 1145 3661 salutem.
1184 3604 1432 3660 Omnibus
1469 3604 1658 3661 sanctis
1702 3604 1756 3658 in
1800 3602 2007 3659 Christo
2046 3601 2195 3657 Iesu.

597 3699 813 3757 Sanctis
860 3699 1052 3756 scribit
1098 3714 1252 3755 more
1295 3714 1417 3764 suo,
1450 3697 1545 3754 sed
1587 3698 1679 3768 qui
1723 3697 1775 3752 in
1819 3696 2042 3753 Christo
2069 3695 2201 3752 Jesu

596 3794 769 3848 sancti
800 3800 944 3855 sunt,
976 3792 1029 3847 id
1058 3802 1177 3858 est,
1204 3793 1295 3863 qui
1330 3792 1495 3849 Deum
1526 3799 1584 3847 et
1614 3790 1890 3848 hominem
1920 3789 2197 3847 Christum

594 3889 866 3950 tutentur;
896 3884 1162 3941 Photinus
1206 3884 1351 3943 enim
1395 3882 1675 3939 Christum
1726 3882 1895 3938 Deum
1936 3892 2113 3954 negat,
2145 3890 2198 3938 et

595 3980 925 4037 Manichacus
973 3980 1249 4035 hominem
1280 3996 1291 4030 :
1320 3978 1552 4048 ideoque
1584 3976 1845 4032 immundi
1883 3985 2029 4032 sunt.
2076 3975 2196 4033 Non

595 4090 725 4145 ergo
748 4075 813 4129 iis
837 4072 1060 4140 scribit,
1088 4073 1183 4143 qui
1232 4072 1531 4129 mendaciis
1578 4071 1811 4142 propriis
1851 4071 2199 4142 supprimunt

593 4169 904 4224 veritatem.
949 4166 1049 4232 Qui
1075 4176 1193 4225 sunt
1228 4164 1513 4236 Philippis.
1542 4163 1751 4232 Quibus
1777 4164 1997 4227 scribat,
2017 4164 2195 4234 “signi-

594 4258 739 4315 ﬁcat.
764 4258 893 4313 Cum
920 4257 1175 4328 episcopis
1196 4266 1244 4311 et
1260 4256 1569 4311 diaconibus
1592 4271 1610 4310 .'
1636 4254 1738 4310 hoc
1758 4264 1862 4321 est,
1882 4271 2002 4310 cum
2028 4255 2197 4312 Paulo

593 4358 649 4405 et
674 4348 982 4417 Timotheo,
1012 4348 1106 4419 qui
1136 4348 1321 4418 utique
1350 4346 1595 4417 episcopi
1620 4355 1806 4412 erant;
1834 4347 1995 4403 simul
2023 4348 2193 4421 signi-

2227 1657 2275 1717 B
2304 1668 2396 1711 aut
2436 1668 2589 1729 pater
2635 1658 2806 1714 ﬁlium
2859 1672 2965 1713 non
3019 1671 3133 1711 sum
3175 1654 3509 1711 conditionis
3536 1651 3823 1723 generat,sei

2302 1750 2497 1808 aliena
2523 1769 2536 1805 :
2566 1751 2711 1809 Deus
2755 1760 2937 1808 autem
2969 1751 3050 1809 sic
3071 1750 3295 1820 genuit,
3327 1757 3387 1802 ut
3414 1747 3470 1805 in
3501 1756 3731 1818 potestate
3749 1746 3825 1814 ejus

2304 1843 2437 1910 sint,
2466 1849 2605 1915 (tuos
2630 1844 2849 1915 genuit;
2879 1852 2939 1899 ut
2968 1843 3078 1898 nati
3110 1844 3352 1912 ingenui,
3387 1842 3533 1898 servi
3578 1850 3729 1896 tamen
3750 1839 3824 1907 ejus
3910 1839 3911 1913 l

2305 1936 2415 1992 sint
2439 1954 2452 1991 :
2477 1953 2601 1993 cum
2633 1938 2734 1993 hos
2766 1936 2930 1993 tradit
2967 1936 3190 2006 proprio
3222 1933 3393 1997 Filio,
3432 1934 3561 1989 facit
3588 1933 3696 1987 illos
3715 1934 3824 1987 etiam

2303 2041 2495 2085 servos
2529 2028 2655 2086 Filii
2681 2029 2801 2095 sui;
2834 2038 2892 2087 ut
2916 2029 2990 2085 sit
3011 2027 3266 2083 dominus
3305 2042 3500 2083 eorum
3523 2067 3539 2091 ,
3567 2029 3690 2083 sicut
3711 2024 3825 2080 dicit:

2306 2119 2488 2184 Pater,
2518 2135 2656 2192 quos
2685 2121 2883 2179 dedisti
2913 2118 3043 2175 mihi
3072 2160 3085 2183 ,
3122 2119 3199 2175 tui
3233 2126 3416 2187 erant,
3445 2127 3504 2176 et
3527 2116 3648 2174 mihi
3670 2130 3743 2173 eos
3769 2116 3826 2173 dt-

2307 2212 2469 2281 disti;
2500 2222 2558 2269 ut
2585 2214 2637 2271 in
2668 2214 2828 2273 Patre
2860 2222 2915 2270 et
2938 2211 3073 2267 Filio
3098 2212 3246 2269 servi
3279 2213 3387 2267 sint
3421 2212 3518 2268 Dei
3546 2212 3687 2268 unius
3707 2208 3826 2281 (im.

2308 2324 2438 2375 xvu,
2472 2309 2549 2381 9).

2381 2400 2559 2473 (Vers.
2593 2400 2649 2467 3,
2680 2400 2736 2465 4.
2765 2398 2848 2469 5.)
2900 2397 3015 2468 Ego
3064 2398 3271 2467 quidem
3319 2398 3525 2469 gratias
3561 2413 3650 2469 ago
3680 2394 3829 2449 Douiso

2306 2508 2459 2564 super
2498 2493 2638 2547 omni
2675 2494 2922 2548 memoria
2952 2492 3137 2557 vestri,
3169 2506 3370 2561 semper
3420 2492 3478 2546 in
3517 2490 3646 2547 cauti
3672 2488 3829 2543 oratiu:

2307 2604 2420 2642 mea
2450 2603 2544 2658 pro
2574 2588 2811 2644 omnibus
2835 2588 2976 2643 vobis
3006 2602 3126 2641 cunt
3153 2585 3347 2658 gaudio
3379 2587 3659 2641 orationem
3682 2582 3828 2652 fuitut,

2304 2696 2457 2749 super
2499 2680 2967 2735 communicatione
3008 2687 3177 2734 vestra
3220 2679 3277 2734 in
3328 2676 3635 2748 Evangelia.
3666 2676 3828 2731 Primum

2305 2774 2522 2845 quidem
2575 2773 2805 2828 Domino
2851 2773 3055 2843 gratias
3101 2774 3233 2842 agit,
3264 2771 3424 2841 cuius
3473 2779 3603 2827 nutu
3647 2779 3830 2840 prospera

2307 2868 2489 2922 omnia
2513 2866 2709 2922 cedunt
2741 2865 3011 2921 ﬁdelibus.
3044 2866 3101 2921 In
3130 2866 3275 2920 omni
3307 2864 3561 2920 oratione
3583 2878 3669 2919 sua
3691 2872 3829 2917 sumat

2307 2976 2495 3017 eorum
2542 2976 2663 3017 cum
2708 2960 3103 3024 exsultatione,
3131 2958 3275 3030 quod
3325 2958 3617 3029 participes
3640 2953 3826 3012 iactisint

2234 3037 2279 3101 (ἶ
2313 3053 2609 3124 Evangelii,
2625 3056 2765 3109 sicut
2783 3056 2975 3110 Petrus
2992 3054 3295 3125 apostolus,
3314 3053 3460 3107 inter
3474 3062 3659 3106 emtera
3672 3049 3826 3105 dicens:

2311 3146 2379 3203 Ut
2400 3148 2535 3215 sitis,
2562 3147 2756 3218 inquit,
2773 3157 3034 3202 consortes
3056 3145 3245 3201 divinte
3270 3153 3476 3199 natum
3498 3142 3569 3215 (ll
3590 3142 3712 3198 i’etr.
3732 3156 3759 3201 ι,
3776 3138 3825 3207 4).

2376 3240 2421 3295 Α
2451 3242 2621 3311 prima
2646 3241 2728 3295 die
2758 3257 2921 3309 usque
2960 3256 3115 3295 nunc.
3152 3238 3411 3295 Prmvidit
3439 3238 3583 3293 enim
3613 3232 3827 3305 Apostolus
3908 3256 3909 3317 ί

2302 3333 2649 3391 devotionem
2677 3334 2915 3398 illorum,
2946 3342 2971 3369 ἰ
3005 3342 3059 3387 et
3089 3331 3248 3387 ﬁdem
3280 3339 3458 3386 ratam
3484 3344 3551 3386 es
3583 3328 3698 3398 ipsis
3730 3324 3823 3394 ptiu-

2301 3425 2478 3495 cipiis,
2511 3433 2566 3480 et
2594 3425 2814 3495 gavisus
2836 3434 2921 3479 est
2947 3425 2999 3479 in
3026 3426 3125 3489 eis,
3154 3437 3374 3491 semper
3390 3423 3571 3478 sciens
3590 3434 3675 3477 eos
3698 3414 3821 3474 multis

2302 3517 2554 3587 exemplo
2577 3530 2698 3573 esse
2722 3516 2958 3572 futuros.

2372 3609 2534 3682 252
2564 3607 2745 3679 (Vers.
2783 3606 2835 3674 6,
2889 3608 2968 3677 7.)
2999 3606 3277 3672 Conﬁdens
3315 3608 3370 3660 in
3397 3605 3501 3660 hoc
3542 3606 3712 3673 ipsum,
3732 3597 3821 3671 quod

2300 3700 2387 3771 qui
2418 3700 2674 3753 inchoavit
2712 3699 2768 3752 in
2808 3698 2949 3753 vobis
2987 3714 3116 3768 opus
3145 3696 3367 3761 bonum,
3399 3696 3625 3768 perﬁciet
3658 3690 3825 3762 usqseis

2300 3792 2435 3847 diem
2462 3790 2653 3846 Christi
2681 3790 2841 3859 Iesu,
2872 3792 3008 3847 sicut
3036 3800 3110 3845 est
3138 3792 3344 3861 justum
3388 3788 3522 3845 mihi
3566 3788 3664 3842 hac
3700 3784 3827 3841 sentiri

2301 3902 2396 3956 pro
2425 3887 2658 3942 omnibus
2687 3886 2864 3952 vobis;
2893 3902 2953 3940 eo
2978 3885 3115 3956 quod
3142 3884 3357 3941 habeam
3386 3900 3477 3938 vos
3505 3885 3556 3937 in
3581 3881 3713 3938 corde
3740 3888 3773 3932 et
3792 3876 3824 3927 it

2300 3981 2516 4036 vinculis
2548 3982 2705 4049 meis,
2734 3988 2780 4035 et
2810 3980 2863 4034 in
2892 3979 3190 4052 defensione
3215 3986 3264 4033 et
3290 3976 3675 4048 conﬁrmatione
3704 3970 3824 4025 Em-

2297 4077 2455 4149 getii;
2485 4076 2729 4147 quoniam
2759 4090 2935 4129 omnes
2964 4073 3093 4128 mihi
3118 4072 3396 4145 participes
3422 4071 3604 4145 gaudii
3631 4068 3744 4123 estis.
3764 4062 3825 4117 Se-

2298 4182 2462 4222 curus
2493 4167 2561 4221 de
2591 4167 2834 4221 bonitate
2861 4174 2916 4220 et
2940 4163 3149 4235 justitia
3180 4163 3273 4219 Dei
3301 4205 3317 4232 ,
3357 4174 3412 4219 et
3455 4164 3526 4219 de
3568 4164 3733 4216 horum
3758 4152 3825 4208 (itit

2298 4241 2407 4315 ιῖὸἱι
2437 4258 2739 4330 ambigens,
2770 4257 2993 4315 conﬁdit
3015 4255 3159 4328 quod
3190 4256 3284 4312 Dei
3312 4255 3531 4311 auxiliis
3557 4251 3725 4324 adjuti,
3746 4260 3825 4316 pet-

2296 4351 2594 4409 severaturi
2640 4351 2749 4406 sint
2801 4350 2852 4425 in
2904 4349 3008 4405 ﬁde
3055 4365 3224 4421 usque
3270 4350 3337 4405 ad
3380 4349 3528 4405 diem
3580 4344 3772 4404 Domini,
3790 4341 3822 4393 in

592 4443 776 4498 ﬁcavit
812 4450 867 4498 et
895 4440 1154 4497 diaconos
1175 4483 1191 4507 ,
1221 4442 1311 4511 qui
1344 4438 1731 4495 ministrabant
1756 4438 1828 4494 ei.
1863 4439 1943 4494 Ad
1977 4439 2188 4510 plebem
2217 4420 2271 4481 D
2296 4458 2404 4515 quo
2434 4420 2817 4498 remnnerandi
2847 4449 2973 4496 sunt
2995 4420 3354 4512 persistentes
3382 4440 3435 4494 in
3466 4439 3589 4495 lide.
3616 4436 3708 4493 Nec
3727 4430 3821 4487 aliud

587 4537 737 4595 enim
768 4535 991 4602 scribit;
1022 4549 1144 4591 nam
1190 4536 1237 4590 si
1282 4533 1557 4605 episcopis
1588 4531 1877 4599 scriberet,
1907 4540 1962 4586 et
2006 4531 2190 4588 diaco-

586 4630 772 4692 nibus,
801 4628 868 4684 ad
912 4643 1177 4699 personas
1220 4642 1411 4685 eorum
1460 4624 1766 4691 scriberet,
1801 4632 1857 4681 et
1882 4624 1987 4680 loci
2020 4623 2189 4694 ipsius

581 4725 841 4795 episcopo
878 4721 1228 4778 scribendum
1262 4731 1403 4789 erat,
1438 4734 1547 4776 non
1588 4718 1824 4788 duobus,
1854 4719 1939 4774 vel
1988 4719 2182 4789 tribus,

578 4821 721 4877 sicut
746 4827 802 4875 et
828 4817 896 4872 ad
926 4816 1105 4875 Titum
1137 4826 1191 4873 et
1218 4816 1582 4872 Timotheum.

656 4914 841 4981 (γεγε.
869 4910 952 4983 3.)
977 4909 1159 4966 Gratia
1190 4910 1331 4965 vobis
1357 4918 1405 4966 et
1435 4924 1538 4980 pax
1563 4925 1595 4964 a
1624 4906 1736 4964 Deo
1780 4905 1939 4963 Patre
1965 4916 2175 4976 nostra,

574 5018 626 5066 et
654 5005 881 5063 Domino
924 5001 1056 5059 Iesu
1097 5002 1323 5057 Christo.
1374 4999 1720 5059 Manifestum
1746 5009 1831 5058 est
1862 5000 2033 5057 Deum
2083 5015 2179 5071 pa-

577 5112 717 5160 trem
744 5115 890 5166 esse,
915 5097 1193 5156 Christum
1215 5110 1345 5153 vero
1370 5097 1555 5154 Iesum
1584 5096 1873 5153 Dominum
1905 5105 2173 5154 nostrum.

576 5193 845 5266 Numquid
873 5208 983 5249 non
1012 5190 1231 5247 videtur
1260 5188 1380 5259 plus
1410 5187 1664 5245 dominus
1693 5202 1816 5247 esse
1840 5230 1857 5257 ,
1889 5205 2052 5261 quam
2081 5204 2175 5261 pa—

576 5290 693 5345 ter?
717 5286 825 5345 Sed
865 5286 1010 5342 inter
1038 5282 1292 5339 homines
1321 5281 1375 5337 in
1406 5279 1608 5337 mundo
1633 5298 1646 5335 :
1671 5280 1813 5351 apud
1844 5281 2012 5337 Deum
2040 5296 2175 5339 vero

574 5381 814 5448 Patrem,
843 5387 901 5436 et
929 5375 1072 5449 apud
1100 5373 1381 5432 Christum
1411 5373 1688 5433 dominum
1729 5372 2025 5430 concordia
2066 5382 2171 5431 est.

577 5473 677 5529 llic
695 5473 868 5539 enim,
890 5473 995 5529 hoc
1012 5478 1120 5538 est,
1150 5468 1203 5525 in
1230 5466 1455 5534 mundo,
1481 5465 1606 5521 ideo
1630 5466 1755 5537 plus
1778 5474 1863 5523 est
1892 5465 2168 5535 dominus,

575 5579 734 5636 quam
779 5574 970 5634 pater;
1002 5564 1130 5635 quia
1162 5570 1255 5617 aut
1283 5568 1337 5617 et
1368 5558 1538 5631 ipsius
1566 5561 1735 5629 patris
1780 5558 2034 5615 dominus
2059 5568 2165 5630 est,

641 5734 670 5766 ι
696 5724 959 5781 Nonnulli
986 5735 1147 5790 mss.,
1178 5735 1225 5780 et
1252 5725 1407 5796 ﬁdem
1433 5731 1645 5779 rectam.
1674 5720 1897 5777 Minime
1924 5720 2085 5777 male.

639 5796 667 5837 δ
713 5797 1012 5852 Dictionem
1045 5796 1219 5865 justi,
1251 5811 1382 5853 mss.
1425 5796 1631 5865 aliquot
1679 5807 1784 5849 non
1833 5800 2157 5865 agnoscunt,

573 5870 728 5958 cuius
773 5867 893 5933 loco
943 5863 1190 5931 nonnulli
1232 5878 1475 5961 ponunt,
1506 5863 1813 5947 cuiusmodi.
1862 5863 2003 5931 infra
2034 5878 2166 5933 vero

2293 4534 2481 4591 debuit
2524 4534 2591 4590 de
2630 4533 2714 4589 bis
2763 4534 2988 4597 sentire,
3020 4546 3158 4603 quos
3206 4547 3427 4601 semper
3478 4524 3819 4587 inﬂexibilesin

2293 4626 2583 4683 devotione
2614 4627 2708 4682 Dei
2739 4637 2997 4697 expertus
3027 4636 3113 4681 est
3136 4666 3151 4692 ,
3182 4633 3290 4680 tam
3321 4624 3593 4680 directum
3620 4633 3667 4677 et
3692 4618 3819 4675 infuli-

2292 4720 2525 4793 gabilem
2565 4733 2788 4775 cursum
2820 4732 3009 4773 eorum
3041 4716 3262 4782 videns;
3297 4724 3356 4772 ut
3388 4716 3647 4788 cogitaret
3682 4711 3816 4780 dignos
3906 4772 3907 4795 χ

2292 4817 2392 4873 hos
2424 4815 2525 4873 sibi
2557 4814 2844 4888 participes
2875 4812 3052 4885 gaudii
3080 4826 3223 4868 esse.
3265 4809 3438 4868 Unius
3466 4811 3609 4866 enim
3635 4804 3735 4861 ﬁdei
3756 4801 3816 4856 h0-

2286 4909 2460 4965 mines
2484 4906 2831 4979 congaudere
2860 4913 3080 4973 oportet
3107 4905 3174 4960 de
3200 4918 3299 4973 spe
3330 4902 3528 4957 futura:
3558 4893 3815 4955 immortali-

2287 5004 2411 5060 tatis
2438 5013 2493 5061 et
2518 5003 2733 5075 gloria).

2358 5096 2537 5166 (Vers.
2571 5095 2652 5169 8.)
2682 5094 2843 5150 Testis
2888 5094 3020 5149 enim
3065 5093 3194 5148 mihi
3234 5101 3307 5147 est
3358 5088 3518 5153 Deus,
3548 5084 3813 5161 quemadm-

2284 5188 2405 5244 dum
2434 5188 2716 5245 desiderem
2757 5203 2932 5241 omnes
2972 5203 3057 5242 vos
3085 5186 3139 5241 in
3180 5182 3453 5241 tisceribus
3497 5182 3621 5236 Iesu
3657 5172 3810 5233 Christi.

2283 5281 2453 5337 Deum
2487 5290 2742 5346 testatur,
2777 5289 2837 5336 ut
2863 5278 3116 5335 aﬂectum
3159 5274 3506 5332 commendet
3538 5272 3564 5311 δ
3589 5270 3727 5343 justi;
3752 5262 3810 5334 qui

2278 5374 2423 5430 enim
2468 5373 2694 5429 multum
2723 5373 2789 5429 de
2816 5372 3000 5442 aliquo
3027 5370 3229 5437 sentit,
3263 5375 3322 5423 ut
3369 5366 3630 5423 credibile
3656 5365 3736 5416 hoc
3757 5358 3810 5411 it-

2276 5469 2416 5533 ciat,
2444 5467 2760 5525 tesﬁﬁcatur
2802 5484 2815 5520 :
2861 5480 2960 5537 per
2988 5464 3130 5535 quod
3160 5471 3214 5519 et
3243 5470 3507 5535 provocat
3542 5454 3809 5516 desiderium

2276 5563 2491 5620 illorum
2520 5577 2645 5631 erga
2674 5576 2756 5627 se,
2787 5569 2843 5615 ut
2871 5558 3167 5615 desiderati
3212 5556 3549 5613 desiderent.
3586 5547 3809 5607 Desiderat

2270 5723 2402 5778 edit.
2436 5724 2595 5779 Rom.
2619 5726 2962 5792 reposuerat,
2993 5716 3577 5792 utgmagisdcsiderettt,
3608 5707 3688 5769 ubi
3714 5699 3806 5765 nth

2267 5809 2409 5867 quas,
2435 5810 2499 5853 ac
2522 5788 2701 5863 mss.,'
2719 5801 2774 5851 ut
2800 5790 3077 5854 desiderati
3109 5788 3415 5855 desiderent.

3737 330 3911 389 ιιιξ
