3978 6310
154 302 257 363 ωδ

1006 298 1511 369 οοιωειιτιιιιι
1552 300 1619 361 ια
1657 299 1871 367 ΕΡΙΒΤ.
1914 302 2004 361 AD
2043 301 2558 365 PHILIPPENSES.

3332 308 3446 369 406

151 433 277 492 ergo
320 432 515 487 omnes
566 418 667 477 hos
719 428 828 479 non
870 414 1108 479 humana
1154 414 1456 487 cupiditate
1480 455 1494 478 .
1542 415 1637 479 sed
1690 418 1741 475 in
1772 422 1821 483 Α
1852 418 2093 479 tentioue
2122 418 2227 479 hoc
2266 420 2500 492 agebant
2527 438 2540 477 :
2565 419 2661 479 alii
2694 435 2825 481 vero
2857 424 3056 483 astutia
3080 422 3449 484 simulationis

148 526 330 575 amore
357 511 561 575 Christi
586 527 601 566 ;
625 525 730 573 non
767 510 955 573 curuis
995 509 1217 575 all'ectu,
1248 509 1349 571 sed
1387 510 1647 582 spiritus;
1682 519 1742 569 ut

148 604 440 675 participes
460 603 557 661 hos
576 601 774 663 haheat
795 614 853 665 et
880 603 934 663 ia
961 618 1126 665 sensu
1150 604 1396 674 mysterii
1417 603 1737 669 divinitatis,

146 704 201 752 et
222 695 609 756 incarnationis
640 694 855 753 Domini
886 694 1057 759 itOBll'l
1083 693 1216 755 issu
1246 692 1470 753 Christi.

210 789 391 866 (Vere.
442 789 496 858 9,
526 788 615 854 l0,
667 788 784 861 li.)
826 786 896 849 Et
943 789 1041 846 hoc
1070 804 1163 847 oro
1210 798 1261 845 ut
1305 788 1531 847 charitas
1573 798 1739 845 vestra

143 882 301 954 mags
350 883 614 953 magisque
656 880 881 937 abundet
909 883 962 936 in
992 881 1252 952 agnitione
1288 888 1339 941 et
1376 880 1517 938 omisi
1556 895 1734 947 sensu,

141 984 195 1035 ιι
218 974 444 1046 probetis
482 989 594 1044 qua
631 984 749 1031 sunt
774 974 961 1040 utilia;
986 982 1045 1031 ut
1064 974 1176 1031 sitis
1215 974 1401 1033 sinceri
1429 982 1477 1031 et
1496 972 1738 1041 inolensi

140 1069 191 1123 in
216 1068 351 1127 diem
373 1066 585 1134 Christi,
613 1065 798 1136 repleti
827 1068 1000 1137 [ructat
1020 1067 1247 1140 justitiar
1272 1082 1363 1134 per
1387 1065 1565 1124 Iesum
1587 1065 1739 1122 Chri-

138 1173 267 1223 stum
290 1163 346 1219 in
370 1162 585 1234 gloriam
610 1171 660 1217 et
685 1160 895 1221 laudem
916 1159 1035 1219 Dei.
1062 1160 1176 1217 Deo
1196 1160 1463 1230 adjutore,
1483 1160 1733 1218 ordinem

138 1254 433 1325 disciplina:
459 1253 775 1315 christiana:
816 1253 934 1310 vult
961 1268 1058 1311 eos
1084 1252 1366 1319 imbuere;
1401 1263 1459 1311 ut
1484 1255 1611 1324 quia
1644 1254 1735 1311 lir-

138 1346 261 1405 mli
291 1346 345 1407 in
374 1345 479 1403 ﬁde
500 1355 631 1409 sunt
650 1386 665 1410 .
697 1360 804 1403 non
832 1347 945 1409 sint
970 1345 1137 1403 nescii
1182 1346 1514 1405 sacramenti
1540 1346 1735 1407 credu-

136 1440 298 1505 litatis
323 1456 441 1497 suai
466 1458 479 1495 :
505 1450 560 1499 et
582 1442 819 1499 scientes
838 1440 1159 1501 discernere
1186 1440 1339 1500 utilia
1362 1455 1390 1493 a
1418 1441 1729 1511 contrariis,

132 1533 350 1605 justitiz
378 1535 638 1605 operibus
664 1544 868 1593 ornent
892 1534 1201 1592 doctrinam
1225 1534 1466 1600 Domini,
1496 1532 1729 1593 fructum

136 1626 393 1684 facientes
449 1628 878 1689 immortalitatis
924 1626 993 1685 ad
1044 1626 1435 1687 abundantiam
1486 1628 1726 1684 omnium

138 1718 419 1787 honorum,
451 1728 509 1781 ut
540 1720 811 1792 gloriosus
842 1720 895 1775 in
929 1719 1013 1777 his
1043 1731 1269 1789 apparet
1298 1720 1560 1792 magister
1589 1736 1725 1793 gen-

135 1824 278 1877 tium.

195 1906 373 1979 (Vera.
408 1906 621 1974 42-17.)
654 1906 806 1964 Scire
830 1917 1007 1963 autem
1033 1923 1123 1963 vos
1145 1908 1283 1975 volo,
1310 1907 1520 1976 fratres,
1549 1910 1728 1979 'quod

128 2017 235 2072 quis
251 2002 321 2057 ad
338 2017 419 2056 me
443 2004 721 2074 pertinent.
740 2004 809 2059 ad
834 2006 1126 2076 profectum
1149 2003 1420 2077 Evangelii
1445 2015 1727 2073 venerunt;

128 2097 199 2153 ita
233 2106 289 2153 ut
330 2097 538 2155 vincula
575 2114 689 2153 mea
724 2099 999 2167 mnifesto
1040 2099 1094 2153 in
1132 2098 1337 2156 Christo
1366 2103 1507 2171 facta
1540 2101 1642 2156 sint
1674 2102 1728 2157 in

130 2194 260 2247 omni
286 2192 556 2261 pastoria,
588 2194 707 2249 etin
734 2195 933 2249 ceteris
963 2195 1201 2255 omnibus
1231 2211 1248 2249 :
1275 2205 1432 2266 utque
1458 2196 1634 2266 plures
1662 2211 1727 2250 ea:

130 2284 369 2354 fratribus
394 2285 453 2343 its
490 2284 717 2341 Domino
753 2286 1069 2356 conﬁdentes
1116 2287 1335 2342 vinculis
1375 2286 1531 2351 meis,
1562 2303 1725 2358 crepe-

128 2376 224 2433 rint
252 2378 417 2449 mgis
444 2377 638 2439 audere
679 2379 791 2439 sine
829 2380 1013 2436 timore
1054 2380 1264 2436 verbum
1290 2378 1390 2435 Dei
1433 2380 1589 2451 loqui.
1622 2381 1727 2436 Alii

123 2469 317 2540 quidem
340 2480 391 2529 et
431 2480 644 2544 propter
683 2472 932 2529 invidiam
975 2482 1025 2528 et
1064 2473 1441 2530 contentionem
1468 2489 1486 2527 :
1511 2473 1723 2543 quidam

125 2577 232 2619 vere
253 2572 300 2618 et
324 2573 542 2634 prOpter
568 2563 757 2621 bonum
785 2565 1095 2621 voluntatem
1126 2564 1389 2621 Christum
1418 2564 1719 2633 pradicant.

124 2654 220 2709 Alii
244 2656 453 2725 quidem
482 2672 549 2713 ea:
576 2657 851 2724 alacritate,
884 2658 1100 2715 scientes
1126 2658 1266 2728 quod
1289 2658 1343 2713 in
1367 2656 1720 2727 delensionem

128 2746 384 2820 Evangelii
415 2752 618 2820 positus
640 2765 754 2811 sum
770 2766 789 2804 :
811 2750 973 2821 aliqui
993 2766 1111 2810 vero
1137 2768 1201 2807 ea:
1225 2752 1549 2808 contentione
1568 2750 1721 2807 Chri-

118 2854 247 2903 stum
286 2848 631 2915 annuntiant,
671 2864 777 2903 non
822 2847 1127 2920 simpliciter
1174 2849 1530 2903 existimantes
1577 2849 1719 2920 quod

119 2958 405 3011 pressurus
447 2944 699 3000 suscitant
743 2944 963 2999 vinculis
990 2944 1141 2998 meis.
1176 2943 1303 3000 Haec
1334 2944 1718 3011 explanatione

119 3048 220 3091 non
278 3033 573 3106 indigent;
624 3044 830 3101 tamen,
881 3044 1107 3106 propter
1143 3034 1568 3091 sollicitudinem
1620 3049 1719 3091 no-

116 3136 300 3193 stram,
327 3143 400 3186 ne
431 3144 540 3200 qua
571 3129 622 3184 in
654 3128 880 3185 dubium
910 3130 1167 3197 veniant,
1214 3146 1310 3202 per
1356 3130 1605 3186 ordinem
1649 3146 1713 3189 ea

1842 508 2119 571 Christum
2148 513 2572 580 annuntiabaut;
2607 525 2663 571 ut
2710 528 2931 585 possent
2959 518 3263 577 seditiones
3299 521 3449 579 exci-

1844 613 1962 661 tare
1988 606 2272 675 Apastoio,
2297 608 2453 678 quasi
2479 611 2686 667 auctori
2714 610 2875 681 hujus
2901 622 3090 679 sectas,
3120 614 3211 685 qui
3240 615 3448 671 multos

1842 707 2234 770 aggregaverat
2260 714 2375 757 suae
2406 702 2827 770 conspirationi.
2859 705 3031 777 Major
3059 708 3208 767 enim
3241 707 3452 765 invidia

1841 790 2121 849 crescebat
2168 791 2432 862 Apostolo
2452 835 2465 858 ,
2501 795 2718 864 quando
2742 811 2809 853 ex
2837 797 3008 857 latere
3034 799 3154 870 ejus
3180 800 3337 859 multi
3362 801 3445 859 vi-

1840 883 2107 945 debantur
2132 884 2352 944 docere.

1912 980 2092 1052 (Vere.
2126 980 2192 1037 18
2218 1011 2238 1025 ο
2256 982 2373 1053 21.)
2400 982 2541 1050 Quid
2567 985 2745 1041 erum?
2772 984 2909 1040 Dum
2935 997 3103 1045 tamen
3126 992 3305 1061 quovis
3330 1007 3444 1047 mo-

1839 1074 1935 1140 do,
1966 1075 2071 1131 sive
2098 1077 2395 1145 occasione,
2428 1078 2532 1133 sive
2561 1080 2775 1137 veritate
2802 1080 3039 1137 Christus
3066 1086 3404 1140 annuntietur
3422 1103 3444 1142 :

1837 1178 1883 1223 et
1909 1170 1964 1224 in
1985 1169 2081 1225 hoc
2104 1170 2326 1243 gaudeo,
2350 1172 2439 1229 sed
2466 1173 2617 1228 etiam
2643 1183 2689 1228 et
2713 1172 2968 1245 gaudebo.
2996 1174 3118 1231 Scio
3142 1179 3277 1233 enim
3301 1180 3441 1248 quod

1834 1262 1934 1319 hoc
1959 1265 2085 1321 mihi
2116 1276 2138 1304 ε
2168 1268 2405 1334 procedet
2432 1268 2501 1323 ad
2525 1269 2747 1324 salutem
2774 1285 2865 1339 per
2887 1278 3110 1324 vestram
3134 1288 3356 1343 precem,
3390 1282 3444 1327 et

1834 1357 2354 1417 subministrationem
2382 1362 2596 1433 spiritus
2626 1362 2756 1418 Iesu
2782 1362 2979 1419 Christi
3004 1366 3285 1419 secundum
3313 1382 3442 1420 con-

1836 1452 2217 1522 templationem
2243 1464 2289 1508 et
2320 1470 2462 1525 spem
2488 1471 2691 1521 meam;
2718 1458 2841 1524 quia
2865 1458 2920 1511 in
2950 1457 3097 1513 nullo
3119 1458 3439 1530 confundor,

1832 1544 1922 1601 sed
1948 1546 2002 1599 in
2030 1546 2171 1600 omni
2196 1557 2373 1602 exerta
2404 1547 2599 1615 ﬁducia
2619 1589 2633 1611 ,
2666 1550 2797 1605 sicut
2823 1566 3044 1621 semper,
3076 1561 3124 1606 et
3164 1567 3300 1606 nunc
3330 1568 3440 1607 trut-

1830 1638 2158 1709 gniﬁcabitur
2186 1638 2424 1695 Christus
2454 1642 2508 1696 in
2534 1658 2752 1714 corpore
2788 1660 2930 1709 meo,
2973 1646 3079 1699 sive
3118 1662 3209 1716 per
3233 1648 3392 1700 vitam
3415 1688 3436 1713 ,

1833 1729 1939 1785 sive
1958 1746 2047 1801 per
2080 1741 2333 1799 mortem;
2361 1734 2487 1789 mihi
2518 1736 2650 1789 enim
2674 1736 2840 1790 vivere
2860 1734 3098 1793 Christus
3119 1748 3213 1803 est,
3234 1746 3281 1793 et
3304 1740 3443 1793 mori

1757 1816 1804 1877 B
1832 1819 2050 1875 lucrum.
2084 1822 2325 1879 Primum
2355 1824 2611 1895 gaudium
2643 1826 2762 1897 ejus
2794 1835 2879 1883 est
2908 1828 2961 1883 in
3004 1827 3296 1897 fratribus,
3340 1831 3439 1901 qui

1834 1914 1973 1979 bona
2004 1916 2282 1974 voluntate
2296 1916 2570 1976 Christum
2597 1924 2949 1979 annuntiaut:
2970 1923 3171 1981 deinde
3189 1924 3355 1981 etiam
3377 1926 3434 1981 in

1830 2022 1899 2063 eo
1927 2022 1989 2066 se
2015 2007 2145 2065 dicit
2173 2009 2447 2083 gaudere,
2477 2012 2627 2083 quod
2660 2013 2877 2072 fallacia
2921 2015 3201 2072 hominum
3233 2018 3434 2074 adver-

1832 2116 1925 2159 sus
1950 2116 2075 2158 eum
2101 2100 2463 2175 compositum
2492 2116 2646 2174 erat,
2673 2117 2731 2165 ut
2756 2108 2822 2163 ad
2851 2109 3109 2166 invidiam
3140 2121 3192 2167 et
3217 2126 3437 2181 pressu-
3536 2108 3543 2115 ’

1830 2209 1944 2253 ram
1975 2195 2095 2264 ejus
2124 2195 2374 2255 Christus
2405 2200 2814 2269 praedicaretur;
2849 2202 2962 2259 Hoc
2992 2205 3135 2259 enim
3167 2204 3301 2260 dicit
3330 2204 3436 2262 sibi

1828 2286 1896 2345 ad
1926 2286 2088 2347 vitam
2119 2288 2404 2358 prolicere,
2433 2291 2576 2361 quod
2606 2292 2682 2349 illi
2710 2304 3039 2363 paraverant
3065 2296 3130 2350 ad
3157 2306 3430 2365 mortem;

1830 2381 1970 2438 hanc
1995 2382 2141 2443 enim
2172 2384 2334 2441 vitam
2362 2398 2515 2443 suam
2542 2385 2675 2444 dicit
2703 2400 2824 2444 esse
2844 2428 2859 2454 ,
2892 2389 2939 2443 si
2971 2388 3223 2455 Christus
3249 2392 3433 2447 omni-

1826 2474 1931 2539 bus
1971 2476 2317 2545 praadicetur,
2361 2487 2417 2533 et
2457 2494 2519 2535 se
2556 2482 2720 2535 etiam
2760 2480 2895 2535 mori
2925 2490 3206 2551 paratum,
3236 2492 3296 2537 ut
3323 2482 3431 2547 hoc

1827 2568 2002 2638 possit
2048 2570 2291 2639 impleri,
2334 2572 2514 2627 sciens
2572 2586 2821 2641 magnam
2880 2572 2991 2628 sibi
3028 2588 3129 2642 pro
3164 2574 3267 2629 hoc
3299 2584 3429 2631 voto

1826 2658 1852 2701 δ
1876 2671 1934 2721 et
1962 2662 2207 2720 efﬁcacia
2234 2662 2351 2721 dari
2398 2680 2559 2734 posse
2606 2664 2911 2723 mercedem
2944 2667 3235 2737 :imperita
3278 2668 3432 2725 enim

1826 2756 2029 2813 malitia
2060 2756 2354 2815 adversum
2394 2771 2454 2813 se
2493 2771 2710 2827 semper
2746 2758 3114 2823 mehinatur,
3156 2758 3281 2815 dum
3328 2773 3429 2815 ne-

1826 2848 1945 2902 scit.
1989 2846 2067 2901 Ad
2101 2847 2419 2909 calcaudam
2445 2863 2576 2919 ergo
2605 2847 2802 2909 horum
2836 2849 3302 2914 malevolentiam.
3337 2851 3433 2920 qui

1822 2941 1955 2997 recti
1986 2939 2203 2997 fallacia
2232 2941 2459 3002 insidias
2486 2944 2611 2999 vita:
2631 2944 2756 3011 eius
2787 2941 3090 3001 tendebant
3109 2987 3122 3009 ,
3157 2943 3252 3002 Dei
3280 2957 3428 3013 prte-

1820 3031 1974 3091 sidiis
2005 3047 2065 3090 se
2093 3033 2291 3093 muniri
2323 3042 2573 3101 testatur,
2606 3035 2673 3091 iis
2698 3050 2840 3105 quos
2866 3034 3052 3105 utique
3082 3034 3262 3093 socios
3292 3052 3426 3107 gau-

1817 3124 1894 3181 dii
1925 3124 2010 3181 sui
2036 3123 2203 3193 dicit,
2232 3124 2623 3197 adjuvantibus
2645 3127 2897 3187 oratione
2927 3134 3152 3199 propter
3175 3142 3427 3187 commu-

119 3220 350 3290 apertius
376 3236 799 3293 prosequamur.
830 3222 1099 3291 Quoniam
1135 3225 1390 3295 superius
1420 3224 1713 3295 participes
1740 3212 1787 3277 ε
1816 3232 1940 3283 nem
1970 3218 2306 3279 alacritatem
2328 3260 2344 3287 ,
2373 3227 2430 3274 et
2468 3222 2641 3279 sancti
2682 3219 2926 3291 Spiritus
2962 3220 3429 3281 subministratio-

119 3311 211 3373 ltus
248 3314 430 3385 gaudii
482 3315 567 3371 sui
618 3315 1033 3384 pronuntiavit,
1064 3316 1187 3371 ideo
1235 3316 1366 3387 quid
1422 3316 1717 3386 profecerit

120 3404 423 3474 praedicatio
442 3406 569 3478 ejus
581 3407 849 3475 insinuat,
866 3407 1026 3477 quasi
1046 3407 1262 3471 charis;
1290 3408 1361 3463 ita
1388 3416 1445 3463 ut
1461 3408 1717 3463 omnibus

118 3499 445 3559 innotuerint
493 3502 780 3570 passiones
822 3501 943 3571 ejus
988 3517 1092 3572 pro
1138 3500 1381 3557 Christo.
1428 3501 1535 3557 Per
1577 3501 1717 3558 hanc

117 3592 474 3657 hunulitatem
518 3594 816 3665 gloriosum
849 3610 909 3650 se
938 3594 1166 3660 indicat,
1197 3601 1256 3648 ut
1287 3594 1527 3651 habeant
1554 3609 1715 3650 occa-

115 3686 315 3744 sionem
342 3689 625 3759 gaudendi
671 3698 944 3749 amatores
971 3690 1124 3759 ejus;
1155 3691 1279 3760 quia
1309 3691 1466 3759 cujus
1498 3690 1717 3746 vincula

114 3778 167 3834 in
184 3778 401 3837 (liriuo
426 3781 872 3847 nanii’estantur,
891 3782 1130 3852 dignitas
1151 3783 1271 3852 ejus
1295 3783 1618 3843 crebrescit.
1647 3782 1717 3839 In

116 3874 245 3927 asini
273 3874 545 3945 pastoria,
576 3884 627 3929 et
655 3876 710 3929 in
738 3876 936 3929 ueteris
964 3876 1225 3943 munibus,
1261 3874 1313 3931 id
1342 3884 1450 3942 est,
1481 3876 1536 3930 in
1565 3878 1715 3933 omni

120 3961 410 4033 Judaisato,
437 3974 497 4022 es
525 3980 621 4036 per
648 3967 936 4022 universas
966 3966 1244 4022 Ecclesias
1270 3967 1548 4038 gentium;
1578 3984 1717 4039 prai-

120 4064 198 4121 eat
222 4059 365 4117 enim
396 4056 745 4127 Judaisnsus,
774 4060 901 4129 quia
950 4060 1049 4127 ipsi
1094 4059 1233 4115 facta
1277 4061 1569 4130 promissio
1608 4054 1713 4130 est,

117 4150 253 4211 sicut
279 4152 487 4211 dicitur
510 4170 524 4208 :
550 4153 685 4219 Quia
705 4153 848 4208 salus
872 4168 936 4207 ex
953 4150 1156 4207 Iudicis
1181 4162 1256 4208 est
1283 4150 1464 4225 (Joan.
1498 4168 1574 4219 tv,
1596 4152 1712 4226 22).

121 4243 345 4318 ideoque
368 4249 562 4319 plures
583 4263 650 4303 ea
677 4247 935 4303 fratribus
952 4246 1262 4318 exemplum
1290 4262 1449 4303 suam
1473 4256 1713 4316 secutos,

118 4352 272 4399 ausos
301 4339 438 4401 dicit
481 4338 650 4395 inisse
694 4340 847 4410 inqui
894 4339 1121 4395 verbum
1171 4339 1271 4396 Dei
1309 4354 1432 4395 cum
1475 4339 1711 4407 ﬁducia;

118 4434 419 4501 constantia
438 4433 587 4489 enim
610 4433 731 4501 ejus
752 4432 954 4487 multos
978 4433 1263 4501 animavit,
1288 4432 1315 4472 ι)
1341 4441 1401 4487 ιιι
1431 4448 1537 4488 non
1569 4448 1713 4504 prae-

118 4524 338 4585 terirent
363 4525 529 4598 353
552 4526 957 4597 evangelicae,
978 4537 1264 4596 etmtperto
1284 4527 1537 4597 exemplo
1570 4532 1715 4597 Apo-

1820 3326 1945 3369 netn
1967 3352 1983 3378 ,
2012 3311 2103 3381 qui
2132 3322 2325 3372 contra
2354 3312 2689 3371 voluntatem
2724 3314 2940 3373 illorum
2963 3322 3018 3369 et
3046 3314 3161 3372 vias
3185 3314 3425 3384 aperiret

1820 3404 2170 3475 praedicanti,
2214 3405 2352 3463 dans
2392 3407 2621 3476 gratiam
2662 3416 2719 3465 et
2757 3407 3008 3466 ﬁduciam
3040 3407 3224 3467 verbis
3260 3408 3420 3478 ejus,

1818 3509 1877 3559 ut
1919 3509 2069 3563 ortas
2106 3500 2406 3561 seditiones
2444 3512 2841 3571 compesceret.
2886 3501 2945 3559 in
2990 3501 3313 3573 nulioergo
3356 3517 3422 3561 se

1814 3592 1947 3655 dicit
1974 3592 2233 3653 confundi
2263 3594 2317 3651 in
2346 3592 2597 3653 doctrina
2626 3591 2828 3651 Christi
2854 3611 2869 3658 ;
2908 3593 3032 3663 quia
3061 3606 3116 3651 et
3147 3608 3274 3662 spes
3302 3607 3421 3649 ma-

1816 3700 1917 3753 gna
1947 3684 2326 3753 promissionis
2356 3693 2476 3753 est,
2505 3694 2563 3743 et
2586 3684 2711 3756 quia
2753 3684 2888 3741 nihil
2916 3685 2970 3738 in
3010 3700 3074 3741 aa
3110 3692 3306 3753 turpe.
3335 3684 3421 3745 in-

1819 3775 2105 3841 honestum
2128 3818 2143 3842 ,
2176 3784 2269 3832 aut
2306 3774 2468 3835 lallax
2508 3786 2591 3835 est
2612 3817 2627 3842 ,
2659 3776 2803 3835 sicut
2829 3775 2971 3845 apud
3002 3790 3279 3845 paganos.
3312 3776 3418 3833 sed

1817 3878 2007 3939 aperta
2053 3867 2395 3938 simplicitas.
2444 3868 2581 3929 Hinc
2620 3878 2708 3931 est
2748 3869 2895 3933 enim
2937 3868 3081 3925 unde
3108 3883 3237 3932 cura
3264 3869 3416 3931 omni

1818 3962 2122 4021 constantia
2148 3977 2256 4025 non
2280 3961 2427 4023 cedit
2450 3962 2727 4029 adversis,
2755 3971 2812 4019 nt
2830 3961 3211 4033 magniﬁcetur
3226 3960 3422 4021 Chris-

1819 4068 1904 4115 tus
1935 4057 1989 4115 in
2020 4071 2254 4131 corpore
2282 4056 2402 4126 eius
2420 4097 2433 4120 ν
2464 4056 2581 4117 sive
2609 4056 2909 4121 occidatur,
2942 4054 3058 4113 sive
3080 4069 3262 4113 caesus
3287 4068 3421 4115 cva-

1817 4154 1929 4209 dat.
1960 4152 2040 4213 Ex
2070 4167 2136 4209 eo
2164 4151 2309 4209 enim
2336 4167 2459 4221 qu:c
2487 4160 2542 4207 et
2571 4160 2776 4221 quanta
2802 4164 2931 4219 spes
2957 4149 3013 4205 in
3040 4148 3261 4211 Christo
3288 4156 3378 4209 est
3397 4188 3414 4215 .

1814 4244 2233 4310 consideratur;
2266 4243 2486 4313 quando
2514 4258 2622 4303 non
2655 4242 2832 4301 solum
2864 4241 2999 4301 caedi
3030 4250 3084 4299 et
3112 4240 3280 4312 afﬂigi
3313 4256 3417 4315 pro

1815 4356 1914 4409 eo,
1954 4340 2051 4399 sed
2082 4350 2138 4397 et
2176 4340 2309 4397 mori
2338 4347 2559 4409 paratus
2588 4346 2691 4395 est.
2722 4336 2897 4395 Vitam
2926 4336 3075 4393 enim
3103 4350 3260 4395 suam
3288 4336 3420 4393 sive

1812 4433 1871 4497 in
1904 4433 2185 4504 presenti,
2219 4432 2335 4491 sive
2368 4432 2419 4485 in
2454 4430 2637 4487 laturo
2666 4428 2943 4487 Christum
2966 4442 3088 4486 esse
3102 4428 3237 4491 dicit
3258 4469 3274 4494 ,
3303 4430 3415 4485 sie-

1814 4539 1877 4587 ut
1915 4538 1971 4589 ot
2008 4527 2342 4599 evangelista
2398 4525 2636 4583 Joannes
2671 4532 2936 4589 testatur,
2978 4523 3166 4581 dicens
3200 4540 3211 4575 :
3254 4521 3410 4588 Quod

120 4616 261 4685 stoli.
286 4618 433 4689 quod
461 4618 608 4676 Deus
638 4617 812 4681 adest.
842 4627 903 4675 ut
930 4628 1146 4676 tueatur
1171 4620 1464 4691 diligentes
1486 4636 1545 4676 sc
1575 4620 1705 4685 ;sed
1735 4602 1788 4664 Ῑ)
1815 4626 2007 4695 factum
2027 4632 2134 4691 est,
2165 4623 2218 4678 in
2240 4622 2355 4691 ipso
2383 4621 2487 4676 vita
2516 4629 2650 4685 erat,
2681 4627 2728 4675 et
2755 4619 2859 4675 vita
2886 4625 2995 4673 erat
3022 4616 3116 4675 lus;
3144 4616 3413 4675 hominum

118 4718 173 4765 et
195 4710 331 4769 alios
360 4710 533 4769 falsos
564 4711 783 4780 fratres,
814 4728 922 4769 non
952 4712 1147 4773 ﬁducia
1171 4756 1184 4781 ,
1209 4730 1391 4785 neque
1417 4715 1707 4773 dilectione

124 4802 213 4861 Dei
236 4848 251 4872 ,
279 4805 379 4863 sed
406 4808 764 4865 contentione
793 4808 893 4862 zeli
926 4807 1179 4864 incitatos
1203 4850 1217 4876 ,
1253 4809 1346 4867 Dei
1379 4810 1602 4865 verbum
1628 4810 1712 4869 di-

123 4896 191 4951 cit
216 4898 532 4967 przedicare,
560 4901 714 4971 quasi
740 4900 976 4954 invidos.
1016 4900 1206 4956 Plures
1236 4916 1371 4971 ergo
1398 4917 1429 4957 e
1452 4902 1712 4961 irati-ilius

123 4990 326 5047 sincera
356 4994 603 5064 quidem,
624 4994 721 5050 sed
754 4995 972 5050 diversa
1004 4996 1286 5051 voluntate
1313 4995 1587 5051 Christum
1621 5011 1715 5052 an-

124 5084 474 5152 nuntiabat“;
501 5086 595 5143 alii
641 5089 787 5144 enim
826 5088 972 5153 bona
1017 5088 1301 5145 voluntate
1330 5091 1433 5143 hoc
1477 5090 1715 5158 agebant

124 5175 188 5231 ad
218 5177 448 5248 gloriam
504 5180 598 5237 Dei
643 5182 845 5246 solius;
873 5180 967 5235 alii
1012 5196 1142 5237 vero
1188 5182 1459 5245 citerius.
1505 5183 1712 5239 incitati

124 5269 375 5340 apostoli,
411 5271 546 5328 certi
572 5274 640 5327 de
672 5272 902 5327 tuitioue
943 5273 1062 5328 Dei.
1104 5274 1200 5330 Sic
1233 5274 1432 5329 iterum
1459 5289 1493 5331 e
1522 5285 1711 5335 contra

126 5362 225 5419 alia
250 5364 361 5420 duo
387 5381 586 5437 genera
617 5369 788 5438 ponit,
823 5382 943 5439 quae
971 5382 1079 5424 non
1107 5370 1327 5425 sincero
1356 5372 1538 5425 animo
1569 5383 1711 5439 prac-

128 5452 409 5523 dicahans;
452 5458 667 5529 quidam
709 5461 857 5517 enim
910 5460 1219 5517 invidentes
1265 5460 1548 5532 Apostolo,
1582 5456 1713 5518 caa-

202 5639 219 5659 '
248 5639 421 5715 Corn.
445 5644 603 5711 edit.,
629 5644 771 5714 quod
796 5660 915 5715 qua
940 5644 1071 5699 mihi
1096 5644 1426 5712 acciderunt,
1457 5643 1623 5715 magis
1652 5642 1720 5697 ad

136 5714 623 5908 wifestgz’ésaglit.
651 5802 714 5843 ac
738 5788 892 5859 pauci
921 5758 1156 5847 mss..lut
1184 5803 1287 5843 non
1320 5788 1554 5843 timerent
1573 5802 1722 5843 evan-

143 5868 197 5929 σο
219 5869 375 5914 tsors.
488 5896 491 5899 -
582 5896 585 5901 -
658 5896 663 5909 ι
694 5878 699 5903 ι
848 5878 869 5899 κ
1196 5904 1199 5905 ,
1374 5878 1375 5881 η

1816 4715 1998 4790 (Joan.
2028 4733 2077 4781 ι,
2110 4716 2162 4781 3,
2194 4716 2279 4782 ι).
2312 4715 2420 4773 Pro
2448 4713 2550 4771 hac
2578 4713 2690 4769 vita
2719 4710 2951 4781 mortale
2978 4722 3180 4779 corpus
3204 4706 3375 4779 tradit
3395 4747 3416 4775 .

1819 4819 1879 4866 ut
1907 4810 1958 4869 id
1991 4808 2216 4878 recipiat
2248 4808 2301 4863 in
2333 4815 2595 4867 aeternum
2624 4822 2636 4863 :
2664 4819 2730 4863 ac
2756 4819 2857 4875 per
2882 4803 2989 4863 hoc
3014 4802 3225 4863 lucrum
3255 4814 3414 4857 cutu-

1820 4911 1974 4975 putat
2001 4902 2137 4961 mori
2166 4916 2265 4970 pro
2290 4898 2531 4957 Christo.
3232 4960 3238 4967 ι

1892 5000 1913 5068 (
1939 4996 2096 5053 Vers.
2126 4993 2198 5049 22
2230 5025 2251 5037 -
2279 4991 2371 5051 26.
2397 4990 2415 5063 )
2446 4990 2507 5051 Si
2534 5006 2657 5063 ergo
2682 4991 2847 5046 vivere
2872 4989 2929 5043 iu
2958 5003 3113 5045 carne
3134 5028 3149 5054 ,
3178 4985 3263 5040 hic
3288 4981 3424 5043 mihi

1824 5095 2023 5160 [ructus
2050 5098 2121 5145 est
2145 5086 2355 5158 operis:
2383 5095 2430 5139 et
2454 5083 2577 5155 quid
2595 5084 2785 5155 eligam
2814 5083 3016 5153 ignoro.
3044 5076 3424 5141 Conratarau-

1820 5192 1922 5237 teut
1946 5183 1999 5237 iu
2030 5181 2109 5235 his
2134 5179 2331 5237 duobus
2352 5220 2365 5243 ,
2393 5176 2705 5237 desiderium
2735 5174 2927 5235 habeas
2951 5170 3163 5235 dissolvi
3181 5211 3196 5235 ,
3218 5177 3274 5225 et
3290 5183 3421 5227 eum

1822 5271 2027 5329 Christo
2070 5288 2208 5337 esse,
2252 5270 2415 5329 uuln
2625 5268 2814 5325 melius
2836 5278 3143 5327 t-reatancre
3164 5268 3420 5321 Menas:

1823 5380 1975 5419 carne
2014 5364 2163 5418 valde
2197 5363 2543 5416 necessarium
2586 5368 2794 5429 propter
2832 5372 2939 5411 vos.
2984 5354 3053 5407 Et
3094 5356 3189 5417 hoc
3226 5360 3424 5413 ursus

1822 5460 2033 5524 habens,
2053 5459 2158 5513 scio
2180 5458 2303 5527 quia
2321 5455 2536 5517 mortuo
2554 5464 2602 5515 et
2616 5450 2931 5525 permanebo
2952 5447 3188 5502 omnibus
3209 5446 3346 5499 vobis
3367 5444 3425 5499 in

1820 5590 1833 5601 ⁵
1876 5614 1927 5685 ’ρ
1969 5639 2127 5699 nom.
2157 5635 2313 5705 ωλι,
2343 5634 2577 5707 proﬁciet
2602 5632 2671 5699 ad
2692 5631 2920 5695 satum
2950 5672 2963 5685 .
2999 5666 3015 5685 ο
3048 5668 3061 5682 ο
3095 5663 3113 5695 ο
3144 5622 3429 5699 retundit!"

1806 5708 2259 5820 igwgctationem
2283 5717 2330 5763 et
2352 5722 2488 5791 spent
2516 5720 2699 5781 nteant.

1972 5774 2174 5820 Italiam
2216 5768 2348 5820 aliis,
2393 5774 2571 5820 an_,
2616 5788 2663 5820 at

1890 5764 2187 5913 3"Eademy'
2216 5768 2352 5835 edit.
2371 5764 2663 5843 ’no'm.‘,"éi
2690 5764 2951 5845 efﬁcacem
2979 5772 3097 5828 dari
3123 5782 3271 5844 posse
3297 5778 3433 5823 mer-

1928 5869 2135 5911 em..'
2816 5876 2835 5881 η.
3250 5854 3315 5867 ·⁴

1832 5854 2135 5913 cedem.-'
2816 5876 2835 5881 η·
3250 5854 3315 5867 ’⁴
