3970 6316
499 296 603 354 407

1421 296 1513 353 AD
1550 294 1784 353 OPERA
1822 294 2072 355 SANCTI
2111 298 2440 358 AMBROSII
2478 300 2847 360 APPENDIX.

3682 304 3775 362 ωε

496 424 712 470 vestrum
759 416 1043 485 profectum
1068 421 1117 466 et
1161 411 1407 484 gaudium
1449 413 1602 482 fidei;
1639 422 1697 468 ut
1729 412 1894 485 gloria
1927 422 2092 468 vestra
2120 416 2173 475 Α
2195 430 2383 478 meum,
2408 424 2462 469 ut
2483 415 2617 469 idem
2640 417 2915 488 sapientes,
2938 418 3169 473 eamdem
3192 418 3501 473 charitatem
3532 419 3780 485 habentes,

496 506 718 561 abundet
736 523 827 579 per
842 504 1099 560 Christum
1118 503 1295 561 Iesum
1320 506 1374 560 in
1398 522 1497 573 me,
1522 523 1615 577 per
1636 522 1804 561 meum
1822 507 2093 562 adventum

490 601 673 655 iterum
700 599 769 653 ad
797 615 902 654 vos.
935 597 1275 655 Manifestum
1306 609 1389 655 est
1415 600 1557 672 quod
1596 600 1748 669 dicit,
1775 602 1900 672 quia
1940 603 1985 656 si
2040 602 2092 657 in

494 708 659 750 carne
698 694 904 764 positus
948 709 1056 749 non
1100 694 1335 750 otiosum
1383 703 1486 763 est,
1528 694 1674 765 quod
1724 694 1889 761 vivit;
1932 694 2096 751 habet

497 789 640 844 enim
667 787 897 843 fructum
924 788 1105 859 operis
1133 789 1236 844 sui.
1266 789 1402 856 Quid
1422 790 1629 861 eligam,
1669 790 1861 860 inquit,
1888 790 2087 863 ignoro.

495 880 713 937 Duabus
752 882 897 937 enim
948 896 1014 937 ex
1059 881 1237 936 causis
1288 890 1536 952 urgetur;
1595 881 1757 938 habet
1807 883 1950 938 enim
2000 883 2095 939 de-

494 973 754 1029 siderium
798 972 1069 1030 excedere
1090 1016 1105 1043 ,
1148 984 1203 1030 et
1234 989 1359 1029 cum
1386 974 1605 1030 Christo
1630 990 1753 1031 esse
1784 976 1954 1032 multo
1980 992 2095 1034 me-

494 1066 595 1122 lius
622 1069 933 1135 aestimans;
981 1077 1040 1123 ut
1072 1069 1185 1138 jam
1214 1083 1454 1139 prtesens
1501 1070 1569 1123 sit
1612 1069 1754 1141 apud
1801 1070 2005 1139 Deum,
2038 1081 2095 1127 ut

495 1158 767 1229 exoptatis
812 1168 867 1214 et
914 1159 1196 1229 promissis
1222 1158 1463 1225 fruatur;
1507 1160 1560 1215 in
1592 1175 1755 1216 carne
1784 1176 1912 1218 vero
1939 1173 1997 1218 ut
2026 1165 2097 1219 sit

493 1248 692 1317 adhuc,
723 1252 1089 1307 necessarium
1116 1251 1247 1307 dicit
1273 1261 1491 1323 propter
1519 1254 1927 1311 instructionem
1972 1272 2094 1314 cre-

494 1344 761 1400 dentium.
808 1344 874 1399 Et
903 1359 1025 1400 cum
1052 1345 1274 1401 dissolvi
1302 1356 1357 1401 et
1383 1362 1505 1402 cum
1536 1346 1752 1404 Christo
1777 1364 1900 1405 esse
1928 1352 2096 1407 multo

495 1437 689 1492 melius
724 1436 915 1503 ducat;
958 1447 1167 1493 certum
1197 1446 1377 1495 tamen
1411 1440 1512 1509 hoc
1542 1441 1684 1496 scire
1728 1457 1787 1497 se
1828 1451 2097 1513 protesta—

494 1536 601 1596 tur,
635 1528 757 1600 quia
791 1530 1027 1587 manebit
1056 1532 1107 1585 in
1134 1546 1298 1587 carne
1326 1532 1391 1586 ad
1414 1532 1718 1604 profectum
1742 1533 2008 1602 ﬁdelium;
2039 1548 2098 1592 ut

490 1622 664 1694 gloria
693 1639 882 1679 eorum
911 1624 1152 1680 abundet
1182 1625 1235 1705 in
1266 1626 1519 1691 Domino,
1554 1627 1848 1695 proﬁciens
1876 1628 1944 1684 ad
1982 1630 2098 1686 lau—

493 1716 620 1773 dem
655 1718 901 1788 Apostoli
930 1760 945 1785 ,
977 1734 1100 1775 cum
1142 1718 1340 1773 iterum
1381 1718 1626 1774 viderint
1662 1736 1807 1776 eum.
1838 1719 2099 1779 Cremen-

2199 505 2489 571 unanimes,
2521 522 2675 561 unum
2699 508 2987 571 sentientes,
3017 508 3147 563 nihil
3176 509 3272 578 ﬁat
3304 510 3591 565 secundum
3616 510 3783 563 irrita-

2198 600 2412 666 tionem,
2444 616 2603 672 neque
2620 602 2901 656 secundum
2924 604 3133 658 inanem
3152 604 3399 674 gloriam,
3435 604 3530 659 sed
3548 605 3603 657 in
3626 606 3786 658 hasti-

2197 690 2338 745 litute
2366 691 2549 745 mentis
2575 692 2711 747 alius
2734 690 2893 746 alium
2922 694 3276 750 existimantes
3298 696 3625 766 superiorem
3651 696 3740 751 sibi
3770 715 3789 749 :

2197 799 2301 837 non
2320 798 2435 853 qute
2463 800 2556 838 sua
2582 794 2703 838 sunt
2730 786 3082 855 unusquisque
3106 788 3546 856 contemplantes,
3572 790 3661 841 sed
3685 802 3792 857 qua

2196 876 2420 931 aliorum
2447 888 2585 932 sunt.
2618 877 2730 933 Hoc
2758 878 2910 945 dicit,
2952 878 3073 948 quia
3115 880 3161 933 si
3195 888 3283 935 est
3310 894 3442 935 vera
3485 880 3789 935 exhortatio

2197 969 2311 1040 Spei
2340 968 2391 1023 in
2416 968 2632 1024 Christo
2662 970 2800 1039 apud
2833 984 2927 1023 vos
2950 1012 2964 1036 ,
2996 984 3102 1041 qua
3131 984 3229 1025 vos
3270 970 3514 1026 invicem
3558 970 3800 1025 consola-

2197 1073 2339 1122 mur,
2376 1059 2420 1113 si
2448 1058 2696 1113 solatium
2732 1058 3009 1116 charitatis
3033 1062 3358 1129 communis,
3384 1062 3430 1117 si
3462 1062 3802 1132 participatio

2198 1148 2428 1223 Spiritus
2454 1155 2659 1218 sancti,
2690 1168 2786 1223 per
2822 1168 2984 1225 quam
3022 1155 3304 1227 jungimur
3331 1156 3383 1211 in
3430 1170 3542 1211 uno
3574 1170 3798 1227 corpore

2199 1258 2356 1309 novo,
2384 1243 2431 1300 si
2459 1260 2562 1316 qua
2606 1255 2732 1301 sunt
2755 1247 2982 1313 viscera,
3010 1247 3063 1303 id
3092 1260 3201 1317 est,
3234 1249 3280 1305 si
3315 1252 3369 1305 in
3407 1250 3594 1305 animo
3630 1260 3806 1305 vestro

2198 1354 2339 1406 sum,
2373 1340 2512 1396 sicut
2549 1352 2602 1397 et
2640 1356 2735 1396 vos
2776 1344 2826 1397 in
2860 1358 3002 1410 meo,
3043 1345 3086 1399 si
3119 1344 3504 1402 miserationes
3526 1389 3540 1411 ,
3564 1344 3674 1401 hoc
3707 1356 3806 1409 est,

2199 1432 2244 1488 si
2271 1432 2493 1489 allectus
2538 1434 2749 1505 pietatis
2792 1437 2843 1491 in
2896 1451 3081 1493 amore
3121 1447 3225 1504 est,
3271 1438 3500 1511 implete
3546 1438 3803 1509 gaudium

2201 1540 2402 1580 meum.
2452 1525 2581 1583 Haac
2608 1543 2729 1596 quas
2765 1541 3073 1595 enumerat,
3110 1541 3239 1587 tunc
3270 1546 3402 1587 vera
3424 1530 3714 1601 probanda
3745 1533 3813 1585 si-

2198 1617 2445 1689 gniﬁcat,
2488 1620 2536 1674 si
2569 1620 2671 1675 ista
2698 1636 2821 1691 qua:
2840 1622 3030 1678 subter
3055 1624 3304 1687 mandat,
3328 1622 3540 1679 fuerint
3567 1633 3805 1686 servata;

2203 1720 2260 1765 ut
2286 1711 2571 1767 unanimes
2591 1713 2720 1779 sint,
2746 1725 2802 1769 et
2831 1714 3025 1785 spiritu
3077 1715 3315 1772 humiles
3347 1759 3362 1783 ,
3412 1732 3524 1771 non
3574 1731 3640 1771 se
3689 1715 3817 1770 invi-

492 1818 606 1864 tum
638 1809 785 1865 enim
813 1809 1025 1865 faciunt
1054 1810 1304 1865 scientiae
1336 1852 1349 1876 ,
1387 1820 1443 1866 et
1470 1812 1687 1881 plenius
1723 1810 2017 1869 fundantur
2041 1814 2095 1871 in

2206 1816 2321 1857 cem
2350 1812 2749 1872 provocantes,
2802 1804 2898 1861 sed
2945 1806 2997 1860 in
3040 1806 3312 1863 charitate
3362 1807 3712 1879 gaudentes;
3764 1816 3818 1860 ut

488 1906 615 1964 ﬁde.
658 1907 933 1974 Quantum
969 1907 1219 1964 affectum
1258 1907 1452 1963 habuit
1490 1908 1637 1963 circa
1664 1907 1950 1964 credentes
1973 1949 1990 1976 ,
2041 1917 2100 1963 ut

497 1999 601 2055 hoc
639 1999 785 2069 quod
814 1999 988 2057 multo
1020 2002 1214 2057 melius
1240 2000 1346 2056 sibi
1389 2016 1514 2058 esse
1551 2002 1725 2069 dicit,
1758 2017 1866 2057 non
1898 2004 2094 2074 eligat:

493 2091 591 2147 sed
634 2091 737 2149 hoc
778 2093 954 2161 velit,
1000 2094 1146 2166 quod
1176 2095 1432 2167 expediat
1454 2093 1670 2160 multis,
1709 2104 1895 2152 certus
1933 2098 2096 2152 etiam

495 2185 732 2242 Domino
786 2186 891 2243 hoc
936 2187 1195 2259 placere,
1246 2188 1393 2259 quod
1440 2203 1540 2259 pro
1596 2189 1892 2245 multorum
1924 2188 2100 2245 salute

492 2277 773 2347 proﬁciat.
826 2279 958 2346 Quis
1012 2296 1121 2337 non
1168 2282 1319 2337 tertii
1365 2282 1490 2338 coeli
1538 2282 1769 2354 cupidus
1814 2292 2101 2353 sperneret

490 2384 711 2427 omnem
740 2371 904 2447 254
934 2388 1118 2428 curam
1150 2376 1519 2444 prtesentem?
1548 2377 1672 2446 quis
1701 2388 1809 2431 non
1850 2374 2094 2445 paradisi

488 2465 794 2535 superioris
832 2464 1110 2523 desiderio
1152 2468 1332 2523 omnia
1378 2470 1493 2523 hzcc
1532 2469 1941 2539 postponeret?
1968 2469 2093 2537 quis

491 2570 601 2612 non
645 2558 941 2614 verborum
986 2573 1313 2615 arcanorum
1358 2574 1567 2617 memor
1609 2560 1848 2616 humana
1877 2559 2098 2631 eloquia

493 2653 803 2709 devitaret?
856 2654 978 2724 quis
1025 2670 1131 2708 non
1177 2664 1303 2724 post
1342 2664 1492 2710 tanta
1533 2654 1698 2710 exitia
1740 2655 1973 2727 eligeret
2010 2670 2101 2711 re-

490 2745 723 2815 quiem?
765 2743 872 2802 Sed
920 2746 1047 2818 quia
1098 2746 1419 2802 charitatem
1468 2747 1720 2803 omnibus
1764 2748 2097 2818 anteposuit,

499 2838 605 2893 hoc
636 2847 852 2894 secutus
872 2850 978 2905 est,
1004 2840 1146 2911 quod
1169 2840 1456 2911 proﬁceret
1481 2839 1760 2896 fratribus.

493 2957 498 2964 -
571 2928 756 2999 (Vers.
800 2931 894 2996 ‘27,
940 2930 1060 3004 28.)
1113 2930 1339 2986 Tantum
1380 2933 1534 3004 digne
1577 2930 1856 3004 Evangelia
1912 2932 2102 2988 Christi

501 3022 894 3077 conversamini.
917 3022 1140 3094 Dignam
1186 3025 1654 3079 conversationem
1678 3024 1793 3079 vult
1831 3040 1925 3081 eos
1947 3026 2104 3081 exhi-

497 3115 633 3172 bere
682 3116 983 3187 disciplinae
1029 3118 1359 3186 Dominicze;
1404 3128 1465 3174 ut
1515 3134 1618 3174 non
1663 3121 1920 3191 pteniteat
1973 3138 2094 3178 eum

2200 1894 2454 1965 gaudium
2502 1896 2749 1966 Apostoli
2803 1898 3019 1967 plenum
3064 1899 3135 1954 sit
3188 1900 3240 1954 in
3271 1900 3377 1955 eis.
3412 1900 3511 1957 Sic
3545 1917 3689 1973 ergo
3731 1918 3821 1957 eos

2200 1987 2546 2056 constringit,
2574 1989 2690 2044 utsi
2722 1988 2841 2045 haec
2857 2005 2963 2045 non
2978 1992 3375 2060 custodierint,
3405 2010 3507 2051 nec
3523 1994 3577 2049 in
3601 1996 3820 2051 casteria

2201 2078 2414 2149 probati
2436 2079 2760 2147 videantur;
2792 2091 2852 2137 ut
2878 2083 3003 2153 quia
3033 2084 3086 2138 in
3118 2084 3247 2140 aliis
3276 2085 3479 2141 nolunt
3511 2101 3575 2142 se
3607 2086 3815 2157 impro-

2200 2172 2356 2228 batos
2384 2172 2577 2241 videri,
2605 2174 2707 2229 ista
2738 2190 2959 2248 quoque
2984 2186 3210 2233 servent
3241 2219 3257 2244 ,
3307 2188 3370 2234 ut
3415 2179 3650 2249 perfecti
3693 2180 3821 2236 siut.

2199 2266 2331 2324 Sine
2351 2266 2519 2323 dubio
2546 2269 2690 2324 enim
2714 2280 2872 2325 erant
2920 2272 3065 2327 inter
3092 2287 3190 2327 eos
3214 2272 3619 2331 dissentientes
3651 2285 3713 2329 et
3752 2276 3823 2329 in-

2199 2366 2389 2435 quieti,
2411 2375 2465 2421 et
2491 2367 2581 2437 qui
2611 2368 2756 2423 inani
2788 2369 2979 2439 gloria:
3005 2369 3331 2435 studerent,
3379 2372 3748 2428 contendere
3775 2384 3825 2429 et

2200 2456 2422 2513 vincere
2444 2458 2697 2515 volentes
2727 2475 2850 2515 cum
2874 2462 3376 2530 auimiatrocitate,
3406 2463 3501 2519 ubi
3530 2466 3821 2535 prtemiun

2202 2564 2310 2606 non
2369 2562 2453 2607 est
2500 2570 2515 2605 :
2572 2552 2668 2608 sed
2719 2554 2859 2624 parit
2908 2554 3033 2610 lites
3064 2596 3079 2621 ,
3135 2565 3193 2611 et
3230 2556 3429 2627 rumpit
3468 2558 3824 2613 claritatem.

2200 2644 2334 2715 Qum
2373 2647 2521 2702 enim
2554 2656 2737 2719 potest
2771 2662 2894 2703 esse
2921 2649 3097 2718 plebs,
3132 2649 3184 2704 in
3218 2665 3321 2721 qua
3353 2665 3483 2707 vasa
3530 2667 3710 2708 aurea
3753 2663 3827 2707 est

2202 2748 2461 2811 argentea
2493 2750 2703 2797 tantum
2736 2742 2864 2809 sint,
2896 2757 3005 2797 non
3050 2752 3107 2798 et
3136 2742 3313 2813 lignea
3345 2753 3401 2800 et
3445 2743 3688 2799 ﬁctilia?
3720 2745 3822 2802 Sed

2202 2844 2432 2903 possunt
2471 2833 2737 2889 exercitio
2780 2833 2907 2890 boni
2957 2834 3243 2891 immutata
3294 2836 3413 2892 ﬁeri
3445 2852 3617 2893 aurea
3654 2847 3719 2893 et
3744 2854 3827 2894 ar-

2203 2934 2430 2995 gentea;
2461 2927 2587 2996 quia
2616 2941 2725 2981 non
2754 2938 2964 2983 natura:
2996 2927 3185 2984 vitium
3213 2937 3331 2995 est,
3363 2929 3461 2985 sed
3494 2930 3825 2987 voluntatis.

2274 3015 2459 3085 (Vera.
2487 3018 2544 3083 5,
2571 3016 2651 3083 6.)
2696 3016 2806 3073 Hoc
2833 3020 2970 3075 enim
3015 3021 3200 3075 sentite
3243 3022 3297 3075 in
3333 3021 3495 3091 vobis,
3526 3024 3680 3093 quod
3710 3034 3762 3078 es
3782 3024 3828 3078 is

2205 3106 2415 3164 Christo
2445 3107 2594 3175 Iesu,
2623 3112 2712 3181 qui
2738 3128 2861 3167 cum
2889 3116 2945 3168 in
2978 3116 3148 3186 forma
3178 3112 3279 3169 Dei
3323 3126 3475 3181 esset,
3527 3134 3639 3171 non
3688 3121 3828 3189 rapi-

503 3209 743 3266 voluisse
767 3224 1052 3265 remanere
1100 3210 1153 3265 in
1197 3225 1382 3267 carne.
1421 3210 1489 3267 Ut
1532 3213 1636 3267 sive
1675 3229 1790 3266 cum
1830 3229 2010 3269 venero
2053 3225 2100 3270 et

2206 3216 2328 3255 nam
2352 3202 2633 3257 arbitratus
2654 3213 2728 3259 est
2754 3221 2864 3259 esse
2890 3222 2945 3260 se
2970 3222 3148 3277 parem
3169 3205 3303 3262 Deo.
3328 3208 3585 3266 Christus
3602 3224 3829 3280 semper

500 3303 675 3357 videro
704 3318 810 3369 vos,
840 3305 945 3359 sive
991 3304 1171 3360 absens
1217 3306 1427 3360 audiam
1454 3306 1519 3361 de
1540 3305 1679 3363 vobis
1714 3308 1851 3379 quod
1885 3310 2026 3363 stetis
2049 3309 2107 3363 in

500 3409 606 3449 uno
625 3395 831 3464 spiritu,
861 3397 1148 3463 unanimes,
1171 3398 1362 3467 pariter
1385 3415 1503 3452 cum
1536 3399 1638 3468 ﬁde
1676 3398 1947 3472 Evangelii
1980 3417 2096 3456 cer-

504 3496 690 3555 tantes,
719 3498 764 3543 et
789 3507 893 3545 non
940 3500 1261 3563 pavescentes
1299 3492 1351 3547 in
1367 3509 1621 3566 quoquam
1667 3494 1729 3548 ab
1777 3496 2102 3564 adversariis,

499 3588 532 3616 ⁸
557 3592 760 3651 quaeest
788 3582 893 3637 illis
909 3583 1178 3637 ostentatio
1204 3584 1465 3653 interitus,
1506 3586 1645 3642 vobis
1679 3596 1851 3641 autem
1894 3588 2101 3643 salutis.

501 3671 799 3729 Unanimes
830 3674 942 3729 vult
985 3690 1081 3730 eos
1118 3690 1241 3733 csse
1272 3678 1324 3732 in
1370 3676 1473 3733 ﬁde
1498 3687 1553 3733 et
1584 3678 1876 3737 devotione
1917 3689 2105 3737 contra

501 3765 863 3835 adversarios,
888 3777 949 3823 ut
992 3768 1180 3825 eadem
1227 3770 1411 3826 audiat
1462 3770 1531 3827 de
1561 3771 1670 3827 illis
1716 3773 1935 3839 absens,
1985 3789 2105 3844 quas

498 3860 636 3918 vidit
680 3871 736 3919 et
779 3877 1050 3934 praesens;
1100 3872 1158 3919 ut
1207 3864 1259 3920 in
1307 3865 1456 3921 nullo
1505 3874 1766 3936 paventes
1810 3867 1984 3922 minas
2013 3876 2107 3923 aut

498 3965 747 4013 terrores
784 3956 1256 4025 adversariorum,
1299 3959 1607 4015 custodiant
1629 3960 1830 4027 ﬁdem,
1871 3963 2105 4019 scientes

504 4048 630 4117 quia
682 4048 763 4103 eis
813 4049 905 4119 qui
949 4063 1050 4118 pro
1096 4048 1320 4106 Christo
1367 4051 1707 4118 tribulantur,
1758 4053 1827 4110 ad
1877 4055 2103 4112 salutem

504 4136 719 4208 proﬁcit
744 4156 757 4192 :
792 4140 897 4194 illis
918 4156 1052 4197 vero
1077 4143 1166 4212 qui
1199 4142 1482 4209 tribulant,
1512 4144 1577 4199 ad
1601 4145 1981 4215 perditionem.

577 4230 757 4300 (Vers.
781 4232 875 4300 29,
907 4234 1025 4306 30.)
1058 4234 1127 4289 Et
1148 4236 1243 4291 hoc
1268 4252 1302 4289 a
1334 4235 1440 4290 Deo
1465 4236 1711 4293 donatum
1742 4248 1818 4293 est
1847 4241 1987 4295 vobis
2012 4258 2105 4311 pro

503 4322 709 4380 Christo
730 4366 744 4391 ,
794 4342 897 4380 non
944 4327 1111 4381 solum
1154 4338 1210 4381 ut
1234 4328 1288 4381 in
1317 4344 1433 4382 eum
1461 4330 1679 4385 credatis
1697 4373 1713 4398 ,
1759 4334 1850 4387 sed
1876 4336 2027 4388 etiam
2049 4347 2107 4390 ut

505 4419 717 4488 proillo
745 4420 1033 4490 patiamini,
1070 4416 1207 4475 idem
1246 4430 1502 4476 certamen
1542 4424 1817 4492 habentes,
1866 4428 2017 4497 quale
2059 4439 2106 4484 et

502 4510 702 4565 vidistis
725 4512 779 4565 in
805 4529 902 4576 me,
934 4522 982 4566 et
1008 4529 1146 4568 nunc
1173 4515 1365 4570 auditis
1394 4516 1456 4570 de
1485 4534 1581 4572 me.
1630 4518 1965 4590 Quamquam
2008 4521 2101 4578 Dei

2210 3294 2264 3349 in
2286 3295 2457 3349 forma
2482 3295 2576 3351 Dei
2596 3306 2739 3363 erat,
2758 3299 2885 3367 quia
2910 3299 3091 3369 imago
3111 3311 3196 3354 est
3228 3300 3523 3356 invisibilis
3559 3301 3691 3357 Dei.
3719 3303 3821 3360 Sed

2207 3384 2503 3457 Apostolus
2529 3389 2597 3445 de
2628 3389 2722 3445 Dei
2753 3388 2918 3454 Filio,
2946 3406 3071 3446 cum
3104 3392 3427 3448 incarnatus
3458 3394 3636 3449 homo
3666 3394 3833 3450 factus

2206 3490 2329 3547 est,
2358 3489 2557 3538 tractat
2584 3483 2771 3540 dicens
2798 3502 2811 3540 :
2865 3483 2986 3540 Hoc
3025 3487 3212 3541 sentite
3236 3487 3292 3541 in
3318 3487 3492 3554 vobis,
3525 3490 3679 3559 quod
3712 3499 3760 3544 et
3784 3492 3830 3544 is

2207 3572 2415 3629 Christo
2438 3574 2587 3641 Jesu,
2620 3577 2671 3631 id
2702 3588 2808 3645 est,
2843 3579 2953 3633 Deo
2983 3588 3039 3634 et
3067 3578 3311 3635 homine.
3348 3580 3449 3647 Qui
3478 3598 3604 3636 cum
3635 3583 3699 3637 in
3730 3586 3830 3655 for-

2207 3682 2293 3719 ma
2320 3665 2414 3720 Dei
2436 3677 2584 3733 esset,
2619 3668 2760 3724 inter
2787 3668 3042 3727 homines
3064 3674 3254 3744 utique
3282 3684 3679 3742 conversatus,
3719 3691 3832 3731 vero

2208 3754 2292 3811 bis
2331 3767 2385 3812 et
2428 3759 2681 3829 operibus
2729 3761 3023 3832 apparebat
3071 3777 3195 3820 esse
3239 3764 3407 3820 Deus.
3438 3763 3643 3820 Forma
3689 3767 3829 3821 enim

2209 3849 2305 3905 Dei
2338 3852 2470 3906 nihil
2516 3852 2702 3909 diﬁ‘crt
2729 3868 2760 3909 a
2800 3854 2948 3920 Deo;
2984 3855 3108 3911 ideo
3159 3858 3307 3912 enim
3353 3858 3526 3913 forma
3558 3868 3620 3913 et
3655 3859 3833 3931 imago

2208 3943 2305 4000 Dei
2350 3946 2655 4017 appellatus
2700 3957 2817 4016 est,
2852 3957 2914 4004 ut
2941 3950 3339 4021 intelligeretur
3360 3968 3467 4010 non
3499 3954 3620 4023 ipse
3675 3954 3831 4010 Pater

2208 4050 2331 4092 esse
2359 4037 2540 4093 Deus:
2572 4040 2667 4096 sed
2714 4040 2816 4097 hoc
2864 4057 3020 4111 esse,
3050 4045 3197 4114 quod
3231 4046 3375 4102 Deus
3424 4056 3532 4103 est.
3561 4047 3666 4103 Hic
3708 4064 3830 4121 ergo

2208 4147 2311 4185 non
2336 4133 2578 4203 rapinam
2616 4134 2897 4190 arbitratus
2921 4146 2994 4192 est
3023 4153 3133 4193 esse
3155 4154 3210 4193 se
3252 4156 3433 4210 parem
3465 4138 3619 4207 Deo;
3654 4144 3830 4199 sciens

2206 4222 2350 4279 enim
2382 4224 2435 4279 in
2463 4222 2637 4279 forma
2670 4226 2762 4282 Dei
2791 4242 2851 4283 se
2877 4242 3034 4296 esse,
3063 4245 3171 4285 non
3218 4229 3433 4288 furatus
3474 4242 3601 4299 est,
3638 4244 3706 4289 ut
3754 4236 3829 4291 di-

2209 4328 2386 4373 ceret:
2408 4318 2518 4390 Ego
2537 4330 2585 4373 et
2609 4319 2766 4376 Pater
2793 4338 2952 4377 unum
2978 4341 3158 4380 sumus
3188 4324 3373 4399 (Joau.
3396 4343 3426 4382 ι
3445 4370 3458 4392 ,
3480 4326 3597 4398 30).
3635 4327 3713 4385 Et
3738 4330 3830 4383 ali-

2212 4409 2261 4465 bi
2308 4410 2359 4463 in
2413 4410 2639 4468 Joannis
2683 4414 3013 4485 Evangelio:
3065 4416 3399 4487 Propterea,
3449 4420 3629 4492 inquit
3660 4463 3678 4487 ,
3720 4438 3827 4494 per-

2209 4504 2544 4573 sequebantur
2564 4507 2595 4560 J
2603 4506 2738 4562 udtei
2756 4507 2789 4561 J
2797 4525 2962 4576 esum,
2994 4512 3117 4580 quia
3136 4528 3238 4567 non
3258 4514 3430 4568 solum
3457 4515 3694 4570 solvebat
3712 4518 3825 4571 sub.

504 4602 734 4672 gratiam
771 4604 994 4658 extollat
1036 4606 1089 4659 in
1115 4608 1387 4674 omnibus,
1433 4609 1499 4663 ad
1528 4610 1742 4665 laudem
1776 4620 1951 4667 tamen
1985 4614 2100 4669 illo-

2207 4594 2374 4649 butum
2394 4637 2409 4659 ,
2439 4598 2529 4651 sed
2570 4608 2619 4653 et
2651 4598 2862 4655 Patrem
2894 4603 2995 4656 sibi
3044 4605 3316 4676 proprium
3362 4606 3572 4661 dicebat
3617 4606 3789 4663 Dm
3808 4652 3821 4673 ,

509 4707 631 4750 rum
683 4696 935 4766 proﬁcit,
980 4697 1123 4767 quod
1164 4699 1296 4763 dicit
1329 4702 1452 4773 quia
1502 4701 1643 4758 Deus
1694 4702 1803 4759 illis
1838 4709 2107 4764 concessit

507 4788 621 4859 pati
652 4802 753 4858 pro
780 4787 1031 4857 Christo;
1084 4806 1191 4848 non
1216 4795 1361 4850 enim
1392 4796 1641 4852 concedit
1680 4797 1766 4851 vel
1810 4798 1976 4855 donat
2003 4802 2105 4858 nisi

507 4881 843 4936 amatoribus
871 4883 1094 4939 Christi.
1138 4884 1263 4941 Ideo
1290 4886 1421 4942 dicit
1449 4905 1462 4942 :
1493 4886 1601 4942 Pro
1626 4887 1832 4945 Christo
1860 4890 2107 4946 donatum

506 4980 583 5029 est
606 4971 786 5040 vobis;
831 4983 949 5029 uta
993 4975 1151 5030 Patre
1194 4977 1303 5033 Deo
1348 4979 1604 5036 donatum
1649 4982 1720 5037 sit
1752 4966 2109 5052 diligentibus

507 5066 786 5122 Christum
810 5053 945 5134 ,τυι
989 5068 1058 5124 ad
1100 5082 1475 5141 argumentum
1524 5076 1842 5131 meritorum
1885 5092 2107 5133 suorum

492 5158 788 5233 “patiantur
828 5152 930 5231 pro
971 5158 1220 5229 Christo,
1269 5172 1326 5220 et
1367 5175 1657 5235 sequentes
1685 5167 1932 5238 exempla
1979 5169 2110 5226 doc-

500 5251 638 5307 toris
666 5253 781 5321 sui,
808 5251 1317 5335 'omni‘conﬁdentia
1344 5266 1555 5313 certent
1578 5259 1645 5315 ad
1675 5261 2109 5333 triumphandos,

494 5343 773 5403 inﬁdeles.

1140 5437 1369 5497 CAPUT
1407 5440 1473 5497 ll.

512 5525 522 5561 ί
586 5526 769 5598 (Vera.
815 5530 960 5600 1-4.)
995 5530 1190 5602 Siqua
1231 5549 1350 5605 ergo
1395 5538 1683 5592 exhortatio
1723 5540 1775 5593 in
1801 5537 2039 5608 Christo,
2066 5544 2111 5597 si

488 5619 649 5689 quod
686 5620 930 5675 solatium
956 5621 1255 5687 charitatis,
1283 5628 1326 5679 si
1372 5643 1474 5699 qua
1504 5630 1831 5701 participatio
1859 5631 2108 5703 spiritus,

484 5760 489 5767 .
512 5712 562 5766 si
582 5726 692 5783 qua
739 5720 859 5768 sunt
886 5712 1077 5771 viscera
1102 5724 1157 5770 et
1194 5716 1541 5775 miserationes
1562 5764 1576 5787 ,
1606 5722 1815 5794 implete
1853 5725 2105 5796 gaudium

587 5824 614 5853 ⁸
644 5820 788 5879 Edit.
820 5822 1009 5893 Rom.,
1037 5840 1151 5895 qum
1176 5837 1249 5884 est
1276 5828 1381 5887 illis
1410 5833 1607 5890 occasio
1631 5834 1891 5891 interitus.

2214 4688 2474 4758 aequalem
2500 4706 2559 4745 se
2582 4692 2788 4749 iaciens
2811 4693 2922 4749 Deo
2942 4694 3123 4767 (Joan.
3156 4713 3207 4765 v,
3236 4698 3350 4770 18).
3376 4698 3509 4755 iure
3532 4715 3670 4772 ergo
3689 4718 3828 4757 est-

2214 4782 2400 4852 quavit
2422 4796 2482 4839 se
2515 4784 2655 4852 Deo;
2688 4786 2781 4842 ille
2805 4787 2952 4843 enim
2994 4789 3299 4845 arbitratur
3328 4792 3577 4863 rapinam
3605 4792 3823 4859 facere,

2215 4873 2307 4944 qui
2334 4889 2395 4931 se
2424 4890 2609 4946 parem
2633 4876 2762 4934 facit
2785 4880 2836 4935 ei
2864 4895 2973 4949 quo
2999 4882 3228 4938 inferior
3248 4892 3358 4940 est.

2290 4967 2399 5022 Sed
2424 4972 2751 5042 semetipsum
2786 4974 3101 5039 exinanivit,
3126 4978 3356 5047 formam
3380 4979 3520 5032 servi
3564 4979 3825 5049 accipiens

2213 5062 2270 5116 in
2290 5062 2682 5117 similitudinem
2708 5064 2977 5121 hominum
2997 5072 3194 5140 factus,
3224 5082 3273 5125 et
3301 5072 3488 5127 habitu
3512 5086 3755 5143 repertus
3773 5082 3823 5126 ut

2214 5154 2385 5209 homo.
2420 5154 2582 5229 255
2612 5154 2918 5213 Humiliavit
2956 5162 3317 5233 semetipsum,
3348 5168 3528 5236 factus
3584 5165 3825 5222 obedienc

2212 5261 2373 5315 usque
2396 5248 2464 5300 ad
2486 5257 2717 5317 mortem,
2751 5260 2967 5308 mortem
2986 5262 3159 5308 autem
3184 5256 3379 5312 crucis.
3409 5255 3699 5314 Christum
3730 5260 3823 5332 igi-

2212 5344 2301 5391 tur
2326 5337 2508 5393 sciens
2539 5339 2593 5395 in
2626 5338 2801 5397 forma
2844 5342 2941 5398 Dei
2965 5358 3029 5399 se
3055 5359 3214 5414 esse,
3245 5348 3520 5418 aequalem
3551 5362 3613 5406 se
3639 5360 3824 5407 osten-

2198 5426 2294 5487 dit
2313 5429 2455 5487 Deo:
2483 5431 2578 5487 sed
2609 5432 3006 5490 uthumilitatis
3036 5437 3214 5508 legem
3245 5438 3497 5508 doceret,
3524 5440 3739 5497 Judais
3765 5458 3821 5499 se

2214 5522 2810 5592 comprehendentibus
2840 5541 2949 5583 non
2975 5529 3158 5585 solum
3184 5547 3294 5586 non
3323 5536 3691 5605 repugnavit:
3720 5536 3820 5591 Sed

2190 5616 2545 5685 "semetipsum
2564 5620 2884 5687 esinanivit;
2916 5620 3022 5676 hoc
3039 5632 3127 5678 est
3148 5662 3166 5689 ,
3188 5633 3531 5694 potestatem
3561 5642 3724 5681 suam
3754 5627 3820 5683 ab

2190 5718 2378 5797 .opere
2400 5710 2631 5787 retraxit
2645 5720 2741 5785 ;ut
2759 5710 3079 5793 humiliatus
3097 5713 3812 5809 ltotiosavirtqteiuﬁrmasi

2284 5842 2583 5902 *Nonnulli
2614 5862 2783 5917 mss.,
2816 5851 2981 5907 otiosa
3002 5850 3189 5908 virtute
3204 5852 3507 5924 informari.
3584 5866 3594 5885 ’
3636 5854 3685 5885 ii
3752 5872 3757 5883 ι
