3970 6316
130 282 246 343 4θ9

1032 274 1522 336 ΟΟΜΙΕΝΤΑΒΙᾹ
1562 278 1631 336 ιΝ
1672 276 1888 338 EPIST.
1932 279 2026 337 AD
2065 280 2581 344 PHILIPPENSES.

3338 289 3448 348 HO

131 403 465 460 videretur.
509 401 756 457 Formam
783 400 909 455 servi
940 399 1221 470 accipiens,
1251 399 1380 455 dum
1435 408 1651 458 tenetur
1688 411 1745 458 et
1768 411 1825 473 Α
1847 374 2059 458 milibus
2089 414 2263 459 autem
2293 408 2384 461 dat
2413 410 2637 479 gratiam
2665 407 2851 481 (Prov.
2884 424 2964 477 ιιι,
3012 407 3128 482 34).
3182 408 3365 478 Quare
3393 418 3449 466 et

132 496 375 568 ligatur,
420 504 482 551 et
498 494 813 551 verberibus
828 493 1021 564 agitor,
1042 507 1211 565 usque
1240 492 1307 549 ad
1334 508 1550 550 crucem
1575 496 1745 551 factus

131 582 427 643 obediens
456 587 627 653 Patri,
673 587 758 642 cui
791 602 850 643 se
891 588 1154 657 aequalem
1205 587 1435 653 sciebat,
1482 603 1589 645 non
1640 590 1743 646 sibi

1846 496 2108 553 Dominus
2140 516 2153 551 :
2188 497 2293 565 Qui
2319 514 2394 564 se,
2429 499 2633 570 inquit,
2680 502 3008 569 multaverit,
3041 501 3401 557 huntiliabitur
3429 519 3447 568 ,-

1844 598 1894 644 et
1921 590 2011 661 qui
2036 606 2091 646 se
2108 589 2479 658 humiliaverit,
2507 594 2824 650 exaltabitur
2845 594 3005 667 (Luc.
3033 610 3149 663 stv,
3172 597 3289 666 Η).
3321 594 3447 651 Haec

129 675 398 735 defendit
424 679 936 752 aequalitatem,sed
964 679 1195 750 subjecit
1218 695 1297 735 se.
1334 680 1483 737 lianc
1532 672 1746 753 patien-
1844 692 1928 740 est
1956 699 2086 755 ergo
2117 684 2420 750 humilitas,
2475 686 2524 741 si
2578 686 2680 742 sibi
2734 688 2857 759 quis
2912 704 3014 744 nec
3068 687 3214 760 quod
3259 688 3448 745 deberi

130 766 273 823 tiam
306 780 372 826 et
402 770 765 828 humilitatem
796 770 993 826 imitari
1016 784 1118 826 nos
1144 770 1328 837 docet,
1353 781 1412 827 ut
1440 786 1547 826 non
1570 773 1742 829 solum

129 862 529 931 coaequalibus
559 878 664 919 non
696 877 794 918 nos
815 872 1239 933 anteponamus;
1271 868 1629 920 verumetiam
1663 866 1746 921 in-

128 952 426 1012 elinemus
447 971 568 1023 nos,
592 959 829 1013 auctoris
851 957 1021 1012 nostri
1053 956 1225 1012 secuti
1248 957 1579 1028 exemplum.
1605 957 1744 1013 Foro

129 1058 287 1102 mam
321 1059 507 1106 tamen
529 1051 618 1107 Dei
634 1065 740 1107 non
759 1048 1033 1121 accepisse
1048 1049 1264 1118 dicitur,
1287 1049 1382 1106 sed
1403 1065 1526 1106 esse
1556 1050 1609 1105 in
1632 1049 1743 1105 for-

128 1156 228 1197 ma
259 1142 367 1200 Dei
397 1164 412 1202 :
444 1146 588 1201 servi
618 1156 799 1203 autem
822 1140 1057 1202 formam
1086 1145 1392 1217 accepisse,
1414 1148 1540 1202 dum
1587 1148 1742 1216 quasi

127 1247 411 1308 peccator
441 1239 771 1297 humiliatur.
805 1240 963 1298 Servi
992 1250 1175 1298 autem
1212 1256 1277 1297 ex
1317 1251 1544 1313 peccato
1579 1242 1739 1310 ﬁunt,

124 1330 283 1386 sicut
323 1329 501 1388 Cham
542 1334 686 1390 ﬁlius
728 1333 863 1401 Noe,
910 1334 1002 1404 qui
1056 1334 1261 1405 primus
1300 1335 1497 1392 merito
1540 1351 1741 1391 nomen

123 1423 288 1479 servi
323 1426 539 1497 accepit
590 1425 745 1498 (Cen.
778 1442 855 1491 ts,
892 1426 1010 1496 25).
1042 1426 1156 1483 Non
1203 1427 1347 1481 enim
1390 1427 1545 1494 mihi,
1600 1428 1743 1483 sicut

124 1518 498 1588 quibusdam,
526 1520 741 1577 videtur
768 1521 846 1578 sic
868 1520 1100 1578 formam
1129 1521 1271 1578 servi
1290 1522 1590 1591 accepisse,
1610 1521 1739 1577 dum

126 1611 310 1668 homo
340 1621 503 1670 natus
530 1624 634 1671 est.
659 1614 795 1671 Vide
818 1616 962 1670 enim
990 1615 1117 1685 quid
1143 1615 1318 1672 dicat:
1344 1613 1460 1670 Hoc
1482 1616 1662 1670 sentite
1687 1616 1742 1669 in

122 1706 304 1774 vobis,
331 1708 477 1779 quod
504 1717 553 1764 et
578 1709 631 1763 in
654 1705 863 1763 Christo
884 1708 1035 1771 Jesu,
1063 1708 1115 1764 id
1142 1718 1249 1773 est,
1278 1692 1391 1765 Deo
1413 1716 1470 1765 et
1492 1707 1735 1764 homine.

1847 778 2018 843 novit,
2050 776 2331 834 defendat.
2368 778 2614 849 Denique
2644 777 2958 835 Pharisaeus
2985 781 3083 837 ille
3115 780 3268 853 (Luc.
3292 797 3446 850 xvtn,

1848 872 1909 925 tt
1954 880 2000 926 et
2027 872 2181 943 seq.),
2214 886 2343 928 vera
2373 871 2444 927 de
2473 887 2532 927 se
2563 872 2755 928 dicens
2785 914 2802 940 ,
2847 873 3120 931 esaltasse
3151 889 3213 929 se
3260 874 3443 930 dictus

1847 970 1969 1029 est;
2000 978 2063 1018 ac
2094 979 2192 1032 per
2208 962 2312 1020 hoc
2344 964 2663 1020 humiliatus
2680 973 2769 1019 est
2797 980 2813 1019 :
2837 964 3097 1023 Christus
3121 976 3305 1022 autem
3327 966 3448 1037 plus

1845 1054 1997 1120 fecit,
2027 1055 2120 1125 qui
2165 1070 2291 1112 cum
2336 1056 2481 1113 Deus
2525 1056 2619 1123 sit,
2652 1071 2784 1112 caro
2816 1057 2993 1113 lactus
3021 1058 3334 1115 hominibus
3383 1074 3444 1116 se

1842 1147 2144 1205 inclinavit.
2184 1147 2339 1207 Nunc
2387 1149 2673 1207 videamus
2721 1149 3002 1221 quomodo
3050 1150 3312 1206 donatum
3356 1160 3441 1206 est

1842 1238 2064 1296 Christo
2094 1255 2317 1309 nomen,
2350 1242 2494 1313 quod
2527 1253 2612 1298 est
2642 1257 2808 1313 super
2834 1258 3002 1299 omne
3031 1258 3259 1309 nomen,
3289 1245 3442 1315 quasi

1842 1334 2051 1405 eguerit
2080 1335 2254 1391 Filius
2277 1336 2397 1404 Dei,
2422 1345 2515 1392 aut
2538 1338 2892 1409 imperfectus
2923 1337 3126 1404 fuerit;
3165 1339 3257 1409 qui
3294 1339 3441 1395 enim

1842 1439 1987 1501 eget,
2029 1430 2378 1501 imperfectus
2406 1441 2512 1488 est.
2538 1432 2618 1500 ,Si
2668 1433 2814 1489 enim
2841 1432 2897 1489 in
2948 1431 3121 1489 forma
3154 1431 3250 1488 Dei
3301 1442 3443 1498 erat,

1843 1535 1962 1583 erat
1988 1542 2085 1597 par
2111 1535 2168 1583 et
2188 1527 2412 1599 aequalis
2435 1529 2581 1594 Deo;
2606 1528 2882 1599 quomodo
2910 1528 3174 1584 donatum
3203 1537 3287 1584 est
3319 1528 3399 1584 illi
3424 1529 3447 1583 ?

1844 1619 1911 1675 Et
1941 1621 2084 1675 enim
2128 1621 2390 1677 donatum
2419 1620 2573 1688 dicit,
2606 1621 2699 1692 qui
2725 1636 2784 1676 se
2812 1620 3122 1677 humiliavit
3146 1662 3162 1689 ,
3201 1630 3260 1676 et
3287 1622 3441 1691 quasi

1841 1710 2010 1768 homo
2034 1712 2301 1783 apparuit,
2326 1712 2650 1769 exinaniens
2672 1727 2754 1779 se,
2780 1712 2956 1770 tactus
2980 1712 3250 1771 obediens
3273 1726 3446 1784 nsque

123 1799 278 1856 Ante
344 1802 775 1859 incarnationem
804 1803 952 1859 enim
982 1812 1075 1859 aut
1099 1801 1352 1859 Christus
1398 1813 1578 1875 petest
1605 1804 1733 1873 dici,
1770 1805 1813 1866 Β
1841 1806 1907 1860 ad
1942 1815 2196 1861 mortem.
2236 1805 2292 1862 Si
2319 1821 2451 1879 ergo
2498 1809 2776 1878 perlectus
2817 1815 2980 1863 natus
3008 1816 3116 1874 est,
3166 1805 3443 1878 quomodo

123 1904 223 1949 aut
254 1894 463 1962 Jesus;
496 1898 621 1968 quia
645 1898 810 1953 simul
850 1899 1014 1956 ambo
1054 1900 1275 1955 nomina
1305 1911 1360 1955 et
1388 1900 1623 1956 hominis
1672 1900 1739 1954 ﬁ-

124 1986 293 2054 lium,
328 1997 387 2043 et
411 1988 505 2045 Dei
527 1988 724 2045 Filium
747 1991 1077 2061 signiﬁcant.
1099 1990 1231 2047 Nam
1255 2000 1381 2047 ante
1399 1993 1737 2049 nativitatem

127 2079 266 2151 quid
300 2079 440 2136 dicit
470 2081 616 2138 inter
643 2092 840 2139 caetera
867 2084 891 2139 l
917 2084 1078 2140 Petra
1106 2095 1291 2142 autem
1320 2098 1439 2142 erat
1465 2086 1734 2153 Christus,

124 2183 183 2229 et
207 2188 325 2230 non
358 2183 633 2232 tentemus
652 2176 951 2244 Christum,
985 2179 1125 2234 sicut
1153 2179 1373 2250 quidam
1401 2195 1590 2235 eorum
1622 2190 1737 2235 ten-

123 2276 398 2326 taverunt
439 2270 483 2343 (1
511 2271 633 2327 Cor.
668 2288 721 2340 ι,
752 2271 830 2345 4).
861 2272 962 2330 Ubi
995 2288 1125 2345 ergo
1150 2282 1243 2329 aut
1284 2275 1479 2343 Deum,
1513 2286 1607 2330 aut
1636 2275 1737 2331 ho-

124 2364 339 2420 minem
368 2365 482 2420 vult
504 2366 819 2438 signiﬁcare
844 2367 1152 2439 Scriptura,
1172 2384 1341 2424 unum
1361 2385 1391 2423 e
1412 2368 1625 2425 duobus
1641 2384 1738 2439 po-

124 2458 207 2514 nit
236 2476 249 2513 :
284 2468 386 2515 aut
412 2460 622 2527 Jesum,
648 2472 739 2516 aut
762 2459 1064 2518 Christum.
1094 2461 1191 2517 Dei
1214 2464 1360 2517 enim
1403 2462 1571 2517 Filius
1609 2477 1731 2517 cum

124 2551 296 2607 homo
318 2562 480 2609 natus
501 2554 594 2623 sit,
628 2555 679 2611 in
714 2554 888 2611 forma
923 2556 1016 2611 Dei
1047 2566 1202 2620 erat;
1231 2557 1354 2626 quia
1398 2571 1521 2612 cum
1570 2556 1734 2612 homo

120 2643 434 2709 videretur,
453 2662 617 2717 opera
631 2646 727 2704 Dei
749 2647 1010 2711 faciebat;
1034 2650 1168 2704 utin
1184 2651 1353 2720 gestis
1378 2650 1542 2707 rebus
1559 2666 1727 2722 appa-

123 2746 277 2793 reret
308 2738 460 2795 Dens
490 2754 613 2796 esse
637 2783 652 2809 ,
684 2741 774 2813 qui
818 2748 1027 2797 tantum
1063 2747 1226 2799 homo
1255 2758 1381 2800 esse
1417 2746 1728 2815 putabatur.

122 2828 305 2903 Opera
359 2834 504 2889 enim
549 2833 778 2890 formam
831 2836 1254 2906 signiﬁcabant,
1297 2850 1357 2893 ut
1400 2840 1523 2910 quia
1565 2855 1729 2911 opera

122 2924 274 2994 ejus,
326 2940 439 2981 non
491 2928 677 2997 utique
717 2927 953 2984 hominis
994 2944 1157 3000 opera
1203 2939 1364 2995 sunt,
1396 2930 1487 2987 hic
1532 2932 1625 3004 qui
1672 2933 1725 2987 in

122 3032 297 3088 opere
330 3020 419 3073 vel
458 3020 628 3075 lorma
655 3019 752 3076 Dei
794 3032 929 3088 erat,
965 3022 1109 3077 Deus
1141 3016 1556 3094 intelligeretur.
1588 3024 1726 3080 For-

123 3125 210 3165 ma
244 3111 399 3165 enim
434 3112 526 3167 Dei
553 3112 679 3183 quid
712 3122 824 3178 est,
857 3115 960 3170 nisi
990 3116 1298 3187 exemplum
1330 3132 1438 3187 quo
1469 3116 1609 3172 Dens
1631 3135 1727 3188 ap-

1843 1900 2023 1971 eguit?
2072 1898 2384 1956 Perfectum
2418 1900 2509 1957 Dei
2556 1900 2757 1957 Filium
2808 1910 2993 1957 natum
3024 1900 3094 1957 de
3133 1900 3249 1957 Deo
3280 1899 3444 1957 Patre

1840 1995 1932 2062 qui
1959 2001 2140 2062 negat,
2168 1993 2404 2048 Arianus
2432 2001 2548 2058 est;
2584 2008 2708 2048 nam
2731 2003 2858 2051 ante
2892 1994 3227 2065 passionem,
3261 2008 3440 2065 tequa-

1840 2086 1946 2141 lem
1976 2100 2037 2141 se
2067 2087 2178 2143 Deo
2205 2088 2351 2143 Patri
2383 2088 2648 2155 ostendit,
2682 2089 2827 2145 sicut
2846 2099 2902 2145 et
2922 2105 3086 2159 supra
3118 2089 3441 2144 memoravi.

1840 2177 1995 2235 Unde
2020 2188 2237 2234 constat
2265 2180 2408 2235 hunc
2431 2191 2617 2235 natum
2645 2195 2769 2238 esse
2794 2181 3132 2253 perfectum;
3157 2183 3212 2237 in
3237 2181 3438 2237 nativi-

1838 2280 1950 2327 tate
1972 2272 2117 2326 enim
2148 2287 2245 2327 sua
2270 2272 2451 2327 omnia
2478 2283 2809 2329 consecutus
2838 2274 3078 2331 videtur.
3110 2273 3168 2330 ιιι
3197 2273 3440 2345 plenitu—

1835 2364 1965 2422 dine
1981 2370 2125 2423 enim
2148 2367 2447 2423 divinitatis
2469 2375 2555 2423 est
2577 2378 2737 2423 natus
2758 2368 2824 2423 ad
2848 2370 3029 2425 omnia
3057 2369 3290 2440 agenda,
3313 2384 3437 2438 quas

1835 2461 2041 2531 gessit;
2070 2469 2129 2516 ut
2150 2460 2302 2530 prius
2319 2458 2485 2533 256
2502 2460 2705 2516 donum
2729 2462 3057 2532 accepisset,
3088 2476 3251 2532 quam
3279 2475 3437 2533 gere-

1836 2564 1937 2618 ret,
1973 2552 2039 2607 ad
2069 2568 2190 2623 qua:
2231 2555 2439 2624 agenda
2470 2564 2632 2608 natus
2658 2561 2766 2609 est.
2800 2552 3029 2609 Videtur
3054 2567 3188 2625 ergo
3225 2553 3431 2609 donum

1836 2646 2011 2701 Patris
2031 2689 2043 2710 ,
2077 2645 2181 2703 hoc
2218 2657 2328 2715 est,
2364 2662 2484 2703 esse
2524 2646 2720 2703 Filium
2743 2689 2758 2713 ,
2789 2657 2844 2703 et
2874 2663 3071 2706 nomen
3100 2648 3220 2719 ejus
3259 2663 3432 2719 super

1832 2754 1997 2796 omne
2028 2754 2227 2797 nomen
2256 2740 2361 2809 sit,
2393 2740 2497 2797 hoc
2527 2751 2642 2808 est,
2670 2756 2794 2797 esse
2823 2741 3029 2808 Deum;
3064 2756 3261 2797 nomen
3287 2742 3433 2798 enim

1833 2833 1930 2889 Dei
1960 2835 2055 2889 sed
2081 2849 2177 2905 per
2198 2843 2443 2890 naturam
2470 2877 2485 2901 ,
2513 2851 2620 2889 non
2651 2851 2748 2907 per
2770 2835 2946 2891 solam
2975 2836 3399 2907 appellationem
3418 2880 3435 2904 ,

1830 2939 1995 2997 super
2020 2940 2184 2982 omne
2210 2941 2409 2983 nomen
2437 2938 2545 2983 est.
2581 2927 2717 2983 llinc
2742 2940 2826 2983 est
2845 2968 2861 2995 ,
2911 2937 2969 2983 ut
2995 2928 3051 2982 in
3078 2928 3283 2983 nomine
3308 2928 3435 2984 Iesu

1830 3034 1982 3074 omne
2002 3036 2136 3090 genu
2151 3019 2410 3089 ﬂectatur,
2442 3021 2741 3087 caelestium,
2771 3021 3111 3085 terrestrium,
3140 3029 3188 3075 et
3204 3019 3438 3091 inferno--

1828 3128 1971 3177 rum;
1988 3113 2129 3168 sicut
2149 3112 2216 3167 ad
2236 3113 2511 3168 Romanos
2529 3113 2815 3183 signitlcat,
2844 3114 2986 3168 inter
3001 3123 3198 3168 caetera
3221 3113 3431 3168 dicens:

123 3220 301 3279 paret,
338 3208 467 3264 dum
494 3221 739 3267 mortuos
771 3213 971 3270 excitat
996 3257 1010 3281 ,
1039 3216 1221 3271 surdi-5
1250 3218 1429 3272 reddit
1453 3218 1719 3285 auditum,

1829 3206 1897 3261 Et
1920 3224 1983 3262 ea:
2001 3206 2185 3279 quibus
2209 3204 2446 3262 Christus
2483 3207 2765 3262 secundum
2800 3224 3039 3275 carnem,
3063 3209 3151 3279 qui
3175 3218 3251 3263 est
3277 3224 3435 3279 super

123 3298 383 3371 leprosos
434 3304 679 3370 mundat,
711 3316 764 3361 et
790 3307 936 3362 alia?
982 3308 1271 3375 Quomodo
1300 3320 1482 3365 autem
1515 3312 1723 3367 homini

123 3394 320 3451 similis
356 3396 530 3452 factus
575 3397 798 3467 dicitur,
832 3401 874 3455 si
909 3400 1074 3455 homo
1108 3410 1314 3457 tantum
1345 3414 1462 3459 erat
1487 3422 1499 3458 :
1522 3416 1577 3460 et
1618 3420 1724 3476 qua

121 3490 337 3545 ratione
373 3488 555 3547 habitu
586 3502 833 3563 repertus
862 3502 920 3549 ut
950 3493 1113 3550 homo
1138 3505 1257 3560 est,
1285 3495 1328 3551 si
1362 3512 1467 3551 non
1499 3507 1643 3552 esset
1670 3507 1725 3553 et

123 3578 299 3648 Deus;
334 3582 441 3638 nisi
482 3585 608 3655 quia
639 3599 761 3640 cum
794 3594 1087 3658 antequam
1120 3603 1181 3644 se
1218 3589 1468 3645 inclinari
1501 3590 1724 3660 permit-

124 3680 287 3739 teret,
315 3689 543 3742 semper
578 3678 629 3731 in
662 3676 759 3732 Dei
792 3679 995 3735 virtute
1042 3679 1189 3736 visus
1229 3682 1319 3745 sit,
1354 3691 1544 3751 postea
1575 3682 1724 3737 inﬁr-

120 3775 300 3821 matus
327 3766 383 3821 in
416 3765 597 3823 habitu
632 3769 862 3826 hominis
890 3780 1133 3841 repertus
1154 3771 1277 3827 est?
1305 3770 1437 3827 Nam
1459 3772 1513 3827 in
1537 3783 1722 3831 monte

122 3858 306 3931 utique
328 3903 346 3927 ,
391 3862 540 3931 quasi
573 3862 715 3919 Deus
744 3866 991 3936 apparuit
1022 3866 1242 3938 (Matth.
1282 3881 1408 3933 xvu,
1441 3865 1497 3936 Ξ)
1535 3884 1547 3918 :
1582 3877 1636 3922 et
1666 3868 1719 3922 in

122 3954 258 4008 mari
300 3953 529 4025 pedibus
557 3957 864 4025 ambulans,
912 3974 1019 4015 non
1058 3960 1232 4014 solum
1280 3960 1440 4014 homo
1465 4002 1479 4026 ,
1530 3961 1629 4016 sed
1666 3973 1722 4017 et

123 4041 265 4101 Deus
310 4046 459 4103 visus
507 4056 562 4105 et
606 4048 913 4107 intellectus
951 4060 1052 4107 est.
1097 4052 1337 4123 Denique
1370 4054 1457 4124 qui
1486 4055 1717 4110 erantin

121 4138 262 4206 navi,
312 4139 442 4210 quid
480 4140 709 4197 dicunt?
757 4144 896 4199 Vere
941 4144 1109 4200 Filius
1140 4144 1235 4201 Dei
1266 4156 1349 4201 est
1379 4147 1466 4202 hic
1498 4146 1713 4219 (Matth.

120 4242 228 4298 xxv,
271 4232 387 4302 35).
436 4233 539 4289 Ista
580 4249 709 4306 ergo
744 4236 943 4292 virtute
968 4247 1236 4303 cessante,
1270 4239 1416 4295 velut
1444 4239 1607 4295 homo
1639 4241 1717 4296 vi-

121 4333 211 4377 sns
238 4331 353 4387 est;
407 4324 530 4382 ideo
574 4328 717 4382 enim
765 4327 895 4383 dicit
941 4329 1093 4399 quasi
1135 4340 1193 4385 ut
1237 4332 1369 4388 illud
1408 4334 1711 4405 signiﬁcet,

122 4414 241 4487 quia
268 4427 323 4470 et
354 4414 499 4473 Deus
525 4428 627 4475 est.
663 4419 992 4477 lnﬁrmitatis
1012 4424 1154 4479 enim
1183 4440 1342 4481 causa
1384 4427 1552 4483 Dcnm
1585 4429 1715 4485 dicit

123 4506 352 4563 similem
382 4508 580 4566 factum
611 4511 935 4569 hominibus.
968 4515 1121 4583 Quod
1146 4518 1196 4571 in
1226 4518 1486 4589 subjectis
1512 4524 1709 4591 aperit,

1830 3300 2005 3353 omnia
2028 3299 2167 3354 Deus
2193 3300 2483 3355 benedictus
2510 3301 2564 3354 in
2593 3300 2786 3354 stecula
2814 3300 2834 3373 (
2860 3299 3013 3355 Rom.
3046 3316 3100 3355 ιι
3118 3342 3133 3366 ,
3162 3298 3258 3371 5).
3301 3300 3434 3367 Quae

1828 3391 1939 3448 sint
1967 3402 2147 3447 autem
2178 3392 2293 3447 haec
2323 3392 2506 3446 omnia
2534 3391 2586 3445 in
2615 3391 2848 3460 epistola
2881 3392 2982 3446 ista
3013 3394 3189 3461 aperit
3218 3391 3430 3458 dicens,

1826 3488 2073 3545 cmiesﬁa
2119 3497 2175 3543 et
2205 3486 2485 3542 terrestria
2531 3495 2586 3541 et
2632 3485 2885 3542 inferna:
2937 3486 3043 3540 alia
3092 3486 3237 3541 enim
3283 3486 3430 3541 nulla

1826 3592 1975 3639 sunt.
2029 3580 2364 3652 Quibusdam
2424 3588 2604 3635 tamen
2636 3579 2853 3635 videtur
2908 3578 3110 3634 homini
3168 3577 3428 3632 donatum

1825 3691 1947 3732 esse
1994 3690 2234 3742 nomen,
2275 3673 2417 3744 quod
2459 3681 2542 3728 est
2584 3687 2750 3743 super
2788 3686 2951 3727 omne
2995 3686 3237 3735 nomen,
3281 3671 3427 3740 quod

1826 3771 1974 3825 nullo
2000 3783 2233 3840 genere,
2267 3766 2415 3821 nulla
2439 3766 2652 3820 ratione
2680 3764 2965 3821 convenit.
2997 3762 3052 3819 Si
3076 3762 3223 3818 enim
3245 3759 3435 3817 Chris-

1823 3869 1907 3916 tus
1939 3861 2036 3915 Dei
2068 3860 2237 3915 F'ilins
2278 3857 2421 3913 idem
2468 3857 2585 3926 ipse
2615 3868 2671 3912 et
2703 3856 2869 3911 homo
2909 3864 3031 3920 est,
3064 3868 3171 3909 non
3206 3861 3427 3923 poterat

1822 3952 1966 4008 Deus
1993 3953 2157 4007 homo
2184 3950 2361 4007 lactus
2384 3990 2402 4018 ,
2427 3949 2523 4005 sed
2550 3963 2780 4004 manens
2809 3948 2953 4003 Deus
2975 3989 2991 4011 ,
3022 3944 3109 4002 his
3123 3960 3287 4015 egere
3303 3961 3424 4014 quae

1825 4046 2057 4102 habebat
2090 4064 2101 4099 :
2136 4054 2229 4100 aut
2249 4044 2295 4098 si
2327 4042 2629 4098 secundum
2653 4043 2797 4111 quod
2822 4043 2989 4095 homo
3017 4048 3157 4105 erat,
3187 4038 3274 4092 his
3298 4052 3425 4108 ege-
3532 4064 3535 4069 -

1822 4140 1935 4205 hat,
1959 4155 2079 4209 qua:
2109 4138 2371 4206 Deisunt,
2402 4138 2518 4207 ipse
2545 4135 2649 4191 sibi
2665 4134 2758 4188 Dei
2782 4132 2957 4188 Filius
2985 4132 3126 4186 Deus
3150 4127 3418 4197 dedisset,

1819 4248 1941 4304 quae
1967 4232 2197 4288 deerant
2225 4230 2277 4286 ei
2304 4231 2458 4299 juxta
2486 4227 2632 4298 quod
2660 4226 2824 4281 homo
2854 4234 2990 4281 erat.
3018 4223 3173 4292 Quod
3199 4221 3419 4294 quidem

1820 4326 1891 4382 ab
1919 4326 2226 4397 insipientia
2248 4325 2466 4380 dicitur.
2493 4323 2559 4379 Et
2588 4337 2759 4392 quare
2784 4321 2950 4376 Pater
2966 4319 3167 4375 dicitur
3181 4317 3422 4383 dedisse,

1816 4434 1943 4475 cum
1973 4420 2089 4489 ipse
2109 4418 2198 4489 qui
2231 4420 2393 4472 homo
2420 4416 2591 4471 lactus
2612 4426 2753 4481 erat,
2770 4414 2906 4469 nihil
2927 4410 3264 4468 dehaberet?
3280 4420 3307 4449 δ
3330 4422 3427 4466 aut

1819 4527 1927 4568 non
1960 4510 2313 4583 poteratFilii
2341 4510 2602 4566 divinitas
2629 4509 2849 4580 corpori
2866 4523 2969 4565 suo
2992 4518 3047 4563 et
3073 4508 3269 4563 animm
3292 4520 3432 4577 pra:-

123 4597 306 4656 dicens
335 4620 347 4657 :
384 4600 686 4659 Humiliavit
732 4608 1054 4677 semetipsum
1095 4612 1262 4679 factus
1291 4609 1529 4666 obediens
1556 4628 1716 4683 usque
1741 4593 1794 4655 D
1820 4620 2000 4677 stare,
2032 4624 2154 4681 quae
2182 4607 2443 4664 deerant?
2472 4608 2578 4663 Sed
2598 4606 2736 4661 forte
2764 4605 2888 4676 quia
2908 4620 2936 4657 ει
2969 4604 3079 4659 1)εο
3105 4602 3271 4658 Patre
3293 4612 3427 4657 sunt

123 4692 189 4745 ad
213 4702 445 4763 mortem,
474 4707 686 4751 mortem
715 4708 886 4752 autent
909 4701 1091 4755 crucis.
1140 4700 1275 4757 Hinc
1305 4710 1389 4758 est
1430 4703 1571 4759 unde
1614 4704 1715 4759 ha-

124 4782 235 4840 bitu
272 4798 519 4860 repertus
560 4799 618 4845 ut
660 4789 825 4846 homo
864 4800 977 4859 est;
1010 4794 1249 4850 retinens
1276 4796 1420 4851 enim
1452 4798 1705 4854 virtutem

123 4890 299 4945 suam,
332 4895 398 4937 ne
420 4890 713 4952 appareret
738 4882 790 4939 in
818 4898 885 4939 eo
909 4924 925 4951 ,
961 4894 1018 4941 ut
1054 4885 1217 4942 homo
1244 4887 1394 4944 visus
1416 4898 1502 4944 est
1520 4898 1589 4963 et
1618 4904 1717 4945 oc-

125 4967 287 5036 cisus,
321 4973 408 5043 qui
443 4974 580 5028 mori
612 4975 807 5030 nescit.

196 5060 375 5130 (Vers.
396 5063 485 5129 10,
502 5064 592 5129 Η,
612 5062 727 5136 12.)
758 5063 984 5133 Propter
1008 5066 1146 5135 quod
1168 5077 1215 5123 et
1239 5067 1381 5124 Deus
1411 5073 1714 5143 supererat-

130 5153 248 5207 tarit
277 5171 386 5210 eum
408 5198 422 5223 ,
455 5167 504 5212 et
531 5158 743 5212 donavit
769 5159 817 5213 ei
843 5175 1026 5214 nomen
1053 5202 1069 5227 ,
1100 5161 1239 5232 quod
1280 5173 1355 5218 est
1386 5180 1539 5236 super
1566 5180 1717 5220 omne

128 5261 342 5313 nomen;
374 5258 428 5303 ut
451 5251 507 5305 in
530 5252 739 5307 nomine
767 5250 898 5308 Iesu
917 5269 1068 5309 omne
1092 5271 1227 5327 genu
1255 5257 1514 5326 ﬂectatur,
1538 5257 1713 5314 caeles—

131 5338 254 5392 tium
278 5383 293 5407 ,
339 5344 688 5412 terrestrium,
732 5355 780 5399 et
818 5345 1140 5414 infernorum
1172 5363 1191 5403 :
1221 5359 1268 5402 et
1314 5350 1485 5403 omnis
1531 5350 1712 5422 lingua

112 5432 426 5500 conﬁteatur
450 5438 569 5504 quia
594 5435 851 5494 Dominus
877 5436 1032 5496 Jesus
1060 5438 1296 5497 Christus
1340 5443 1396 5496 in
1437 5442 1608 5512 gloria
1636 5453 1710 5497 est

131 5518 225 5579 Dei
251 5522 446 5583 Patris.
486 5527 625 5595 Quid
644 5538 699 5585 et
720 5540 983 5602 quantum
1002 5532 1281 5591 humilitas
1304 5544 1600 5602 mereatur,
1622 5551 1711 5591 os-

133 5618 334 5685 tendit;
364 5630 425 5675 ut
456 5622 626 5693 magis
657 5623 796 5680 hanc
821 5635 1236 5697 appeteremns.
1268 5628 1475 5686 calcata
1500 5631 1710 5703 jactan-

132 5709 219 5766 tia.
246 5710 399 5769 Unde
418 5711 548 5769 dicit
569 5714 856 5773 Salomon:
882 5717 1134 5792 Superbis
1163 5719 1308 5777 Deus
1336 5724 1529 5778 resistit
1554 5765 1569 5791 ,
1614 5724 1709 5779 Itu-

204 5824 229 5857 ‘
252 5821 381 5880 Mss.
422 5820 615 5896 μαψ,
643 5837 733 5885 aut
750 5846 853 5887 non
881 5841 1083 5907 poterat
1111 5832 1253 5902 ﬁlius
1278 5834 1580 5891 divinitatis.

1819 4704 1998 4761 omnia
2020 4744 2036 4770 ,
2069 4703 2192 4759 ideo
2207 4706 2324 4773 ipse
2344 4700 2549 4755 dicitur
2572 4699 2808 4755 dedisse.
2829 4697 2887 4755 Si
2916 4711 3092 4769 ergoa
3120 4695 3281 4752 Patre
3297 4710 3417 4753 om-

1818 4797 1937 4861 nia,
1971 4809 2140 4866 quare
2171 4809 2277 4849 non
2308 4794 2522 4848 dicatur
2542 4802 2736 4847 cuncta
2768 4790 2907 4846 Filio
2937 4805 3038 4845 suo
3069 4804 3165 4861 per
3188 4802 3420 4859 genera-

1818 4889 2024 4945 tionem
2054 4885 2312 4949 dedissel
2340 4885 2407 4940 Et
2439 4883 2689 4956 quamvis
2719 4883 2987 4953 aequalem
3023 4882 3128 4938 sibi
3167 4880 3425 4952 genuerit

1818 4982 2051 5049 Filium,
2079 4981 2216 5037 ordo
2239 4988 2423 5035 tamen
2448 4980 2615 5050 exigit
2638 4986 2697 5033 ut
2718 4980 2771 5033 in
2800 4978 3022 5033 nomine
3044 4976 3221 5031 Patris
3242 4989 3414 5045 agan-

1819 5085 1907 5131 tur
1932 5076 2132 5131 omnia.
2184 5073 2300 5129 Hoc
2329 5073 2493 5129 Pater
2521 5072 2798 5127 concessit
2827 5069 2968 5125 Filio
2998 5076 3121 5139 post
3157 5080 3377 5121 crucem
3402 5106 3418 5133 ,

1819 5176 1878 5224 ut
1911 5169 2096 5223 omnia
2136 5168 2189 5222 in
2230 5167 2449 5221 nomine
2495 5162 2621 5219 Filii
2658 5164 2961 5218 salventur.
3001 5158 3247 5227 Denique
3287 5156 3426 5213 dicit

1817 5261 2081 5316 Dominus
2115 5260 2183 5316 de
2211 5258 2495 5329 discipulis
2521 5256 2589 5313 ad
2620 5256 2838 5312 Patrem
2872 5270 2887 5308 :
2930 5250 3112 5316 Pater,
3158 5264 3289 5318 quos
3328 5249 3426 5305 de-

1813 5354 1936 5410 disti
1959 5351 2111 5421 mihi,
2151 5351 2443 5416 custodiri;
2481 5350 2557 5403 tui
2595 5348 2731 5403 enim
2766 5354 2935 5410 erant,
2975 5351 3025 5397 et
3064 5340 3189 5394 mihi
3217 5356 3304 5396 eos
3329 5343 3424 5396 de-

1814 5446 1936 5502 disti
1953 5444 2136 5519 (Joan.
2156 5459 2285 5509 xvn,
2313 5440 2426 5514 12).
2450 5442 2513 5496 Ει
2529 5440 2595 5495 ad
2612 5438 2914 5508 discipulos
2934 5433 3007 5488 ait
3026 5450 3041 5487 :
3066 5433 3241 5503 Usque
3259 5434 3412 5490 modo

1811 5537 1942 5592 nihil
1962 5536 2161 5607 petistis
2180 5535 2238 5589 in
2263 5533 2470 5588 nomine
2492 5546 2606 5584 meo
2628 5528 2839 5600 :petite,
2864 5534 2913 5581 et
2933 5523 3200 5597 accipietis
3222 5520 3407 5594 (Ioan.

1809 5645 1920 5697 ενι,
1942 5628 2058 5702 24).
2090 5628 2203 5684 Hec
2221 5642 2354 5697 ergo
2378 5632 2538 5679 natus
2562 5620 2793 5689 accepit,
2820 5629 2878 5674 ιιι
2901 5628 3025 5690 post
3044 5631 3266 5675 crucem
3292 5633 3413 5674 ma-

1808 5722 2183 5788 nifestaretur,
2200 5718 2330 5792 quid
2346 5732 2379 5774 ε
2391 5715 2554 5773 Patre
2567 5711 2694 5769 dum
2706 5720 3087 5782 generaretur,
3106 5713 3413 5784 acceperit.
