3970 6316
149 265 257 323 M5

1013 266 1517 330 COIIENTABIA
1556 268 1623 329 lbi
1663 269 1880 329 El’lST.
1923 272 2017 332 AD
2054 273 2567 335 PHILIPPENSES.

3339 278 3447 341 ιιι

152 383 284 449 mis;
320 397 494 451 quare
523 393 579 441 et
598 382 739 440 circa
764 397 859 441 eos
877 383 1161 442 sollicitior
1182 386 1449 455 signatur,
1474 400 1584 444 non
1606 387 1746 446 sicut
1771 392 1822 453 Α
1853 388 2161 458 laetaretur;
2192 393 2317 463 quia
2344 391 2556 449 meliori
2582 393 2765 449 animo
2787 393 2869 458 iit.
2891 394 2983 465 qui
3007 394 3073 451 ad
3101 396 3298 453 charos
3318 412 3449 455 suos

148 474 396 548 quidam,
428 477 519 548 qui
541 476 669 535 dum
698 479 1022 548 semetipsos
1056 477 1441 536 commendare
1465 480 1742 548 volebant,

150 570 494 640 negligentes
523 579 681 629 erant
697 570 767 627 de
791 572 1073 643 disciplina
1118 583 1174 629 et
1199 574 1617 632 conversatione
1637 574 1745 631 fra-

149 672 313 723 trum.
330 660 453 719 Non
466 664 611 721 enim
630 663 829 723 devoto
848 664 1035 722 animo
1057 665 1443 736 praedicabant,
1458 667 1559 724 sed
1585 682 1747 740 prop-

148 765 231 812 ter
259 756 487 825 propria
516 755 688 813 lucra.
723 756 789 813 Et
828 758 956 828 quia
985 758 1303 815 Timotheus
1334 760 1416 816 vir
1445 767 1565 817 erat
1590 776 1747 833 egre-

144 849 285 919 gius.
316 848 458 906 dicit
500 850 627 920 quia
675 851 960 921 probatum
1007 851 1151 908 hunc
1196 852 1467 919 habebat;
1493 853 1585 924 qui
1628 862 1746 911 erat

144 956 270 997 eum
301 957 371 997 eo
390 951 453 997 ut
470 942 616 998 illius
657 943 1016 1000 charissimus
1036 984 1054 1010 ,
1083 944 1403 1002 deserviens
1450 946 1744 1015 Evangelia

142 1036 369 1095 Christi.
400 1036 530 1095 Ideo
569 1038 712 1096 hunc
740 1039 939 1097 Filium
992 1040 1147 1109 dicit,
1176 1041 1301 1111 quia
1329 1042 1399 1097 ab
1427 1041 1547 1112 ipso
1569 1042 1743 1098 fuerat

142 1130 438 1187 ordinatus
463 1149 477 1186 :
502 1130 531 1161 ⁸
556 1132 698 1188 hunc
721 1146 783 1189 se
813 1134 1166 1204 praemittere,
1184 1150 1246 1191 se
1272 1150 1486 1205 quoque
1506 1135 1561 1190 in
1591 1134 1742 1192 brevi

144 1226 344 1282 nurum
374 1225 445 1282 ad
465 1241 584 1284 eos.

210 1321 402 1390 (Vere.
429 1322 526 1389 25,
544 1321 772 1394 26,27.)
791 1322 1157 1379 Necessarium
1186 1339 1306 1380 uero
1322 1326 1602 1381 arbitratus
1628 1343 1741 1383 sum

144 1413 570 1487 Epaphroditum
610 1417 826 1486 fratrem
870 1427 919 1472 et
964 1418 1360 1474 commilitonem
1413 1436 1601 1485 meum,
1632 1436 1743 1477 ves-

144 1518 279 1563 trum
318 1519 496 1565 autem
520 1510 836 1581 apostolum,
877 1517 925 1565 et
953 1511 1249 1567 ministrum
1276 1514 1448 1584 operis
1473 1514 1594 1580 arei,
1623 1515 1741 1570 mit-

142 1613 245 1658 tere
264 1604 336 1657 ad
366 1620 493 1671 eos;
517 1604 939 1675 quandoquidem
967 1605 1297 1661 desiderabat
1331 1622 1421 1661 vos
1463 1623 1657 1675 omnes,
1689 1617 1739 1663 et

140 1697 471 1766 impatienter
490 1700 749 1754 sollicitus
771 1708 904 1765 erat,
928 1716 987 1756 eo
1006 1702 1153 1769 quod
1180 1700 1469 1756 audieratis
1487 1702 1636 1759 illum
1656 1703 1740 1759 in—

1850 482 2018 541 mittit
2046 485 2386 541 revisendos.

1919 576 2100 651 (Vera.
2123 578 2217 645 29,
2241 577 2359 650 30.)
2386 578 2627 650 Excipite
2656 597 2777 655 ergo
2797 581 2952 638 illum
2984 581 3043 640 in
3079 580 3310 640 Domino
3328 599 3447 643 cum

1848 671 1987 724 omni
2011 671 2224 742 gaudio,
2239 682 2285 726 et
2296 670 2601 743 hujusntodi
2624 674 2677 728 iu
2691 672 2887 729 honore
2904 674 3119 743 habete;
3136 676 3262 747 quia
3288 692 3450 748 prop-

1849 772 1925 817 ter
1949 778 2077 833 epus
2103 763 2298 819 Christi
2325 780 2487 833 usque
2512 768 2581 819 ad
2605 774 2821 820 mortem
2847 768 3087 832 accessit,
3104 768 3161 823 in
3184 768 3452 825 interitum

1848 858 2059 913 tradens
2086 859 2316 913 nstituam
2346 876 2497 913 suam
2521 877 2540 925 ;
2564 869 2616 912 ut
2639 860 2903 931 suppleret
2922 861 2978 914 id
3000 862 3140 931 quod
3166 863 3306 917 vobis
3330 863 3454 918 dee-

1848 960 1928 1005 rat
1955 951 2095 1005 circa
2138 967 2306 1007 meum
2339 950 2593 1022 ofﬁcium.
2628 951 2972 1023 Quamquam
3004 953 3277 1011 individua
3303 961 3451 1011 esset

1845 1042 2087 1099 cbaritas
2111 1042 2535 1113 Epaphroditiet
2565 1042 2739 1114 plebis
2761 1053 2975 1109 ;tameu
3007 1046 3174 1101 etiam
3206 1044 3277 1103 ab
3302 1046 3453 1116 Apo-

1844 1137 1990 1195 stolo
2012 1136 2449 1205 commendatur,
2481 1145 2542 1193 ut
2586 1137 2823 1207 amplius
2849 1136 3157 1195 chariorem
3190 1138 3339 1195 illum
3371 1138 3452 1195 la-

1845 1229 1951 1287 ciat
1986 1248 1999 1285 :
2033 1232 2270 1288 maxime
2316 1242 2540 1302 propter
2571 1231 2693 1298 hos,
2722 1232 2813 1302 qui
2846 1232 2986 1289 forte
3017 1243 3127 1289 tam
3157 1232 3309 1289 chari
3338 1248 3450 1290 non

1843 1334 2031 1381 essent
2051 1325 2196 1383 circa
2240 1325 2361 1395 ejus
2386 1324 2645 1382 ali‘ectum
2672 1342 2688 1392 ;
2718 1324 2774 1381 in
2823 1328 2972 1381 omni
3002 1325 3149 1382 enim
3182 1326 3341 1396 plebe
3365 1324 3451 1383 di-

1843 1419 2074 1474 versitas
2104 1427 2208 1474 est.
2244 1417 2379 1473 [line
2424 1427 2508 1474 est
2534 1418 2681 1475 unde
2726 1430 2783 1477 et
2812 1420 3059 1489 praelium
3093 1418 3214 1489 ejus
3241 1432 3451 1475 memo-

1843 1519 1976 1576 rat,
2022 1510 2168 1580 quod
2220 1525 2325 1567 non
2378 1510 2649 1568 dubitavit
2693 1520 2918 1583 propter
2973 1528 3113 1583 opus
3162 1509 3450 1583 Evangelii

1842 1606 2015 1661 emori
2043 1625 2055 1659 :
2086 1605 2191 1660 hoc
2210 1614 2320 1671 est,
2357 1620 2466 1662 non
2496 1605 2796 1662 deterritus
2821 1615 2908 1662 est
2952 1606 3119 1662 minis
3149 1616 3205 1662 et
3232 1619 3455 1676 pressu-

1842 1699 1919 1755 ris
1950 1697 2389 1762 inﬁdelium,sed
2412 1699 2651 1769 perstitit
2683 1700 2738 1755 in
2768 1699 3154 1755 exhortatione
3180 1698 3447 1764 ﬁdelium;

140 1792 403 1859 ﬁrmatum
446 1794 631 1864 fuisse.
667 1792 883 1849 Etenim
920 1795 1219 1866 inﬁrmius
1274 1806 1351 1851 est
1406 1815 1567 1870 prope
1593 1814 1737 1853 mor-
1766 1795 1812 1855 Β
1842 1802 1900 1848 ιιι
1927 1790 2181 1861 impleret
2200 1791 2347 1861 quod
2370 1790 2561 1847 deerat
2585 1791 2729 1860 plebi
2752 1792 2807 1847 in
2831 1791 3126 1848 traditione
3148 1792 3304 1861 juxta
3335 1792 3451 1855 dis-

139 1890 235 1936 tent
258 1899 277 1937 :
309 1882 401 1937 sed
431 1883 579 1939 Deus
623 1886 862 1942 misertus
902 1896 978 1943 est
1020 1888 1187 1957 illius,
1237 1905 1339 1943 non
1368 1891 1538 1945 solum
1566 1902 1738 1946 autem

136 1978 267 2045 ejus,
300 1978 394 2031 sed
428 1986 483 2032 et
506 1979 651 2045 mei;
699 1996 763 2034 ne
814 1981 1077 2036 tristitiam
1104 1998 1261 2051 super
1293 1983 1555 2037 tristitiam
1579 1983 1737 2040 habe-

137 2084 261 2124 rem.
312 2067 517 2126 Omnia
570 2070 687 2129 hcc
737 2071 1027 2127 manifesta
1066 2083 1193 2127 sunt
1239 2090 1255 2138 ;
1304 2073 1734 2144 Epaphroditum

133 2159 274 2215 enim
296 2160 575 2231 signiﬁcat
601 2176 663 2218 se
684 2163 980 2220 missurum
999 2179 1122 2220 cum
1147 2166 1248 2220 ista
1272 2165 1505 2233 epistola
1527 2165 1596 2222 ad
1611 2182 1730 2224 eos.

137 2253 366 2311 Invicem
392 2255 545 2311 enim
571 2254 851 2312 desiderio
888 2257 973 2313 sui
997 2258 1180 2314 mtein
1216 2267 1372 2313 erant
1400 2258 1737 2316 inﬁrmitatis

135 2349 247 2415 ejus
267 2364 459 2417 causa,
486 2358 547 2406 et
566 2350 797 2422 populus
818 2361 872 2407 et
894 2351 1329 2425 Epaphroditus;
1355 2361 1414 2408 ut
1431 2352 1552 2408 viso
1570 2352 1736 2426 258

135 2456 215 2508 eo,
248 2451 649 2500 rccrearentur
704 2446 773 2501 de
810 2455 1129 2517 recuperata
1179 2446 1357 2502 salute
1382 2447 1526 2517 ejus,
1562 2456 1619 2503 et
1640 2448 1734 2504 ille

133 2550 340 2593 careret
363 2538 762 2605 sollicitudine,
782 2555 942 2610 quam
963 2541 1183 2596 videndi
1211 2556 1310 2597 eos
1335 2542 1583 2611 gerebat.
1601 2541 1731 2600 Erat

133 2630 270 2687 enim
292 2646 487 2688 eorum
512 2636 791 2702 apostolus
815 2636 883 2691 ab
904 2634 1169 2705 Apostolo
1200 2636 1397 2703 tactus,
1423 2636 1551 2692 dum
1579 2636 1730 2693 illum

132 2724 194 2778 ad
216 2726 665 2783 exhortationem
687 2742 877 2784 eorum
907 2729 1154 2784 mittebat
1179 2728 1246 2783 ad
1266 2743 1361 2784 eos
1386 2746 1400 2783 :
1419 2737 1473 2784 et
1501 2730 1624 2799 quia
1646 2729 1732 2785 vir

132 2829 243 2872 erat
274 2820 475 2887 bonus,
496 2820 916 2877 desiderabatur
942 2835 971 2875 a
998 2821 1175 2891 plebe.
1206 2821 1345 2890 Quid
1392 2836 1525 2892 ergo
1562 2830 1648 2877 est
1673 2830 1732 2877 ut

132 2924 395 2982 prasente
418 2915 716 2985 Apostolo,
733 2917 825 2985 qui
856 2924 1101 2971 mortuos
1126 2916 1448 2981 suscitabat,
1478 2915 1566 2971 hic
1591 2916 1730 2984 Epa-

1842 1884 2216 1955 pensationem
2241 1883 2512 1955 Apostoli.
2530 1883 2632 1952 Qui
2661 1899 2794 1956 ergo
2820 1900 2850 1939 a
2881 1894 3061 1943 morte
3079 1900 3190 1943 non
3216 1883 3449 1941 retrahit

1837 1980 2078 2035 animam
2102 1994 2257 2035 suam
2287 1978 2343 2035 in
2379 1980 2690 2045 interitum,
2726 1980 2869 2035 hanc
2896 1976 3061 2036 tradit
3085 1981 3240 2050 juxta
3273 1980 3445 2036 vitam

1839 2083 2187 2143 praesentem,
2215 2071 2358 2129 sicut
2387 2081 2442 2128 et
2474 2071 2733 2129 Dominus
2756 2070 2888 2127 dicit
2918 2088 2932 2123 :
2967 2070 3067 2138 Qui
3096 2072 3236 2127 enim
3262 2072 3444 2128 uolue-

1836 2168 1904 2223 rit
1933 2168 2159 2222 uitiarant
2187 2183 2337 2223 suam
2388 2167 2585 2223 saluam
2621 2166 2815 2235 facere,
2867 2165 3046 2236 perdet
3073 2181 3187 2220 eam
3215 2164 3440 2235 (Matth.

1838 2276 1951 2327 ινι,
1981 2259 2065 2331 Ξ).
2098 2259 2337 2317 Perditio
2365 2259 2485 2315 haec
2530 2260 2788 2316 interitus
2815 2268 2899 2315 est
2928 2276 2942 2325 ;
2974 2258 3103 2329 quia
3133 2256 3440 2314 secundum

1835 2352 2099 2409 mnndum
2126 2353 2217 2423 qui
2240 2353 2482 2410 animam
2505 2366 2662 2409 suam
2694 2353 2861 2409 tradit
2884 2367 2981 2423 pro
3008 2350 3259 2420 Christo,
3284 2350 3446 2407 amit-

1838 2447 2040 2505 titeam
2068 2462 2083 2513 ;
2118 2445 2438 2505 inlaturum
2469 2455 2649 2503 tamen
2672 2445 3026 2502 conservabit
3046 2460 3191 2501 eam.

2480 2536 2714 2595 CAPUT
2754 2537 2841 2594 lli.

1905 2630 2177 2703 (νει-Μ.)
2197 2628 2277 2686 De
2297 2629 2517 2701 reliquo,
2538 2632 2727 2701 fratres
2748 2630 2869 2695 mei,
2884 2630 3105 2702 gaudete
3119 2628 3172 2683 in
3189 2626 3439 2687 Domino.

1834 2725 2036 2781 Eadem
2056 2724 2280 2781 scribere
2300 2725 2441 2780 vobis
2458 2725 2585 2779 mihi
2604 2725 2810 2795 quidem
2828 2740 2931 2779 non
2949 2734 3022 2780 est
3044 2724 3273 2795 pigrum,
3294 2723 3441 2782 vobis

1831 2832 2002 2877 autem
2015 2820 2357 2877 necessarium
2367 2819 2639 2875 .Ostendit
2650 2819 3073 2879 sollicitudinem
3088 2832 3241 2874 suam
3252 2832 3436 2888 ,quatn

1830 2914 1973 2985 gerit
2000 2914 2146 2968 circa
2176 2912 2482 2982 profectum
2531 2912 2749 2968 illorum
2776 2929 2791 2979 ;
2840 2911 2967 2983 quia
2997 2912 3228 2982 impiger
3248 2920 3334 2967 est
3364 2909 3436 2967 ad

132 3005 416 3073 pltroditus
444 3008 824 3065 iuﬂrmaretur
852 3024 1025 3081 usque
1059 3008 1127 3063 ad
1157 3019 1387 3065 mortem
1409 3011 1433 3063 γ
1454 3008 1728 3079 Numquid
1830 3007 2179 3064 scribendum
2194 3007 2424 3076 cis,qu:e
2449 3006 2758 3061 necessaria
2784 3014 2913 3061 sunt
2940 3006 3160 3061 utilitati
3190 3005 3436 3061 illorum.

132 3113 231 3154 non
269 3100 445 3155 oravit
476 3116 577 3170 pro
610 3101 706 3156 illo
732 3100 1050 3171 Apostolus,
1078 3109 1135 3157 et
1161 3117 1267 3156 non
1299 3102 1633 3173 impetravit,
1669 3111 1728 3159 ut
1901 3100 2086 3171 (Vers.
2118 3100 2203 3173 2.)
2237 3098 2421 3156 Videte
2450 3115 2622 3165 canes,
2655 3099 2823 3155 videte
2849 3099 3016 3158 malos
3041 3100 3330 3169 aperarios,
3359 3097 3440 3157 υἱ·

128 3194 278 3249 citius
307 3197 650 3251 sanaretur?
678 3195 786 3252 Sed
836 3197 990 3267 signa
1017 3196 1314 3252 inﬁdelium
1356 3211 1520 3253 causa
1553 3197 1724 3262 ﬁunt;
1757 3190 1803 3254 C
1833 3194 1947 3250 dete
1964 3195 2328 3251 coneisionem.
2363 3194 2473 3250 llos
2498 3194 2774 3264 designat,
2805 3195 2897 3265 qui
2923 3195 3232 3251 invidentes
3255 3193 3437 3266 genti-

129 3298 242 3341 uam
274 3287 401 3343 huic
427 3302 541 3343 non
568 3289 631 3342 ad
657 3287 1042 3343 detrimentum
1069 3290 1296 3359 contigit
1319 3290 1607 3359 :rgritudo,
1630 3291 1725 3347 sed
1833 3286 1934 3342 bus
1966 3287 2237 3357 pravitate
2276 3286 2677 3356 colloquiorum
2712 3300 2936 3343 suorum
2990 3296 3307 3345 everterant
3327 3284 3438 3345 Ga-

128 3378 187 3431 ad
215 3390 597 3451 augmentum.
632 3380 989 3437 Probationes
1018 3382 1164 3439 enim
1193 3381 1420 3439 diversis
1452 3392 1575 3437 sunt
1607 3398 1726 3438 cre-
1828 3384 1988 3449 latas,
2012 3382 2309 3438 suadentes
2332 3381 2412 3436 eis
2434 3389 2488 3436 ut
2522 3379 3071 3437 circumciderentur.
3103 3380 3253 3445 Quos
3284 3380 3434 3439 omni

127 3470 399 3539 dentium;
432 3474 583 3529 alius
628 3475 771 3529 enim
818 3489 918 3545 per
947 3473 1353 3545 aegritudinem,
1379 3474 1516 3529 alius
1566 3478 1723 3531 amis-
1826 3491 2029 3547 genere
2057 3474 2309 3533 vitandos
2342 3486 2399 3529 et
2425 3471 2787 3543 spernendos,
2837 3472 3017 3539 docet,
3060 3473 3216 3543 quasi
3269 3486 3440 3533 canes

126 3565 269 3633 sione
294 3567 615 3634 charorum,
648 3567 791 3623 alius
845 3584 943 3639 per
986 3568 1244 3624 damnum
1295 3569 1560 3639 pecuniae,
1584 3570 1723 3627 alius
1824 3571 1916 3641 qui
1946 3570 2184 3641 primum
2202 3567 2499 3633 oblatum,
2521 3565 2723 3629 dehinc
2746 3579 2929 3623 morsu
2958 3580 3106 3622 saevo
3135 3566 3277 3622 male
3302 3579 3435 3635 ope-

128 3674 217 3727 per
246 3662 629 3720 tribulatioues
660 3664 937 3733 probatur,
972 3665 1019 3720 si
1052 3666 1106 3720 in
1154 3666 1481 3721 necessitate
1509 3665 1719 3721 stabilis
1826 3670 2016 3717 rantur
2046 3662 2099 3716 in
2130 3674 2375 3715 carnem.
2483 3694 2493 3701 -

128 3754 449 3823 inveniatur,
478 3758 737 3812 auxilium
768 3773 797 3813 a
849 3758 1066 3816 diversa
1101 3770 1256 3830 parte
1290 3776 1397 3813 non
1439 3775 1715 3829 quaerens,
1894 3754 2079 3826 (νίκη.
2110 3757 2167 3820 ὅ,
2194 3758 2273 3823 4ο)
2310 3751 2425 3808 Νοι
2444 3752 2582 3807 enim
2619 3766 2797 3810 tum”
2823 3748 3179 3812 είνιυίηείιδοι
3206 3748 3293 3814 (Μ
3322 3747 3433 3819 φί-

124 3856 176 3901 ttt
222 3861 578 3921 augmentum
635 3852 796 3909 faciat
839 3854 1185 3910 meritorum,
1238 3855 1355 3910 Non
1407 3870 1539 3926 ergo
1584 3870 1717 3912 con-
1819 3848 1927 3907 rt'ttt
1956 3848 2060 3903 Deo
2106 3848 2359 3902 servimus
2386 3862 2405 3901 :
2445 3856 2493 3901 et
2523 3845 2809 3915 gloriamur
2853 3844 2909 3900 ιιι
2939 3839 3146 3899 Christo
3197 3838 3346 3906 Iesu,
3384 3850 3437 3900 et

123 3948 311 4013 tempta
341 3953 431 4000 est
465 3946 759 4015 postulatio
779 3946 1052 4017 Apostoli,
1078 3947 1174 4003 sed
1211 3946 1407 4003 melius
1434 3948 1713 4018 provisum
1819 3959 1922 3997 non
1955 3942 2011 3996 in
2059 3956 2216 3996 carm
2243 3939 2490 4010 ράιιείαηι
2519 3936 2762 3995 habemus
2796 3951 2815 4001 ;
2843 3950 3159 4006 quamquam
3203 3950 3296 4006 ego
3323 3934 3426 3996 Ιη-
3484 4013 3488 4017 ⁴

120 4035 187 4097 ei,
220 4051 315 4105 pro
343 4054 454 4109 quo
494 4040 733 4109 petebat.
784 4041 924 4110 Quid
971 4051 1149 4097 autem
1196 4042 1329 4099 illud
1362 4052 1466 4110 est,
1499 4054 1561 4098 ut
1585 4058 1711 4102 cum

1837 4039 1962 4090 team
1990 4034 2236 4103 ﬁduciam
2287 4041 2338 4087 et
2364 4032 2417 4087 in
2446 4047 2619 4089 carne.
2655 4027 2998 4087 Manifestum
3044 4036 3129 4087 est
3152 4027 3278 4097 quis
3306 4041 3427 4087 cre-

122 4126 185 4183 de
210 4143 436 4188 excessu
466 4132 695 4189 fratrum
744 4134 798 4189 in
842 4135 951 4189 alia
999 4136 1231 4205 epistola
1264 4151 1370 4191 non
1399 4136 1711 4193 contristari
1815 4130 2008 4189 dentes
2062 4128 2164 4198 ipsi
2210 4125 2611 4183 cirCIImCidUnl
2651 4139 2749 4181 θοι*
2804 4134 3092 4189 ευυηιςυι
3144 4130 3426 4193 εωριιιθιε

121 4220 311 4278 debere
354 4226 652 4282 admoneat
685 4246 700 4283 :
730 4228 784 4282 in
814 4226 916 4285 hac
946 4238 1128 4283 autem
1162 4229 1592 4283 contristsudum
1625 4243 1708 4298 se,

1837 4223 2023 4278 :rroris
2081 4219 2320 4286 nebula,
2353 4219 2627 4289 aspiciant
2680 4228 2737 4273 et
2795 4226 3093 4288 agnoscant
3128 4215 3422 4277 Dominum

121 4312 160 4366 si
181 4316 380 4373 exisset
402 4319 812 4391 Epaphroditus
834 4337 863 4376 a
891 4335 1145 4391 corpore,
1169 4321 1442 4393 signiﬁcat
1464 4323 1489 4377 τ
1513 4322 1703 4379 Tristi-

1837 4323 2099 4371 τωρωι-ιε.
2118 4312 2236 4371 Hoc
2266 4322 2357 4371 est
2396 4312 2595 4382 spiritu
2628 4313 2741 4367 Deo
2768 4310 2999 4376 servire.
3026 4316 3083 4366 et
3110 4307 3338 4380 gloriari
3364 4305 3422 4365 in

121 4406 238 4462 tiam
264 4424 346 4478 se,
397 4413 445 4467 si
480 4410 705 4480 exisset,
735 4413 1045 4470 habiturum
1072 4413 1287 4470 dixerat
1342 4430 1506 4486 super
1535 4415 1705 4471 tristi—
1814 4410 2045 4465 Domino
2066 4408 2198 4464 Iesu
2251 4406 2495 4471 Christo,
2534 4404 2629 4477 qui
2658 4405 2833 4475 legem
2876 4402 3105 4473 Spiritus
3134 4401 3326 4464 dedit.
3360 4408 3423 4461 at

120 4498 261 4567 tiam,
292 4518 453 4574 quam
482 4504 715 4561 habebat
762 4506 831 4564 de
858 4506 1173 4563 inﬁmitate
1214 4510 1373 4578 ejus;
1404 4519 1527 4564 erat
1555 4511 1700 4564 enim
1807 4506 1989 4561 carnis
2019 4503 2192 4577 gloria
2238 4502 2656 4565 exinaniretur;
2687 4498 2983 4569 Apostolus
3022 4505 3203 4552 tamen
3244 4494 3417 4554 etiam

121 4598 444 4654 necessarius
473 4599 754 4656 Ecclesils.
778 4598 911 4656 Nam
938 4600 1007 4657 ad
1035 4601 1557 4657 'l‘hessalouicenses
1581 4599 1701 4656 :Vi-
1726 4591 1779 4653 D
1807 4602 1946 4657 hanc
1992 4600 2247 4656 ﬁduciam
2293 4598 2550 4661 habebat,
2582 4605 2643 4650 ut
2669 4596 2737 4661 si,
2766 4595 2958 4657 vellet,
2984 4592 3316 4663 gloriaretur
3346 4589 3419 4647 de

120 4686 244 4751 dcte,
272 4690 366 4758 ait,
421 4710 484 4748 ne
530 4694 905 4749 contristemim‘
930 4694 996 4748 de
1026 4694 1399 4750 dormientibus
1424 4736 1440 4760 ,
1496 4695 1628 4749 sicut
1656 4704 1705 4750 et
1806 4695 1988 4751 carnis
2008 4692 2426 4749 circumcisione
2460 4706 2475 4743 :
2505 4688 2602 4744 sed
2630 4688 2811 4745 sciens
2837 4700 3061 4742 vacuam
3112 4697 3237 4741 esse
3271 4682 3412 4743 hane

120 4783 276 4836 elateri
301 4785 387 4856 qui
410 4802 509 4840 non
531 4786 718 4841 habent
740 4803 881 4858 spem
912 4787 954 4859 (1
968 4786 1010 4841 Τ
1012 4786 1147 4842 hess.
1171 4802 1246 4854 tv,
1272 4788 1387 4857 12).
1418 4786 1489 4843 Se
1516 4796 1699 4843 autem
1805 4786 2054 4858 gloriam,
2074 4783 2383 4855 repudiavit
2401 4797 2547 4837 eam.

118 4873 191 4928 sic
218 4876 424 4934 tristem
451 4878 688 4936 futurum
720 4880 933 4936 dixerat
959 4881 1028 4936 de
1057 4895 1287 4937 excessu
1315 4879 1700 4951 Epaphr‘oditi,

118 4970 233 5038 quia
253 4972 504 5029 solatium
533 4975 650 5045 ejus
677 4984 733 5032 et
780 4975 1042 5030 auxilium
1094 4974 1405 5046 requirebat
1434 4994 1449 5041 ;
1482 4988 1592 5030 non
1620 4982 1703 5028 tn-

117 5075 228 5119 men
250 5074 306 5120 ut
324 5068 477 5137 quasi
517 5068 788 5137 perditum
814 5069 1044 5139 lugeret.
1103 5104 1117 5113 .

181 5156 354 5227 (Vera.
393 5158 511 5231 28.)
549 5160 822 5216 Sollicitus
842 5161 1020 5231 itaque
1067 5160 1185 5227 misi
1215 5176 1352 5223 eum,
1389 5168 1447 5213 ut
1480 5174 1597 5213 cum
1623 5158 1695 5213 it-

116 5246 214 5301 lum
238 5251 479 5320 videritis,
513 5255 699 5309 iterum
743 5254 1037 5326 gaudeatis,
1069 5264 1117 5307 et
1162 5270 1256 5327 ego
1284 5254 1495 5307 meliore
1519 5253 1692 5308 animo

116 5341 589 5403 sim.All‘ectionem
623 5359 862 5404 mutuam
894 5348 1152 5406 habuisse
1182 5347 1609 5419 Epaphroditum
1635 5358 1694 5405 et

114 5434 309 5500 plebem
338 5438 763 5511 Philippensium
805 5441 1093 5514 signiﬁcat,
1124 5457 1283 5514 quem
1316 5441 1561 5497 videntes
1591 5440 1691 5501 ite.-

116 5538 224 5580 rum
270 5532 322 5602 in
368 5532 609 5590 laetitiam
634 5549 693 5591 se
718 5535 1046 5604 excitarent,
1078 5543 1134 5591 et
1174 5534 1423 5605 Apostoli
1471 5534 1688 5593 animus

116 5796 162 5863 tu
181 5728 912 5879 ἔκηα
954 5740 1287 5817 ποιπίιμη.
1317 5746 1366 5800 et
1393 5754 1449 5796 te
1478 5753 1679 5816 quoque

1876 4878 2060 4950 (Ἴθι-ε.
2090 4873 2303 4946 5,6,7.)
2330 4873 2358 4915 ι’
2394 4874 2456 4930 Si
2479 4873 2596 4939 quis
2626 4872 2830 4929 videtur
2858 4871 3119 4942 conﬁdere
3147 4870 3401 4935 in‘carne,

1804 4987 1901 5045 ego
1922 4970 2111 5041 magis,
2138 4968 2474 5023 circumcisus
2506 4975 2684 5021 octava
2722 4964 2829 5029 die,
2878 4980 2945 5019 ea:
3000 4978 3184 5035 genere
3214 4959 3408 5027 Israel,

1794 5065 1864 5118 de
1888 5064 2021 5116 tribu
2042 5058 2607 5131 Benjaminﬂebrwus
2628 5075 2692 5113 ea:
2714 5055 2970 5121 Hebrteis,
3002 5052 3283 5109 secundum
3308 5048 3410 5106 Le-

1796 5172 1909 5227 gem
1950 5155 2279 5227 pltarisatus,
2326 5152 2610 5207 secundum
2664 5149 3050 5205 erumlationem
3096 5158 3409 5213 persequens

1799 5249 2086 5305 Ecclesium
2115 5247 2233 5314 Dei,
2276 5247 2565 5303 secundum
2599 5244 2865 5319 justitiam
2911 5257 3025 5311 qua:
3052 5256 3116 5295 ea:
3144 5237 3279 5307 Lege
3303 5244 3404 5305 est,

1791 5355 2119 5402 conversatus
2162 5345 2274 5399 sine
2306 5344 2537 5411 querela.
2572 5340 2679 5397 Sed
2705 5354 2819 5409 qua:
2847 5337 2971 5391 mihi
2994 5337 3145 5390 lucra
3174 5336 3406 5405 fuerant,

1791 5439 2088 5517 2591mm
2119 5440 2404 5495 arbitratus
2452 5454 2566 5494 sum
2622 5443 2831 5506 propter
2871 5428 3136 5485 Christum
3189 5429 3402 5507 damna.

1790 5520 2061 5604 Quantum
2086 5533 2152 5590 ad
2194 5533 2357 5606 Legis
2386 5532 2659 5589 culturam
2695 5526 2957 5599 pertinet,
2989 5530 3046 5580 et
3070 5522 3139 5585 ad
3172 5522 3293 5594 ejus
3317 5523 3408 5594 ju-

1861 5739 1890 5781 b
1919 5739 2273 5816 Rom._edit.,
2309 5738 2517 5816 Siquis
2554 5736 2687 5797 alius
2728 5734 3048 5797 tidetur..."
3078 5752 3172 5816 ego
3201 5732 3395 5815 magis,

1800 5813 2194 5877 circumcisione
2224 5812 2390 5874 octavi
2411 5811 2538 5877 disi.
