3970 6316
580 244 692 303 415

1569 244 1663 301 AD
1707 242 1938 301 OPERA
1978 240 2224 302 SANC’I'I
2265 242 2591 302 AMBROSII
2629 242 3001 303 APPENDIX.
3729 248 3799 305 ιιι

579 362 787 418 stitiam
815 358 1165 428 servandam,
1185 359 1319 418 etad
1333 336 1571 417 studium
1609 360 1836 417 haeresis
1867 359 2173 415 Pharisaeo-
2200 364 2253 423 Α
2276 374 2342 415 ex
2369 360 2686 431 cognitione
2711 357 2919 416 Christi
2937 358 3116 431 gratia
3146 357 3245 415 Dei
3275 356 3484 414 indulta
3504 366 3601 415 est.
3619 358 3800 431 Cognitis

580 468 727 522 rum,
757 453 986 524 etjuxta
1010 454 1188 509 zelum
1220 451 1535 509 traditionis
1592 461 1839 524 paterna:
1892 451 1946 507 in
1992 466 2181 524 perse-

2280 454 2426 508 enim
2476 453 2722 525 mysterii
2750 452 3166 519 incarnationis,
3203 460 3261 508 et
3290 450 3579 523 passionis,
3602 460 3653 507 et
3674 468 3804 511 resur-

577 546 799 620 quendo
825 545 1256 615 Ecclesiam,hic
1287 561 1473 617 parem
1504 561 1611 601 non
1636 544 1824 601 habuit
1846 562 1861 611 ;
1882 545 1934 601 in
1965 546 2182 601 caeteris
2281 544 2543 601 rectionis
2592 545 2715 615 ejus
2746 544 3009 615 perfectio
3061 546 3186 601 vita
3236 555 3344 613 est,
3371 555 3431 602 et
3472 548 3726 602 thesaurus
3744 565 3803 603 sa-

582 641 730 697 enim
757 648 919 696 erant
945 646 1232 695 consortes
1270 638 1415 708 ejus,
1444 638 1539 711 qui
1573 638 1828 696 similiter
1874 645 2061 695 essent
2086 653 2180 694 na-

579 739 700 787 tura
726 730 922 787 Judzei.
968 730 1077 788 Sed
1107 746 1229 803 qua:
1259 730 1409 787 lucra
1440 730 1767 788 videbantur
1802 732 1952 800 juxta
1986 730 2177 787 huma-

580 836 712 880 num
763 837 1011 892 sensum,
1037 832 1063 861 ⁸
1093 824 1508 896 comparatione
1552 823 1757 881 Christi
1810 827 2027 882 inventa
2057 836 2185 883 sunt

580 914 1000 985 damna.Quare
1027 918 1247 986 damna,
1264 919 1367 975 nisi
1390 919 1513 991 quia
1535 919 1646 990 jam
1670 928 1886 991 tempus
1913 936 2020 976 non
2043 930 2182 988 erat,

583 1020 643 1068 ut
671 1012 784 1068 Lex
816 1013 1167 1068 servaretur?
1198 1014 1380 1069 inania
1404 1015 1551 1079 enim
1582 1024 1737 1071 erant
1764 1014 1879 1071 hzec
1904 1015 2111 1082 omnia,
2131 1024 2187 1071 et

584 1103 979 1175 impedimenta
1004 1148 1020 1174 ,
1065 1121 1137 1161 ne
1175 1106 1533 1163 accederetur
1576 1107 1641 1163 ad
1672 1109 1902 1179 gratiam
1928 1125 1943 1175 ;
1974 1118 2028 1164 et
2058 1108 2186 1180 quia

582 1196 704 1254 hac
722 1208 855 1253 sunt
886 1199 1130 1255 carnalia
1162 1241 1177 1265 ,
1226 1212 1412 1256 nostra
1446 1216 1581 1257 vero
1609 1200 1901 1272 spiritalia.
1935 1201 2065 1258 Ideo
2093 1218 2187 1258 au-

583 1299 694 1347 tem
721 1289 793 1347 de
844 1291 993 1346 tribu
1046 1306 1109 1348 se
1153 1290 1290 1348 dicit
1349 1292 1636 1363 Benjamin
1666 1334 1683 1361 ,
1715 1302 1775 1349 ut
1824 1308 2002 1365 genus
2026 1309 2189 1350 suum

580 1382 610 1425 ιι
636 1383 931 1440 extolleret
959 1399 1126 1456 super
1144 1384 1270 1454 hos,
1298 1386 1388 1456 qui
1411 1385 1480 1442 de
1510 1387 1832 1456 patriarchis
1857 1386 2189 1443 concubina-

587 1491 710 1534 rum
741 1477 911 1535 Jacob
962 1477 1088 1534 ﬁliis
1119 1478 1325 1535 ducunt
1353 1480 1645 1552 originem,
1674 1490 1766 1536 aut
1788 1491 2012 1552 propter
2039 1481 2187 1547 illos,

584 1569 683 1641 qui
719 1580 879 1625 erant
908 1571 1190 1644 proselyti.
1218 1570 1378 1628 Unde
1421 1572 1733 1645 dicitzl-Jgo
1762 1574 1948 1645 magis,
1971 1575 2191 1629 circum-

2285 639 2506 711 pientite
2538 657 2554 707 ;
2584 640 2673 695 ubi
2706 640 2852 697 enim
2899 640 3190 711 sapientia,
3224 640 3300 697 ibi
3338 651 3426 697 est
3480 649 3536 696 et
3574 642 3667 697 vita
3692 644 3805 712 ;quia

2284 735 2393 787 vita
2427 747 2535 787 non
2588 742 2694 797 est,
2747 732 2838 789 ubi
2892 733 3122 789 stultitia
3163 744 3268 789 est.
3301 733 3554 803 Denique
3574 733 3805 790 Salomon:

2286 824 2513 893 Stultus,
2542 826 2641 893 ait,
2688 842 2779 898 per
2820 826 2988 881 risum
3026 828 3137 897 agit
3164 826 3305 880 mala
3344 824 3536 898 (Prov.
3556 826 3719 897 x,25).
3741 827 3808 895 Qui

2284 919 2428 974 enim
2460 919 2715 990 intelligit
2742 918 2829 975 sui
2859 933 3021 976 causa
3049 916 3323 974 Christum
3355 916 3629 973 hominem
3667 918 3808 974 factum

2285 1022 2342 1068 et
2365 1027 2606 1082 passum,
2650 1022 2700 1068 et
2734 1014 2875 1069 victa
2916 1022 3095 1070 morte
3132 1010 3532 1077 resurrexisse,
3559 1016 3810 1082 contemptis

2286 1113 2341 1162 et
2365 1107 2568 1177 Spretis
2590 1106 2870 1174 omnibus,
2891 1106 3037 1162 hunc
3055 1105 3319 1177 sequitur,
3342 1104 3505 1175 cujus
3533 1106 3752 1175 prasidio
3765 1110 3813 1159 ri-

2287 1197 2376 1253 det
2399 1214 2459 1254 se
2485 1214 2516 1253 a
2548 1208 2722 1255 morte
2751 1200 3068 1267 liberatum,
3123 1214 3378 1270 qua-rens
3408 1211 3605 1253 causas
3651 1199 3705 1251 ad
3731 1214 3812 1267 pro-

2288 1291 2607 1348 merendum
2638 1307 2802 1357 eum;
2852 1303 2910 1347 ut
2953 1292 3038 1348 vel
3072 1293 3127 1348 in
3174 1292 3355 1360 aliquo
3399 1290 3483 1346 illi
3514 1290 3673 1346 vicem
3698 1294 3812 1362 possit

2288 1384 2538 1451 reddere,
2571 1393 2627 1439 ut
2656 1384 2837 1441 adhuc
2876 1383 3083 1455 majora
3110 1382 3375 1455 consequi
3431 1390 3689 1439 mereatur
3733 1396 3813 1452 pra-

2290 1479 2455 1535 missa
2486 1480 2540 1535 in
2569 1481 3000 1537 resurrectione.

2361 1573 2544 1646 (Vers.
2569 1572 2736 1646 12.)d
2768 1574 2896 1630 Non
2937 1576 3078 1647 quod
3113 1579 3233 1648 jam
3279 1573 3606 1643 acceperint,
3642 1583 3717 1626 aut
3741 1577 3815 1645 ja-

583 1662 782 1718 cisione
824 1665 990 1719 octavi
1034 1664 1157 1733 diei,
1191 1681 1256 1720 ea:
1296 1682 1481 1737 genere
1520 1665 1693 1723 Israel
1719 1685 1740 1735 ;
1786 1678 1844 1724 ut
1872 1668 2192 1726 ostenderet
2281 1670 2608 1743 justificatus
2629 1672 2749 1734 sim,
2770 1680 2861 1726 aut
2879 1674 2998 1743 jam
3020 1672 3279 1741 perfectus
3304 1668 3408 1723 sim
3442 1684 3462 1721 :
3492 1682 3664 1734 sequor
3686 1676 3814 1731 autat,

582 1755 820 1827 primum
848 1771 908 1813 se
948 1771 1071 1814 esse
1126 1758 1269 1814 inter
1296 1758 1521 1817 .Iudasos
1552 1778 1566 1815 :
1604 1761 1701 1818 sed
1728 1761 1830 1819 hoc
1857 1778 1917 1819 se
1936 1772 2184 1819 contem-
2214 1765 2263 1826 B
2288 1764 2332 1817 si
2348 1762 2860 1835 comprehendam,in
2880 1779 2982 1834 quo
3002 1773 3053 1819 et
3070 1760 3479 1832 comprehensus
3500 1776 3610 1815 sum
3627 1776 3655 1813 a
3672 1756 3814 1813 Christo

588 1863 725 1905 nere
756 1859 979 1923 propter
1007 1865 1160 1922 spem
1182 1853 1509 1923 promissam
1538 1870 1567 1907 a
1595 1852 1840 1911 Christo.
1864 1854 2084 1912 llebrtci
2111 1866 2189 1910 ta-

587 1957 714 1999 men
746 1952 973 2016 propter
1001 1944 1278 2001 Abraham
1309 1946 1438 2002 dicti
1460 1956 1614 2014 sunt;
1642 1949 1920 2004 immutata
1937 1959 2021 2005 est
2041 1949 2187 2005 enim

586 2033 771 2093 littera
794 2045 1019 2108 propter
1046 2052 1262 2105 sonum,
1297 2048 1355 2094 ut
1380 2055 1487 2095 non
1513 2050 1841 2098 vocarentur
1854 2041 2059 2110 Abraci,
2091 2042 2189 2099 sed

590 2126 809 2185 Behrtci
846 2145 860 2183 :
892 2138 953 2186 ut
979 2131 1123 2202 apud
1157 2143 1369 2189 veteres
1389 2148 1511 2195 cum
1543 2134 1821 2192 diceretur
1846 2136 2105 2203 medidie,
2135 2145 2192 2193 et

588 2230 734 2277 esset
756 2222 1071 2291 absurdum,
1114 2225 1397 2282 immutata
1447 2239 1531 2284 est
1586 2228 1791 2294 littera,
1826 2239 1884 2286 ut
1914 2230 2193 2288 diceretur

587 2315 912 2374 meridie.Si
934 2318 1079 2374 enim
1099 2320 1252 2391 origo
1276 2336 1343 2377 ex
1373 2321 1651 2378 Abraham
1679 2332 1785 2392 est,
1810 2338 1878 2381 ex
1907 2324 2028 2396 ipso
2049 2326 2191 2381 trahi

586 2409 755 2467 debet
780 2421 839 2467 et
865 2426 1086 2480 nomen,
1142 2428 1252 2470 non
1279 2431 1345 2470 ex
1378 2415 1579 2481 Heber,
1613 2419 1708 2489 qui
1759 2428 1914 2475 sexta
1962 2434 2193 2490 genera-

588 2500 740 2559 tione
769 2514 854 2559 est
883 2518 1048 2574 super
1101 2505 1378 2562 Abraham
1407 2506 1561 2577 (Cen.
1593 2523 1669 2576 xt,
1696 2508 1810 2582 14).
1840 2511 1896 2567 Si
1946 2511 2089 2567 enim
2137 2512 2192 2567 in

589 2594 866 2653 Abraham
914 2597 1203 2655 reformari
1251 2602 1419 2671 cmpit
1448 2618 1620 2673 genus
1663 2604 1965 2668 hominum,
1995 2615 2049 2661 et
2078 2606 2195 2676 ipse

589 2696 679 2743 est
700 2696 853 2759 pater
885 2686 1033 2756 ﬁdei,
1064 2706 1131 2745 ex
1156 2691 1277 2762 ipso
1323 2702 1380 2748 et
1410 2708 1609 2748 nomen
1647 2703 1704 2750 et
1732 2694 1915 2765 lingua
1945 2695 2194 2753 Hebraea.

593 2781 776 2839 Prima
809 2786 952 2839 enim
977 2784 1181 2855 lingua,
1205 2801 1326 2858 quae
1356 2797 1477 2842 erat
1505 2789 1625 2843 sine
1654 2789 1896 2857 nomine,
1919 2804 2041 2845 cum
2073 2790 2196 2847 huic

596 2875 871 2939 redditur,
900 2892 965 2932 ex
989 2892 1056 2933 co
1088 2893 1290 2934 nomen
1316 2880 1538 2951 accipit.
1572 2880 1709 2936 Nam
1734 2882 1879 2936 nulla
1903 2897 2067 2939 causa
2089 2895 2194 2950 est,

597 2978 659 3024 ut
687 2984 754 3025 ex
787 2968 965 3026 Heber
988 2969 1166 3026 trahat
1180 2987 1376 3028 nomen
1402 2988 1416 3037 ;
1450 2973 1723 3029 Abraham
1748 2976 1894 3030 enim
1914 2974 2198 3030 Chaldaeus

595 3068 723 3135 fuit,
758 3079 780 3106 ε
814 3079 1116 3124 nontamen
1148 3069 1691 3125 HebraeiChaldteam
1713 3070 1951 3139 linguam
1976 3070 2193 3127 habent.

2288 1853 2436 1910 Jesu.
2470 1855 2739 1923 Quoniam
2768 1856 2821 1910 in
2875 1862 2988 1910 tota
3029 1852 3259 1924 cpistola
3298 1851 3546 1922 gaudere
3580 1864 3637 1906 se
3659 1859 3815 1905 testatur

2293 1951 2344 2005 in
2374 1950 2474 2014 eis,
2495 1959 2550 2005 ct
2574 1949 2758 2005 laudat
2777 1948 3145 2006 obedientiam
3159 1962 3346 2004 eorum
3370 1956 3430 2002 et
3458 1945 3616 2000 tidem
3635 1943 3816 2009 maforte

2291 2045 2446 2116 quasi
2471 2044 2719 2100 homines
2766 2044 3067 2110 inﬂatione,
3109 2057 3177 2098 eo
3199 2040 3343 2113 quod
3369 2041 3487 2112 jam
3517 2040 3654 2112 digni
3672 2050 3813 2104 essent,

2290 2137 2689 2194 extollerentur
2710 2153 2725 2191 :
2747 2152 2893 2191 nunc
2906 2150 3002 2207 per
3022 2149 3174 2190 suam
3202 2148 3501 2205 personam
3517 2130 3815 2187 adhucdecssc

2291 2229 2397 2286 sibi
2411 2229 2928 2300 adjustilicationem
2945 2227 3271 2298 implendam
3284 2235 3482 2297 aperta
3494 2239 3619 2280 voce
3630 2222 3815 2287 declarat,

2292 2330 2353 2380 ut
2376 2323 2711 2379 contendant
2738 2322 2942 2378 addere
2966 2322 3019 2376 in
3048 2320 3307 2391 operibus
3330 2319 3518 2374 bonis.
3542 2316 3597 2375 Si
3616 2316 3735 2372 enim
3762 2316 3816 2368 hic

2292 2416 2383 2488 qui
2431 2425 2577 2473 tanta
2618 2415 2880 2486 prsiditus
2908 2413 3177 2485 dignitate
3225 2421 3331 2479 est,
3360 2406 3813 2467 adhucdeesscsihi

2295 2508 2686 2581 perfectionem
2709 2508 3021 2575 conﬁtetur;
3044 2516 3247 2577 quanto
3264 2506 3439 2577 magis
3458 2504 3513 2560 bi
3540 2504 3817 2573 intelligerent

2294 2603 2685 2661 elaborandum
2701 2604 2803 2659 sibi
2826 2613 3031 2667 esse,ul
3052 2598 3502 2671 iustificatiouum
3516 2598 3688 2654 merita
3703 2594 3817 2663 adipi-

2295 2697 2619 2773 scerentur!
2649 2696 2777 2751 Ideo
2809 2695 3086 2763 subjecit:
3120 2692 3324 2764 Sequor
3364 2701 3573 2756 autem,
3603 2688 3817 2757 inquit,”

2296 2806 2408 2845 com
2414 2789 2725 2859 prehendam
2734 2830 2748 2853 ,
2766 2789 2817 2843 in
2831 2803 2932 2857 quo
2944 2797 2991 2842 et
3009 2796 3062 2840 ut
3080 2784 3489 2855 comprehensus
3503 2798 3611 2837 sum
3623 2796 3652 2833 α
3662 2780 3816 2835 Christo.

2300 2881 2434 2936 Dum
2463 2880 2608 2937 enim
2659 2894 2848 2936 errore
2898 2889 2953 2934 et
2982 2888 3119 2933 testu
3163 2877 3362 2931 mentis
3395 2876 3688 2938 ﬂuctuaret,
3713 2869 3817 2943 αα)

2297 2973 2368 3030 de
2391 2974 2474 3028 via
2523 2974 2739 3027 Domini
2770 2970 3049 3035 difﬁdens,
3080 2968 3470 3025 misericordia
3505 2966 3598 3022 Dei
3623 2965 3744 3036 quasi
3770 2962 3818 3015 iu—

2296 3067 2532 3138 gientem
2586 3064 2815 3135 gratiam
2865 3062 3069 3118 Christi
3098 3060 3525 3129 comprehendit
3556 3074 3666 3115 eum
3690 3058 3731 3111 in
3751 3056 3816 3117 ria,

673 3162 855 3234 (νει-ε.
886 3160 1069 3233 8oll.)
1100 3162 1294 3217 Verum
1315 3165 1521 3235 quidem
1552 3165 1725 3219 omnia
1751 3165 1979 3220 arbitror
2002 3165 2198 3220 damna
2225 3156 2269 3218 C
2300 3172 2525 3216 euntem
2548 3160 2613 3213 ad
2635 3156 3071 3215 conturbandam
3112 3163 3171 3211 et
3195 3154 3549 3225 aflligendam
3580 3150 3817 3207 Ecclesiam.

600 3271 712 3311 esse
732 3266 945 3328 propter
965 3257 1293 3310 eminentiam
1346 3258 1576 3313 scientiae
1604 3257 1796 3314 Christi
1832 3258 1959 3314 Iesu
1987 3259 2199 3314 Domini

552 3334 559 3341 ’
596 3350 720 3415 mei,
736 3359 954 3421 propter
978 3365 1133 3419 quem
1152 3350 1326 3403 omnia
1351 3350 1546 3404 damna
1570 3352 1722 3417 duxi,
1748 3360 1795 3407 et
1822 3352 2048 3407 arbitror
2072 3363 2200 3408 ster-

594 3428 768 3511 cora;
796 3454 851 3499 ut
890 3443 1154 3501 Christum
1178 3445 1538 3515 lucrifaciam,
1584 3456 1711 3501 etut
1750 3448 1983 3503 inveniar
2009 3448 2064 3502 in
2108 3447 2202 3502 illo

597 3552 702 3592 non
731 3536 925 3592 habens
950 3552 1121 3592 meam
1141 3539 1559 3610 justitiam,ouai
1585 3555 1649 3594 ea:
1676 3538 1813 3613 Lege
1829 3549 1905 3594 est
1929 3556 1947 3592 :
1980 3540 2070 3595 sed
2088 3556 2205 3594 eam

601 3645 719 3701 quia
748 3639 821 3685 est
842 3645 936 3702 per
966 3631 1123 3699 ﬁdem
1154 3629 1368 3697 Christi,
1410 3647 1526 3701 qua:
1554 3648 1618 3687 ea:
1665 3632 1773 3687 Deo
1823 3642 1919 3698 est,
1936 3632 2203 3703 justitiam

599 3739 763 3790 super
788 3724 945 3795 ﬁdem
974 3724 1042 3779 ad
1065 3724 1481 3797 cognoscendum
1519 3742 1654 3790 eum,
1683 3734 1731 3780 et
1768 3725 2007 3803 uirtutem
2034 3741 2205 3780 resur-

594 3815 841 3871 rectionis
886 3820 1039 3890 ejus,
1093 3825 1143 3871 et
1177 3818 1693 3872 communicationem
1734 3819 2039 3887 passionum
2064 3821 2198 3892 ejus,

595 3913 927 3982 couformans
948 3927 1027 3965 me
1050 3912 1199 3965 morti
1218 3912 1385 3982 ipsius
1407 3928 1427 3978 ;
1452 3914 1498 3966 si
1525 3929 1628 3984 quo
1654 3911 1809 3965 modo
1834 3926 2107 3965 occurram
2136 3913 2205 3965 ad

599 4004 1056 4069 resurrectionem,
1093 4019 1208 4074 qua:
1233 4013 1395 4059 estea:
1424 4007 1665 4059 mortuis.
1696 4000 1831 4059 Cum
1858 4004 2114 4073 superius
2138 4002 2205 4059 de

601 4107 804 4164 genere
830 4094 1091 4161 Abrahae,
1131 4108 1189 4152 et
1216 4096 1284 4151 de
1310 4096 1478 4167 Lege,
1510 4106 1566 4152 et
1613 4096 1683 4153 de
1720 4096 1951 4166 justitiis
1975 4097 2117 4165 ejus,
2150 4107 2207 4151 et

607 4186 823 4244 meritis
844 4188 1253 4243 observantium
1305 4190 1649 4260 loqueretur,
1681 4188 1801 4245 haec
1832 4189 2014 4245 omnia
2035 4189 2207 4245 detri-

602 4289 852 4337 mentum
873 4280 1143 4353 deputans
1171 4282 1239 4337 ad
1287 4284 1753 4353 comparationem
1783 4283 2205 4354 promissionum

609 4370 939 4441 Salvatoris,
970 4387 1114 4428 nunc
1170 4364 1326 4429 addit
1357 4388 1464 4429 non
1488 4375 1665 4430 solum
1698 4375 1855 4429 haec:
1887 4373 1995 4430 Sed
2019 4383 2066 4427 et
2091 4390 2205 4429 om-

605 4467 696 4520 nia
718 4466 970 4521 danmum
1001 4483 1110 4521 esse
1133 4478 1342 4538 propter
1367 4468 1723 4536 eminentiam,
1750 4469 1949 4539 inquit,
1980 4466 2209 4525 scientia:

2303 3252 2371 3309 ad
2412 3252 2516 3309 hoc
2546 3262 2607 3307 ut
2634 3252 2838 3307 donum
2862 3251 2955 3307 Dei
2986 3249 3006 3272 '
3030 3248 3364 3315 addisceret,
3399 3258 3459 3303 et
3487 3248 3697 3319 gratiam
3714 3254 3817 3312 quin

2303 3346 2596 3414 refutabat,
2620 3355 2677 3401 et
2698 3345 2865 3399 sciret
2891 3358 2996 3414 pro
3022 3342 3125 3398 hac
3144 3342 3308 3398 etiam
3340 3345 3487 3396 mori
3512 3341 3699 3395 lucrum
3718 3347 3818 3389 esse:

2304 3442 2538 3514 ideoque
2569 3458 2676 3497 non
2725 3455 2787 3497 se
2815 3454 2980 3512 posse
3008 3439 3207 3494 obesse
3244 3436 3619 3499 credentibus,
3646 3430 3723 3489 sed
3742 3427 3819 3491 sibi,

2304 3537 2350 3592 si
2384 3552 2489 3591 non
2514 3535 2787 3600 crederet,
2811 3536 2901 3605 qui
2931 3549 3047 3590 rem
3077 3534 3377 3588 salutarem
3412 3547 3513 3603 per
3548 3524 3818 3599 ignorantiam

2304 3630 2716 3699 insequebatur.
2744 3628 2827 3683 Ad
2858 3628 2962 3683 hoc
3008 3642 3141 3698 ergo
3167 3624 3606 3697 comprehensus
3649 3628 3733 3683 est,
3758 3612 3818 3664 ‘id

2306 3734 2413 3791 est,
2441 3739 2470 3778 a
2505 3723 2842 3794 prmscientia
2863 3722 2960 3778 Dei
2975 3722 3271 3791 requisitas
3288 3721 3552 3776 inventus
3570 3726 3663 3779 est,
3685 3707 3822 3769 etdidi-

2307 3816 2382 3872 cit
2406 3816 2727 3886 mysterium
2759 3812 2960 3870 Christi
2986 3830 3002 3879 ;
3036 3822 3096 3868 ut
3116 3814 3169 3868 in
3198 3813 3346 3868 omni
3378 3814 3492 3868 vita
3522 3825 3614 3866 sua
3635 3817 3818 3877 augmen-

2308 3916 2421 3964 tum
2482 3906 2689 3965 faciens
2728 3908 3071 3972 meritorum,
3096 3904 3532 3976 comprehendat
3574 3902 3818 3957 destinatum

2310 4002 2618 4074 praemium,
2653 4001 2983 4072 promeritus
3012 4015 3165 4063 eum,
3224 4012 3390 4069 quem
3422 3995 3604 4053 didicit
3628 3994 3695 4047 sui
3717 4001 3817 4044 casa

2309 4096 2575 4152 occisum.

2384 4187 2668 4259 (VersJS,
2704 4186 2821 4258 ιι.)
2852 4183 3095 4252 Fratres,
3117 4201 3215 4259 ego
3241 4201 3321 4239 me
3352 4201 3460 4239 non
3488 4172 3818 4238 arbitrorsdlm

2312 4278 2783 4351 comprehendisse.
2816 4277 2990 4334 Unum
3017 4288 3210 4345 autem,
3250 4292 3367 4348 qua:
3386 4276 3593 4347 quidem
3613 4280 3722 4325 retro
3746 4270 3820 4319 sint

2312 4373 2636 4440 obliviscens,
2660 4371 2729 4426 ad
2748 4387 2809 4427 ea
2830 4381 3001 4425 autem
3025 4384 3141 4441 qua:
3170 4378 3292 4422 ante
3322 4377 3466 4435 sunt,
3508 4363 3742 4421 extendant
3758 4368 3817 4413 αἱ.

2309 4466 2593 4523 secundum
2643 4464 2954 4520 destinatum
3005 4464 3247 4532 insequor
3284 4460 3354 4515 ad
3400 4460 3619 4530 palmam
3657 4460 3818 4521 rupem

607 4553 802 4612 Christi
822 4556 951 4612 Iesu
981 4556 1192 4613 Domini
1218 4558 1337 4614 mei.
1369 4557 1500 4615 Post
1526 4558 1700 4629 legem
1728 4568 1784 4615 et
1801 4558 2043 4628 justitias
2066 4559 2207 4629 ejus,
2236 4551 2288 4611 D
2315 4557 2416 4614 Dei
2450 4559 2749 4615 vocationis.
2784 4556 2899 4612 Hoc
2927 4563 3014 4613 est
3037 4554 3183 4626 quod
3225 4567 3391 4624 supra
3420 4552 3591 4615 dixit,
3617 4546 3717 4618 quia
3744 4538 3817 4595 ideo

607 4664 732 4721 qua:
787 4660 951 4705 erunt
1001 4650 1119 4705 haec
1146 4651 1498 4718 omnia;nisi
1544 4661 1599 4707 ut
1628 4652 1733 4722 ipsi
1782 4654 1908 4708 vitae
1958 4653 2210 4722 corporis

612 4740 919 4813 animmque
963 4751 1329 4814 anteponatur
1350 4746 1557 4817 agnitio
1581 4745 1828 4803 Christi?
1855 4746 1915 4804 Si
1952 4748 2120 4816 enim,
2154 4758 2212 4803 ut

611 4835 747 4894 dicit
770 4836 839 4892 ad
892 4837 1274 4907 Colosseuses,
1306 4839 1362 4894 in
1383 4839 1591 4896 Christo
1620 4850 1738 4896 sunt
1777 4858 1951 4897 omnes
1978 4843 2209 4897 thesauri

606 4930 875 5004 sapientia:
911 4940 960 4985 et
986 4932 1217 4985 scientia:
1268 4933 1560 4989 absconditi
1599 4932 1828 5005 (Coloss.
1863 4950 1924 5002 ll,
1952 4933 2010 5007 5)
2037 4952 2052 5001 ;
2078 4950 2211 4991 cun-

606 5030 696 5077 cta
718 5036 1080 5093 quacumque
1106 5033 1256 5091 sunt,
1275 5024 1477 5081 nullius
1501 5027 1759 5081 momenti
1784 5026 2033 5081 ducenda
2055 5034 2206 5092 sunt,

607 5123 669 5171 ut
688 5115 757 5171 ad
787 5115 1180 5173 excellentiam
1222 5120 1508 5189 sapientiae
1536 5128 1593 5176 et
1619 5119 1860 5176 scientia:
1890 5121 2053 5192 hujus
2082 5137 2208 5193 per-

608 5209 799 5266 venire
840 5210 1146 5282 contingat.
1179 5209 1394 5268 Suflicit
1436 5228 1587 5285 ergo,
1617 5214 1786 5272 immo
1814 5214 2077 5272 exuberat
2118 5215 2208 5285 ju-

613 5303 785 5370 stitia,
809 5320 932 5376 quae
954 5320 1021 5362 ex
1045 5304 1151 5362 fide
1171 5315 1276 5373 est,
1310 5321 1417 5363 non
1440 5322 1507 5365 ex
1540 5307 1684 5380 Lege
1707 5309 1773 5365 ad
1805 5310 2058 5376 salutem,
2092 5323 2213 5378 quae

686 5445 713 5474 ι
741 5435 925 5517 Codex
952 5438 1148 5509 Laud.,
1207 5445 1594 5517 comparatione
1645 5444 1839 5500 Christi
1893 5445 1950 5499 in
1999 5444 2210 5498 ueritate

612 5518 732 5563 sunt
771 5509 985 5566 damna.

686 5576 713 5616 δ
738 5576 906 5659 gum.
933 5582 1093 5659 edit"
1124 5587 1418 5653 extolleret,
1446 5588 1557 5659 sive
1579 5586 1936 5659 propter’hos,
1960 5586 2070 5659 qui,
2101 5594 2210 5659 etc.

690 5660 720 5733 ἦ
736 5650 866 5705 Mss.
898 5650 1128 5725 aliquat,
1168 5673 1273 5713 non
1301 5650 1470 5713 tamen
1498 5650 1732 5714 Chbldiei
1762 5650 1996 5733 linguam
2023 5650 2213 5713 habent

615 5720 913 5778 Hebr-team.

683 5791 712 5832 ‘
740 5793 905 5851 Rom.
934 5793 1096 5866 edit.,
1148 5796 1273 5855 Non
1317 5802 1456 5872 quod
1483 5800 1929 5873 apprehenderim,
1978 5812 2069 5858 aut
2099 5805 2215 5875 jam

2318 4651 2567 4708 laborare
2587 4649 2957 4721 se'signiﬁcat,
2983 4656 3043 4703 ut
3058 4645 3306 4719 quotidie
3346 4645 3400 4701 in
3425 4644 3611 4702 melius
3631 4632 3818 4709 proﬁciat.

2318 4760 2538 4817 semper
2567 4744 2879 4801 extendens
2904 4758 2965 4799 se
2994 4741 3062 4798 ad
3088 4742 3305 4812 potiora
3329 4759 3347 4807 ;
3381 4749 3440 4795 ut
3471 4740 3563 4795 illa
3586 4747 3689 4806 qua:
3706 4735 3819 4825 retur

2318 4850 2438 4895 acta
2485 4848 2613 4893 sunt
2657 4838 3014 4903 obliviscens,
3041 4834 3271 4890 meliora
3316 4841 3589 4889 sectetur:
3617 4839 3706 4882 non
3742 4828 3817 4889 quit

2319 4935 2463 4991 mala
2491 4944 2642 5001 sunt,
2680 4932 2776 4990 sed
2825 4932 2950 5004 quia
2983 4946 3149 5001 parva
3170 4940 3299 4986 sunt
3348 4930 3415 4985 ad
3468 4929 3691 4985 meritum
3708 4916 3817 4975 collo-

2321 5025 2553 5083 candum
2592 5044 2606 5080 :
2639 5025 2693 5080 in
2724 5025 2917 5080 melius
2938 5031 3119 5078 autem
3138 5021 3614 5092 proﬁciendum,ut
3638 5014 3694 5071 ad
3712 5005 3817 5065 ἁδύ·

2318 5130 2507 5176 natum
2535 5118 2762 5175 cteleste
2782 5116 3071 5187 praemium
3083 5123 3426 5181 occurratur;
3440 5126 3593 5170 causa
3618 5107 3731 5166 enim
3750 5110 3815 5154 tam

2318 5211 2658 5269 admirabilis
2682 5219 2740 5267 et
2795 5208 3086 5266 invisibilis
3133 5208 3343 5278 prmmii
3373 5221 3480 5263 non
3511 5204 3679 5262 leviter
3696 5194 3815 5261 υιίιιικ

2318 5306 2641 5364 certandum
2666 5318 2788 5361 esse
2820 5302 3164 5374 pronuntiat.
3898 5292 3899 5374 ᾗ

2314 5450 2573 5515 perfectus
2616 5442 2714 5496 sim
2744 5457 2762 5496 .'
2790 5455 2976 5511 sequor
3020 5449 3193 5495 autem
3224 5438 3269 5492 si
3294 5436 3548 5509 quomodo
3571 5425 3814 5502 comprehen-

2316 5515 2706 5641 ιιαξῑῇοιιιιιιιιί
2738 5598 2900 5655 mss.,
2922 5582 3233 5652 addisceret,
3266 5584 3417 5649 cuius
3442 5579 3638 5658 gratiam
3660 5566 3813 5643 remi“

2319 5657 2425 5767 bat"
2451 5728 2580 5787 Gill.
2612 5727 2667 5785 in
2698 5742 2871 5799 marg.
2912 5735 2969 5783 et
3005 5723 3331 5799 Rom.‘ed_it.
3358 5725 3414 5785 in
3444 5680 3581 5797 corp.
3607 5725 3704 5776 cum
3724 5715 3809 5766 ωείο

2320 5800 2663 5872 quibusdam,
2697 5800 2752 5856 id
2771 5797 2865 5868 est,
2893 5817 2924 5854 a
2946 5798 3222 5871 praesentia
3250 5797 3367 5856 Deit
