3970 6316
564 332 673 398 sto
1539 312 1632 385 to
1664 324 1895 385 orans
1938 308 2187 384 sanari
2224 324 2548 411 estcausa
2578 312 2945 386 serenant.
3744 318 3831 391 ui

562 458 715 515 notes,
738 446 935 518 inquit,
954 448 1082 515 ﬁant
1101 442 1243 515 apud
1266 440 1454 524 Deum.
1476 440 1606 509 Quae
1628 442 1823 497 notitia
1840 439 2161 496 assiduitate
2189 459 2242 521 Α
2268 443 2500 513 nonquia
2514 457 2705 496 munus
2717 439 3072 511 quaram,sed
3087 440 3293 509 requiro
3316 443 3542 511 fructum
3564 454 3831 498 crescentem

562 540 625 595 tit
645 581 659 604 ,
688 537 1034 609 etvigilantia
1049 535 1331 590 orationis.
1358 533 1515 590 Tunc
1535 534 1755 590 demum
1776 533 2163 589 munitionibus
2266 535 2321 589 in
2361 536 2615 590 rationem
2660 544 2899 590 uestram.
2947 534 3076 592 Haec
3106 534 3312 591 idcirco
3342 547 3763 602 commemorat,
3790 549 3835 594 ut

561 632 712 703 pacis
738 643 883 695 suae,
912 644 1028 700 qute
1072 643 1273 682 omnem
1314 636 1588 697 exsuperat
1628 638 1864 694 mentem,
1909 625 2165 681 custodiat
2268 627 2553 683 audientes
2580 629 2633 683 in
2663 628 2928 683 memoria
2955 636 3010 684 et
3039 627 3199 683 laude
3232 643 3357 684 esse
3388 643 3555 698 opera
3601 644 3721 699 sua,
3748 647 3836 686 non

560 723 719 780 corda
744 732 913 777 uestra
936 722 991 777 in
1014 722 1221 777 Christo
1242 718 1391 777 Iesu.
1418 720 1535 775 Hoc
1551 720 1678 777 ideo
1700 720 1870 787 dixit,
1896 719 2019 792 quia
2042 733 2164 775 cum
2269 718 2519 775 dubitent
2546 721 2638 775 illa
2685 729 2915 791 accepto
2945 720 3074 777 ferri
3113 721 3259 792 apud
3302 720 3506 786 Deum,
3561 721 3653 776 scd
3694 725 3837 794 magis

560 815 675 872 Deo
704 816 799 886 qui
837 815 1002 870 habet
1046 828 1237 886 pacem
1262 855 1275 879 ,
1316 828 1423 869 non
1470 814 1623 868 timet
1666 826 1882 868 omnem
1926 822 2167 867 mentem

557 911 888 977 adversam;
924 917 1075 967 tutus
1102 911 1248 967 enim
1291 917 1377 965 est
1405 924 1537 980 pace
1581 908 1675 964 Dei
1707 908 1886 964 omnis
1934 908 2169 979 diligens

559 1003 729 1060 Deum
762 1003 815 1058 in
845 1001 1067 1058 Christo
1106 1001 1259 1059 lesu.
1288 1002 1421 1071 Quis
1446 1001 1594 1057 enim
1634 1015 1740 1057 non
1768 1010 1978 1057 metuat
2006 1015 2165 1066 eum,

560 1110 726 1166 quem
753 1095 861 1151 scit
888 1094 985 1151 Dei
1014 1109 1140 1151 esse
1166 1093 1452 1150 amicum?

634 1189 654 1260 (
678 1188 835 1245 Vers.
861 1188 915 1253 8.
944 1188 998 1245 9.
1027 1189 1044 1257 )
1073 1188 1225 1256 Quod
1246 1188 1502 1259 reliquum
1528 1197 1602 1243 est
1620 1231 1633 1255 ,
1659 1188 1879 1259 fratres,
1913 1203 2173 1259 quiscum-

558 1298 659 1354 que
710 1293 835 1337 sunt
886 1297 1043 1350 vera,
1094 1296 1425 1352 quiscumque
1473 1281 1783 1355 magniﬁca,
1844 1295 2175 1351 quacumque

553 1375 706 1448 justo
728 1414 741 1440 ,
765 1388 1101 1447 quacumque
1128 1384 1307 1429 sancta
1330 1415 1342 1439 ,
1366 1388 1703 1445 quaecumque
1725 1372 1972 1427 amabilia
1989 1414 2004 1440 ,
2033 1387 2176 1442 qua:-

564 1485 785 1539 cumque
817 1467 1136 1534 laudabilia,
1164 1469 1210 1521 si
1256 1483 1357 1537 qua
1394 1468 1593 1532 virtus,
1641 1468 1684 1522 si
1724 1482 1826 1537 qua
1858 1467 1975 1520 laus
2020 1466 2177 1520 disci-

563 1565 763 1635 plima:
792 1564 905 1619 huc
951 1565 1194 1635 cogitate.
1232 1566 1361 1631 Quae
1389 1573 1436 1617 et
1472 1564 1759 1631 didicistis,
1791 1574 1839 1617 et
1874 1564 2172 1635 accepistis,

570 1667 619 1713 et
645 1657 899 1725 audistis,
931 1666 980 1712 et
1006 1657 1207 1711 vidistis
1234 1658 1288 1712 in
1322 1674 1439 1724 me;
1471 1659 1580 1713 haec
1601 1659 1737 1730 agite
1754 1700 1768 1725 ,
1793 1667 1839 1713 et
1872 1658 2012 1712 Deus
2035 1660 2180 1729 pacis

569 1753 668 1806 erit
692 1752 967 1806 vobiscum.
1004 1751 1059 1806 In
1088 1751 1473 1817 conclusione,
1506 1768 1626 1823 qua:
1654 1752 1863 1825 reliqua
1890 1762 2078 1822 erant,
2108 1753 2174 1807 ad

2271 813 2507 871 studium
2533 815 2659 872 ildei
2690 816 3005 873 adhibeant.

2342 910 2361 979 (
2383 909 2541 965 Vers.
2568 910 2656 965 18.
2683 908 2702 979 )
2725 908 2941 982 Percepi
2961 919 3131 965 tamen
3152 913 3347 975 omnia,
3375 921 3419 965 et
3443 909 3682 964 abundo:
3701 911 3838 980 reple-

2272 1012 2352 1057 tus
2395 1018 2507 1057 sum
2536 1004 2757 1076 acceptis
2800 1003 2861 1057 ab
2905 1002 3288 1076 Epaphrodito,
3321 1020 3439 1076 qtae
3462 1021 3495 1057 a
3534 1004 3679 1058 uobis
3716 1006 3841 1058 missa

2271 1094 2463 1147 suntin
2488 1094 2699 1149 odorem
2729 1092 2877 1151 bona:
2905 1097 3196 1165 suavitatis,
3224 1096 3449 1151 hostium
3473 1096 3837 1167 πειρηθείης

2276 1185 2559 1255 placentem
2604 1184 2737 1243 Deo.
2782 1186 2901 1243 Non
2934 1189 3109 1244 otiose
3136 1200 3451 1245 commonet
3478 1188 3683 1245 debere
3720 1190 3839 1253 ﬁeri,

2276 1294 2377 1335 nec
2408 1272 2628 1337 aliunde
2660 1283 2947 1349 hortatur,
2992 1281 3137 1355 quod
3171 1281 3374 1338 factum
3414 1280 3737 1352 proﬁtetur;
3764 1283 3840 1336 nisi

2273 1378 2401 1447 quia
2460 1385 2553 1432 aut
2598 1377 2988 1448 negligentiae,
3042 1386 3137 1431 aut
3186 1376 3376 1432 minus
3425 1378 3690 1447 copiose,
3732 1376 3839 1431 sicut

2276 1472 2498 1526 solitum
2544 1480 2666 1527 erat
2715 1474 2782 1529 ab
2838 1473 2919 1528 eis
2972 1471 3126 1539 fieri,
3179 1471 3381 1528 factum
3433 1472 3751 1536 videbatur;
3803 1484 3843 1526 ut

2278 1564 2696 1619 reminiscentes
2738 1564 2985 1634 priorum
3038 1578 3287 1634 operum,
3343 1564 3553 1619 scirent
3602 1577 3662 1618 se
3699 1564 3845 1617 minus

2279 1656 2513 1726 iecisse,
2544 1673 2703 1728 quam
2750 1666 3047 1727 cteperant.
3081 1657 3236 1714 Licet
3265 1656 3409 1714 enim
3452 1673 3562 1713 non
3611 1656 3846 1728 improbet

2279 1754 2503 1816 factum,
2535 1753 2633 1809 sed
2661 1753 2934 1822 signiﬁcet
2970 1754 3289 1809 devotiores
3315 1753 3443 1809 illos
3475 1762 3602 1808 ante
3630 1752 3685 1807 in
3713 1767 3845 1822 apem

570 1840 933 1899 imitationem
989 1842 1340 1913 perfectionis
1385 1843 1647 1913 exponit;
1690 1854 1747 1899 ut
1796 1859 1859 1899 ea
1901 1858 2020 1915 qua:
2066 1860 2174 1901 non
2205 1851 2253 1914 Β
2284 1848 2385 1903 hoc
2419 1846 2623 1914 fuisse;
2678 1857 2856 1902 tamen
2898 1854 3109 1918 gratum
3156 1860 3310 1914 esse,
3346 1856 3371 1885 ε
3401 1855 3459 1901 et
3489 1853 3713 1918 accepto
3736 1844 3848 1901 ferre

562 1932 744 1991 solum
776 1934 828 1988 in
873 1936 1331 2005 vituperationem
1367 1950 1474 1989 non
1508 1936 1744 2000 cadunt,
1778 1951 1966 1991 verum
2012 1936 2175 1992 etiam

565 2026 731 2085 laude
759 2027 921 2100 digna
974 2039 1131 2093 sunt,
1169 2041 1225 2085 et
1254 2029 1558 2101 cogitantes
1604 2039 1658 2085 et
1700 2038 1954 2101 agentes,
2005 2030 2179 2086 secuti

565 2117 801 2178 fortnam
828 2122 1076 2192 Apostoli
1105 2164 1117 2187 .
1149 2122 1318 2178 Deum
1355 2123 1503 2193 pacis
1528 2123 1763 2179 habeant
1794 2138 2002 2179 secum.
2035 2124 2178 2178 Deus

564 2225 755 2272 noster
786 2231 916 2272 vere
963 2217 1108 2272 Deus
1156 2218 1305 2287 pacis
1337 2227 1421 2273 est
1444 2258 1457 2282 ,
1508 2217 1600 2288 qui
1632 2232 1739 2271 non
1773 2225 1994 2289 rogatus
2022 2215 2179 2288 quasi

562 2318 786 2380 potens,
813 2325 919 2366 non
952 2309 1175 2366 timidus
1204 2311 1359 2381 quasi
1385 2311 1634 2366 inﬁrmus
1667 2310 1732 2365 ad
1766 2324 1956 2380 pacem
1989 2310 2177 2364 horta-

564 2409 659 2460 tur
677 2444 693 2469 ,
718 2402 770 2457 in
792 2411 1004 2457 tantum
1031 2413 1089 2457 ut
1106 2412 1162 2459 et
1181 2412 1398 2473 peccata
1420 2403 1470 2457 in
1490 2418 1551 2458 se
1563 2405 1857 2459 commissa
1873 2402 2138 2458 concedat
2161 2418 2176 2468 ;

563 2508 687 2552 cum
719 2496 894 2565 possit
935 2496 1123 2566 utique
1155 2504 1177 2533 °
1213 2505 1428 2552 terrore
1477 2496 1841 2553 manifestata:
1886 2497 2178 2567 potentias,

568 2595 628 2645 et
656 2586 950 2644 inctl'abilis
981 2588 1378 2660 magnitudinis
1409 2604 1521 2645 sua:
1551 2591 1716 2645 etiam
1742 2576 1943 2645 invitos
1974 2605 2082 2646 non
2111 2590 2179 2645 ad

566 2696 761 2754 pacem
791 2696 989 2753 cogere
1012 2723 1025 2747 ,
1056 2681 1151 2738 sed
1180 2682 1245 2737 ad
1274 2682 1697 2753 subiectionem.
1727 2682 1832 2739 Sed
1867 2672 2179 2752 hujusmodi

562 2795 671 2852 pax
698 2781 885 2835 mundi
917 2789 1005 2836 est
1025 2822 1038 2844 ,
1073 2795 1182 2835 non
1226 2780 1353 2846 Dei,
1387 2780 1546 2850 cujus
1575 2780 1690 2849 ipsa
1718 2788 1912 2833 natura
1941 2794 2043 2849 pax
2072 2788 2176 2834 est.

639 2872 836 2942 (Vers.
867 2871 954 2926 10.
982 2871 999 2940 )
1028 2870 1249 2927 Gavisus
1270 2888 1385 2926 sum
1406 2878 1579 2926 autem
1596 2872 1651 2925 in
1672 2869 1899 2925 Domino
1925 2870 1951 2908 ι)
1978 2871 2181 2941 magni-

571 2964 671 3034 ﬁce
687 3005 702 3031 ,
734 2964 876 3035 quod
903 2965 1127 3019 tamdem
1151 2966 1313 3037 262
1335 2965 1618 3036 aliquando
1641 2963 1951 3035 reﬂoruistis
1972 2964 2039 3016 ad
2062 2963 2179 3027 hoc,

573 3064 629 3113 ut
656 3073 751 3126 pro
778 3071 859 3110 me
882 3056 1138 3123 sentiatis,
1162 3058 1216 3110 in
1236 3073 1336 3127 quo
1360 3066 1407 3110 et
1430 3056 1724 3127 sentiebatis
1748 3073 1766 3122 ;
1789 3055 2025 3126 occupati
2045 3055 2183 3109 enim

571 3152 749 3208 eratis.
776 3150 934 3207 Nunc
962 3152 1301 3207 alacritatem
1327 3166 1481 3206 suam
1516 3153 1931 3222 prapensiorem
1976 3148 2179 3205 factum

2281 1940 2453 1996 Deum
2477 1983 2489 2005 ,
2516 1939 2671 2012 quasi
2690 1940 3015 1996 sacrlticium
3042 1936 3322 2011 placitum.
3350 1939 3600 2011 Denique
3622 1937 3847 1994 Dominus

2278 2034 2395 2091 ait:
2430 2034 2610 2090 Facite
2650 2036 3046 2107 elemosynam,
3076 2044 3125 2089 et
3171 2050 3286 2089 ecce
3310 2035 3487 2089 omnia
3512 2035 3703 2089 munde
3738 2034 3847 2088 solis

2277 2139 2398 2183 sunt
2424 2129 2444 2203 (
2466 2128 2593 2183 Luc.
2628 2145 2703 2193 ιι,
2738 2128 2799 2183 41
2831 2129 2869 2199 ).
2903 2128 3076 2195 Quam
3100 2139 3313 2197 gratum
3353 2141 3491 2200 ergo
3520 2140 3657 2200 opus
3683 2136 3780 2191 ea,
3806 2136 3847 2179 ut

2277 2238 2495 2279 omnem
2528 2220 2792 2276 maculam
2824 2220 3059 2277 hominis
3088 2229 3142 2276 et
3169 2220 3365 2276 sordes
3393 2219 3697 2276 emundet!

2352 2315 2371 2387 (
2397 2314 2552 2371 Vers.
2587 2315 2676 2370 19.
2703 2313 2723 2387 )
2757 2312 2897 2369 Dens
2931 2329 3048 2368 vero
3075 2329 3218 2367 meus
3245 2314 3459 2382 impleat
3488 2327 3637 2366 omne
3678 2309 3845 2365 deside-

2280 2410 2415 2464 rium
2437 2418 2657 2464 vestrum
2674 2408 2954 2463 secundum
2977 2407 3181 2462 divitias
3202 2424 3323 2463 suas
3344 2408 3396 2460 in
3420 2406 3590 2478 gloria
3612 2406 3662 2459 in
3678 2402 3848 2460 Christo

2280 2499 2429 2557 Jesu.
2466 2500 2592 2556 Ideo
2618 2500 2908 2566 discrevit,
2942 2499 3133 2555 dicens
3160 2518 3173 2553 :
3201 2497 3341 2554 Deus
3370 2514 3561 2564 meus;
3592 2508 3651 2553 ut
3684 2512 3844 2554 secun-

2281 2594 2408 2650 dum
2430 2610 2491 2649 ea
2509 2610 2630 2664 qua:
2648 2593 2944 2665 przestabat
2960 2588 3172 2649 meritis
3196 2593 3342 2665 ejus.
3369 2592 3575 2647 auxilia
3598 2591 3841 2657 adessent,

2282 2693 2337 2741 et
2364 2683 2655 2740 desideriis
2687 2696 2874 2739 eorum
2896 2725 2909 2747 ,
2936 2684 2990 2737 in
3023 2678 3179 2754 copia
3210 2681 3609 2753 magnitudinis
3630 2682 3847 2737 bonitatis

2282 2792 2397 2832 sua:
2426 2780 2477 2831 in
2514 2776 2687 2849 gloria
2715 2775 2916 2832 ChriSti
2960 2774 3109 2831 Jesn.
3148 2774 3338 2831 Gloria
3366 2784 3452 2830 est
3476 2772 3678 2829 Christi
3716 2773 3844 2835 lesu,

2282 2886 2406 2927 cum
2456 2870 2553 2926 Dei
2602 2880 2737 2926 nutu
2784 2869 3214 2926 Christianorum
3267 2868 3571 2939 implentur
3615 2867 3843 2925 desidera

2284 2964 2589 3019 secundum
2620 2962 2993 3033 evangelicum
3023 2961 3397 3031 disciplinam.

2358 3055 2559 3125 (Vers.
2592 3053 2727 3126 20.)
2764 3053 2872 3109 Deo
2914 3064 3083 3109 autem
3122 3058 3171 3108 et
3212 3051 3364 3108 Patri
3409 3062 3585 3109 nostro
3612 3054 3773 3126 gloria
3806 3053 3845 3104 is

2284 3150 2475 3203 sterula
2496 3149 2828 3217 surculorum,
2845 3165 3009 3202 amen.
3034 3146 3134 3204 Hic
3158 3150 3265 3204 non
3288 3148 3582 3216 discrevit,
3606 3149 3699 3204 sed
3717 3162 3842 3220 gene-

573 3244 858 3312 ostendit;
895 3247 1020 3316 quia
1056 3248 1108 3302 in
1156 3262 1263 3318 quo
1306 3246 1731 3323 negligentiores
1758 3244 1882 3301 facti
1930 3246 2178 3315 fuerant,
2210 3237 2255 3303 C
2287 3243 2475 3297 raliter
2494 3240 2590 3296 ait:
2613 3240 2724 3297 Deo
2742 3252 2786 3295 et
2813 3239 2960 3295 Patri
2983 3253 3159 3296 nostra
3180 3240 3373 3314 gloria.
3398 3240 3543 3296 Deus
3568 3248 3650 3295 est
3665 3249 3845 3311 propter

574 3337 821 3395 adhibita
883 3338 1106 3394 solertia
1136 3380 1149 3404 ,
1200 3353 1337 3409 opus
1386 3340 1674 3409 pristinum
1723 3338 2019 3405 iterarunt,
2065 3352 2181 3394 me-

575 3446 762 3487 mores
804 3432 929 3486 facti
973 3432 1222 3502 Apostoli
1269 3433 1393 3498 sui;
1433 3439 1492 3486 ut
1536 3433 1745 3487 fructus
1780 3444 1909 3486 suos
1961 3430 2029 3486 ad
2057 3445 2179 3486 eum

576 3523 863 3581 mitterent
889 3524 1207 3582 condendos
1248 3527 1300 3580 in
1333 3525 1532 3581 horreo
1576 3526 1821 3593 caelesti,
1867 3524 1959 3580 ubi
2006 3538 2183 3593 neque

576 3617 719 3679 tinea
743 3660 759 3686 ,
786 3633 961 3690 neque
989 3618 1180 3691 rubigo
1206 3619 1573 3675 exterminant
1598 3618 1617 3692 (
1642 3618 1834 3673 Matth.
1862 3633 1940 3686 Vl,
1973 3616 2041 3673 19
2066 3614 2107 3689 ).

651 3712 853 3785 (Vers.
903 3714 994 3781 11,
1028 3713 1113 3777 12,
1146 3715 1236 3771 15.
1266 3716 1284 3784 )
1317 3713 1440 3768 Νοη
1475 3714 1623 3783 quasi
1670 3723 1883 3784 propter
1910 3711 2183 3785 penuriam

574 3808 733 3876 dico;
760 3825 853 3882 ego
883 3810 1021 3863 enim
1060 3810 1275 3880 coqnovi
1302 3811 1358 3863 in
1397 3810 1576 3880 quibus
1615 3824 1728 3863 sum
1759 3808 2029 3879 sufﬁciens
2055 3823 2183 3862 esse.

581 3905 705 3960 Scio
732 3914 779 3959 et
805 3903 1091 3971 abundare,
1118 3905 1225 3958 scio
1250 3913 1297 3959 et
1321 3902 1589 3957 humiliari
1618 3900 1638 3975 (
1662 3902 1845 3971 ubique
1866 3910 1913 3955 et
1936 3901 1992 3954 in
2020 3900 2185 3954 omni-

577 3997 672 4052 bus
697 3997 928 4052 imbutus
954 4000 1104 4068 sum)
1129 4008 1177 4052 et
1206 3998 1451 4061 saturari,
1483 4006 1528 4051 et
1551 3996 1773 4063 esurire,
1805 4004 1853 4050 et
1883 3993 2148 4049 abundare
2167 4035 2181 4062 ,

576 4098 624 4143 et
649 4089 920 4158 penuriam
946 4090 1057 4157 pati
1087 4105 1105 4142 :
1133 4090 1308 4143 omnia
1332 4104 1541 4161 possum
1567 4090 1621 4143 in
1648 4105 1728 4152 eo,
1754 4088 1843 4159 qui
1865 4103 1942 4142 me
1972 4090 2183 4159 confor-

576 4188 671 4235 tat.
702 4178 820 4234 Non
850 4194 912 4235 se
941 4179 1023 4234 sui
1052 4194 1218 4235 causa
1248 4181 1301 4234 in
1334 4180 1441 4235 hoc
1485 4195 1674 4235 eorum
1705 4195 1874 4251 opere
1909 4179 2147 4251 gaudere
2169 4218 2183 4247 ,

579 4271 680 4328 sed
695 4273 747 4326 in
774 4271 1024 4342 profectu
1043 4287 1231 4327 eorum
1255 4273 1499 4340 ipsorum
1522 4288 1582 4328 se
1602 4284 1729 4329 ante
1753 4273 1934 4329 omnia
1956 4282 2181 4328 conten-

580 4375 697 4421 tum
719 4407 733 4431 ,
766 4366 882 4422 Deo
906 4365 1201 4437 adiuvante
1226 4408 1240 4432 ,
1272 4373 1504 4423 testatur
1530 4383 1545 4433 ;
1581 4377 1637 4423 ut
1659 4382 1839 4440 neque
1863 4367 1931 4422 de
1962 4366 2186 4436 penuria

582 4460 1044 4527 contristaretur,
1105 4472 1286 4530 neque
1337 4461 1409 4517 de
1472 4462 1801 4519 abundantia
1851 4462 2182 4529 exsultaret,

578 4554 763 4609 sciens
817 4553 943 4625 quia
989 4565 1047 4612 et
1095 4553 1427 4610 abundantia
1480 4556 1795 4628 frequenter
1844 4554 2084 4622 extollit,
2131 4564 2185 4610 et

574 4646 810 4703 tolerata
842 4650 1065 4718 penuria
1108 4649 1329 4704 divitias
1358 4649 1618 4706 caelestes
1664 4649 1922 4722 acquirit.
1974 4647 2179 4704 Horum
2207 4638 2262 4701 Β

580 4748 762 4796 tamen
786 4754 955 4811 opera
982 4739 1035 4795 in
1062 4755 1123 4797 se
1144 4741 1381 4814 benigna
1401 4742 1649 4799 declarat
1674 4759 1688 4809 ;
1721 4742 2015 4799 multorum
2037 4742 2182 4798 enim

580 4831 1003 4891 necessitatibus
1028 4833 1253 4904 proluit.

646 4925 851 5000 (γει-ε.
885 4922 973 4994 15,
1014 4926 1100 4994 16,
1139 4926 1228 4982 17.
1256 4926 1274 4998 )
1307 4926 1466 4983 Scitis
1511 4937 1680 4982 autem
1730 4938 1776 4983 et
1801 4942 1911 4995 vos,
1970 4928 2182 5001 Philip-

578 5036 780 5092 penses,
805 5019 931 5090 quia
957 5019 1011 5072 in
1034 5018 1295 5090 principio
1321 5018 1615 5090 Evangelii,
1647 5036 1763 5074 cum
1790 5025 2050 5092 profectus
2070 5038 2185 5078 sum

575 5112 961 5181 aMacedoaia,
1009 5112 1157 5166 nulla
1197 5111 1325 5163 mihi
1358 5110 1592 5165 Ecclesia
1636 5114 2081 5169 communicaverit
2124 5115 2181 5171 in

572 5207 957 5265 ratione‘dandi
988 5216 1034 5263 et
1057 5205 1368 5275 accipiendi,
1403 5203 1501 5258 nisi
1529 5219 1617 5258 vos
1636 5204 1734 5259 soli
1756 5222 1775 5270 ;
1795 5208 1915 5277 quia
1935 5209 1989 5262 in
2016 5207 2180 5265 Thes-

576 5302 809 5359 salonica
822 5317 940 5356 cum
954 5314 1137 5368 essem,
1155 5298 1312 5354 semel
1328 5306 1375 5353 et
1393 5298 1579 5352 iterum
1596 5298 1773 5353 usibus
1787 5301 1911 5355 meis
1930 5302 2135 5359 misistis
2159 5320 2180 5361 .'

654 5450 679 5477 τι
715 5440 857 5522 .Mss.
876 5441 1048 5522 Vall.,
1083 5449 1334 5494 terrorem
1362 5434 1691 5505 manifestare
1716 5437 1956 5508 potentia:
1974 5455 2172 5496 sum...

584 5519 629 5563 et
660 5512 813 5565 etiam
840 5512 1023 5566 inritos
1042 5552 1058 5579 ,
1090 5520 1200 5568 etc.

655 5579 681 5619 δ
719 5579 1066 5653 Rom.edit.,
1106 5596 1450 5654 nwgnopsrc,
1484 5579 1718 5650 ςυρψ...
1759 5580 2095 5653 rcﬂmistis,
2128 5592 2182 5639 ut

2287 3336 2573 3401 timorem,
2618 3333 2781 3388 Pater
2810 3344 2993 3389 autem
3024 3332 3258 3389 honoris
3299 3347 3498 3400 causa,
3548 3342 3605 3387 et
3644 3332 3758 3402 quia
3794 3330 3846 3383 ab

2287 3431 2406 3502 ipso
2435 3439 2518 3486 est
2551 3432 2731 3485 omnis
2769 3429 2961 3500 origo;
2998 3430 3115 3499 ipse
3157 3429 3305 3484 enim
3351 3427 3495 3484 dixit
3523 3429 3576 3482 in
3626 3423 3843 3483 Malacini:

2289 3526 2557 3598 propheta
2584 3544 2597 3579 :
2630 3525 2693 3581 Si
2724 3523 2864 3581 Deus
2894 3541 2986 3597 ego
3004 3541 3137 3591 sum,
3166 3524 3254 3578 ubi
3279 3535 3355 3580 est
3376 3525 3532 3579 timor
3560 3538 3698 3578 meus
3718 3522 3741 3575 ?
3761 3520 3847 3577 etsi

2290 3620 2451 3677 Pater
2472 3637 2565 3692 ego
2592 3637 2725 3687 sum,
2752 3620 2841 3675 ubi
2863 3630 2936 3675 est
2968 3619 3132 3674 honor
3163 3634 3303 3673 meus
3334 3619 3351 3689 (
3377 3618 3610 3674 Malach.
3634 3632 3673 3685 ι,
3695 3618 3725 3673 6
3745 3616 3797 3687 )l

2359 3713 2559 3787 (Vers.
2596 3712 2734 3784 2i.)
2786 3712 3027 3768 Salutate
3074 3727 3277 3767 omnem
3324 3722 3567 3767 sanctum
3604 3712 3658 3767 in
3685 3708 3845 3768 Christo

2285 3808 2431 3865 Iesu.
2462 3808 2489 3847 ἀ
2520 3809 2674 3865 Hunc
2706 3809 2941 3865 salutate
2966 3809 3018 3863 in
3036 3807 3268 3877 Christo
3293 3805 3447 3875 Jesu,
3477 3807 3568 3877 qui
3598 3814 3656 3869 se
3684 3803 3845 3861 Sancti-

2289 3904 2452 3970 ﬁcat;
2482 3912 2539 3959 ut
2560 3902 2786 3960 Christo
2814 3902 3012 3975 dignus
3049 3901 3345 3966 habeatur,
3381 3902 3473 3972 qui
3503 3901 3673 3956 dixit:
3707 3898 3847 3956 Sardi

2287 4010 2448 4057 estote
2470 4019 2489 4068 ;
2512 4002 2752 4067 quoniam
2773 4016 2865 4072 ego
2888 4008 3095 4054 sanctus
3117 4015 3253 4065 sum,
3275 3994 3537 4053 Dominus
3570 3994 3705 4052 Deus
3722 4001 3847 4051 mter

2289 4095 2486 4167 (Leuit.
2520 4112 2635 4161 nx,
2661 4095 2697 4149 2
2719 4094 2760 4168 ).

2360 4188 2561 4256 (Vers.
2589 4185 2723 4258 22.)
2757 4185 3001 4243 Salutant
3042 4201 3128 4241 vos
3165 4184 3255 4258 qui
3284 4201 3484 4240 mecum
3520 4190 3641 4238 sunt
3678 4187 3845 4255 fratres.

2289 4283 2556 4341 Salutatio
2601 4282 2833 4336 fratrum
2875 4279 3131 4335 solatium
3163 4278 3396 4333 invicem
3444 4284 3700 4351 praestat,
3729 4271 3845 4346 quasi

2290 4377 2557 4448 imagines
2605 4376 2755 4433 enim
2815 4373 3037 4430 exhibet
3084 4370 3455 4427 divulsorutn.
3518 4369 3751 4426 Salutant
3784 4379 3846 4418 res

2290 4482 2463 4527 ontnes
2488 4471 2671 4537 sancti,
2698 4470 2923 4525 maxime
2948 4470 3033 4540 qui
3062 4468 3125 4522 de
3150 4465 3374 4524 Cwsaris
3405 4467 3559 4521 domo
3598 4470 3731 4520 sunt.
3768 4458 3846 4513 llos

2291 4565 2561 4636 signiﬁcat
2586 4564 2998 4637 propensiorem
3042 4559 3301 4618 affectum
3333 4559 3542 4616 habere
3574 4559 3715 4615 circa
3745 4570 3843 4622 θος,

2289 4660 2377 4732 qui
2412 4659 2478 4715 de
2509 4659 2674 4717 domo
2704 4655 2937 4714 Cesaris
2969 4664 3136 4723 sunt,
3170 4655 3307 4711 istos
3348 4663 3407 4710 et
3436 4653 3678 4725 potiores
3717 4652 3844 4720 supra

2292 4753 2609 4809 memoratis
2648 4749 2887 4809 ostendit
2932 4748 3235 4815 fratribus;
3269 4746 3396 4820 quia
3438 4748 3541 4804 hos
3571 4755 3626 4802 et
3666 4748 3845 4803 sanctos

2288 4843 2559 5011 ap?
2592 4935 2684 4992 25.
2709 4938 2728 5009 )
2759 4934 2941 4991 Gratia
2980 4934 3191 4990 Domini
3221 4934 3385 4989 nostri
3409 4928 3535 4988 Iesu
3562 4929 3843 4986 Christian

2289 5030 2475 5101 spiritu
2500 5039 2683 5096 vestro,
2714 5042 2883 5086 amen.
2928 5027 3199 5098 Quobiam
3225 5026 3294 5083 de
3322 5024 3621 5084 salvatoris
3648 5030 3841 5096 persona

2288 5124 2620 5194 quaestiones
2642 5122 2896 5179 oriuntur
2917 5164 2931 5188 ,
2961 5121 3051 5178 hic
3074 5130 3133 5176 ut
3160 5119 3492 5179 soliditatem
3517 5119 3569 5181 in
3599 5122 3660 5174 eo
3681 5110 3842 5169 divini-

2288 5217 2413 5272 tatis
2442 5216 2745 5289 approbet,
2776 5215 3067 5273 tuitionem
3096 5213 3287 5289 gratiae
3309 5214 3430 5286 ejus
3456 5209 3661 5285 spiritui
3689 5210 3842 5263 nostra

2286 5317 2527 5379 exeptat.

2286 5458 2379 5513 pro
2409 5459 2489 5496 me
2512 5444 2743 5498 sentiatis
2765 5442 2849 5505 id,
2878 5443 3017 5513 quod
3043 5443 3362 5498 sentiebatis.

2363 5524 2385 5585 (ξ
2426 5514 2585 5569 Rom.
2616 5515 2775 5583 edit.,
2807 5524 2857 5585 et
2880 5511 3147 5585 acceptum
3176 5516 3293 5584 ﬁeri
3310 5513 3457 5585 apud
3477 5511 3648 5585 Deum.

2361 5582 2388 5622 ά
2426 5585 2585 5642 Rom.
2614 5581 2771 5658 edit.,
2797 5584 2903 5646 ille
2927 5581 3188 5645 salutatur
3206 5586 3263 5643 in
3285 5581 3488 5646 Christo
3514 5581 3651 5640 less.
