3970 6316
635 291 741 349 125

1570 288 1665 348 ΑΙ)
1700 286 1934 349 οΡιιιιΑ
1972 288 2215 350 SANCTI

2318 287 2581 352 HBROSII
2617 290 2987 355 APPENDIX.
3752 306 3816 364 lii

635 413 969 479 substantia,
1000 427 1161 483 quam
1187 410 1295 469 fert
1332 409 1482 469 acies
1510 411 1815 474 oculorum.
1856 418 2027 467 totum
2058 418 2237 466 tamen
2267 412 2318 473 Α
2344 419 2403 465 ιιι
2448 427 2588 468 unus
2614 421 2761 469 esset
2791 412 2935 470 Deus
2965 431 2980 468 :
3008 426 3073 469 ac
3115 412 3196 469 sic
3219 414 3300 479 lit,
3340 421 3397 469 ut
3428 428 3586 487 neque
3617 416 3818 477 diminutio

634 522 834 579 corpus
867 514 952 562 est
977 521 992 558 :
1026 505 1171 561 Deus
1195 513 1403 572 autem,
1430 504 1524 577 qui
1553 504 1621 560 ab
1652 505 1718 559 iis
1746 504 1998 561 omnibus
2024 503 2235 559 alienus

636 609 738 667 est,
783 590 1075 671 quomodo
1104 607 1288 671 potest
1336 597 1628 668 imaginem
1678 596 1883 653 habere
1924 595 2235 651 visibilem?

637 692 743 751 Sed
777 691 898 749 ideo
927 691 1008 749 sic
1032 691 1250 758 dicitur,
1278 699 1338 747 ut
1370 690 1492 747 talis
1521 690 1691 747 Filius
1722 690 2077 761 intelligatur,
2103 704 2236 759 qua-

637 786 703 842 lis
729 796 812 842 εει
860 784 1049 851 Pater;
1082 792 1139 839 ut
1165 784 1292 856 quia
1324 782 1395 839 de
1439 784 1560 854 ipso
1587 790 1693 847 est,
1720 791 1777 838 et
1805 780 1937 837 nihil
1967 780 2132 835 distat
2164 778 2235 836 ab

632 895 699 937 eo
753 880 808 935 in
860 878 1143 935 divinitate
1208 886 1440 941 naturae,
1511 879 1689 949 imago
1741 874 1859 948 ejus
1910 874 2125 930 dicatur
2177 879 2235 928 et

630 973 837 1039 forma;
871 988 939 1030 ne
961 972 1101 1029 alius
1134 972 1280 1028 Deus
1303 987 1334 1026 ιι
1362 970 1586 1043 perlidis
1615 968 1951 1034 crederetur,
1980 971 2233 1040 quamvis

631 1068 851 1124 nomine
880 1065 1000 1137 ipso
1029 1064 1137 1123 hoc
1173 1064 1553 1130 contineatur;
1598 1062 1723 1119 ideo
1754 1063 1900 1119 enim
1929 1077 2091 1118 verus
2137 1061 2233 1119 Dei

630 1158 797 1217 Filius
826 1158 1049 1227 dicitur,
1083 1167 1142 1214 ut
1168 1158 1237 1215 de
1263 1156 1383 1230 ipso
1411 1172 1534 1213 esse
1562 1156 1835 1213 credatur.
1867 1156 1974 1213 Sed
2006 1165 2232 1228 propter

629 1254 826 1310 malam
868 1252 1285 1324 intelligentiam
1315 1250 1478 1307 etiam
1510 1250 1615 1307 hoc
1650 1249 1894 1305 additum
1926 1259 2035 1316 est,
2082 1258 2143 1306 ut
2178 1259 2233 1307 et

629 1348 808 1419 imago
838 1347 957 1419 ejus
985 1348 1233 1413 dicatur;
1264 1356 1324 1403 ut
1351 1361 1475 1402 eum
1510 1353 1761 1418 apparet,
1808 1345 1932 1401 licet
1963 1346 2015 1401 in
2059 1346 2229 1418 ligura

628 1440 887 1506 humana,
935 1450 1028 1496 aut
1074 1450 1226 1496 certe
1272 1439 1327 1494 in
1372 1439 1517 1510 igne,
1563 1447 1623 1494 ut
1664 1437 1730 1492 ad
1775 1435 1996 1509 Moysen
2027 1435 2229 1506 (Exod.

624 1549 707 1601 tu,
751 1534 843 1606 2),
896 1549 1004 1590 non
1050 1532 1170 1605 ipse
1216 1532 1379 1588 Pater
1425 1532 1761 1603 intelligatur
1812 1544 1956 1597 esse,
2006 1528 2103 1585 sed
2144 1528 2237 1585 Fi-

626 1630 769 1686 lius:
800 1640 854 1687 et
888 1646 985 1701 per
1018 1628 1071 1685 id
1096 1627 1243 1700 quod
1287 1629 1467 1701 imago
1497 1627 1615 1695 ejus
1648 1626 1870 1694 dicitur,
1904 1624 2038 1681 nihil
2066 1623 2136 1679 ab
2163 1637 2232 1681 eo

626 1722 831 1781 distare
848 1722 1125 1779 credatur.
1147 1719 1307 1778 Unde
1326 1720 1550 1777 dicitad
1580 1718 1891 1790 Philippum
1922 1737 1936 1773 :
1962 1717 2229 1787 Philippe,

627 1818 716 1889 qui
759 1833 840 1873 me
889 1817 1047 1883 videt,
1093 1816 1229 1871 videt
1275 1825 1323 1870 et
1355 1814 1585 1870 Patrem.
1644 1811 1917 1881 Quomodo
1954 1822 2010 1867 tu
2054 1812 2183 1865 dicis
2208 1824 2229 1865 :
2258 1800 2308 1863 Β

629 1910 857 1968 Ostende
886 1910 1031 1966 nobis
1058 1908 1326 1965 Patrem?
1350 1907 1474 1963 Non
1505 1907 1670 1962 credis
1699 1908 1823 1976 quia
1841 1922 1938 1978 ego
1964 1907 2017 1961 in
2046 1903 2223 1972 Patre,

625 2014 673 2062 et
698 2004 862 2061 Pater
888 2006 943 2059 in
969 2021 1050 2058 me
1082 2012 1155 2058 est
1184 2000 1365 2075 (Joan.
1398 2017 1511 2067 xiv,
1538 1998 1665 2072 9.)?
1695 1998 1825 2056 Haec
1850 2010 1935 2054 est
1963 1998 2143 2053 unitas
2170 2004 2228 2053 et

622 2098 1055 2155 substantialitas
1084 2093 1269 2163 Patris
1293 2103 1348 2149 et
1378 2093 1500 2160 lilii,
1528 2100 1586 2146 ut
1623 2090 1853 2147 invicem
1878 2091 2025 2155 sint;
2053 2098 2110 2144 ut
2133 2088 2225 2160 qui

620 2190 772 2246 videt
802 2187 1023 2255 Filium,
1048 2186 1230 2243 videat
1256 2193 1315 2242 et
1339 2185 1580 2240 Patrem.
1607 2183 1761 2240 Nunc
1789 2182 2070 2238 videamus
2092 2196 2226 2251 quo-

620 2282 788 2340 modo
817 2283 965 2337 visus
995 2289 1083 2337 est
1112 2278 1286 2335 Filius
1312 2294 1328 2345 ;
1371 2288 1431 2333 ut
1461 2275 1689 2347 proinde
1720 2274 2089 2345 intelligamus
2114 2288 2221 2344 qua

617 2377 833 2433 ratione
861 2374 1149 2446 Philippus
1172 2370 1409 2428 videndo
1438 2370 1661 2439 Filium,
1685 2367 1872 2423 videat
1901 2376 1955 2421 et
1977 2366 2220 2421 Patrem.

605 2470 896 2527 lntellectu
930 2477 1083 2524 certe
1109 2480 1345 2537 operum
1375 2463 1692 2521 divinorum
1720 2460 1973 2517 viderunt
1994 2457 2219 2525 Filium,

609 2579 719 2622 non
772 2562 1090 2621 carnalibus
1135 2560 1332 2617 oculis.
1391 2559 1523 2629 Qua:
1571 2564 1832 2628 operatus
1875 2563 1962 2610 est
2010 2553 2216 2620 Filius,

612 2658 750 2715 dixit
775 2672 902 2715 esse
930 2656 1140 2724 Patris;
1174 2664 1237 2712 ut
1288 2655 1554 2711 unitatem
1609 2649 1826 2705 virtutis
1867 2645 2203 2703 ostenderet.

612 2752 821 2809 Eodem
861 2766 1060 2823 genere
1104 2752 1254 2806 visus
1293 2757 1380 2804 est
1427 2754 1537 2803 eta
1583 2743 1780 2811 Jacob;
1816 2742 1959 2799 unde
2020 2756 2217 2797 nomen

614 2847 825 2917 accepit
856 2844 1040 2911 lsrael,
1062 2844 1115 2900 id
1137 2853 1245 2910 est,
1276 2841 1438 2898 homo
1459 2831 1650 2895 videns
1680 2842 1845 2893 Deum
1869 2834 2023 2907 (Gen.
2047 2848 2216 2901 xxxii,

612 2939 733 3011 28).
783 2940 1013 3011 Pr0pter
1061 2939 1165 2995 hoc
1202 2952 1334 3007 ergo
1386 2937 1563 3007 itnago
1592 2942 1679 2991 est
1716 2932 1893 2989 dictus
1930 2930 2217 2987 invisibilis

614 3032 746 3096 Dei;
777 3041 837 3087 ut
877 3030 994 3103 ipse
1018 3045 1141 3088 esse
1169 3029 1591 3100 intelligeretur,
1621 3026 1715 3099 qui
1758 3040 1852 3096 per
1875 3023 2216 3081 intellectum

619 3124 770 3180 visus
798 3132 883 3179 est
922 3123 1099 3180 Deus:
1133 3121 1351 3179 Patrem
1381 3129 1563 3176 autem
1586 3132 1881 3189 numquam
1911 3115 2026 3172 ullo
2049 3114 2212 3170 modo

2338 506 2411 561 sit
2438 502 2649 574 Patris,
2673 522 2849 579 neque
2887 507 3159 579 prolectus
3204 508 3363 575 Filii,
3393 508 3515 565 dum
3555 512 3821 571 uascitur.Et

2336 608 2395 653 ut
2418 599 2656 670 apertius
2698 599 2876 655 tradat
2909 616 3032 672 quae
3052 610 3107 657 et
3137 608 3339 672 quanta
3368 600 3440 657 sit
3480 604 3690 672 potentia
3728 604 3820 671 Filii,

2335 691 2576 748 ostendit
2601 709 2722 763 qua!
2743 709 2839 765 per
2856 695 3032 764 ipsum
3056 694 3187 762 sint,
3209 709 3405 766 nempe
3424 692 3631 760 Throni,
3650 693 3823 751 Domina-

2337 784 2513 841 tiones
2542 794 2595 840 et
2615 785 2983 857 Principatus,
3014 801 3080 842 ac
3102 787 3443 854 Potestates;
3476 796 3532 843 ut
3552 789 3737 858 proinde
3749 806 3824 845 om-

2335 879 2464 934 nino
2487 880 2664 935 minus
2692 880 2823 934 nihil
2850 881 2901 935 in
2935 898 3002 935 eo
3024 895 3145 937 esse
3170 879 3448 948 credatur,
3476 896 3625 951 quam
3649 881 3690 937 in
3706 880 3822 938 Patre.

2407 971 2586 1045 (Vers.
2624 973 2737 1044 17.)
2762 971 2832 1027 Ει
2876 972 2989 1043 ipse
3027 983 3102 1028 est
3133 982 3251 1027 ante
3303 990 3499 1028 omnes.
3545 974 3669 1030 Ante
3703 990 3826 1032 omnes

2333 1064 2422 1122 hic
2436 1074 2540 1130 est;
2562 1066 2687 1138 quia
2720 1066 2807 1123 hic
2824 1066 2975 1123 solus
3002 1067 3071 1123 de
3094 1067 3207 1123 Deo
3237 1066 3397 1124 Patre
3427 1077 3581 1124 natus
3599 1076 3688 1135 est,
3709 1070 3757 1124 de
3776 1070 3826 1124 in-

2334 1158 2510 1228 genita
2534 1160 2717 1230 utique
2743 1160 3047 1215 substantia
3074 1160 3192 1215 Dei.
3215 1159 3340 1216 Hac
3360 1170 3537 1216 autem
3559 1160 3726 1217 virtute
3740 1162 3827 1231 eius,

2333 1266 2493 1323 quam
2524 1268 2619 1322 per
2637 1252 3042 1324 generationem
3069 1251 3231 1308 habet
3261 1269 3289 1307 a
3313 1252 3498 1318 Patre,
3527 1253 3827 1313 substiterunt;

2334 1341 2361 1382 ἀ
2390 1362 2495 1400 non
2526 1356 2584 1401 ut
2607 1346 2919 1402 communio
2938 1347 3017 1402 eis
3042 1346 3362 1403 subetantire
3386 1347 3459 1403 sit
3483 1362 3599 1403 cum
3621 1363 3696 1415 eo,
3713 1347 3831 1403 sedet

2335 1439 2509 1495 nihilo
2542 1449 2672 1496 nutu
2731 1439 2823 1495 Dei
2877 1438 3054 1495 Patris
3105 1437 3246 1494 Filio
3274 1451 3473 1512 agente
3522 1448 3771 1510 coeperunt.
3795 1440 3831 1495 Et

2334 1544 2515 1589 cuncta
2544 1536 2597 1589 in
2627 1535 2738 1608 ipso
2769 1545 3030 1590 constant.
3074 1534 3132 1591 In
3186 1535 3306 1606 ipso
3336 1545 3607 1603 constant,
3633 1536 3732 1606 quia
3762 1537 3832 1592 sine

2333 1643 2402 1684 eo
2434 1627 2568 1683 nihil
2595 1638 2743 1695 sunt;
2775 1629 2877 1683 nisi
2908 1629 3058 1684 enim
3080 1628 3206 1683 huic
3238 1627 3443 1684 fuerint
3471 1628 3688 1695 subdita,
3714 1642 3831 1684 errore

2335 1721 2516 1788 devia,
2544 1723 2699 1794 quasi
2735 1722 3031 1794 perditioni
3062 1722 3193 1778 {ient
3222 1723 3485 1778 obnoxia.

2405 1813 2591 1887 (Vers.
2628 1814 2741 1884 18.)
2771 1813 2835 1868 Et
2863 1815 2974 1884 ipse
2994 1825 3065 1869 est
3088 1824 3241 1885 caput
3273 1815 3508 1885 corporis
3535 1812 3760 1880 Ecclesia,
3784 1818 3833 1883 qni

2327 1915 2406 1960 est
2458 1906 2797 1977 principium,
2843 1907 3214 1978 primogenitus
3245 1924 3309 1961 ex
3336 1908 3579 1972 mortuis;
3620 1916 3665 1961 ut
3710 1906 3776 1975 ﬁet
3803 1908 3832 1957 it

2328 1998 2563 2055 omnibus
2606 2000 2715 2071 ipse
2757 2000 3037 2072 primatum
3088 2008 3287 2054 tenens.
3328 1999 3590 2056 Ecclesia:
3632 2008 3758 2069 caput
3786 2008 3834 2052 ut

2326 2094 2599 2161 Christus,
2629 2095 2675 2150 si
2709 2105 2887 2151 tamen
2909 2110 3099 2151 omnes
3126 2110 3292 2149 unum
3315 2096 3559 2150 sentiant
3592 2094 3834 2151 t'telesteset

2328 2188 2557 2249 terreni;
2592 2197 2651 2243 ut
2691 2188 2800 2243 sint
2854 2187 3119 2253 Ecclesia,
3168 2187 3272 2243 hoc
3326 2198 3432 2255 est,
3467 2189 3619 2243 unius
3660 2186 3777 2242 lidei:
3807 2186 3833 2239 si

2324 2278 2615 2351 quominus
2647 2281 2878 2336 truncati
2909 2280 3085 2349 capite
3120 2280 3290 2335 totius
3319 2281 3591 2350 corporis,
3636 2277 3681 2333 id
3711 2285 3785 2344 est,
3816 2290 3832 2329 ι

2324 2373 2587 2432 Creatore
2632 2390 2733 2431 suo
2775 2373 3031 2445 sejuncti,
3062 2375 3301 2431 amentia
3329 2374 3569 2446 quadam
3605 2382 3653 2429 et
3676 2373 3833 2426 vanitate

2322 2478 2682 2535 bacchantur.
2711 2476 2812 2546 Qui
2840 2486 2914 2532 est
2942 2477 3276 2549 principium,
3299 2477 3664 2549 primogenita
3686 2491 3735 2530 ea
3752 2488 3832 2526 uor-

2321 2573 2444 2638 tuis;
2470 2580 2523 2624 ut
2540 2570 2631 2640 fiat
2650 2571 2707 2623 in
2733 2570 2967 2625 omnibus
2991 2571 3101 2640 ipse
3129 2570 3415 2641 primatum
3436 2580 3624 2625 tenens.
3649 2564 3833 2636 Quoniam

2322 2664 2502 2721 omnia
2530 2678 2629 2734 per
2655 2662 2832 2732 ipsum
2864 2671 3013 2731 sunt,
3044 2678 3141 2733 per
3170 2662 3349 2733 ipsum
3374 2662 3559 2718 denuo
3600 2658 3835 2732 negligentia

2320 2756 2550 2829 quadarn
2576 2754 2721 2813 facto
2742 2756 2969 2824 caduca,
2999 2753 3349 2811 reformanda
3371 2754 3627 2821 fuerunt;
3648 2769 3705 2810 ne
3719 2752 3768 2807 ad
3784 2751 3832 2805 in-

2314 2849 2517 2921 jnriam
2543 2850 2663 2920 ejus
2688 2849 3010 2919 pertineret,
3028 2849 3081 2905 .si
3103 2864 3240 2921 opus
3271 2849 3399 2920 ejus
3423 2863 3523 2920 per
3548 2849 3832 2904 alterumm-

2321 2952 2595 3002 tauratum
2621 2946 2848 3012 fuisset;
2874 2954 2935 3001 ut
2959 2944 3242 3017 quomodo
3260 2955 3394 3001 ante
3414 2959 3611 3001 omnes
3632 2948 3833 3000 natussi.

2316 3038 2398 3095 sic
2418 3038 2620 3094 iterum
2643 3047 2771 3094 ante
2796 3051 2991 3093 omnes
3013 3036 3228 3109 primus
3250 3047 3402 3094 esset
3428 3051 3501 3093 ex
3522 3034 3836 3092 resurrectione

2320 3141 2689 3199 mortuorum,
2723 3130 2937 3187 reddita
2966 3128 3203 3201 pristina
3231 3130 3372 3195 vita;
3404 3140 3540 3187 ante
3566 3128 3725 3186 omnia
3744 3125 3835 3181 enim

610 3218 961 3290 apparuisse,
993 3217 1137 3273 sicut
1185 3215 1393 3272 dictum
1444 3221 1529 3271 est
1567 3213 1622 3269 in
1667 3186 2002 3283 Evangelio:
2044 3206 2214 3265 Deum

2319 3236 2478 3282 natus
2507 3237 2592 3283 est
2612 3226 2681 3281 de
2708 3226 2844 3293 Deo,
2876 3234 2939 3280 ut
2962 3236 3159 3280 cuncta
3181 3233 3425 3290 crearet,
3453 3238 3577 3294 quae
3606 3238 3702 3278 non
3719 3227 3833 3276 erant.

612 3326 760 3366 nemo
789 3309 916 3365 vidit
950 3325 1196 3381 umquam
1226 3305 1408 3380 (Joan.
1438 3306 1493 3369 1.
1526 3304 1639 3376 18).

682 3406 863 3479 (Vers.
916 3406 1032 3479 16.)
1065 3403 1444 3476 Primogcnitus
1478 3402 1732 3456 universa:
1771 3406 2040 3454 creaturas.
2072 3395 2213 3453 Ante

607 3518 827 3561 omnem
865 3510 1206 3570 creaturam,
1238 3499 1480 3572 genitum
1530 3494 1730 3551 Filium
1770 3509 1880 3550 non
1923 3502 2166 3549 creatum
2192 3531 2208 3559 ,

608 3605 853 3663 testatur;
885 3605 943 3652 ut
985 3603 1299 3653 secerneret
1340 3591 1675 3648 nativitatem
1705 3588 1826 3658 ejus
1871 3600 1904 3643 a
1948 3595 2211 3643 creatura:

604 3690 851 3748 factura:
880 3697 938 3748 et
964 3699 1024 3746 ut
1052 3690 1158 3745 hoc
1188 3687 1403 3760 penitus
1431 3684 1719 3748 clarescat,
1752 3680 1984 3751 subjecit
2014 3701 2027 3736 :
2170 3692 2173 3695 λ

680 3784 818 3854 Quia
838 3784 892 3839 in
930 3783 1045 3855 ipso
1075 3781 1290 3837 condita
1306 3787 1427 3835 sunt
1451 3777 1625 3833 omnia
1648 3775 1703 3829 in
1732 3773 1874 3829 cretis
1894 3782 1941 3826 et
1968 3772 2022 3826 in
2047 3781 2205 3826 terra.

604 3880 825 3935 visibilia
853 3887 903 3934 et
925 3877 1205 3934 invisibilia
1225 3918 1238 3942 ,
1266 3875 1371 3930 sive
1399 3870 1598 3928 Τὴνοηὶ
1616 3909 1632 3936 ,
1659 3868 1763 3924 sive
1798 3865 2207 3959 Dominationes,

602 3977 708 4031 sive
744 3973 1082 4043 Principatus
1106 4016 1122 4041 ,
1168 3972 1271 4029 sive
1310 3970 1635 4035 Potestates,
1676 3966 1850 4023 omnia
1912 3981 2003 4037 per
2040 3965 2210 4035 ipsum

604 4063 653 4123 et
680 4068 734 4123 in
760 4069 871 4141 ipso
898 4067 1107 4123 condita
1141 4074 1283 4123 sunt.
1312 4063 1433 4121 Non
1463 4062 1644 4120 solum
1667 4061 1722 4118 in
1749 4076 1815 4118 eo
1861 4057 2205 4131 magniﬁcum

604 4170 663 4218 et
702 4160 998 4232 gloriosum
1045 4158 1315 4231 significat
1371 4155 1691 4222 Christum;
1738 4152 1862 4225 quia
1911 4160 2205 4223 antequam

606 4253 802 4311 tierent
839 4253 1045 4321 omnia,
1079 4260 1240 4307 natus
1264 4258 1389 4308 est:
1418 4247 1516 4305 sed
1556 4258 1614 4303 et
1639 4249 1692 4302 in
1720 4245 1841 4317 ipso
1866 4245 2000 4301 dicit
2022 4243 2204 4300 omnia

603 4344 858 4415 condita,
897 4344 1002 4402 hoc
1037 4354 1157 4413 est,
1186 4352 1245 4399 ut
1292 4342 1533 4399 omnium
1579 4339 1821 4413 potentia
1862 4339 1916 4394 in
1969 4352 2038 4394 eo
2081 4351 2206 4394 esse

604 4438 879 4508 credatur,
911 4449 938 4477 εί
983 4447 1039 4497 et
1066 4437 1190 4496 ideo
1243 4434 1483 4509 profecta
1509 4476 1524 4503 ,
1551 4434 1678 4490 dum
1710 4432 1895 4490 omnia
1947 4432 2083 4487 ﬁunt
2108 4446 2206 4503 per

605 4537 812 4608 ipsum:
846 4534 950 4593 hoc
986 4544 1072 4594 est
1107 4543 1292 4592 autem
1322 4536 1486 4604 caput
1527 4546 1652 4590 esse
1692 4530 1859 4586 totius
1902 4536 2201 4590 creaturae;

601 4628 729 4703 quia
776 4629 895 4700 ipso
924 4640 985 4685 ut
1010 4629 1158 4698 sint,
1203 4643 1329 4686 esse
1355 4633 1657 4698 coeperunt.
1708 4622 1834 4679 Ideo
1876 4628 2058 4678 autem
2087 4632 2208 4691 quae

604 4723 675 4780 ab
705 4723 826 4796 ipso
875 4722 1018 4780 facta
1046 4734 1196 4792 sunt,
1226 4738 1326 4795 per
1373 4723 1551 4794 ipsum
1595 4719 1738 4776 facta
1768 4717 2043 4782 dicuntur;
2082 4712 2208 4785 quia

604 4816 673 4873 ad
700 4815 805 4874 hoc
832 4826 990 4872 natus
1016 4824 1122 4883 est,
1155 4816 1319 4890 265
1360 4822 1421 4870 ut
1446 4812 1651 4870 faceret
1675 4818 2007 4869 creaturam;
2033 4805 2061 4846 ι’
2103 4805 2210 4863 hoc

603 4918 709 4977 est,
741 4908 939 4965 fecisse
968 4906 1021 4963 in
1049 4923 1116 4964 eo
1138 4949 1155 4977 ,
1182 4918 1238 4965 et
1266 4923 1362 4979 per
1387 4922 1531 4964 eum.
1563 4904 1678 4961 Nec
1722 4903 1866 4959 enim
1911 4900 2013 4957 sibi
2060 4899 2205 4954 nati-

602 5002 743 5061 vitas
772 5017 867 5058 sua
895 4999 1129 5073 prolicit,
1160 4999 1259 5057 sed
1290 4999 1479 5065 nobis;
1520 4997 1645 5069 quia
1688 5011 1795 5053 non
1838 4994 1985 5067 eguit
2023 4990 2202 5056 nasci,

606 5106 630 5135 ο
675 5092 780 5169 qui
819 5095 873 5152 in
904 5093 990 5152 his
1036 5101 1173 5151 erat.
1206 5092 1493 5163 Quomodo
1539 5090 1599 5145 ﬁt
1645 5091 1836 5147 unicus
1880 5087 1977 5144 Dei
2027 5085 2205 5143 Patris

603 5187 801 5259 Filius,
826 5186 1105 5262 quomodo
1153 5187 1271 5257 ipse
1318 5184 1469 5243 novit
1503 5199 1624 5256 qua:
1654 5182 1891 5255 ingenita
1930 5188 2061 5237 sunt
2103 5177 2202 5235 Dei

604 5280 815 5340 Patris!
846 5281 978 5339 Erat
1006 5280 1156 5339 enim
1180 5279 1234 5336 in
1258 5278 1404 5347 Deo,
1434 5276 1526 5349 qui
1552 5274 1817 5348 processit
1855 5273 1923 5330 de
1949 5273 2060 5330 Deo
2079 5313 2093 5340 ,
2126 5272 2199 5327 ita

673 5430 701 5460 ⁸
725 5421 850 5479 Vel.
882 5423 1014 5481 edit.
1058 5436 1124 5478 ac
1144 5435 1277 5478 mss.
1311 5418 1550 5487 aliquot,
1585 5424 1633 5471 et
1675 5414 1786 5471 Deo
1830 5430 1890 5471 eo
1937 5418 2197 5487 perfecta;

606 5490 766 5549 Rom.
796 5493 958 5565 edit.,
985 5504 1033 5552 et
1051 5511 1087 5551 a
1109 5491 1223 5550 Dea
1254 5483 1513 5565 perfecta;
1537 5483 1734 5546 melius
1759 5487 1848 5544 alii
1877 5483 2007 5543 mss.
2031 5483 2096 5542 ut
2144 5483 2200 5541 in

606 5575 896 5693 ωξιῖὶῗὲιί
927 5637 1088 5704 edit.,
1116 5646 1162 5693 et
1183 5637 1280 5692 hoc
1302 5642 1379 5693 est
1402 5631 1573 5690 Deum
1593 5631 1776 5704 fecisse
1797 5631 1854 5688 in
1876 5647 1969 5698 eo;
1991 5629 2111 5704 alia;
2137 5643 2202 5685 ac

604 5719 739 5764 mss.
769 5708 1025 5780 omittunt
1051 5700 1213 5764 Deum
1230 5750 1246 5777 ,
1277 5718 1335 5765 et
1359 5721 1458 5780 pro
1483 5707 1541 5762 in
1564 5700 1623 5761 eo
1644 5703 1869 5761 Amcrb.
1902 5712 1959 5760 et
1981 5700 2200 5775 quidam

609 5794 745 5837 mss.
773 5778 1005 5835 eﬂ'erunt
1020 5819 1036 5845 ,
1065 5780 1120 5834 in
1138 5796 1275 5836 eum.

682 5863 725 5928 ε,
743 5849 951 5913 Eadem
973 5849 1135 5911 Rom.
1162 5851 1294 5911 edit.
1322 5850 1437 5911 sola
1457 5893 1473 5923 ,
1502 5849 1591 5923 qui
1619 5856 1749 5907 erat.

2318 3319 2526 3377 lterutn
2569 3330 2753 3375 autem
2795 3329 3021 3390 accepta
3056 3333 3229 3374 carne
3269 3316 3338 3373 de
3368 3316 3585 3389 virgine
3629 3324 3755 3369 natus
3773 3319 3837 3375 est,

2316 3423 2375 3470 ut
2401 3423 2682 3484 peceatum
2704 3412 2851 3483 quod
2877 3427 2951 3468 ex
2976 3411 3188 3483 virgine
3212 3409 3324 3466 Eva
3352 3410 3658 3466 intraverat
3680 3409 3723 3462 in
3738 3419 3837 3460 mun-

2311 3506 2467 3575 dum,
2490 3507 2762 3563 aboleret.
2791 3503 2963 3561 Natus
3002 3518 3166 3576 ergo,
3198 3512 3255 3560 et
3295 3514 3556 3560 mortuus
3583 3497 3836 3560 resurrexit.

2313 3608 2374 3655 ut
2398 3615 2520 3671 qua:
2559 3600 2797 3671 primum
2844 3597 3072 3664 fecerat,
3119 3604 3310 3666 postea
3350 3595 3559 3653 iterum
3603 3596 3833 3651 recrearet:

2310 3695 2439 3767 quia
2466 3708 2563 3765 per
2590 3708 2836 3749 errorem
2873 3691 3092 3747 fuerant
3132 3691 3285 3746 velut
3320 3701 3566 3759 mortua,
3599 3697 3655 3745 ut
3685 3696 3834 3753 semper

2312 3786 2369 3843 in
2400 3786 2547 3841 omni
2574 3783 2689 3840 vita
2716 3785 2790 3840 sit
2817 3784 3026 3855 primus
3048 3792 3103 3838 et
3132 3782 3416 3856 princeps.

2385 3877 2565 3950 (Vers.
2599 3874 2714 3949 l9.)
2743 3877 2880 3943 Quia
2921 3876 2975 3931 in
3016 3876 3130 3947 ipso
3174 3875 3495 3947 complacuit
3522 3871 3670 3930 Patri
3707 3880 3841 3926 enim

2313 3970 2684 4042 plenitudinem
2710 3970 3022 4025 inhabitare.
3044 3966 3331 4024 Plenitudo
3373 3968 3429 4024 in
3459 3967 3582 4039 ipso
3614 3975 3690 4021 est
3707 3972 3752 4017 et
3768 3972 3839 4015 ma-

2312 4074 2436 4130 net;
2468 4064 2592 4136 quia
2642 4061 2823 4118 omnia
2852 4070 3035 4135 potest
3080 4075 3321 4132 semper,
3342 4068 3407 4116 ut
3456 4058 3598 4118 nihil
3635 4063 3841 4124 exceptum

2307 4158 2401 4222 sit,
2429 4156 2575 4228 quod
2607 4170 2713 4212 non
2742 4170 2841 4228 per
2864 4170 2990 4212 eum
3019 4154 3191 4226 possit
3218 4153 3504 4225 praestari;
3527 4161 3587 4209 ut
3610 4160 3662 4207 et
3686 4148 3839 4206 laceret.

2308 4261 2367 4308 et
2392 4252 2740 4319 reiermaret,
2764 4260 2821 4308 et
2846 4251 2997 4321 lapsa
3031 4250 3275 4321 erigeret
3299 4291 3314 4317 ,
3336 4261 3394 4305 et
3425 4258 3647 4307 mortua
3667 4242 3842 4303 viviﬁca-

2308 4355 2413 4402 rel.
2439 4344 2594 4404 Unde
2619 4347 2696 4401 ait
2722 4364 2736 4401 :
2764 4345 2915 4403 Sicut
2944 4344 3094 4401 habet
3134 4343 3294 4400 Pater
3313 4345 3475 4400 vitam
3507 4347 3566 4401 in
3607 4339 3842 4407 semetipw:

2306 4439 2380 4493 ita
2407 4438 2549 4494 dedit
2574 4448 2620 4495 et
2646 4436 2790 4493 Filio
2814 4439 2969 4493 vitam
3018 4437 3206 4493 habere
3232 4436 3285 4491 in
3312 4437 3596 4508 semetipso
3629 4432 3786 4505 (locu.
3805 4440 3841 4483 τ.

2310 4532 2443 4605 26);
2482 4542 2538 4590 et
2570 4551 2585 4587 :
2617 4533 2763 4590 Sicut
2787 4532 2950 4589 Pater
2969 4533 3183 4588 suscitat
3204 4540 3438 4587 mortuos
3464 4542 3517 4587 et
3566 4520 3841 4598 vivi/iram

2313 4637 2361 4684 et
2390 4626 2562 4683 Filius
2588 4644 2716 4699 quos
2740 4628 2881 4695 vult,
2916 4628 3159 4699 vivificat.
3196 4625 3309 4682 Nec
3345 4627 3490 4682 enim
3530 4624 3681 4681 Pater
3702 4618 3843 4697 judiw

2312 4736 2639 4793 quemquam,
2669 4719 2759 4775 sed
2779 4736 2930 4776 omne
2940 4720 3207 4794 judicium
3232 4719 3373 4774 dedit
3406 4716 3557 4773 Filio
3580 4712 3759 4789 (Ibid.,
3784 4705 3840 4765 εί.

2310 4815 2429 4885 22).
2452 4814 2594 4884 Quid
2621 4822 2728 4870 tam
2745 4814 2977 4886 justum,
3005 4815 3109 4871 nisi
3141 4823 3200 4870 ut
3250 4814 3445 4870 horum
3494 4827 3618 4885 qua:
3663 4804 3766 4866 fecit
3786 4814 3840 4872 μετ

2311 4908 2487 4975 illum,
2517 4907 2619 4979 ipsi
2660 4905 2817 4962 daret
2844 4906 3131 4977 judicium,
3168 4917 3191 4943 ε
3219 4914 3280 4963 ιιι
3305 4904 3488 4962 omnis
3524 4892 3842 4977 pleaitudodi'

2312 4999 2549 5056 vinitatis
2582 4999 2847 5057 habitaret
2873 5000 2928 5058 in
2958 4999 3079 5072 ipso
3106 5014 3204 5074 per
3232 4999 3310 5068 id,
3335 4998 3485 5071 quod
3516 4999 3739 5055 diximus
3765 5003 3839 5046 οω·

2316 5109 2439 5151 nem
2467 5093 2622 5151 illum
2653 5104 2982 5167 potestatem
3011 5096 3063 5151 in
3090 5108 3153 5152 se
3191 5093 3433 5151 habere:
3466 5091 3579 5150 hoc
3605 5101 3702 5157 est,
3726 5086 3840 5142 θεων

2315 5202 2440 5245 esse
2499 5188 2834 5260 perlectum;
2862 5188 2968 5263 .qui
3007 5187 3155 5245 enim
3198 5186 3316 5256 haec
3346 5185 3538 5243 omnia
3578 5199 3679 5242 non
3714 5174 3839 5237 ιιιει,

2315 5296 2425 5339 non
2450 5290 2538 5339 est
2559 5282 2724 5341 Deus.

2385 5415 2413 5456 τι
2446 5416 2613 5490 Rom.
2631 5417 2789 5486 edit.,
2817 5434 2919 5475 non
2947 5419 3069 5490 quia
3094 5416 3327 5489 ejusdem
3354 5409 3837 5490 οοηιιιιιιιιίοειιάεξέπζ

2312 5490 2387 5545 tia
2414 5490 2498 5562 sit.
2531 5489 2675 5546 Infra
2702 5480 2838 5547 vero
2868 5480 2972 5562 pro
2992 5492 3047 5545 in
3074 5480 3187 5561 ipso
3213 5496 3472 5555 constant,
3499 5488 3554 5544 in
3584 5480 3836 5557 quiwa

2307 5577 2442 5619 mss.
2470 5561 2695 5632 legitur,
2716 5562 2816 5629 ipsi
2838 5561 3095 5618 constant.

2380 5644 2404 5671 θ
2436 5625 2658 5688 Ιιίνει.
2683 5625 2823 5689 edit.
2858 5650 2923 5690 ae
2952 5648 3115 5699 mss.;
3148 5631 3281 5689 edit.
3318 5639 3502 5689 autem
3548 5628 3717 5689 Rom.,
3743 5631 3779 5676 et
3801 5625 3835 5669 Il

2304 5705 2419 5787 ipsa
2450 5704 2809 5787 plenitudo....
2832 5709 2901 5787 .in
2934 5707 3084 5787 ipso?
3110 5714 3155 5759 et
3192 5704 3248 5758 id
3280 5713 3372 5773 est,
3404 5699 3549 5774 quod

2304 5774 2357 5833 in
2387 5792 2442 5835 se
2468 5774 2675 5845 habere,
2705 5777 2842 5850 quod
2871 5774 2966 5847 est,
2994 5786 3096 5836 etc.
