3970 6316
88 262 189 322 425

936 256 1431 319 COMMENTARIA
1474 257 1543 320 IN
1586 257 1801 321 EPIST.
1844 258 1939 319 AD
1975 258 2485 324 COLOSSENSES.

3274 270 3381 331 ιεσ

157 376 332 449 (Vers.
362 370 477 447 20.)
498 372 566 429 Ει
593 387 683 443 per
708 386 825 429 eum
848 376 1186 430 reconciliare
1206 376 1379 431 omnia
1400 377 1452 431 in
1480 376 1671 449 ipsum,
1702 392 1757 455 Α
1782 392 1973 433 omnes
1998 378 2141 435 enim
2172 390 2285 447 est,
2312 389 2365 437 et
2390 388 2581 436 cuncta
2610 379 2663 436 in
2694 379 2815 453 ipso
2841 388 3101 439 constant
3126 421 3142 451 ,
3179 384 3304 457 quia
3334 390 3390 445 in

89 472 363 545 pacificans
405 486 492 539 per
527 469 828 542 sanguinem
875 470 1039 526 crucis
1068 474 1230 544 ~ejus,
1264 479 1294 511 ι
1339 472 1443 527 sive
1469 487 1585 543 qua:
1625 473 1679 526 in

88 569 221 624 cauis
268 577 413 636 sunt,
442 567 549 621 sive
592 582 708 638 qua:
745 566 797 620 in
841 567 1009 621 terris.
1048 566 1162 622 Hoc
1210 576 1294 623 est
1342 567 1485 639 quod
1515 580 1678 637 supra

88 660 394 717 memoravit
418 700 435 729 ,
462 660 584 731 quia
614 669 671 715 ut
697 675 760 716 ea
782 660 963 716 omnia
987 702 1001 729 ,
1040 675 1160 731 qua:
1188 660 1314 716 fecit
1339 704 1353 729 ,
1399 676 1495 733 per
1522 660 1677 716 illum

86 761 444 821 restauraret,
470 768 592 809 cum
624 768 812 810 errore
832 752 1070 826 quodam
1093 753 1538 825 discreparejam
1569 769 1681 811 ca:-

88 850 287 919 pissent
313 847 382 905 ab
411 846 641 904 invicem
664 890 679 915 ,
712 862 814 904 nec
838 862 943 903 non
972 858 1025 903 et
1053 847 1121 904 ab
1145 856 1368 905 auctore
1395 847 1501 919 (est
1532 848 1679 904 enim

88 941 254 998 adhuc
280 956 433 998 error
459 942 512 998 in
544 941 854 998 carnalibus
879 940 1057 1015 caelis)
1093 941 1399 997 humiliavit
1423 956 1574 1010 eum,
1598 942 1681 996 in-

87 1037 354 1093 carnando
379 1036 531 1093 illum
551 1077 567 1105 ,
600 1048 658 1093 ιιι
683 1036 848 1093 homo
877 1038 1048 1094 lactus
1073 1037 1395 1094 ostenderet
1423 1051 1487 1093 ac
1515 1035 1679 1093 doce-

90 1140 166 1187 ret
191 1129 460 1203 quomodo
487 1142 710 1201 possent
741 1144 804 1187 ea
827 1171 842 1196 ,
891 1146 1013 1203 qua:
1058 1132 1111 1185 in
1154 1129 1504 1186 ﬁrmamento
1532 1138 1679 1199 sunt,

90 1233 140 1280 et
181 1238 341 1295 super
371 1233 572 1280 terram
617 1224 962 1281 reconciliari
1013 1221 1282 1279 Creatori.
1314 1223 1471 1292 Quod
1522 1232 1581 1279 ut
1616 1223 1682 1278 ad

94 1316 379 1388 perfectum
412 1317 774 1389 perduceret,
807 1318 981 1375 occidi
1021 1334 1081 1374 se
1130 1333 1323 1388 passus
1352 1328 1434 1373 cst
1464 1326 1686 1389 propter

93 1410 357 1480 homines;
395 1419 454 1466 ut
490 1426 627 1482 quos
659 1411 800 1481 apud
833 1427 1061 1483 superos
1090 1411 1389 1480 docuerat,
1422 1422 1686 1468 exeuntes

93 1504 208 1560 hinc
230 1520 255 1559 ιι
286 1512 461 1561 morte
488 1504 723 1561 secunda
754 1504 930 1562 teneri
952 1521 1060 1561 non
1090 1506 1300 1576 possint
1321 1522 1335 1572 ;
1356 1517 1413 1561 ut
1440 1506 1687 1561 doctrina

91 1598 200 1669 ejus
226 1597 458 1654 fructum
491 1598 719 1654 haberet
756 1598 943 1669 prima:
985 1599 1350 1654 institutionis
1372 1641 1387 1666 ,
1414 1609 1469 1655 et
1502 1599 1688 1654 omnia

94 1692 224 1748 tacta
255 1708 349 1762 per
382 1692 557 1763 ipsum
602 1692 849 1748 viverent
904 1693 956 1747 in
990 1692 1109 1764 ipso
1148 1692 1305 1764 quasi
1352 1693 1405 1747 in
1439 1701 1686 1759 auctore,

1781 472 2036 530 omnibus
2064 472 2183 545 ipse
2223 474 2512 546 primatum
2548 484 2728 543 tenet;
2758 484 2815 531 ut
2846 478 2892 533 si
2924 478 3044 548 quis
3079 479 3245 538 alicui
3278 482 3390 537 ele-

1781 575 2095 624 mentorum
2128 577 2224 624 aut
2253 571 2572 641 angelorum
2593 612 2611 637 ,
2642 572 2728 628 vel
2756 572 3093 630 Potestatnm
3134 575 3388 633 devotum

1781 673 1840 716 se
1867 659 2069 717 debere
2094 676 2215 718 esse
2245 670 2438 733 putet,
2462 678 2646 720 errare
2676 680 2737 722 se
2758 666 2921 721 sciat.
2948 666 3047 724 llic
3071 668 3215 724 enim
3248 686 3389 728 unus

1780 764 1865 811 est
1890 754 2057 811 Filius
2085 754 2183 811 Dei
2209 797 2223 821 ,
2252 765 2416 827 caput
2438 758 2619 813 omnis
2651 759 2985 831 principatus
3030 771 3085 817 et
3115 762 3401 835 principii,

1782 848 1938 919 cujus
1977 848 2331 921 Evangelium
2373 850 2726 921 praedicatum
2776 862 2861 909 est
2910 854 2963 910 in
2994 864 3109 911 toto
3161 859 3390 924 mundo,

1781 942 2051 1014 incipiens
2076 958 2105 997 a
2133 942 2338 1012 Moyse,
2367 944 2459 1014 qui
2486 943 2624 1000 dixit
2646 944 2884 1002 Iudaeis:
2916 947 3051 1015 Quia
3074 948 3395 1021 Prophetam

1783 1036 1921 1092 vobis
1964 1036 2230 1091 suscitabit
2261 1036 2516 1094 Dominus
2543 1036 2687 1094 Deus
2726 1049 2891 1094 vester
2919 1057 2987 1097 ea:
3010 1042 3259 1111 fratribus
3284 1062 3395 1102 ves—

1783 1130 1878 1185 tris
1902 1170 1917 1193 ,
1948 1139 2211 1199 tamquam
2231 1147 2327 1185 me.
2354 1128 2539 1201 Ipsum
2560 1131 2819 1199 audietis;
2845 1134 2940 1188 erit
2960 1135 3093 1189 enim
3116 1176 3131 1201 ,
3154 1138 3393 1207 quicum-

1786 1241 1881 1295 que
1908 1240 2011 1278 non
2053 1224 2278 1279 audierit
2326 1226 2633 1296 prapltetam
2660 1226 2839 1291 illum,
2884 1229 3310 1285 exterminabitur
3334 1232 3400 1288 de

1788 1317 2131 1389 plebe(Deut.
2153 1333 2305 1385 xvnt,
2330 1316 2419 1383 i5,
2445 1318 2559 1389 16).
2586 1318 2740 1375 Unde
2764 1319 3028 1375 Dominus
3055 1324 3129 1377 ait
3155 1322 3363 1381 Iudaeis
3388 1345 3401 1380 :

1793 1410 1930 1479 Quia
1958 1409 2167 1482 Moyses
2193 1410 2257 1466 de
2286 1428 2366 1467 me
2385 1413 2594 1483 scripsit
2624 1411 2816 1484 (Joan.
2848 1430 2877 1468 v
2901 1456 2916 1480 ,
2944 1414 3067 1485 46).
3102 1416 3285 1487 Itaque
3316 1418 3405 1472 hic

1790 1519 1930 1559 unus
1957 1503 2259 1561 audiendus
2288 1515 2376 1561 est
2401 1514 2457 1562 et
2500 1506 2768 1563 colendus
2797 1550 2811 1573 ,
2854 1523 2955 1563 nec
2980 1509 3048 1563 ad
3080 1508 3227 1566 hunc
3255 1513 3405 1566 aesti-

1794 1598 2026 1653 mandus
2050 1606 2135 1655 est
2158 1600 2468 1671 quisquam;
2487 1602 2612 1671 quia
2640 1602 2733 1672 qui
2753 1610 2917 1673 caput
2939 1610 3109 1671 tenet,
3135 1606 3403 1676 reliquam

1794 1701 2005 1763 partem
2027 1691 2327 1762 subjectam
2354 1692 2539 1749 habet.
2572 1693 2705 1750 Nam
2733 1696 2827 1767 qui
2855 1710 2916 1752 se
2935 1696 3201 1766 subjectis
3228 1698 3412 1755 humi-

94 1785 226 1842 sicut
248 1785 446 1843 Petrus
476 1787 671 1843 fatetur
692 1787 745 1841 in
774 1786 999 1841 Actibus
1028 1786 1401 1856 apostolorum
1428 1783 1581 1857 (Act.
1606 1802 1685 1853 ιιι,
1718 1802 1766 1865 Β
1795 1784 1889 1841 liat
1908 1827 1923 1853 ,
1950 1794 2094 1842 totus
2118 1797 2297 1853 errat;
2321 1788 2446 1859 quia
2478 1804 2586 1844 non
2613 1798 2808 1847 tenens
2837 1801 2999 1863 caput
3022 1800 3248 1851 truncus
3288 1804 3405 1862 εει,

99 1879 203 1949 ιδ).

160 1973 335 2044 (Vers.
367 1974 464 2040 21,
494 1972 613 2045 22.)
655 1971 725 2028 Ει
752 1990 839 2028 vos
867 1974 1127 2043 quondam
1157 1972 1408 2027 alienatos
1437 1982 1483 2026 et
1514 1971 1693 2025 inimi-

100 2086 175 2123 cos
195 2068 531 2124 consiliorum
560 2072 676 2141 ejus
704 2070 757 2123 in
801 2069 1039 2139 operibus
1083 2069 1305 2138 iniquis,
1340 2084 1477 2122 nunc
1523 2077 1697 2121 autem

102 2163 443 2217 reconciliatos
472 2163 526 2217 in
553 2178 769 2233 corpore
807 2164 977 2216 carnis
1007 2165 1121 2235 ejus
1159 2178 1249 2234 per
1278 2172 1493 2215 mortem
1513 2202 1525 2224 ,
1548 2158 1698 2215 exhi-

101 2254 202 2309 bere
231 2264 428 2327 Oportet
450 2272 539 2311 vos
556 2265 762 2310 sanctos
786 2265 833 2309 et
855 2256 1217 2309 inmaculatos
1238 2264 1285 2309 et
1313 2255 1697 2325 irreprehensos

100 2349 146 2401 in
172 2358 442 2419 conspectu
487 2365 602 2403 suo.
644 2348 815 2416 Quale
840 2348 1043 2404 donum
1090 2348 1188 2405 Dei
1231 2348 1305 2404 sit
1341 2364 1467 2420 erga
1509 2356 1701 2419 gentes

105 2452 382 2508 memorat,
413 2450 474 2499 ut
496 2444 745 2499 ostendat
774 2458 870 2500 eos
895 2442 1207 2512 debitores,
1231 2452 1285 2499 et
1313 2443 1530 2514 quidem
1561 2442 1702 2499 mul-

106 2544 240 2605 tum,
270 2538 321 2593 in
361 2540 661 2609 gratiarum
704 2541 1017 2597 actionibus
1062 2541 1153 2597 Dei
1178 2558 1191 2607 ;
1215 2541 1306 2612 qui
1334 2556 1457 2597 cum
1496 2538 1701 2595 inimici

105 2642 273 2688 essent
302 2633 661 2690 consiliorum
692 2634 810 2707 ejus
831 2677 844 2702 ,
877 2637 1074 2707 quibus
1098 2635 1344 2692 decrevit
1366 2637 1587 2692 visitare
1606 2649 1701 2706 ge-

107 2740 199 2781 nus
242 2726 538 2783 humanum
591 2744 686 2799 per
710 2728 972 2786 famulum
1025 2744 1186 2787 suum
1236 2730 1461 2803 Moysen
1489 2772 1504 2797 ,
1547 2729 1703 2800 cujus

107 2819 391 2877 doctrinam
453 2832 513 2880 et
563 2833 887 2894 potestatem
942 2842 1051 2881 non
1108 2834 1465 2896 receperunt,
1522 2823 1704 2880 devoti

108 2914 256 2972 idolis
302 2919 446 2987 suis,
518 2920 688 2976 immo
744 2920 1006 2991 operibus
1059 2920 1297 2991 iniquis;
1339 2919 1707 2975 adoraverunt

109 3008 241 3064 cnim
266 3025 432 3081 opera
478 3025 610 3080 sua,
642 3028 762 3084 qua:
809 3012 1087 3070 fecerunt:
1122 3012 1285 3086 266
1331 3010 1707 3068 misericordia

110 3115 273 3163 autem
301 3117 354 3163 et
398 3108 748 3179 providentia
781 3108 881 3165 Dei
909 3110 1197 3182 requisivit
1225 3123 1351 3175 eos;
1380 3118 1439 3163 ut
1468 3106 1707 3178 gratuito

1799 1892 1866 1933 ex
1891 1892 2000 1946 quo
2030 1886 2201 1933 totum
2232 1893 2429 1949 corpus
2456 1879 2771 1936 continetur
2798 1881 2862 1937 ad
2894 1882 3083 1937 vitam.

1868 1967 2054 2039 (γεγε.
2078 1970 2171 2035 25,
2198 1969 2316 2041 26.)
2338 1970 2500 2042 Cujus
2516 1976 2684 2043 [actus
2708 1990 2823 2027 sum
2843 1990 2940 2045 ego
2962 1976 3197 2031 minister
3222 1993 3408 2033 secun-

1801 2064 1924 2145 dum
1952 2064 2408 2145 dispensationem
2454 2064 2589 2133 Dei,
2621 2083 2738 2138 qua:
2780 2069 2902 2122 data
2932 2080 3006 2124 est
3047 2071 3173 2124 mihi
3201 2071 3255 2125 in
3280 2089 3371 2127 vos
3396 2116 3411 2139 ,

1800 2142 1869 2214 ad
1897 2142 2218 2229 implendum
2240 2160 2445 2214 verbum
2473 2159 2571 2214 Dei
2589 2162 2643 2215 in
2665 2164 2910 2233 mysterio
2927 2204 2943 2230 ,
2975 2165 3115 2235 quod
3142 2166 3418 2221 abscondi-

1802 2261 1911 2305 tum
1937 2252 2036 2322 fuit
2066 2269 2096 2306 a
2124 2252 2326 2308 swculis
2355 2254 2695 2320 saeculorum,
2721 2265 2769 2309 et
2798 2274 2829 2309 α
2857 2258 3293 2327 generationibus.
3318 2260 3417 2315 Mi-

1802 2345 2033 2401 nistrum
2060 2344 2258 2400 factum
2281 2359 2340 2400 se
2368 2360 2491 2401 esse
2518 2345 2801 2417 Evangelii
2833 2348 2975 2403 inter
3004 2358 3195 2420 gentes
3224 2366 3252 2403 ιι
3304 2352 3419 2407 Deo

1805 2454 1899 2511 per
1942 2438 2218 2494 Christum
2268 2454 2392 2495 cum
2425 2439 2620 2495 ﬁducia
2669 2440 2941 2511 loquitur,
2988 2453 3045 2497 ut
3094 2446 3417 2514 mysterium

1803 2541 2040 2604 emptum
2064 2549 2093 2588 a
2128 2534 2359 2590 Domino
2388 2549 2487 2605 per
2516 2534 2770 2591 idoneum
2801 2545 2858 2591 et
2884 2536 3167 2594 efﬁcacem
3201 2553 3420 2595 servum

1806 2628 1978 2699 possit
2001 2628 2253 2699 impleri,
2285 2628 2431 2700 quod
2463 2630 2704 2700 ignotum
2739 2630 2837 2686 luit
2861 2647 2890 2685 a
2921 2631 3158 2688 saeculis.

1879 2726 2061 2797 (Vers.
2092 2726 2183 2794 27,
2212 2725 2333 2795 28.)
2364 2725 2519 2782 Nunc
2569 2743 2688 2782 vero
2737 2728 3060 2785 declaratum
3106 2742 3180 2786 est
3230 2734 3423 2787 sanctis

1807 2823 1920 2891 ejus
1944 2863 1960 2887 ,
1985 2820 2169 2891 quibus
2190 2821 2350 2875 voluit
2378 2820 2517 2876 Deus
2548 2821 2903 2877 demonstrare
2945 2841 3060 2895 qua:
3093 2826 3194 2879 sint
3231 2825 3423 2880 divitia:

1808 2914 2101 2988 majestatis
2148 2914 2377 2986 mysterii
2417 2911 2515 2969 Dei
2553 2918 2607 2969 in
2638 2917 2934 2972 nationibus
2955 2958 2970 2985 ,
3002 2918 3141 2987 quod
3170 2928 3243 2973 est
3274 2918 3427 2974 Citri-

1811 3016 1893 3064 tus
1921 3010 1977 3063 in
2000 3009 2139 3064 vobis
2164 3026 2280 3079 spes
2303 3008 2489 3082 gloria:
2511 3053 2525 3077 ,
2559 3027 2709 3080 quem
2740 3028 2833 3067 nos
2862 3014 3247 3069 annuntiamus.
3277 3014 3323 3069 Μ
3333 3032 3425 3086 ys-

1812 3104 2009 3159 terium
2041 3104 2181 3175 quod
2212 3102 2370 3159 latuit
2396 3118 2425 3157 a
2455 3103 2703 3169 sacculis,
2736 3104 2902 3160 modo
2941 3106 3239 3163 revelatum
3272 3123 3425 3165 assc-

115 3200 197 3254 Itei
245 3202 475 3273 gratiam
520 3213 1017 3274 consequerentur,
1058 3201 1351 3258 redeuntes
1390 3199 1459 3256 ad
1499 3215 1623 3257 eum
1655 3198 1706 3254 in
1737 3213 1783 3278 ρ
1814 3198 1921 3265 rit,
1950 3197 2001 3253 id
2034 3206 2148 3263 est,
2185 3207 2430 3265 tempore
2457 3197 2826 3267 apostolorum
2871 3208 3185 3266 ostensum;
3215 3201 3337 3272 quia
3368 3213 3427 3258 et

112 3296 428 3352 conscientia
460 3296 697 3363 munda;
733 3305 793 3353 ut
820 3297 874 3353 in
902 3296 994 3353 die
1017 3295 1205 3367 judicii
1233 3295 1360 3350 dum
1387 3294 1521 3349 nihil
1552 3309 1707 3350 erro-

113 3385 182 3441 ris
206 3389 402 3446 veteris
424 3390 767 3447 inveniretur
793 3395 847 3445 in
878 3389 991 3457 his,
1017 3389 1517 3461 adcorporarentur
1542 3384 1711 3444 Crea-

116 3482 207 3538 tori
247 3498 344 3541 suo
366 3526 385 3555 ,
416 3486 517 3558 qui
540 3493 599 3541 ut
626 3487 915 3557 prodesset
936 3484 1172 3540 humano
1196 3484 1418 3555 generi,
1458 3483 1709 3538 incarna-

116 3583 190 3631 tus
216 3576 373 3634 homo
395 3578 577 3636 factus
598 3588 704 3647 est,
720 3588 779 3635 ut
804 3579 857 3635 in
884 3595 1048 3636 carne
1062 3594 1158 3633 sua
1187 3580 1429 3633 vinceret
1452 3585 1704 3632 mortem.

178 3667 351 3740 (Vers.
381 3672 475 3740 25,
509 3670 630 3745 24.)
660 3672 722 3728 Si
766 3672 973 3744 quidem
1002 3672 1339 3743 perseveratis
1368 3671 1421 3724 in
1453 3668 1557 3739 ﬁde
1585 3673 1710 3740 fun-

116 3758 232 3831 dati,
252 3762 456 3819 stabiles
477 3773 531 3819 et
558 3764 843 3821 immobiles
872 3784 905 3821 a
924 3782 1014 3838 spe
1040 3763 1330 3837 Evangelii,
1362 3764 1501 3835 quod
1527 3761 1709 3818 audis-

118 3854 195 3921 tis,
224 3858 356 3926 quod
377 3858 721 3931 prasdicatum
746 3870 823 3915 est
851 3861 905 3915 in
932 3862 1171 3917 universa
1192 3870 1449 3926 creatura,
1472 3876 1588 3931 qua:
1615 3859 1709 3915 sub

118 3949 229 4004 coelo
253 3960 345 4005 est.
377 3950 546 4026 Cujus
590 3956 763 4025 factus
805 3970 918 4010 sum
947 3970 1042 4025 ego
1085 3954 1290 4009 Paulus
1329 3954 1592 4019 minister,
1621 3953 1710 4022 qui

121 4057 240 4096 nunc
263 4046 459 4117 gaudeo
492 4046 547 4101 in
578 4048 903 4117 passionibus
932 4064 1030 4119 pro
1052 4048 1191 4103 vobis
1210 4090 1225 4115 ,
1260 4056 1307 4103 et
1340 4048 1558 4120 suppleo
1587 4046 1713 4101 reli-

119 4136 250 4203 quias
270 4155 628 4207 pressurarum
642 4140 836 4197 Christi
852 4142 907 4195 in
921 4157 1075 4197 carne
1095 4157 1205 4197 mea
1223 4158 1316 4213 pro
1335 4156 1550 4212 corpore
1570 4142 1708 4207 eius,

120 4229 242 4296 quod
265 4241 335 4287 est
362 4230 622 4289 Ecclesia.
655 4233 712 4291 In
736 4233 1204 4302 tribulationibus,
1226 4248 1362 4306 quas
1386 4234 1708 4307 patiebatur,

122 4323 382 4382 exsultare
411 4341 473 4383 se
505 4325 738 4393 fatetur;
781 4330 907 4400 quia
951 4328 1251 4401 profectum
1296 4343 1453 4384 suum
1482 4327 1631 4384 videt
1657 4328 1711 4384 in

125 4411 219 4469 ﬁde
267 4417 627 4475 credentium.
675 4420 793 4476 Non
845 4431 929 4479 est
974 4423 1119 4480 enim
1162 4422 1341 4479 inanis
1386 4422 1708 4489 tribulatio,

126 4509 325 4576 quando
349 4526 473 4569 eum
500 4529 598 4584 pro
625 4530 732 4585 quo
759 4515 983 4586 patitur,
1006 4516 1240 4587 acquirit
1260 4515 1327 4571 ad
1350 4516 1535 4571 vitam.
1567 4516 1714 4583 Quas

1810 3302 2003 3363 gentes
2039 3292 2391 3349 admittendze
2418 3300 2603 3347 essent
2640 3291 2759 3349 sine
2794 3294 3213 3352 circumcisione
3242 3298 3428 3353 carnis

1810 3387 1878 3443 ad
1905 3387 2065 3444 ﬁdem
2097 3387 2333 3452 Christi,
2375 3387 2467 3457 qui
2504 3388 2809 3458 promissus
2838 3397 2959 3444 erat
2996 3388 3218 3445 Judteis.
3262 3390 3422 3447 Prius

1811 3483 1955 3539 enim
1980 3492 2106 3539 ante
2143 3482 2585 3553 pradicationem
2615 3483 2739 3539 ﬁdei
2761 3484 3081 3541 circumcidi
3110 3485 3423 3542 mandatum

1810 3586 1896 3633 est
1920 3578 2181 3649 gentiles,
2207 3578 2252 3633 si
2284 3578 2587 3635 voluissent
2612 3576 2679 3633 ad
2710 3577 2912 3649 Legem
2938 3579 3203 3636 accedere
3233 3598 3246 3634 :
3280 3598 3428 3637 nunc

1812 3678 1991 3725 autem
2039 3670 2415 3726 misericordia
2459 3670 2597 3737 Dei,
2642 3672 2714 3725 ita
2748 3680 2808 3726 ut
2852 3681 3014 3738 sunt,
3054 3672 3257 3741 suscipi
3286 3672 3426 3741 jussi

1811 3774 1939 3819 sunt
1974 3764 2039 3820 ad
2069 3763 2256 3819 ﬁdem.
2286 3762 2442 3832 Quod
2472 3762 2753 3833 indignum
2784 3762 3075 3833 putabatur
3101 3762 3303 3819 Judaeis
3324 3806 3337 3827 ,
3372 3773 3430 3819 ut

1811 3854 2062 3911 Christus
2092 3856 2146 3910 in
2189 3870 2299 3926 quo
2337 3869 2465 3925 spes
2506 3863 2624 3911 erat
2649 3854 3002 3923 Judaeorum,
3033 3856 3194 3912 etiam
3234 3866 3426 3927 gentes

1813 3949 2105 4020 participes
2136 3947 2343 4005 faceret
2370 3948 2561 4019 gloria:
2592 3964 2727 4005 suae.

1884 4042 2067 4115 (Vers.
2088 4041 2208 4113 29.)
2234 4040 2501 4097 Manentes
2541 4057 2747 4097 omnem
2783 4042 3043 4098 hominem
3063 4084 3079 4111 ,
3107 4054 3155 4097 et
3184 4044 3425 4102 docentes

1810 4137 1865 4191 in
1889 4136 2028 4192 omni
2050 4135 2334 4206 sapientia,
2360 4143 2420 4190 ut
2442 4134 2772 4191 exhibeamus
2799 4151 2997 4191 onmem
3017 4134 3275 4191 hominem
3307 4155 3423 4208 per-

1813 4230 2004 4300 fectum
2044 4232 2101 4285 in
2131 4228 2338 4285 Christo
2370 4244 2389 4283 :
2414 4229 2468 4283 in
2507 4244 2610 4300 quo
2636 4229 2847 4295 laboro,
2889 4239 3092 4286 certans
3136 4233 3423 4286 secundum

1813 4326 2163 4398 Operationem
2214 4326 2418 4397 ipsius,
2459 4340 2575 4395 qua:
2617 4334 2860 4397 aperatur
2909 4326 2961 4381 in
2989 4343 3068 4381 me
3108 4328 3163 4382 in
3210 4330 3417 4387 virtute.

1814 4420 1965 4477 Hanc
1994 4421 2127 4477 dicit
2151 4434 2336 4476 veram
2368 4434 2490 4477 esse
2519 4420 2839 4490 sapientiam
2859 4460 2875 4488 ,
2905 4436 3026 4492 quae
3052 4430 3138 4478 est
3179 4422 3232 4478 in
3259 4423 3425 4481 disci-

1814 4512 1961 4584 plina
1990 4512 2306 4580 Dominica,
2340 4528 2465 4568 cum
2505 4512 2826 4584 agnoscitur
2862 4511 3136 4569 Christus.
3179 4515 3332 4583 Quod
3363 4533 3423 4573 se

130 4605 391 4669 passiones
433 4607 657 4666 Christo
686 4610 817 4667 dicit
848 4610 1067 4679 inferri,
1099 4612 1255 4681 cujus
1296 4611 1481 4682 utique
1510 4610 1712 4666 doctri-
1738 4615 1791 4676 D
1815 4608 1991 4679 ipsum
2014 4607 2308 4679 Apostolus
2334 4621 2528 4678 magna
2558 4621 2683 4661 cum
2712 4621 2843 4662 cura
2876 4622 3038 4678 agere
3066 4618 3332 4677 testatur;
3366 4621 3425 4667 ut

129 4712 240 4752 nam
279 4712 701 4774 persequuntur;
738 4714 793 4758 ut
834 4712 890 4759 et
933 4704 1173 4776 perﬁdos
1198 4711 1390 4775 gravet
1420 4702 1714 4773 impietatis

131 4804 229 4847 suae
250 4795 585 4861 credulitate,
607 4806 661 4852 el
691 4796 941 4853 ﬁdelibus
961 4796 1054 4853 Dei
1078 4796 1340 4869 praedicet
1363 4794 1710 4861 charitatem,

132 4883 271 4953 cujus
298 4886 463 4944 Filius
505 4904 648 4945 nunc
680 4906 850 4961 usque
890 4889 1117 4960 injurias
1160 4889 1363 4961 patitur
1407 4902 1506 4960 pro
1534 4887 1711 4943 nobis.

135 4973 272 5033 Nunc
298 4979 455 5050 igitur
503 4982 733 5054 intelligi
771 4983 885 5038 vult
913 4998 1015 5054 qua
1046 4997 1207 5038 causa
1255 4980 1444 5037 scribit
1472 4980 1538 5034 ad
1583 4994 1713 5046 eos,

136 5082 244 5124 cum
268 5072 395 5129 dicit
427 5093 438 5128 :
472 5075 532 5131 Si
577 5087 744 5132 tamen
788 5077 1123 5148 perseveratis
1164 5077 1217 5130 in
1242 5076 1345 5145 ﬁde
1389 5075 1628 5148 fundati;
1661 5081 1719 5130 ut

137 5163 320 5222 scirent
337 5176 463 5226 tunc
492 5171 748 5242 prodesse
768 5172 869 5228 sibi
896 5171 1203 5243 passionem
1221 5169 1445 5235 Christi,
1469 5171 1515 5227 si
1540 5170 1592 5226 in
1622 5184 1711 5227 ac-

139 5267 279 5327 cepta
308 5260 410 5318 ﬁde
434 5273 738 5322 manerent.
772 5264 981 5321 Idcirco
1006 5264 1150 5321 enim
1182 5265 1572 5336 omnipotentia
1604 5278 1719 5319 ma-

140 5351 415 5418 gnitudinis
458 5368 653 5428 quanta
691 5361 761 5415 sit
803 5358 1038 5427 Christi,
1066 5369 1121 5415 et
1164 5374 1323 5431 quam
1374 5359 1615 5427 inﬁnita,
1650 5358 1721 5414 ab

144 5438 283 5499 initio
298 5444 587 5505 declaravit
603 5492 617 5517 ,
644 5461 701 5507 ut
725 5452 943 5509 doceret
967 5454 1021 5508 in
1048 5453 1167 5523 ipso
1190 5452 1310 5509 solo
1331 5466 1482 5523 spem
1510 5465 1721 5522 ponen-

145 5530 289 5603 dam;
320 5540 441 5610 quia
470 5541 636 5613 ipsius
665 5553 793 5601 sunt
819 5546 998 5603 omnia
1018 5587 1031 5611 ,
1065 5554 1120 5601 et
1147 5544 1274 5615 quia
1306 5542 1439 5599 nihil
1464 5545 1581 5599 sine
1604 5543 1723 5614 ipso

148 5636 308 5694 potest
332 5632 517 5692 vivere
538 5677 552 5703 ,
584 5653 757 5710 neque
782 5638 836 5695 in
864 5637 1017 5696 caelis
1037 5681 1050 5704 ,
1083 5652 1257 5709 neque
1279 5637 1332 5692 in
1364 5636 1551 5692 terris.
1583 5635 1724 5692 Ante

218 5776 247 5867 ἒ
270 5776 391 5867 ἕως,
426 5779 665 5867 ῃοηιῃιιιί
692 5783 974 5867 ,Δξξυερμω
996 5781 1050 5835 in
1079 5779 1464 5867 excelsis‘suttt;
1478 5778 1519 5867 J’
1540 5848 1593 5867 ..Δ
1635 5848 1669 5867 μ

270 5848 460 5906 Omnes
499 5852 625 5907 edit.
677 5848 988 5924 estquidem
1035 5866 1193 5920 mss.,
1237 5852 1345 5906 vita
1368 5848 1731 5921 inﬁdelitatis;

421 5942 686 6012 Ριτιιοι.
732 5945 938 6010 XVII.

1817 4700 2077 4758 erudiens
2097 4716 2314 4758 omnem
2336 4699 2611 4755 hominem
2634 4700 2688 4755 in
2712 4700 2813 4756 hac
2840 4700 3140 4771 sapientia,
3170 4718 3429 4759 consum-

1821 4804 2023 4852 matum
2055 4810 2180 4851 eum
2215 4793 2473 4851 exhibeat
2495 4795 2607 4850 Deo
2626 4794 2690 4863 jin
2724 4794 3060 4852 intellectum
3092 4794 3293 4853 Christi
3322 4841 3337 4867 ,
3370 4808 3429 4854 ut

1821 4888 2138 4960 mysterium
2166 4888 2469 4943 nativitatis
2497 4902 2563 4943 ex
2589 4887 2729 4954 Deo,
2760 4899 2814 4944 et
2842 4888 3137 4945 nativitatis
3158 4905 3223 4947 ex
3254 4890 3419 4945 Maria

1820 4990 1874 5036 et
1902 4981 2067 5035 totius
2097 4980 2280 5051 operis
2309 4978 2429 5050 ejus
2472 4978 2773 5037 emlestium
2803 4989 2859 5037 et
2900 4982 3241 5039 terrestrium
3274 4996 3423 5038 asse-

1820 5085 2039 5147 quatur.
2071 5075 2239 5145 Cujus
2260 5076 2338 5131 rei
2363 5084 2638 5132 certamen
2659 5086 2844 5133 contra
2870 5077 3110 5147 perﬁdos
3140 5076 3341 5133 habere
3363 5092 3423 5132 se

1821 5170 2059 5241 loquitur
2081 5210 2097 5237 ,
2143 5169 2527 5241 adjuvantibus
2554 5169 2721 5242 signis
2756 5171 3049 5227 virtutum:
3086 5179 3141 5223 ut
3179 5184 3273 5239 per
3305 5169 3422 5227 haec

1824 5257 1851 5298 ι)
1876 5262 2016 5316 victa
2040 5258 2333 5317 inﬁdelitas
2354 5259 2767 5331 comprimatur.
2794 5260 2895 5327 Qui
2919 5259 3063 5315 enim
3092 5258 3269 5315 verbis
3291 5262 3422 5318 sub-

1824 5356 2019 5412 tilitate
2044 5356 2277 5426 quadam
2306 5356 2587 5413 diabolicae
2617 5355 2871 5410 versutiae
2903 5367 3067 5408 ausus
3094 5362 3177 5409 est
3205 5364 3423 5412 contra-

1826 5450 2042 5519 dicere,
2074 5449 2283 5521 pudore
2312 5457 2622 5515 correctus,
2658 5460 2884 5502 necesse
2912 5453 2998 5502 est
3025 5444 3182 5502 cedat
3208 5448 3425 5512 virtuti,

2362 5541 2520 5613 267
2567 5538 2794 5597 CAPUT
2829 5537 2894 5593 II.

1906 5635 2086 5710 (Vers.
2112 5639 2160 5703 1,
2176 5637 2234 5704 2,
2258 5634 2339 5705 5.)
2369 5633 2501 5689 Volo
2525 5634 2663 5688 enim
2682 5646 2771 5685 vos
2790 5632 2944 5701 scire,
2966 5644 3211 5703 quantam
3232 5636 3427 5695 sollici-

1842 5775 1933 5832 alii
1960 5776 2144 5846 plures
2171 5773 2552 5845 potioresque,
2583 5768 2713 5823 victa
2733 5767 3033 5837 inﬁdelitas.

2876 5925 2947 5988 1's
