3970 6316
541 266 648 324 ιε’]

538 381 766 436 tudinem
791 378 1008 433 habeam
1024 389 1118 446 pro
1131 372 1290 438 vobis,
1311 379 1359 426 et
1377 385 1471 439 pro
1484 370 1564 425 his
1580 370 1668 440 qui
1690 368 1978 424 Laodictete
1987 377 2126 436 sunt,
2157 374 2210 436 Α

535 482 580 527 et
605 478 852 543 quotquot
871 483 973 524 non
997 466 1237 521 uiderunt
1260 462 1444 536 {aciem
1471 476 1639 516 meam
1659 460 1714 516 in
1737 475 1924 528 carne;
1942 468 1999 514 ut
2015 474 2137 515 con-

531 564 834 619 solationem
847 560 1103 632 accipiant
1114 556 1273 612 corda
1283 572 1487 624 eorum,
1501 571 1619 610 cum
1629 554 1819 627 fuerint
1833 553 2072 608 instructi
2083 554 2137 606 in

533 657 782 711 charitate
813 656 868 709 in
891 665 1068 709 omnes
1103 652 1312 707 diuitias
1343 649 1688 722 plenitudinis
1720 647 2137 717 intellectus,'fatl

531 751 848 822 agnitionem
865 756 892 786 α
915 743 1262 819 mysteriiﬂei
1284 745 1342 799 in
1365 743 1602 808 Christo,
1623 743 1678 796 in
1696 756 1798 812 quo
1821 751 1940 795 sunt
1962 755 2136 796 omnes

527 844 757 899 thesauri
773 843 1044 914 sapientite
1076 851 1122 895 et
1143 839 1372 896 scientia
1386 835 1701 893 abscondi“.
1721 835 1839 891 Non
1865 849 1931 890 se
1952 833 2136 889 minus

527 937 820 995 sollicitum
835 949 936 1008 pro
949 935 1198 1007 his,quos
1212 935 1263 990 in
1276 932 1685 990 carneininime
1697 927 2020 1001 ridit,quam
2037 943 2138 1000 pro

525 1034 632 1092 illis
647 1044 788 1101 erat,
813 1031 1012 1105 quibus
1037 1043 1282 1102 praisens
1299 1025 1650 1101 praedicabat,
1674 1036 1910 1084 testatur
1925 1041 1941 1093 ;
1959 1037 2014 1080 ut
2029 1027 2137 1081 sci-

521 1136 646 1184 rent
675 1142 784 1184 non
813 1127 1025 1182 minore
1051 1125 1247 1181 aliaetu
1272 1122 1423 1194 diligi
1449 1138 1510 1179 se
1531 1121 1600 1176 ab
1631 1135 1718 1187 eo,
1749 1122 1874 1192 quia
1895 1135 1993 1176 eos
2026 1133 2133 1174 non

517 1219 753 1287 viderat,
787 1233 951 1291 quam
982 1227 1217 1274 caeteros
1240 1216 1384 1288 apud
1409 1229 1545 1286 quos
1577 1223 1714 1281 erat,
1740 1213 2042 1284 diligebat;
2074 1221 2134 1267 ut

517 1314 736 1371 foveret
753 1313 966 1370 animos
978 1326 1168 1368 eorum
1191 1311 1246 1366 in
1274 1309 1563 1376 charitate,
1591 1319 1648 1364 et
1674 1309 1911 1380 prompti
1937 1307 2133 1362 tierent

517 1424 621 1478 per
642 1407 929 1479 epistolam
949 1447 965 1475 ,
990 1415 1047 1462 et
1087 1406 1422 1476 agnitionem
1448 1403 1764 1475 acciperent
1801 1399 2134 1456 sacramenti

517 1501 618 1559 Dei
667 1503 719 1557 in
761 1498 1396 1568 Ghristo,_advertentes
1427 1498 1526 1553 bas
1574 1511 1697 1552 esse
1746 1494 2030 1567 sapientim
2077 1502 2134 1549 et

514 1597 762 1655 scientiae
806 1596 1046 1663 divitias,
1083 1595 1130 1650 si
1167 1602 1500 1663 agnoscatur
1548 1592 1799 1647 Christus
1825 1589 1879 1645 in
1912 1589 2130 1644 deitalis

517 1706 632 1746 sum
656 1689 1002 1760 plenitudine
1022 1687 1358 1743 adorandus.
1392 1688 1566 1743 Omtte
1600 1686 1764 1756 igitur
1808 1684 2126 1756 mysterium

515 1787 848 1843 saeratnenti
875 1785 970 1841 Dei
1002 1787 1055 1839 in
1077 1784 1293 1840 Christo
1315 1792 1420 1838 est.
1457 1781 1554 1836 llic
1585 1786 1671 1836 cst
1697 1782 1842 1836 enim
1883 1793 2042 1845 unus,
2072 1776 2125 1831 iu
2159 1815 2203 1874 Β

518 1896 628 1951 quo
659 1881 838 1936 omnis
873 1889 1122 1935 creatura
1160 1877 1262 1933 nisi
1295 1875 1620 1946 speraverit,
1655 1871 1887 1944 peribit;
1925 1879 1981 1924 ut
2013 1885 2129 1923 om-

518 1975 668 2031 nium
690 1975 932 2045 potentia
962 1975 1014 2029 in
1039 1985 1107 2030 eo
1127 1973 1219 2038 sit,
1251 1969 1423 2042 utqui
1448 1969 1727 2041 cognoscit
1757 1969 1944 2035 istum,
1966 1977 2129 2022 cunc-

520 2077 698 2123 torum
745 2079 1107 2139 quascumque
1149 2073 1299 2134 sont,
1352 2064 1725 2135 cognitionem
1758 2060 2007 2116 videatur
2034 2058 2129 2113 lia-

518 2163 671 2230 bere,
701 2177 802 2219 nec
820 2162 1084 2219 colendus
1107 2161 1243 2216 alius
1266 2167 1468 2230 prretcr
1487 2160 1629 2213 hunc
1646 2157 1976 2227 requiratur;
1999 2153 2126 2225 quia

520 2260 768 2316 ontnium
797 2260 1163 2330 potentiorum
1191 2257 1363 2311 virtus
1401 2255 1456 2309 in
1482 2269 1548 2310 eo
1575 2259 1693 2319 est;
1722 2267 1787 2308 ex
1831 2252 1950 2322 ipso
1985 2248 2125 2304 cnim

517 2353 546 2393 1)
575 2355 775 2411 habent
805 2369 1016 2411 omnes.
1050 2352 1201 2409 Unus
1234 2352 1376 2408 enim
1405 2365 1527 2406 cum
1561 2351 1655 2416 sit,
1688 2348 1870 2404 omnia
1903 2355 2084 2417 potest
2111 2361 2124 2396 :

516 2463 686 2520 quare
713 2457 768 2504 et
798 2455 962 2518 caput
991 2444 1233 2502 omnium
1261 2443 1484 2508 dicitur,
1518 2449 1576 2496 ut
1605 2449 1701 2511 per
1734 2441 1910 2511 ipsum
1936 2449 2126 2491 omnes

510 2542 814 2598 subsistere
845 2540 1153 2596 videantur.
1189 2539 1356 2609 Digne
1388 2551 1520 2608 ergo
1547 2541 1741 2591 Omnes
1769 2532 2012 2589 thesauri
2037 2545 2123 2585 sa-

509 2636 729 2707 pientiae
756 2643 808 2690 et
839 2634 1087 2690 scientia:
1111 2633 1164 2687 in
1201 2646 1268 2687 eo
1291 2630 1549 2686 dicuntur
1581 2627 1905 2684 absconditi.
1931 2625 2121 2681 Omnis

510 2730 654 2785 enim
686 2728 933 2785 scientire
980 2726 1125 2782 ratio
1155 2726 1322 2780 totius
1347 2731 1611 2780 creaturas
1641 2713 1890 2793 superna:
1917 2729 1972 2775 et
2010 2729 2121 2774 ter-

512 2839 661 2880 rena:
701 2823 754 2877 in
787 2837 854 2876 eo
906 2823 977 2876 sit
1016 2828 1257 2891 Oportet,
1307 2819 1400 2888 qui
1451 2818 1693 2872 omnium
1738 2831 1929 2871 eorum
1961 2820 2124 2883 caput

513 2928 620 2983 est,
651 2917 768 2972 sive
792 2916 1151 2987 Angelornm,
1181 2914 1296 2969 sive
1317 2913 1473 2980 solis,
1493 2899 1609 2968 sive
1627 2914 1790 2976 linire,
1809 2912 1926 2966 sive
1941 2910 2124 2965 stella-

511 3025 657 3076 rum,
684 3018 774 3064 aut
794 3019 1114 3064 exterarum
1143 3007 1546 3074 rerum,omnis
1576 3007 1822 3061 scientia:
1846 3005 2038 3076 peritia
2063 3003 2117 3058 in

515 3111 740 3158 auctore
769 3103 990 3156 illorum
1029 3109 1150 3167 est;
1181 3109 1240 3155 ut
1277 3100 1369 3170 qui
1395 3099 1538 3153 hunc
1562 3099 1824 3168 agnoscit,
1874 3096 2008 3152 nihil
2037 3096 2120 3150 ul-

512 3202 595 3250 tra
647 3196 915 3266 requirat,
965 3209 1067 3250 nec
1118 3195 1474 3266 sapientiam,
1518 3207 1617 3248 nec
1655 3194 1946 3254 virtutem;
1991 3193 2114 3262 quia
2147 3229 2220 3292 Ο

509 3287 740 3360 agnovit
767 3303 914 3355 eum,
949 3287 1002 3342 in
1032 3301 1140 3356 quo
1165 3285 1404 3356 perfecta
1439 3286 1628 3351 virtus,
1664 3284 2011 3356 perfectaque
2033 3299 2111 3338 sa-

513 3379 720 3450 pientia
752 3388 858 3436 est.
896 3378 1171 3449 Quidquid
1211 3379 1356 3434 enim
1387 3378 1517 3434 alibi
1557 3393 1615 3433 se
1665 3379 1935 3447 putaverit
1962 3378 2118 3432 inve-

510 3474 656 3541 nire,
687 3475 848 3545 plene
876 3475 930 3529 in
964 3475 1066 3528 hoc
1106 3483 1161 3528 et
1183 3471 1400 3529 abunde
1428 3473 1688 3528 inveniet.
1721 3471 1852 3526 Nam
1885 3471 2012 3540 quid
2040 3485 2121 3526 sa-

512 3570 752 3640 pientius
782 3570 1112 3625 Salomone'tl
1135 3569 1266 3640 quid
1293 3569 1618 3641 prudentius
1651 3569 1902 3624 Daniele?
1923 3569 2120 3640 quibus

509 3665 716 3721 idcirco
759 3663 901 3723 Deus
945 3681 1054 3736 pra:
1085 3664 1306 3721 ueteris
1346 3667 1671 3736 sapientiam
1716 3663 1886 3730 dedit,
1932 3673 1987 3717 ut
2023 3677 2121 3717 no-

513 3770 625 3817 tum
659 3761 868 3818 faceret
893 3760 1204 3818 inﬁdelibus
1236 3760 1400 3816 totius
1431 3775 1490 3816 se
1520 3759 1802 3831 sapientia:
1833 3773 1954 3814 esse
1994 3774 2121 3811 auc-

511 3865 711 3912 torem.
747 3854 992 3927 Denique
1042 3853 1553 3910 Nabuchodonosor
1580 3853 1714 3908 dicit
1756 3852 1989 3919 Danicli,
2026 3852 2121 3906 ad-

510 3948 717 4003 mirans
758 3963 924 4017 super
968 3947 1291 4017 sapientiam
1331 3947 1488 4016 ejus:
1542 3943 1672 4001 Vere
1708 3945 1851 4001 Deus
1891 3954 2054 4001 vester
2092 3955 2115 3984 ε

511 4041 626 4110 ipse
674 4050 748 4096 est
780 4040 921 4096 Deus
967 4042 1145 4106 riuus,
1187 4047 1235 4094 et
1277 4041 1513 4112 aperiens
1563 4041 1804 4112 ing/sterio
1832 4039 1997 4114 (Dan.
2041 4057 2117 4106 ιι,

511 4134 628 4204 47).
663 4132 818 4201 Quod
850 4133 1070 4204 quidem
1092 4145 1311 4188 omnem
1337 4133 1676 4189 incredulum
1702 4135 1832 4190 latet
1850 4135 1904 4189 in
1936 4134 2121 4190 Chris-

506 4238 565 4284 to
585 4243 710 4284 esse
735 4243 953 4284 omnem
983 4228 1308 4300 sapientiam
1328 4239 1383 4284 et
1404 4229 1688 4286 scientiam
1712 4247 1726 4297 ;
1750 4229 1874 4302 quia
1904 4245 2010 4286 non
2043 4229 2121 4286 le-

512 4330 647 4394 gunt
686 4321 741 4376 in
782 4321 1100 4393 Evangeliis
1149 4323 1531 4394 astrologiam,
1585 4339 1691 4379 non
1745 4326 1800 4380 in
1852 4324 2120 4395 Apostolo

510 4414 894 4484 geometriam,
925 4429 1031 4470 non
1057 4417 1113 4471 in
1147 4416 1430 4488 prophetis
1453 4418 1856 4474 arithmeticam
1884 4435 1984 4475 uec
2012 4433 2123 4474 mu-

512 4508 718 4563 sicam:
750 4523 873 4581 quas
898 4509 1105 4566 idcirco
1131 4510 1386 4582 despecta
1421 4523 1550 4568 sunt
1580 4527 1607 4567 a
1642 4515 1867 4582 nostris,
1901 4516 2024 4586 quia
2055 4517 2119 4570 ad

1504 251 1596 312 AD
1634 251 1866 313 OPERA
1914 250 2163 312 SANCTI
2203 253 2532 313 AMBROSII
2574 255 2943 314 APPENDIX.
3718 261 3800 318 iis

2309 370 2489 444 (Vera.
2518 369 2573 440 4,
2607 369 2688 443 5.)
2709 370 2826 426 Hoc
2851 371 2987 438 dico,
3021 381 3074 427 ut
3102 387 3250 426 nemo
3292 385 3380 426 vos
3401 369 3737 429 circumvenint
3761 379 3801 429 in

2241 465 2529 520 subtilitate
2565 467 2838 521 sermonis.
2883 465 3024 520 Nam
3077 469 3174 521 etsi
3215 483 3436 538 corpore
3477 469 3647 524 absens
3683 487 3798 535 smn,

2240 559 2429 629 spiritu
2456 569 2627 615 tamen
2652 560 2929 615 nobiscum
2972 578 3113 628 sum,
3139 559 3393 632 gaudens,
3425 558 3451 597 ἀ
3489 572 3533 615 et
3557 563 3711 617 ridens
3733 581 3802 617 or-

2242 652 2558 706 dinationem
2579 660 2816 721 uestram,
2846 663 2893 707 et
2919 654 3164 725 suppleas
3190 653 3266 720 id,
3292 653 3430 725 quod
3457 654 3592 709 deest
3612 651 3804 710 utilitati

2239 745 2567 814 ﬁdeirestra:
2610 747 2663 800 in
2693 747 2977 802 Christum.
3011 748 3341 803 Commonet
3367 764 3436 804 ne
3486 751 3534 804 in
3577 751 3801 805 malorum

2240 841 2527 914 colloquiis
2564 851 2620 899 et
2647 843 2850 900 astutia
2882 843 3183 914 iniquitatis
3227 859 3423 899 sensus
3450 852 3625 900 eorum
3657 857 3804 902 trans-

2239 934 2559 1003 duceretur;
2584 936 2709 1008 quia
2739 937 3014 1004 sapientes
3043 938 3229 993 mundi
3257 949 3374 994 arte
3401 935 3622 1010 quadam
3651 951 3698 995 et
3725 943 3804 996 mi-

2240 1031 2406 1086 mttiis
2447 1030 2878 1103 disputationum
2931 1032 3148 1087 irrctire
3215 1032 3456 1104 gestiunt
3512 1033 3799 1105 simplicium

2239 1125 2482 1189 animos;
2520 1131 2579 1178 ut
2620 1125 2834 1180 ratione
2874 1124 3274 1180 mundanarum
3308 1136 3487 1183 rerum
3522 1124 3801 1183 abstraham

2237 1233 2330 1273 eos
2373 1225 2402 1271 a
2431 1232 2549 1289 spe,
2593 1233 2710 1289 qum
2743 1227 2826 1273 est
2864 1219 2916 1272 in
2950 1216 3190 1273 Christo.
3228 1217 3385 1274 Unde
3415 1219 3692 1291 Apostolus
3716 1223 3804 1290 spi-

2237 1313 2344 1368 ritu
2397 1326 2457 1368 se
2485 1312 2600 1368 illic
2640 1311 2836 1369 adesse
2883 1312 3037 1380 dicit,
3088 1319 3148 1368 ut
3174 1314 3531 1370 reverentiam
3566 1313 3670 1385 ejus
3698 1325 3800 1370 ante

2235 1408 2425 1462 oculos
2458 1407 2744 1473 habentes,
2777 1407 3113 1464 abstinerent
3169 1423 3229 1464 se
3274 1408 3344 1464 ab
3392 1407 3685 1480 bujusmodi
3722 1411 3801 1466 ho-

2237 1501 2498 1558 minibus.
2546 1501 2603 1557 Si
2667 1501 2810 1556 enim
2859 1504 3085 1573 spiritus
3140 1503 3323 1558 Elisaei
3389 1499 3653 1574 propheta:
3691 1504 3802 1562 vidit

2234 1596 2479 1652 fraudem
2503 1596 2653 1653 Giezi
2678 1598 2857 1652 cuntis
2879 1597 2943 1651 ad
2971 1597 3209 1652 Naaman
3239 1597 3461 1669 Syrum,
3488 1608 3542 1653 ut
3564 1599 3801 1670 acciperet

2232 1694 2335 1751 sub
2384 1694 2605 1748 nomine
2633 1692 2777 1764 ejus,
2824 1707 2946 1764 qum
2990 1693 3061 1746 illi
3093 1691 3349 1748 mandata
3386 1707 3489 1748 non
3516 1691 3727 1758 fuerant,
3754 1701 3801 1749 et

2231 1781 2656 1842 descendentem
2685 1796 2936 1856 prompto
2961 1787 3144 1841 animo
3167 1786 3408 1840 Naaman
3434 1785 3479 1841 ei
3515 1787 3627 1856 plus
3651 1785 3804 1841 dedis-

2232 1898 2311 1947 se,
2339 1896 2499 1952 quam
2541 1882 2716 1936 fuerat
2743 1881 3049 1950 postulatus
3104 1880 3195 1951 (IV
3219 1878 3352 1951 Reg.
3393 1897 3445 1947 v,
3477 1879 3563 1951 9.6)
3589 1896 3601 1944 ;
3631 1890 3802 1950 quanto

2231 1975 2404 2046 magis
2446 1973 2741 2044 Apostolus
2779 1983 2868 2039 ea,
2915 1989 3034 2044 qum
3079 1972 3240 2036 dixit,
3287 1983 3501 2044 poterat
3549 1973 3598 2027 in
3636 1972 3800 2044 spiritu

2231 2064 2456 2124 videre!
2513 2067 2684 2139 Major
2726 2069 2869 2124 enim
2916 2054 3089 2139 gratia
3136 2065 3235 2120 luit
3266 2067 3317 2120 in
3347 2067 3632 2138 apostolis,
3665 2082 3800 2138 quam

2229 2162 2280 2218 in
2312 2161 2612 2233 prophetis.
2640 2161 2704 2216 Et
2725 2169 2786 2216 ut
2810 2160 3176 2233 promptiores
3199 2160 3318 2215 illos
3347 2158 3553 2215 laceret
3572 2157 3697 2215 circa
3712 2169 3802 2214 tra-

2229 2257 2497 2313 ditionem
2553 2255 2951 2328 evangelicum,
2987 2255 3230 2326 gaudere
3258 2261 3318 2310 sc
3351 2254 3482 2309 dicit
3512 2253 3563 2308 in
3601 2253 3801 2324 disposi-

2232 2349 2379 2405 tione
2431 2343 2866 2406 conversationis
2898 2347 3151 2414 illorum;
3186 2357 3243 2402 ut
3286 2348 3524 2403 scientes
3553 2345 3680 2402 unde
3709 2347 3800 2401 Deo

2230 2447 2528 2515 placentur,
2559 2445 2612 2498 in
2641 2459 2706 2498 co
2749 2442 2944 2498 ﬁerent
2965 2441 3260 2507 ﬁrmiores,
3294 2447 3391 2512 per
3419 2441 3556 2512 quod
3583 2440 3711 2512 digni
3732 2440 3801 2495 el-

2230 2539 2351 2596 iecti
2404 2538 2471 2594 ad
2513 2539 2764 2593 utilitatis
2809 2537 3112 2606 profectum
3161 2535 3287 2591 ﬁdei
3330 2549 3442 2590 suae
3491 2533 3800 2590 addiscerem

2227 2647 2472 2690 sensum.

2293 2725 2480 2798 (Vcrs.
2515 2728 2570 2795 6,
2604 2725 2683 2800 τ’.)
2712 2725 3159 2794 Quemadmodum
3187 2727 3348 2799 igitur
3365 2723 3629 2797 accepistis
3646 2724 3794 2779 Chris-

2225 2832 2331 2876 tum
2350 2819 2527 2876 Jesunt
2544 2820 2844 2888 Demittunt,
2862 2823 2915 2874 in
2927 2822 3040 2892 ipso
3068 2821 3347 2890 ambulate,
3369 2820 3584 2874 radicati
3604 2827 3644 2872 et
3663 2817 3798 2885 adiﬁ-

2225 2917 2328 2970 cati
2353 2915 2405 2969 in
2433 2916 2564 2986 ipso,
2587 2926 2634 2971 et
2656 2914 2948 2984 conﬁrmati
2973 2914 3096 2984 ﬁde,
3123 2914 3252 2968 sicut
3275 2923 3322 2967 et
3352 2913 3487 2968 docti
3514 2914 3680 2976 estis,e
3700 2927 3795 2962 am-

2223 3008 2459 3070 bulantes
2487 3009 2542 3062 in
2569 3007 2665 3061 illa
2697 3019 2815 3061 cum
2845 3007 3132 3081 gratiarum
3164 3006 3385 3060 actione.
3425 3004 3535 3060 lloc
3564 3011 3726 3058 monet
3750 3011 3797 3056 ct

2226 3102 2474 3157 hortatur
2495 3117 2562 3158 ne
2590 3102 2811 3157 devotio
2841 3113 3028 3155 eorum
3057 3081 3412 3164 laboraretur,
3439 3109 3492 3155 et
3517 3097 3796 3154 recederent

2225 3213 2255 3250 a
2278 3195 2406 3261 iide,
2439 3207 2600 3267 quam
2631 3195 2843 3250 fuerant
2871 3195 3128 3261 assecuti,
3163 3199 3216 3248 et
3247 3192 3433 3264 pravis
3456 3192 3642 3248 fabulis
3667 3205 3798 3244 ever‘

2224 3292 2291 3358 si,
2310 3291 2472 3344 aliter
2492 3288 3118 3360 Chrislumaccipc‘rcnt,
3147 3286 3305 3359 quam
3331 3285 3815 3358 didicerantzeﬁ

2225 3385 2372 3442 Multi
2395 3389 2539 3441 enim
2565 3395 2918 3454 corruptores
2941 3383 3067 3438 tidci
3094 3381 3459 3440 circumibant
3480 3383 3543 3438 ad
3568 3379 3800 3439 seductu-

2225 3481 2324 3536 dos
2354 3481 2650 3551 simplices,
2678 3479 2866 3534 dolose
2895 3487 2946 3533 et
2969 3493 3090 3533 cum
3115 3477 3467 3532 simulatione
3510 3477 3796 3531 annumian-

2228 3585 2308 3630 lcs
2335 3575 2635 3640 Christum,
2663 3585 2800 3645 quos
2828 3573 3019 3627 evitari
3052 3579 3236 3627 monet
3267 3583 3461 3642 magna
3497 3571 3688 3626 cautela
3710 3585 3722 3631 ;
3747 3577 3796 3620 ut

2224 3666 2450 3722 Stabiles
2474 3677 2521 3722 et
2541 3666 2677 3721 [irini
2706 3680 2869 3735 supra
2892 3663 3306 3720 fundamentum
3331 3661 3797 3730 Trinitatis,spel‘u~

2227 3771 2466 3818 tororum
2481 3762 2686 3833 gratias
2700 3761 2896 3816 uberes
2913 3770 3135 3832 agerent
3153 3771 3316 3831 super
3328 3743 3680 3816 misericordia
3698 3755 3794 3811 Dei.

2298 3854 2480 3928 (γεγε.
2521 3856 2574 3923 8,
2631 3853 2714 3924 9.)
2771 3853 2953 3909 Videte
3004 3869 3068 3908 ne
3089 3854 3217 3925 ‘qnis
3259 3867 3347 3907 vos
3374 3851 3681 3923 deprwdemr
3721 3865 3797 3918 per

2225 3949 2627 4021 philosophiam,
2666 3947 2684 3986 ί
2720 3960 2767 4004 et
2815 3950 3022 4003 inanem
3055 3946 3324 4020 fallaciam
3354 3946 3628 4003 secundum
3655 3944 3793 3996 tradi

2227 4044 2419 4098 tionem
2464 4042 2755 4108 hominum,
2789 4042 3073 4096 secundum
3099 4042 3356 4096 elementa
3375 4040 3532 4113 hujus
3558 4038 3732 4101 mundi,
3757 4046 3794 4087 rt

2226 4152 2329 4191 non
2367 4136 2647 4190 secundum
2678 4133 2942 4192 Christum
2959 4152 2978 4201 ;
3004 4134 3127 4207 quia
3166 4136 3217 4188 in
3247 4136 3358 4206 ipso
3386 4131 3629 4204 inhabitat
3655 4130 3794 4185 omnis

2227 4229 2495 4300 plenitudo
2534 4229 2818 4285 divinitatis
2857 4230 3218 4302 corporaliter.
3254 4227 3648 4300 Philosophiam
3687 4223 3796 4279 dicit

2227 4331 2523 4390 terrenam,
2572 4339 2669 4395 per
2693 4337 2853 4394 quam
2885 4323 3069 4379 solent
3095 4322 3305 4388 seduci,
3338 4323 3429 4393 qui
3455 4323 3665 4393 cupiunt
3691 4331 3794 4390 pru-

2225 4415 2418 4471 dentes
2443 4417 2676 4488 judicari
2720 4418 2772 4472 in
2798 4417 3022 4472 mundo.
3055 4416 3183 4472 Hinc
3210 4417 3546 4488 argumentis
3581 4425 3628 4470 et
3653 4411 3794 4468 subti-

2227 4509 2378 4565 litate
2423 4511 2775 4564 miuutiarum
2829 4510 3182 4580 quarumdam
3237 4511 3611 4579 componitur,
3665 4503 3790 4576 quasi

513 4602 742 4658 salutem
774 4617 884 4659 non
919 4605 1218 4674 pertinent,
1259 4607 1355 4662 sed
1395 4608 1568 4679 magis
1605 4608 1825 4664 mittunt
1877 4609 1931 4664 in
1970 4623 2121 4666 erro-
2150 4632 2199 4692 Ι)
2228 4603 2480 4674 physicas
2504 4602 2916 4676 investigaverit
2942 4603 3203 4667 rationes,
3237 4603 3485 4674 qumdam
3509 4601 3696 4656 habens
3719 4596 3794 4650 ad-

511 4709 647 4761 rem,
679 4704 741 4763 et
781 4705 1012 4752 avocant
1041 4712 1070 4751 a
1103 4699 1246 4764 Deo;
1279 4707 1338 4754 ut
1365 4699 1492 4755 dum
1524 4700 1608 4755 his
1648 4701 1872 4757 student
1899 4701 2119 4757 ratioci-

514 4789 798 4845 nationum
848 4789 1332 4862 disputationibus,
1377 4793 1572 4850 animte
1623 4809 1736 4850 sua:
1777 4811 1962 4850 curam
2008 4811 2117 4851 non

510 4894 696 4957 agant.
731 4885 864 4954 Quae
911 4886 1055 4941 enim
1087 4895 1194 4942 tam
1222 4902 1352 4943 vera
1379 4888 1646 4960 sapientia
1671 4899 1775 4956 est,
1817 4900 1978 4961 quam
2028 4903 2120 4945 co-

511 4981 771 5053 gnovisse
819 4981 967 5052 quod
1013 4983 1234 5052 prosit,
1271 4983 1325 5038 et
1370 4983 1690 5052 despexisse
1738 4983 1881 5055 quod
1933 4984 2119 5040 obsit?

505 5073 675 5131 Obest
724 5075 909 5139 enim;
957 5073 1086 5146 quia
1139 5075 1367 5145 impedit
1405 5075 1668 5144 animum,
1710 5092 1779 5132 ne
1810 5093 1996 5134 curam
2030 5077 2113 5132 sui

504 5179 650 5240 agat.
681 5169 798 5224 Non
832 5167 1109 5223 immerito
1145 5182 1277 5238 ergo
1305 5169 1395 5237 qui
1431 5169 1706 5224 Christum
1750 5171 1990 5240 agnovit,
2028 5169 2113 5224 in-

509 5267 656 5322 venit
709 5266 1026 5322 thesaurum
1082 5262 1370 5334 sapientiat
1421 5269 1481 5320 'et
1533 5263 1818 5332 scientiae;
1891 5265 2113 5336 agnovit

505 5363 649 5418 enim
673 5361 818 5433 quod
847 5361 896 5418 ei
920 5361 988 5417 sit
1012 5359 1171 5416 utile.

577 5596 603 5623 κ
631 5585 792 5641 Rom.
835 5583 1232 5707 edit.'m$sterii
1266 5582 1361 5707 ιιζεὶ
1409 5592 1456 5664 et
1489 5571 1665 5637 Patris
1701 5583 1755 5637 in
1785 5583 2012 5640 Christo.
2051 5584 2116 5640 Et

577 5656 672 5707 l'ra.
705 5655 1010 5707 sacramenti
1103 5656 1147 5707 ei
1177 5665 1220 5707 et
1321 5664 1468 5707 atris.

509 5656 672 5720 infra,
705 5655 1010 5711 sacramenti
1049 5650 1147 5709 Dei
1177 5657 1220 5708 et
1271 5650 1468 5708 Patris.

577 5727 604 5768 ι)
637 5728 799 5783 Rom.
831 5727 994 5791 edit.,
1019 5726 1206 5798 habent
1235 5744 1409 5782 omnes
1437 5726 1493 5798 id
1525 5727 1663 5798 quod
1692 5728 1897 5782 habent.

581 5810 602 5869 ς
635 5799 842 5856 Eadem
871 5798 1029 5852 Ront.
1061 5791 1333 5869 edit._ipse
1354 5810 1429 5869 est
1465 5791 1607 5852 Deus
1636 5815 1802 5853 verus.

570 5868 597 5911 ἀ
624 5871 753 5932 Mss.
784 5871 1026 5942 aliquot,
1059 5876 1106 5924 cl
1130 5866 1305 5928 videns
1334 5867 1571 5930 ordinem
1597 5877 1843 5927 vestrum.

2227 4697 2415 4764 mixta,
2432 4711 2553 4769 quae
2576 4697 3038 4753 ltortamentasi'nt
3057 4698 3210 4754 bonae
3234 4699 3358 4752 visite
3380 4697 3463 4754 vel
3488 4697 3788 4752 documenta,

2223 4793 2517 4865 aliquando
2560 4792 2628 4848 de
2665 4792 2958 4859 mensuris,
2987 4805 3088 4848 nec.
3118 4805 3224 4846 non
3253 4803 3308 4847 et
3337 4791 3406 4846 de
3437 4789 3686 4850 numeris,
3713 4786 3790 4839 ali-

2222 4887 2442 4960 quando
2470 4887 2535 4942 de
2555 4887 2956 4943 elementorum
2983 4886 3341 4955 qualitatibus
3366 4895 3420 4940 et
3440 4879 3790 4956 quantitatibus

2222 4979 2494 5037 ordinata.
2527 4979 2585 5034 In
2615 4979 2770 5051 cujus
2795 4978 3256 5051 disputationibus
3283 4978 3373 5048 qui
3408 4970 3787 5038 incidet-intris

2223 5084 2278 5131 et
2310 5089 2437 5131 raro
2461 5075 2690 5139 evadet;
2719 5073 2995 5129 detinetur
3034 5073 3182 5128 enim
3215 5069 3592 5127 verisimilibus
3617 5065 3784 5126 causis,

2221 5181 2277 5227 et
2307 5169 2696 5226 commentitiis
2740 5167 2923 5234 rebus,
2959 5167 3098 5223 nihil
3151 5175 3256 5221 tam
3297 5181 3487 5221 verum
3525 5162 3782 5219 mstimaus.

2219 5275 2381 5335 quam
2430 5260 2574 5334 quod
2621 5262 2960 5332 conSpicit'ur
3009 5271 3064 5317 et
3095 5259 3411 5331 intelligitur
3438 5259 3488 5315 in
3519 5252 3782 5312 clementis.

2218 5358 2288 5418 Et
2313 5359 2438 5432 quia
2464 5373 2586 5431 qua:
2625 5357 2692 5414 ad
2723 5371 2970 5430 prtesens
2994 5367 3145 5423 sunt,
3180 5367 3233 5414 et
3262 5363 3557 5413 cernuntur
3599 5347 3746 5408 oculis
3769 5387 3782 5411 ,

2301 5599 2322 5623 ε
2354 5586 2515 5642 Rom.
2545 5585 2707 5652 edit.,
2737 5586 3063 5642 abundantes
3091 5588 3148 5642 in
3174 5587 3287 5642 illa.

2303 5658 2320 5695 ί
2352 5655 2556 5730 Eadem
2581 5659 2735 5730 edit.,
2763 5669 2808 5711 et
2838 5659 3048 5730 inanem
3071 5657 3433 5714 seductionem.

2299 5739 2321 5775 8
2353 5729 2512 5784 Rom.
2544 5723 2727 5802 edit,
2752 5723 3131 5801 disputationes
3178 5733 3264 5802 qui
3313 5728 3570 5791 inciderit,
3600 5723 3670 5776 vix
3709 5723 3785 5769 aut

2227 5817 2502 5874 numquam
2535 5797 2732 5858 evadet.
