3970 6316
171 329 270 385 η.)

1021 319 1528 378 COMMENTARIA
1569 319 1637 378 IN
1679 319 1900 378 EPIST.
1946 317 2039 374 ΑΙ)
2078 317 2589 377 COLOSSENSES‘.

3368 319 3478 381 450

168 445 346 504 suavia
377 454 429 501 et
459 440 797 500 oblectabilia
821 438 1106 504 videntur;
1135 439 1442 508 aliquantus
1460 438 1750 505 seducunt,
1781 442 1836 502 Α
1862 434 1988 502 Dei,
2018 435 2086 491 de
2109 451 2218 506 quo
2245 435 2476 492 credunt
2509 436 2654 506 quod
2701 437 2960 510 exemplo
3006 437 3212 495 Christi
3243 442 3481 498 resusci-

168 541 254 612 qui
299 537 593 610 Spiritalem
629 537 892 591 rationem
923 533 1330 604 despiciendam
1370 540 1424 587 et
1472 531 1755 588 ridendum

168 641 353 707 putant
391 630 768 702 desperatione
809 627 972 683 futuri
1002 669 1016 692 ,
1049 641 1265 682 omnem
1293 627 1399 680 vim
1430 625 1592 681 astris
1622 626 1761 680 assi-

166 736 392 801 gnantes
430 725 632 781 carnali
664 722 857 780 rationi
894 720 1146 788 obnoxii;
1180 736 1247 778 ne
1275 721 1459 793 gravia
1487 719 1760 776 credenda

165 823 270 878 sint
322 819 531 875 sustolli
583 820 634 874 in
682 819 877 876 cretum
910 831 1071 888 posse
1099 859 1112 882 ,
1163 818 1247 871 vel
1289 815 1426 872 levia
1473 815 1661 872 venire
1692 813 1759 870 ad

167 929 376 982 terras,
460 926 551 971 aut
611 915 813 986 aliquid
861 929 1186 984 corporeum
1251 913 1370 968 siue
1442 929 1625 967 rerum
1666 910 1762 966 ad-

165 1011 422 1068 mixtione
473 1010 766 1082 generari,
814 1018 1182 1081 repugnantes
1231 1007 1490 1078 poteulizc
1529 1021 1592 1062 ac
1640 1021 1763 1076 pro-

163 1104 412 1160 videntia:
481 1105 592 1160 Dei.
643 1104 842 1159 Sciunt
895 1104 1038 1158 enim
1095 1102 1195 1172 logi
1252 1104 1301 1156 in
1357 1102 1556 1156 divinis
1615 1112 1763 1158 vete-

164 1200 307 1254 ribus
374 1198 723 1254 Hebraeorum
788 1196 1156 1252 voluminibus
1221 1197 1388 1251 multa
1446 1205 1596 1263 gesta
1670 1211 1765 1266 per

164 1293 380 1366 Moysen
417 1334 430 1358 ,
500 1310 617 1361 qum
669 1291 903 1346 humana
953 1291 1093 1346 ratio
1153 1305 1258 1345 non
1323 1288 1469 1359 Capit
1529 1307 1540 1340 :
1600 1290 1763 1344 simili

162 1385 320 1442 modo
369 1392 424 1440 et
471 1386 522 1438 in
582 1384 734 1438 novis
793 1383 945 1438 libris
1003 1381 1142 1436 facta
1182 1399 1208 1435 a
1245 1381 1494 1447 Domino,
1547 1390 1638 1434 aut
1670 1397 1763 1450 per

163 1481 452 1552 apostolos,
504 1494 625 1551 qua:
682 1488 945 1535 tractatus
1005 1478 1235 1533 carnalis
1284 1477 1538 1548 prohibet
1587 1477 1760 1534 credi.

164 1575 307 1630 Hanc
345 1589 476 1645 ergo
505 1573 854 1629 traditionem
885 1573 971 1627 vel
1003 1571 1403 1643 philosophiam
1434 1570 1681 1626 fallacem
1711 1580 1766 1625 et

103 1733 106 1736 ν
164 1670 370 1725 inanem
416 1669 690 1741 appellat;
726 1669 849 1738 quia
882 1681 988 1722 non
1031 1683 1058 1721 a
1117 1665 1356 1736 potentia
1392 1665 1484 1721 Dei
1518 1662 1760 1719 ordinata

163 1775 259 1832 est,
280 1763 375 1822 sed
398 1765 467 1821 ab
491 1764 864 1821 imbecillitate
889 1761 1322 1819 ratiocinationis
1345 1762 1616 1827 humanm,
1643 1775 1762 1830 quso

1863 529 1998 586 tabit
2025 529 2152 586 illos
2183 545 2250 585 ex
2280 530 2532 586 mortuis.
2566 529 2679 585 lllic
2717 531 2863 587 enim
2910 531 3073 587 homo
3112 542 3271 589 vetus
3306 533 3481 603 depo-

1861 623 2041 691 nitur,
2085 633 2138 679 et
2191 639 2367 680 novus
2412 625 2753 680 assumitur:
2806 629 3044 698 peccatis
3094 629 3366 698 moritur,
3424 638 3484 685 ut

1860 719 2249 790 vivatjustitice
2279 736 2292 773 :
2325 719 2613 775 elementis
2635 721 3016 787 abrenuntiat,
3051 731 3108 777 ttt
3135 722 3352 779 Christo
3383 737 3477 779 so-

1862 815 2055 880 cietur,
2111 814 2533 870 resurrectionis
2586 813 2782 870 futura:
2823 824 3014 874 tenens
3055 819 3250 888 pignus
3293 833 3480 874 exem-

1861 908 2011 981 plunt
2041 909 2370 975 Salvatoris,
2401 910 2492 980 qui
2521 910 2822 965 resurrexit
2849 927 2914 967 ex
2943 913 3194 968 mortuis.
3224 913 3351 970 Hme
3383 915 3484 985 igi-

1862 1010 1950 1056 tur
2002 1010 2349 1067 commonet,
2403 1011 2458 1056 ut
2502 1015 2858 1073 perseverent
2906 1004 2960 1059 in
3006 1005 3481 1064 abrenuntiatione

1863 1111 2078 1168 pompae
2107 1105 2161 1151 et
2203 1096 2494 1168 prmstigiis
2534 1106 2760 1153 satanas.
2794 1098 2900 1167 Qui
2940 1099 3142 1156 idcirco
3179 1103 3479 1159 elemento-

1867 1206 1984 1244 rum
2018 1188 2212 1246 suadet
2243 1190 2512 1246 culturam
2533 1235 2546 1258 ,
2582 1204 2636 1247 ut
2666 1205 2696 1246 a
2727 1192 2839 1248 Deo
2865 1203 3090 1259 avocet,
3121 1197 3282 1269 239
3312 1199 3481 1268 parti-

1866 1285 2014 1354 cipes
2056 1285 2346 1354 apostasia:
2398 1301 2511 1340 suae
2552 1285 2742 1341 volens
2773 1287 2993 1344 ellicere
3031 1287 3302 1346 homines.
3345 1291 3482 1359 Quia

1867 1380 2010 1433 enim
2051 1380 2153 1435 sub
2185 1382 2408 1436 nomine
2439 1395 2539 1437 suo
2569 1382 2839 1438 culturam
2867 1383 3101 1440 suadere
3133 1400 3241 1441 non
3273 1396 3485 1457 potest,

1866 1474 2121 1531 horretur
2145 1477 2289 1546 enim
2314 1477 2434 1546 ipso
2447 1477 2691 1544 nomine;
2719 1479 2818 1534 sub
2835 1479 3063 1536 alterius
3085 1479 3305 1537 nomine
3328 1496 3482 1538 suam

1867 1578 2097 1624 conatur
2127 1570 2356 1642 implere
2385 1571 2740 1629 voluntatem.

1942 1663 2127 1734 (Vers.
2157 1663 2247 1731 15,
2280 1665 2370 1731 M,
2404 1665 2522 1736 t5.)
2554 1666 2621 1723 Et
2646 1683 2732 1723 vos
2755 1685 2871 1724 cum
2900 1672 3090 1727 mortui
3111 1673 3286 1729 essetis
3317 1673 3368 1728 in
3396 1673 3486 1728 de-

1870 1758 2025 1824 lictis,
2059 1767 2103 1812 et
2133 1757 2388 1829 praeputio
2435 1761 2608 1815 carnis
2652 1771 2854 1832 vestrm,
2903 1765 3278 1836 conriviﬁcarit
3327 1768 3483 1823 simul

165 1857 455 1928 potentiam
479 1857 569 1912 Dei
595 1857 736 1912 intra
761 1856 1042 1912 scientiam
1060 1870 1210 1910 suam
1235 1866 1501 1919 coarCtat,
1529 1869 1596 1908 nc
1617 1852 1774 1908 aliter
1807 1851 1853 1912 B
1881 1866 1994 1904 cum
2025 1850 2142 1916 illo,
2169 1858 2196 1888 ει
2227 1851 2428 1906 donans
2465 1851 2613 1907 nobis
2644 1853 2819 1908 omnia
2864 1855 3075 1925 delicta,
3106 1857 3273 1913 deleto
3309 1859 3487 1914 chiro-

163 1949 412 2006 Cl'Cdlllll’
462 1948 659 2015 facere,
703 1964 862 2019 quam
914 1947 1148 2003 carnalis
1191 1962 1249 2002 se
1298 1947 1539 2001 continet
1593 1944 1762 2008 ratio;

164 2045 280 2115 quia
311 2045 538 2116 singulis
561 2045 848 2100 clementis
880 2043 1179 2099 divinitatis
1204 2042 1573 2098 diversitatem
1600 2041 1767 2110 depu-

166 2145 272 2192 tant
298 2137 362 2192 ad
402 2139 698 2203 culturam,
733 2148 791 2192 ut
837 2137 1080 2208 obligent
1107 2138 1322 2191 animos
1354 2136 1762 2206 imperitorum;

166 2247 229 2286 ne
257 2248 312 2286 se
335 2231 399 2287 ad
428 2232 597 2287 Deum
627 2249 814 2289 verum
837 2233 1152 2289 extendant.
1178 2234 1543 2300 Quamobrem
1572 2247 1767 2285 caven-

166 2324 280 2380 dam
312 2333 501 2380 monct
553 2325 902 2382 traditionem
947 2328 1106 2382 istam
1136 2343 1150 2392 ;
1197 2326 1320 2396 quia
1355 2325 1541 2379 mundi
1573 2323 1767 2379 cultrix

166 2429 260 2484 cst,
299 2437 403 2476 non
435 2421 555 2486 Dei,
587 2421 676 2492 qui
715 2437 856 2476 unus
887 2430 1000 2477 est:
1047 2435 1146 2474 nec
1177 2419 1242 2472 ad
1274 2418 1577 2482 Christum,
1614 2416 1707 2471 sed
1741 2434 1768 2471 a

170 2513 384 2571 Christo
430 2515 722 2576 abstrahit.
775 2515 829 2569 in
877 2529 984 2584 quo
1009 2513 1270 2584 perfectio
1314 2511 1615 2567 divinitatis
1663 2521 1768 2567 est.

165 2607 345 2664 Omnia
375 2610 523 2664 enim
558 2625 677 2679 qua:
702 2608 859 2663 habet
891 2608 1076 2672 Pater,
1106 2605 1259 2662 dedit
1281 2605 1442 2671 Filio,
1470 2622 1591 2659 cum
1619 2605 1768 2658 illum

166 2700 213 2756 in
240 2700 594 2772 plenitudinis
619 2702 806 2773 genuit
829 2700 1109 2756 divinitate
1137 2699 1530 2769 corporaliter;
1566 2709 1618 2752 ut
1650 2697 1771 2768 quia

166 2792 274 2862 ipse
298 2801 462 2864 caput
483 2802 589 2860 est,
625 2803 874 2849 creatura
907 2804 1086 2848 autem
1111 2792 1228 2862 ejus
1251 2806 1452 2863 corpus
1479 2799 1584 2856 est,
1619 2789 1776 2862 quid-

167 2887 285 2959 quid
305 2897 524 2958 putatur
544 2903 707 2960 posse
735 2887 973 2944 coslcstis
1002 2895 1272 2949 creatura,
1301 2885 1403 2942 hoc
1425 2895 1595 2941 totum
1618 2885 1775 2956 plene

168 2981 216 3035 in
249 2981 466 3037 Christo
498 2997 622 3038 esse
654 2981 942 3046 credatur;
969 2988 1030 3035 ut
1061 2980 1241 3036 nullus
1271 2979 1567 3035 arbitretur
1589 2995 1778 3050 quem-

168 3087 321 3144 quam
369 3074 537 3129 alium
586 3073 899 3130 colendum.
950 3072 1225 3144 Quidquid
1277 3073 1422 3128 enim
1478 3074 1531 3128 in
1594 3073 1778 3144 aliquo

171 3181 412 3240 magnum
443 3169 744 3240 putaverit,
776 3168 900 3239 plus
930 3168 982 3223 in
1014 3169 1105 3225 illo
1135 3168 1406 3233 inveniet;
1439 3168 1565 3238 quia
1588 3183 1780 3223 omnes

1869 1945 2094 2016 grapho,
2125 1946 2264 2015 quod
2290 1944 2562 2000 adversum
2591 1963 2682 2002 nos
2713 1957 2844 2014 erat,
2879 1947 3162 2015 decretum,
3188 1953 3324 2022 quod
3356 1968 3481 2008 con—

1872 2039 2091 2092 trarium
2122 2047 2230 2093 erat
2269 2040 2415 2094 nobis
2442 2056 2460 2094 ς
2489 2050 2538 2094 et
2584 2039 2721 2094 illud
2751 2041 2870 2095 tulit
2899 2043 2962 2097 de
2989 2044 3156 2098 medio
3183 2087 3196 2111 ,
3236 2057 3282 2099 ct
3311 2047 3487 2116 afﬂavit

1873 2132 2034 2197 cruci,
2065 2141 2113 2187 et
2134 2147 2327 2187 exuens
2362 2133 2684 2204 principatus
2711 2144 2758 2188 et
2797 2145 3091 2206 potestates,
3127 2143 3395 2195 ostentauit
3431 2143 3489 2196 in

1871 2227 2200 2293 auctoritate,
2257 2229 2582 2302 triumphans
2631 2230 2750 2285 illos
2797 2232 2848 2285 in
2896 2234 3030 2303 ipso.
3083 2232 3324 2291 Mortuos
3355 2235 3490 2292 dicit

1873 2322 2106 2390 gentiles
2129 2321 2295 2377 fuisse
2323 2337 2336 2376 :
2363 2322 2597 2392 primunt
2626 2323 2870 2394 quidem,
2898 2325 3024 2394 quia
3055 2325 3252 2395 legem,
3279 2344 3398 2397 qute
3417 2329 3486 2384 ad

1876 2414 2248 2470 testimonium
2278 2415 2400 2470 data
2430 2424 2516 2472 est
2543 2415 2842 2484 Creatoris,
2875 2427 2929 2471 ct
2957 2416 3022 2472 ad
3064 2419 3190 2473 vitia
3220 2420 3480 2474 condem-

1875 2508 2075 2574 nanda,
2112 2509 2356 2579 recipere
2387 2510 2683 2565 noluerunt
2706 2527 2719 2564 :
2744 2510 2944 2565 deinde
2971 2511 3270 2582 impietatis
3295 2528 3487 2583 pecca-

1877 2612 2055 2658 torum
2081 2619 2303 2659 suorum
2331 2619 2492 2660 causa
2521 2605 2729 2674 indigni
2751 2617 2905 2661 erant
2929 2607 3035 2661 vita
3064 2624 3078 2673 ;
3113 2607 3344 2678 ideoque
3376 2609 3487 2664 dis-

1877 2697 2046 2752 crevit
2063 2697 2158 2752 hos
2173 2713 2200 2752 a
2216 2696 2418 2753 Judteis
2436 2716 2449 2754 :
2468 2701 2620 2770 quasi
2639 2700 2730 2771 qui
2747 2699 3166 2758 l‘uerintinimici
3187 2701 3284 2758 Dei
3302 2702 3482 2760 unius.

1877 2789 2046 2845 Judaei
2073 2805 2200 2846 vero
2227 2791 2280 2846 in
2309 2792 2468 2847 unius
2504 2793 2596 2849 Dei
2619 2794 2964 2849 confessione
2993 2794 3251 2866 degentes
3277 2838 3292 2863 ,
3325 2797 3489 2853 adve-

1881 2882 2316 2951 niente‘Christo,
2336 2885 2625 2941 addiscunt
2640 2890 2956 2959 mysterium
2977 2889 3245 2960 Dei,quod
3261 2906 3489 2962 exspec-

1879 2975 2069 3031 tabant
2094 2975 2158 3031 ad
2179 2977 2622 3046 justilicationem
2645 2994 2796 3035 suam
2822 3001 2834 3035 :
2858 2982 2982 3037 utin
3008 2998 3072 3038 eo
3097 2983 3238 3055 quod
3263 2987 3489 3056 subrep-

1881 3082 1992 3125 tum
2018 3070 2125 3125 illis
2143 3071 2339 3138 fuerat,
2359 3072 2834 3144 quiaimpossibile
2849 3084 2932 3130 est
2954 3091 3076 3132 esse
3099 3077 3215 3134 sine
3240 3089 3486 3149 peccato,

1880 3165 2193 3236 acciperent
2220 3167 2620 3224 remissionem.
2646 3167 2796 3225 Unde
2817 3179 2939 3240 post
2960 3185 3178 3228 causam
3203 3174 3489 3245 gentilium

169 3275 230 3318 ex
251 3262 366 3333 ipso
403 3261 635 3330 trahent,
675 3262 815 3318 sicut
847 3277 910 3319 ex
935 3261 1111 3335 capite
1135 3260 1414 3318 membra:
1440 3261 1558 3332 ipse
1591 3270 1770 3316 autem
1799 3260 1844 3324 C
1878 3257 2087 3314 inducit
2115 3267 2169 3314 et
2216 3258 2432 3315 Judteos
2462 3303 2476 3327 ,
2509 3261 2698 3318 dicens
2729 3278 2742 3317 :
2773 3261 2990 3320 Donans
3032 3267 3176 3321 nobis
3206 3269 3378 3322 omnia
3401 3270 3491 3323 dc-

170 3355 359 3426 plenus
403 3366 490 3412 cst
520 3371 762 3424 semper.

238 3448 413 3520 (Vers.
462 3449 582 3519 10.)
611 3447 679 3502 Et
724 3450 843 3504 estis
884 3449 939 3504 in
985 3449 1079 3504 illo
1127 3449 1330 3518 repleti,
1373 3448 1463 3521 qui
1509 3457 1582 3500 est
1617 3456 1773 3515 caput

171 3542 326 3596 omnis
349 3541 694 3613 Principatus
720 3551 771 3597 et
813 3541 1113 3597 Potestatis.
1161 3539 1284 3594 Plus
1329 3538 1601 3609 significat
1650 3553 1771 3592 cre-

173 3636 415 3694 dentibus
461 3638 608 3705 dari,
668 3653 829 3709 quam
867 3645 1046 3708 potest
1083 3637 1136 3690 in
1179 3635 1468 3690 elementis
1508 3648 1774 3702 compre-

169 3730 358 3799 hendi;
387 3731 514 3800 quia
540 3731 632 3803 qui
661 3731 719 3787 in
743 3730 964 3788 Christo
988 3741 1094 3793 est,
1113 3727 1356 3799 repletus
1377 3725 1776 3782 estdivinitatis

173 3825 523 3893 abundantia,
560 3840 722 3896 quam
754 3826 1020 3880 elementa
1047 3838 1153 3878 non
1183 3821 1405 3877 habent.
1438 3819 1690 3888 Denique
1723 3817 1775 3872 in

172 3919 516 3977 credentibus
541 3918 784 3990 Spiritus
811 3928 1033 3975 sanctus
1059 3916 1346 3982 inhabitat,
1370 3913 1513 3985 quod
1538 3913 1780 3969 elemen-

175 4012 240 4068 tis
264 4013 486 4070 eoncedi
517 4029 627 4070 non
661 4014 868 4085 potuit;
903 4013 1026 4083 quia
1060 4011 1336 4082 indignum
1365 4018 1560 4065 eratet
1592 4008 1780 4063 incon-

175 4122 360 4179 gruum
387 4151 401 4176 ,
434 4121 496 4166 ut
528 4109 819 4166 invisibilis
844 4108 1110 4164 habitaret
1145 4108 1199 4162 in
1223 4105 1528 4163 substantia
1557 4103 1779 4172 visibili,

177 4210 226 4259 et
253 4205 611 4276 incorporeus
640 4205 694 4260 in
741 4205 808 4260 iis
853 4219 974 4275 qua:
1019 4203 1296 4258 sensibilia
1348 4211 1494 4257 sunt.
1547 4198 1784 4256 Audiant

178 4309 301 4366 ergo
327 4307 380 4352 et
402 4299 626 4354 veniant
651 4297 892 4352 cultores
926 4311 1116 4352 eorum
1136 4338 1149 4363 ,
1173 4301 1228 4350 ct
1256 4295 1486 4351 credant
1515 4294 1567 4349 in
1596 4291 1785 4348 Chris-

175 4393 315 4454 tum;
347 4399 405 4445 ut
433 4390 571 4447 ﬁant
610 4390 846 4461 majores
875 4403 1094 4455 eorum,
1124 4403 1260 4459 quos
1291 4403 1438 4444 nunc
1468 4387 1674 4443 colunt.

248 4482 425 4553 (Vers.
463 4483 556 4550 11,
585 4482 700 4555 12.)
748 4480 815 4536 In
845 4499 945 4552 quo
974 4491 1020 4536 et
1050 4481 1339 4536 circumcisi
1370 4481 1487 4535 estis
1515 4480 1785 4534 circumci-

177 4575 316 4630 sione
340 4592 444 4630 non
469 4577 777 4647 manufacta
798 4618 811 4641 ,
845 4576 899 4629 in
940 4574 1372 4645 exspoliationem
1408 4573 1642 4645 corporis
1673 4589 1788 4626 car-

1877 3352 2032 3418 licta;
2054 3364 2110 3408 ut
2132 3365 2252 3422 post
2282 3355 2572 3424 Specialem
2603 3357 2900 3428 subjiceret
2918 3371 2968 3415 et
2995 3363 3338 3432 generalem;
3366 3365 3491 3434 quia

1877 3447 2089 3501 cunctis
2105 3446 2328 3502 donavit
2345 3450 2527 3503 omnia
2551 3449 2774 3507 delicta.
2795 3451 2899 3507 Sed
2920 3454 3045 3524 quia
3069 3456 3212 3511 sicut
3234 3455 3366 3512 dicit
3384 3458 3490 3513 Do-

1877 3539 2086 3595 minus:
2104 3540 2199 3595 Cui
2215 3541 2334 3610 plus
2348 3541 2608 3597 donatum
2625 3543 2810 3611 fuerit,
2829 3547 3064 3617 amplius
3079 3548 3492 3624 debetdiligerc

1878 3632 2031 3701 (Luc.
2070 3648 2164 3699 vn,
2205 3631 2563 3705 43):idcirco
2585 3648 2897 3692 commonet
2947 3650 3138 3709 gentes
3163 3685 3176 3706 ,
3227 3653 3283 3697 ut
3315 3648 3495 3700 consi-

1879 3725 2135 3783 derantes
2182 3741 2374 3783 causas
2421 3728 2688 3783 malorum
2741 3745 2990 3796 suorum,
3023 3745 3073 3788 et
3107 3735 3322 3799 qualem
3370 3753 3494 3806 gra-

1881 3821 2010 3876 tiam
2056 3835 2385 3890 acceperunt
2427 3838 2456 3878 a
2505 3823 2616 3878 Deo
2658 3824 2708 3878 in
2754 3823 2997 3891 Christo,
3050 3835 3159 3881 tota
3202 3827 3494 3886 devotione

1879 3915 2103 3971 solliciti
2137 3915 2249 3971 siut
2277 3914 2422 3971 circa
2468 3916 2793 3986 obsequium
2832 3918 2971 3988 ejus,
3003 3935 3031 3973 a
3065 3936 3172 3990 quo
3199 3936 3225 3974 a
3271 3921 3489 3980 diversa

1883 4009 2077 4064 mortis
2119 4024 2280 4080 pinna
2326 4017 2453 4064 sunt
2485 4008 2726 4066 liberati.
2777 4011 3066 4080 Quomodo
3108 4029 3237 4085 ergo
3269 4015 3498 4074 donavit

1881 4101 2041 4158 nobis
2083 4103 2260 4158 omnia
2306 4101 2556 4158 delicta?
2616 4102 2816 4172 Deleta,
2869 4104 3062 4177 inquit,
3121 4107 3492 4183 chirographo,

1883 4198 2024 4268 quod
2072 4207 2183 4252 erat
2243 4197 2596 4252 adversarium
2643 4199 2808 4254 nobis.
2860 4199 2925 4255 Et
2967 4201 3095 4271 quid
3149 4215 3230 4260 est
3283 4205 3492 4277 delere,

1884 4292 2116 4361 subjecit
2150 4290 2381 4348 dicens:
2439 4291 2502 4346 Ει
2550 4292 2682 4346 illud
2733 4293 2849 4348 tulit
2883 4294 2947 4349 de
2990 4297 3176 4352 medio.
3224 4299 3315 4356 Sic
3363 4317 3496 4373 ergo

1886 4385 2113 4452 delevit,
2145 4399 2268 4441 cum
2313 4384 2436 4440 tulit
2461 4383 2528 4442 de
2558 4385 2758 4441 medio.
2805 4386 2895 4443 Sic
2924 4397 3102 4444 autem
3130 4391 3251 4445 tulit
3281 4393 3344 4448 de
3377 4410 3496 4450 me-

1887 4481 2001 4544 dio,
2056 4494 2179 4535 cum
2227 4479 2422 4551 afﬁxit,
2472 4479 2566 4546 ait,
2619 4481 2780 4534 cruci.
2828 4479 3067 4552 Alligere
3113 4497 3293 4542 autem
3324 4492 3500 4556 cruci,

1888 4576 1994 4631 hoc
2023 4573 2161 4629 dixit
2186 4589 2308 4630 esse
2333 4572 2575 4644 spoliare
2612 4574 2955 4645 principatus
2984 4585 3037 4631 et
3069 4588 3365 4648 potestates
3401 4598 3500 4650 pu-

182 4670 289 4736 nis,
316 4671 370 4724 in
404 4670 801 4726 circumcisione
839 4668 1060 4736 Christi,
1094 4685 1196 4723 una
1223 4686 1339 4723 cum
1369 4669 1460 4722 illo
1505 4667 1696 4738 sepulti
1732 4667 1785 4722 in
1812 4663 1867 4724 1)
1892 4667 2053 4732 blice,
2099 4675 2155 4722 et
2197 4663 2609 4734 detriumphare
2652 4667 2775 4722 illos
2813 4666 2864 4721 in
2909 4666 3148 4724 Christo.
3180 4671 3328 4740 llaec,
3361 4673 3506 4730 sicut

183 4761 426 4834 baptismo
449 4781 468 4821 :
495 4767 551 4820 in
579 4779 678 4835 quo
714 4775 760 4820 et
785 4764 942 4818 simul
965 4762 1263 4818 surrexistis
1293 4777 1383 4833 per
1420 4760 1572 4829 ﬁdem
1603 4775 1784 4831 apera-

185 4855 331 4912 tionis
359 4857 452 4914 Dei
475 4901 490 4925 ,
525 4859 613 4929 qui
634 4858 898 4914 suscitavit
919 4856 1068 4912 illunt
1087 4873 1149 4912 ex
1169 4857 1404 4910 mortuis.
1461 4855 1521 4910 lli
1553 4855 1786 4909 circum-

185 4947 430 5006 ciduntur
473 4951 530 5006 in
567 4950 815 5018 Christo,
841 4949 935 5021 qui
965 4960 1240 5022 amputata
1272 4950 1436 5005 totius
1478 4947 1786 5003 traditionis

188 5039 430 5101 humanae
456 5046 688 5113 cultura,
714 5043 932 5100 Christo
955 5045 1272 5116 iunguntur,
1299 5046 1464 5101 corde
1491 5059 1596 5099 non
1620 5058 1786 5099 carne

187 5134 520 5204 circumcisi,
552 5138 604 5193 id
633 5147 748 5206 est,
781 5140 832 5194 in
859 5139 1080 5211 spiritu,
1109 5156 1215 5194 non
1247 5139 1298 5194 in
1337 5156 1500 5195 carne
1540 5138 1785 5194 servien-

189 5237 301 5296 tes;
342 5240 452 5288 uta
487 5233 716 5289 terrenis
746 5234 816 5288 ad
847 5234 1120 5302 coelestia,
1155 5234 1224 5289 ab
1255 5233 1509 5288 humanis
1556 5232 1620 5286 ad
1652 5231 1788 5286 divi-

191 5333 254 5373 na
279 5363 293 5389 ,
326 5323 392 5379 ab
432 5339 626 5381 errore
657 5335 1043 5382 convertantur
1073 5325 1139 5380 ad
1182 5326 1498 5392 veritatem,
1544 5324 1706 5394 capiti
1735 5332 1793 5381 et

187 5419 392 5474 auctori
415 5435 516 5476 suo
543 5421 782 5491 copulati
805 5436 905 5493 per
930 5421 1274 5478 charitatem.
1305 5421 1439 5476 Cum
1467 5436 1575 5494 quo
1597 5420 1792 5491 sepulti

193 5517 314 5565 sunt
344 5511 398 5568 in
425 5513 750 5584 baptismate
782 5532 793 5570 :
836 5522 1261 5572 resurrexerunt
1293 5524 1471 5570 autem
1503 5529 1602 5584 per
1627 5511 1793 5570 tidem

268 5700 294 5729 ⁸
333 5692 406 5768 Ita
449 5705 559 5751 vet.
609 5697 740 5752 edit.
770 5709 824 5752 et
855 5715 986 5755 mss.
1017 5699 1128 5754 nisi
1155 5699 1302 5768 quod
1351 5698 1456 5754 illa!
1485 5696 1786 5767 pratl‘erunt

215 5764 521 5841 decreti.....
555 5769 672 5823 illos
700 5772 752 5824 in
799 5771 1045 5840 idipsum,
1091 5764 1185 5825 ubi
1215 5773 1405 5824 horum
1438 5764 1684 5841 potiores
1715 5772 1793 5827 le-

216 5843 366 5914 gunt,
409 5839 788 5914 decretum...”
834 5839 952 5914 illos
984 5844 1038 5896 iu
1067 5845 1203 5914 ipso.
1235 5843 1395 5914 Rom.
1425 5839 1606 5914 autem
1657 5843 1793 5899 edit.

210 5899 291 5957 δίο
319 5899 578 5985 riiltosttit,
611 5913 811 5976 donans
841 5913 976 5976 vobis
1005 5899 1183 5974 omnia
1222 5912 1431 5989 delicta,
1465 5913 1634 5979 deleto
1664 5912 1804 5988 quod

1894 4759 2169 4823 videntur,
2223 4758 2455 4814 obscura
2506 4767 2659 4826 sunt,
2694 4774 2756 4815 ac
2798 4775 2895 4830 per
2934 4759 3040 4817 hoc
3075 4762 3316 4820 adhibita
3371 4781 3504 4820 cura

1893 4851 2243 4909 dilucidanda
2285 4859 2428 4906 sunt.
2465 4850 2577 4906 lloc
2606 4861 2689 4906 est
2720 4852 3034 4922 praesidium
3086 4855 3201 4923 Dei,
3235 4856 3378 4926 quod
3402 4873 3503 4927 per

1893 4946 2311 5018 significantium
2362 4945 2702 5002 diversarum
2757 4964 3042 5004 causarum
3089 4951 3316 5021 exponit
3353 4951 3504 5021 Apo-

1896 5045 2087 5100 stolus.
2124 5041 2290 5097 Multa
2316 5042 2460 5098 enim
2489 5054 2610 5098 acta
2640 5054 2926 5114 memorat,
2972 5063 3079 5117 quo
3119 5061 3288 5118 genus
3317 5046 3501 5103 homi-

1895 5153 2023 5191 num
2083 5136 2147 5190 atl
2198 5135 2591 5206 indulgentiam
2635 5139 2981 5208 perveniret;
3043 5146 3100 5192 ut
3163 5154 3269 5194 non
3318 5140 3503 5198 solum

1895 5232 2116 5304 propria
2148 5232 2453 5287 remitteret
2496 5231 2652 5286 nobis
2683 5233 2899 5298 delicta,
2929 5233 3024 5287 sed
3049 5241 3103 5288 et
3129 5233 3259 5289 illud
3291 5235 3512 5293 tolleret

1895 5335 2201 5398 peccatum,
2234 5324 2378 5395 quod
2424 5340 2488 5380 ex
2521 5323 2653 5380 Adin
2694 5337 2810 5382 erat
2842 5325 3289 5396 t’irzcvaricatione
3335 5329 3508 5403 (quod

1900 5419 2199 5491 appellavit
2237 5418 2658 5489 chirographum
2699 5419 2752 5472 in
2810 5418 3065 5486 decretis)
3123 5422 3266 5492 quod
3321 5439 3420 5480 nos
3471 5442 3505 5482 a

1903 5512 2134 5570 mortuis
2172 5528 2459 5586 resurgere
2488 5528 2596 5569 non
2641 5511 2886 5580 sinebat;
2937 5513 3060 5584 quia
3091 5515 3138 5571 si
3167 5519 3348 5576 ethoc
3393 5536 3504 5578 non

1895 5700 2169 5756 aduersum
2198 5715 2290 5754 nos
2314 5707 2448 5760 erat,
2479 5694 2828 5765 chirographo
2858 5696 2913 5751 in
2935 5697 3225 5777 decretis...
3261 5717 3310 5759 ct
3329 5725 3513 5777 exspo-

1905 5773 2039 5847 lians
2067 5775 2394 5847 principatus
2417 5780 2464 5824 et
2483 5777 2782 5847 potestates,
2809 5774 3080 5828 ostentavit
3106 5777 3301 5847 palam,
3328 5773 3512 5837 trium-

1907 5840 2077 5916 phans
2102 5844 2167 5899 de
2192 5844 2300 5898 illis
2333 5857 2422 5913 per
2451 5856 2503 5896 se
2530 5840 2724 5910 ipsum.
