3970 6316
509 289 611 348 ιδι
1479 282 1572 340 AD
1609 279 1837 340 OPERA
1870 279 2114 338 SANCTI
2151 279 2475 339 AMBROSN
2519 279 2885 337 API’ENDIX.
3672 283 3752 340 43?.

511 410 730 465 tulisset
774 405 840 461 de
891 405 1094 471 medio,
1135 411 1398 459 exeuntes
1447 401 1597 470 hinc,
1649 402 1740 474 qui
1791 407 2117 473 acceperant
2143 403 2194 462 Α
2222 400 2411 455 umbra
2463 407 2670 466 essent,
2721 399 2806 454 vel
2855 397 3023 468 ﬁgura
3057 396 3385 462 futurorum,
3429 407 3753 470 utapparente

505 500 816 563 remissam,
861 497 973 553 illic
1021 506 1336 552 tenerentur
1381 496 1524 565 apud
1565 495 1792 551 inferos.
1822 495 1993 550 Porro
2021 510 2115 549 au-
2217 495 2470 560 veritate,
2492 493 2668 564 ﬁgura
2690 501 2952 548 cessaret.
2977 491 3132 547 Sicut
3157 493 3303 548 enim
3330 492 3545 548 absente
3564 493 3754 565 impeta-

505 599 615 647 tem
639 589 760 646 ideo
787 589 968 645 omnia
995 589 1190 644 delicta
1212 603 1476 644 concessa
1499 599 1646 654 sunt,
1683 597 1738 642 ut
1767 595 2118 658 resurgercnt
2221 596 2360 653 tore,
2392 588 2570 656 imago
2599 586 2717 657 ejus
2763 585 2929 641 habet
2957 586 3369 652 auctoritatem,
3407 598 3649 655 praesente
3671 604 3752 644 non

505 701 536 740 a
571 683 821 740 mortuis.
854 683 990 752 Quia
1022 683 1166 739 enim
1193 698 1257 738 ex
1289 691 1516 753 peccato
1557 698 1726 749 mors,
1753 682 1967 738 sublato
1989 696 2117 754 pcc-
2218 683 2408 751 habet;
2447 683 2518 737 ita
2563 693 2617 738 et
2669 683 2784 738 haec
2815 694 2943 738 ante
2988 681 3283 738 adventum
3322 682 3532 738 Domini
3563 693 3758 754 tempore

507 791 632 836 cato
678 779 736 833 ﬁt
768 780 1096 834 resurrectio
1141 785 1480 832 mortuorum
1515 795 1529 832 :
1572 777 1715 848 quod
1744 776 1963 848 quidem
2000 775 2118 832 lieri
2218 790 2320 830 suo
2364 775 2708 831 observanda
2759 775 3002 840 fuerunt,
3051 785 3325 847 praesente
3371 783 3569 840 autem,
3608 787 3762 834 carent

508 873 734 930 minime
757 872 1169 943 potuisset,nisi
1194 882 1475 944 peccatum
1492 871 1758 928 al‘ﬁxisset
1779 874 1949 928 cruci.
1978 871 2115 927 Dum
2218 869 2566 924 auctoritate.
2615 867 2889 939 Numquid
2931 869 3129 941 aliquis
3161 871 3336 926 vicem
3384 869 3584 924 domini
3612 886 3762 940 agens,

508 970 654 1026 enim
686 983 796 1024 non
839 967 1122 1040 peccando
1159 967 1409 1023 Salvator
1437 967 1605 1022 vincit
1635 975 1937 1036 peccatum,
1971 964 2118 1035 quod
2219 965 2340 1034 ipso
2375 975 2668 1033 praesente,
2719 963 3056 1020 dominatur?
3088 965 3144 1021 Si
3180 964 3555 1035 praefectorum
3593 966 3763 1036 vicarii,

510 1063 788 1119 hominem
839 1062 1063 1118 tenebat
1107 1061 1429 1127 obnoxium,
1481 1060 1705 1131 insuper
1750 1068 1806 1116 et
1847 1059 2119 1115 occiditur
2221 1058 2587 1128 praesentibus
2625 1058 2705 1113 eis
2738 1059 2932 1128 privati
2963 1069 3122 1125 sunt;
3172 1067 3380 1131 quanto
3426 1060 3592 1132 magis
3632 1063 3765 1127 servi,

507 1159 578 1215 ab
630 1173 697 1213 eo
728 1158 1035 1212 innocens:
1070 1158 1151 1212 sic
1189 1155 1459 1212 cruciﬁxit
1486 1165 1789 1227 peceatum.
1835 1155 2115 1211 Devictum
2222 1160 2493 1220 pracscnte
2549 1150 2798 1218 domino,
2850 1151 3015 1207 etiam
3061 1152 3166 1223 ipsi
3196 1153 3248 1207 in
3302 1153 3564 1223 obsequio
3610 1153 3769 1211 debent

509 1251 654 1306 enim
711 1259 1018 1320 peccatum,
1066 1249 1455 1304 mortiﬁcatum
1509 1248 1745 1315 dicitur,
1793 1263 1925 1304 crux
1972 1246 2118 1304 enim
2223 1242 2446 1298 videri!

511 1360 620 1399 non
645 1342 950 1401 Salvatoris
977 1358 1126 1398 mors
1150 1351 1256 1411 est,
1281 1343 1379 1399 sed
1412 1345 1640 1414 peccati.
1673 1343 1934 1398 lnnocens
1970 1343 2118 1399 enim
2294 1336 2485 1408 (Vers.
2525 1337 2612 1402 18,
2653 1338 2780 1408 l9.)
2815 1337 2982 1394 Nemo
3022 1356 3110 1394 ros
3153 1339 3400 1411 decipiat,
3430 1337 3600 1394 volens
3631 1340 3678 1393 in
3698 1339 3769 1394 liii-

514 1437 594 1491 sic
620 1435 712 1506 qui
739 1433 1027 1500 occiditur,
1058 1450 1182 1489 reos
1219 1435 1341 1490 illos
1370 1435 1520 1501 facit,
1551 1451 1579 1488 a
1610 1435 1803 1505 quibus
1829 1434 2116 1490 occiditur.
2224 1433 2441 1488 militate
2488 1435 2668 1500 animi,
2717 1444 2765 1489 et
2809 1435 3177 1505 superstitione
3228 1434 3535 1506 angelorum
3563 1431 3589 1463 ⁸
3614 1451 3665 1487 ea
3686 1451 3771 1501 qua

515 1529 804 1584 Peccatum
829 1536 1007 1584 autem
1033 1528 1314 1599 principes
1335 1537 1392 1583 et
1414 1537 1711 1598 potestates
1734 1529 2118 1598 intelligamus,
2222 1528 2380 1594 videt,
2407 1528 2662 1584 extollens
2697 1545 2750 1583 se
2781 1532 2999 1599 frustra,
3041 1530 3254 1599 inﬂatus
3283 1537 3452 1583 mente
3489 1529 3650 1583 carnis
3672 1545 3768 1593 suat,

512 1638 746 1693 quorum
781 1622 959 1678 studio
989 1621 1236 1694 peccavit
1283 1622 1496 1693 primus
1524 1622 1716 1677 Adam.
1757 1619 1841 1677 Ad
1870 1632 2120 1678 auctores
2224 1632 2270 1676 et
2293 1638 2396 1676 non
2427 1630 2604 1676 tenens
2619 1631 2772 1693 caput
2792 1621 2945 1689 illud,
2969 1638 3033 1677 ea:
3049 1638 3150 1694 quo
3179 1637 3328 1676 omne
3357 1637 3542 1692 corpus
3568 1638 3650 1692 per
3669 1638 3773 1676 coni-

512 1716 658 1772 euim
683 1717 1030 1772 referendum
1081 1725 1166 1771 est
1213 1731 1410 1772 nomen
1460 1715 1587 1782 hoc,
1612 1731 1843 1788 quorum
1885 1726 2118 1771 mortem
2225 1717 2436 1788 pagines
2480 1725 2525 1771 et
2556 1717 2949 1789 conjunctiones
2991 1718 3445 1771 subministratum
3470 1726 3517 1771 et
3560 1719 3775 1789 compagi-

516 1811 568 1865 in
594 1809 993 1881 exspoliatione
1015 1809 1374 1880 signiﬁcavit;
1401 1824 1546 1865 mors
1567 1811 1710 1864 enim
1743 1811 1980 1881 ipsorum
2007 1808 2122 1863 hinc
2153 1803 2202 1863 B
2229 1819 2408 1864 nutum
2436 1811 2616 1865 crescit
2646 1811 2699 1864 in
2729 1821 3061 1882 augmentum
3086 1810 3204 1865 Dei.
3247 1812 3404 1880 Quod
3444 1813 3676 1882 superius
3699 1813 3774 1868 sub

515 1912 621 1967 est,
651 1901 777 1973 quia
809 1901 936 1957 victi
983 1917 1013 1955 a
1052 1901 1358 1970 Salvatore,
1409 1900 1540 1956 dum
1587 1901 1959 1971 exspoliantur
2009 1903 2124 1957 ani-
2230 1902 2454 1958 nomine
2481 1901 2843 1973 philosophis:
2872 1903 3178 1958 cavendum
3212 1903 3447 1969 monuit,
3478 1920 3613 1959 nunc
3650 1921 3775 1974 aper-

520 2000 733 2066 mabus,
761 2015 896 2071 quas
927 1999 1188 2055 tenebant
1229 2000 1281 2054 in
1317 2001 1653 2068 captivitate,
1706 1998 2122 2054 mortiﬁcantur.
2233 1997 2340 2052 tius
2359 1997 2515 2054 docet
2538 1998 2936 2072 observandum
2965 1998 3035 2054 ab
3063 2000 3152 2065 iis,
3175 1999 3266 2068 qui
3288 2008 3522 2053 terrenm
3545 1998 3778 2067 sapientia:

517 2093 619 2149 Rei
645 2094 790 2149 enim
825 2093 953 2149 facti
975 2102 1143 2149 sunt:
1199 2093 1321 2162 quia
1356 2107 1478 2147 cum
1513 2093 1612 2148 hac
1644 2092 1968 2147 auctoritate
2007 2090 2126 2146 ani-
2231 2091 2533 2158 studentes,
2566 2091 2684 2147 hinc
2710 2092 2938 2147 colenda
2971 2103 3248 2158 asserunt,
3277 2107 3398 2163 qua:
3420 2091 3683 2146 obtutibus
3706 2091 3778 2146 ad—

517 2202 636 2242 mas
666 2187 1081 2258 teuerent,quia
1104 2195 1485 2257 peccaverant,
1512 2186 1614 2256 ipsi
1642 2185 2127 2240 inventisuntam-
2225 2187 2430 2256 jacent,
2487 2187 2568 2242 vel
2614 2195 2910 2258 apparent;
2960 2197 3016 2240 ut
3071 2188 3264 2243 horum
3313 2187 3548 2243 detenta:
3595 2187 3779 2243 culturis

523 2282 666 2352 plius
695 2292 1031 2353 peccatores,
1060 2283 1188 2337 dum
1219 2282 1369 2338 illum
1414 2281 1504 2352 qui
1535 2281 1659 2336 illos
1705 2295 1813 2335 non
1851 2279 2128 2350 peccando
2231 2281 2428 2334 anima:
2455 2280 2556 2334 sub
2579 2279 2925 2335 ﬁrmamento
2946 2279 3196 2350 obligata:
3227 2290 3536 2346 teneantur,
3562 2293 3694 2336 nese
3714 2296 3778 2335 su-

519 2378 743 2443 vicerat,
795 2376 1137 2432 occiderunt.
1193 2376 1259 2430 Et
1304 2377 1382 2431 sic
1427 2376 1570 2446 juste
1621 2375 1917 2445 exspoliati
1977 2383 2122 2442 sunt,
2232 2387 2326 2442 pra
2368 2373 2774 2428 ﬁrmamentum
2811 2372 3034 2428 tendant
3076 2373 3144 2429 ad
3174 2375 3498 2445 superiores
3547 2373 3698 2429 cmlos
3731 2371 3780 2426 ad

516 2471 655 2526 sicut
683 2471 842 2537 dixit,
871 2470 1095 2543 publice,
1128 2471 1181 2526 id
1214 2481 1320 2538 est,
1355 2471 1405 2526 in
1435 2486 1630 2536 cruce;
1664 2470 1922 2543 quod‘est
1951 2471 2127 2541 palam
2234 2466 2404 2521 Deum
2436 2467 2680 2521 omnium
2729 2466 3094 2522 adorandum.
3147 2466 3305 2535 Quod
3363 2481 3532 2536 Opera
3586 2465 3775 2521 efﬁcitur

517 2565 912 2634 detriumphari
939 2580 967 2618 a
993 2566 1102 2620 Deo
1129 2565 1184 2620 in
1214 2564 1450 2620 Chrisw.
1476 2563 2128 2636 llleenimdetriumpha—
2233 2558 2461 2626 inimici,
2513 2568 2572 2614 ut
2599 2574 2817 2628 semper
2855 2561 3065 2614 animas
3093 2575 3259 2630 super
3301 2571 3480 2616 terras
3519 2559 3779 2615 bumiliatas

519 2659 714 2728 turqui
742 2658 916 2730 palam
945 2657 1206 2722 vincitur,
1235 2667 1289 2711 et
1311 2657 1482 2726 spolia
1502 2656 2010 2726 ejuspublicantur;
2040 2669 2132 2709 os-
2231 2652 2491 2714 detineat,
2528 2653 2620 2709 tibi
2645 2668 2706 2709 se
2736 2653 2839 2708 scit
2861 2652 2928 2708 de
2952 2653 3105 2710 caelis
3133 2653 3409 2724 dejectum
3434 2669 3646 2724 semper
3667 2652 3780 2708 lutu-

517 2751 758 2807 tcnditur
785 2753 928 2807 enim
949 2751 1202 2806 omnibus
1226 2759 1552 2820 prostratus,
1574 2748 1669 2819 qui
1691 2747 1908 2804 caeteris
1961 2747 2126 2802 insul-
2234 2764 2349 2803 rum
2372 2748 2521 2818 justo
2543 2748 2750 2818 judicio
2781 2749 2902 2816 Dei,
2933 2750 3252 2819 religionem
3277 2750 3567 2818 simulans,
3604 2765 3706 2804 cum
3726 2749 3778 2803 sit

521 2845 690 2902 tabat.
725 2846 1011 2900 Decretum
1042 2855 1225 2899 autem
1258 2843 1399 2914 quod
1430 2842 1584 2909 dicit,
1613 2858 1721 2896 non
1747 2841 1958 2898 esthoc
1984 2841 2128 2912 quod
2232 2845 2526 2898 maximum
2570 2845 2941 2916 sacrilegium.
2977 2843 3241 2900 Inﬂantur
3271 2846 3420 2902 enim
3454 2856 3650 2902 motum
3688 2860 3779 2914 per-

515 2940 711 3010 pagani
739 2938 907 2994 fatum
930 2939 1241 3010 appellant;
1267 2939 1394 3008 quia
1422 2937 1557 2992 illud
1589 2954 1697 2993 non
1724 2938 1980 2994 omnibus
1998 2953 2130 2993 con-
2228 2940 2476 2995 videntes
2507 2940 2815 3006 stellarum,
2845 2955 2979 3010 quas
3017 2940 3242 3011 angelos
3268 2950 3453 3008 vocat,
3490 2956 3594 2997 non
3621 2951 3780 2996 aneto-

520 3033 748 3088 trarium
777 3040 1065 3099 asserunt;
1096 3033 1222 3103 quia
1252 3031 1517 3102 quosdam
1549 3030 1737 3086 dicunt
1763 3047 1830 3087 ex
1863 3031 1966 3086 hoc
1996 3031 2126 3087 feli-
2231 3033 2395 3089 ritate
2445 3032 2660 3099 divina,
2695 3033 2790 3088 sed
2835 3033 3228 3103 superstitione
3280 3033 3546 3102 humana,
3598 3048 3702 3105 qua:
3734 3030 3783 3087 ad

518 3139 632 3189 ccs,
657 3124 797 3178 alios
822 3122 1091 3179 infelices.
1115 3123 1230 3178 lloc
1251 3123 1394 3178 enim
1418 3122 1700 3178 decretum
1721 3122 1973 3178 omnibus
1996 3123 2128 3179 dicit
2164 3189 2198 3199 Α
2231 3127 2462 3182 nihilum
2495 3128 2731 3199 proﬁcit,
2765 3127 2873 3182 nisi
2911 3128 2978 3182 ad
3010 3126 3270 3182 damnum
3316 3145 3336 3184 ι
3366 3131 3616 3185 nolentes
3639 3140 3782 3184 tenere

524 3219 694 3274 fuisse
735 3219 1100 3284 coiitrarium;
1150 3218 1430 3274 sententia
1455 3217 1602 3274 enim
1636 3225 1756 3273 erat
1785 3217 1998 3274 cunctis
2028 3217 2120 3274 ad-
2155 3189 2199 3253 Ο
2232 3221 2392 3276 ﬁdem
2425 3220 2651 3289 Christi,
2681 3221 2773 3292 qui
2809 3221 3055 3276 omnium
3083 3230 3306 3277 creator
3332 3233 3390 3278 et
3430 3222 3678 3279 Dominus
3701 3229 3778 3276 est.

525 3327 682 3366 versa
716 3311 1051 3366 hominibus.
2233 3313 2311 3368 Ex
2345 3313 2462 3383 ipso
2484 3314 2628 3369 enim
2652 3327 2844 3369 omnes
2871 3315 3136 3385 originem
3169 3314 3407 3382 habent;
3437 3330 3604 3384 quare
3623 3325 3671 3371 et
3691 3329 3781 3370 cor-

599 3403 792 3473 (Vers.
821 3403 905 3470 16,
935 3401 1059 3475 17.)
1086 3403 1253 3458 Nemo
1278 3402 1438 3474 igitur
1465 3403 1657 3473 iudicet
1685 3420 1770 3460 vos
1812 3405 1865 3458 in
1889 3403 2025 3470 cibo,
2049 3403 2127 3458 vel
2231 3422 2330 3477 pus
2351 3407 2471 3476 ejus
2488 3407 2763 3472 dicuntur,
2784 3407 2828 3462 si
2853 3417 3034 3462 tamen
3053 3416 3525 3478 agnoscunteum.
3556 3407 3781 3476 Adipsum

521 3500 575 3551 in
604 3507 749 3567 potu,
782 3507 870 3552 aut
890 3497 944 3551 in
968 3508 1116 3569 parte
1146 3498 1248 3552 diei
1271 3498 1507 3568 festi,aut
1535 3499 1588 3552 in
1618 3498 1921 3563 neomeniis,
1952 3508 2042 3551 aut
2069 3497 2126 3550 in
2229 3502 2374 3557 enim
2407 3502 2660 3557 conversi
2689 3500 3120 3567 remdiﬁcantur,
3162 3503 3530 3573 compaginati
3560 3501 3673 3557 ﬁdei
3696 3500 3781 3570 ejus

519 3589 730 3645 sabbato
760 3607 902 3662 :qute
944 3602 1062 3646 sunt
1093 3591 1275 3645 umbra
1349 3595 1664 3662 futurorum,
1717 3609 1907 3659 corpus
1955 3601 2126 3647 autem
2229 3595 2684 3650 subministrante
2710 3593 3008 3665 Evangelio
3029 3595 3239 3650 cunctis
3263 3595 3421 3666 quasi
3441 3595 3673 3651 membra
3692 3608 3781 3650 eor-

523 3682 736 3740 Cltristi.
782 3683 1048 3754 Quoniam
1081 3685 1260 3740 omnis
1290 3700 1414 3756 spes
1443 3685 1569 3741 vitae
1600 3687 1652 3740 in
1677 3685 1901 3742 Christo
1924 3694 2030 3750 est,
2063 3699 2128 3740 ac
2231 3687 2379 3757 poris
2404 3687 2456 3741 in
2483 3686 2752 3742 charitate
2771 3685 2996 3754 Christi,
3023 3695 3080 3740 ut
3101 3699 3455 3759 augmentum
3480 3687 3782 3744 faciantDeo.

522 3777 738 3842 ﬁducia,
765 3777 901 3833 nulli
930 3777 1309 3848 superstitioni
1337 3787 1428 3832 aut
1452 3778 1552 3847 legi
1578 3777 1866 3848 subjacere
1895 3792 1994 3833 nos
2024 3777 2124 3831 de-
2229 3779 2366 3834 Cum
2396 3781 2542 3836 enim
2572 3777 2599 3816 δ
2633 3779 2866 3834 redeunt
2895 3779 2963 3833 ad
2992 3779 3170 3846 illum,
3200 3778 3292 3850 qui
3321 3794 3425 3850 per
3471 3793 3694 3836 errorem
3717 3775 3784 3832 de-

524 3868 651 3923 bere
683 3871 962 3940 praecepit.
997 3871 1362 3937 Quamobrem
1391 3879 1822 3941 perstrepentes,
1846 3881 1939 3926 aut
1961 3871 2125 3944 270
2229 3887 2521 3933 seruerant
2552 3877 2728 3943 illum,
2763 3878 3072 3932 minuentes
3109 3878 3296 3946 copias
3324 3876 3636 3935 divitiarum
3676 3875 3783 3946 ejus,

514 3961 720 4031 aliquid
753 3961 895 4031 quod
927 3961 992 4015 ad
1023 3962 1183 4018 ﬁdem
1206 3960 1412 4017 Christi
1443 3978 1550 4017 non
1573 3962 1808 4032 pertinet
1831 3977 2122 4018 susurran-
2230 3971 2359 4026 dum
2386 3970 2659 4042 denegant
2679 3971 2798 4040 ejus
2823 3986 2884 4025 se
2912 3985 3059 4036 esse,
3089 3982 3434 4028 crcmentum
3463 3972 3660 4030 faciunt
3682 3971 3781 4027 Deo.

521 4066 625 4118 tcs,
659 4055 1092 4111 contemnendos
1117 4074 1128 4109 :
1152 4056 1314 4111 istum
1341 4064 1523 4112 autem
1547 4058 1726 4112 solum
1753 4058 2121 4129 sequendum,
2229 4065 2354 4134 quia
2379 4080 2443 4120 ex
2477 4065 2702 4136 perditis
2726 4065 3108 4135 acquiruntur.
3146 4066 3273 4122 Hinc
3299 4067 3368 4124 de
3400 4069 3623 4140 paganis
3648 4084 3663 4122 :
3688 4081 3759 4122 rur

529 4159 624 4212 per
666 4160 826 4215 quem
877 4146 1088 4201 devicta
1122 4163 1270 4203 mors
1299 4158 1404 4212 est,
1447 4158 1500 4203 ct
1531 4149 1743 4206 reddita
1794 4152 2126 4208 resurrectio
2229 4173 2347 4214 sum
2380 4159 2446 4215 de
2470 4159 2675 4215 Judmis
2706 4159 2840 4215 dicit
2871 4159 2997 4231 quia
3039 4172 3094 4217 et
3122 4160 3226 4233 ipsi
3256 4162 3360 4218 sub
3391 4163 3671 4220 elementis
3691 4175 3782 4216 ser-

527 4244 889 4293 mortuorum.
917 4238 1150 4306 Quidam
1167 4239 1312 4294 enim
1335 4238 1649 4296 ludat-orum
1673 4243 1854 4298 solent
1880 4243 2126 4312 judicare
2229 4252 2404 4319 viunt,
2444 4268 2550 4308 non
2585 4253 2892 4310 elementis.

525 4329 736 4396 ﬁdeles,
786 4331 929 4400 quod
962 4347 1022 4386 ea
1053 4348 1171 4402 qua:
1221 4333 1512 4388 interdicta
1561 4349 1658 4405 per
1696 4334 1916 4407 Moysen
1972 4345 2124 4402 sunt,
2303 4344 2497 4416 (Vers.
2541 4345 2668 4418 ΞΟ.)
2695 4344 2759 4402 Si
2789 4362 2911 4420 ergo
2960 4348 3152 4402 mortui
3182 4350 3302 4404 estis
3350 4367 3470 4406 cum
3519 4349 3701 4406 Christo
3736 4345 3780 4399 ab

527 4424 692 4478 edant
738 4424 806 4480 de
835 4426 993 4490 cibis,
1045 4441 1166 4480 cum
1211 4428 1397 4482 omnia
1447 4427 1595 4483 Deus
1635 4429 1836 4483 munda
1885 4429 2074 4485 fecerit
2107 4446 2121 4484 :
2229 4439 2490 4494 elementis
2521 4441 2678 4512 hujus
2708 4440 2910 4505 mundi,
2960 4442 3085 4512 quid
3117 4443 3310 4512 adhuc,
3342 4447 3482 4500 velut
3511 4447 3708 4500 viventes
3740 4443 3779 4496 in

529 4521 732 4592 indigni
793 4528 971 4576 autem
1018 4521 1244 4592 judicati
1280 4521 1452 4578 Judaei
1497 4523 1566 4578 de
1617 4523 1700 4578 his
1740 4523 1940 4590 edere,
1998 4539 2125 4596 pro—
2154 4589 2201 4608 ἢ
2231 4532 2327 4587 hoc
2345 4533 3059 4590 mundodecernitis?0mnis
3076 4535 3168 4606 qui
3190 4536 3778 4608 baptizaturinChristo,

524 4614 681 4668 hibiti
724 4623 851 4669 sunt
874 4630 902 4668 a
947 4615 1290 4672 melioribus.
1333 4616 1525 4672 Solent
1570 4616 1769 4673 iterum
1821 4620 2119 4690 repreheu-
2154 4589 2204 4651 D
2231 4627 2463 4682 moritur
2489 4628 2722 4694 mundo;
2752 4629 2968 4685 cunctis
3009 4589 3156 4686 enim
3188 4589 3633 4700 superstitionum
3656 4645 3774 4689 erro-

522 4709 651 4762 df'l‘e
671 4723 793 4774 ""5.
821 4709 946 4778 (illia
975 4709 1094 4766 dies
1121 4710 1288 4766 Ῐθδιοε
1311 4726 1496 4766 e0mm
1523 4712 1856 4782 spernimus.
1883 4714 2117 4783 altumin
2227 4721 2379 4778 ribus
2397 4722 2767 4788 abrenuntiat,
2792 4723 3036 4778 utsolam
3060 4725 3206 4780 colat
3228 4725 3392 4783 ﬁdem
3415 4727 3627 4782 Christi.
3653 4730 3778 4780 Amo.

522 4798 670 4854 initia
696 4799 964 4854 mensium
986 4815 1092 4853 non
1117 4799 1497 4867 observamus,
1527 4817 1648 4871 qua:
1671 4802 1990 4864 neomenias
2021 4819 2086 4857 vo

2227 4813 2293 4867 tis
2323 4814 2467 4868 enim
2495 4829 2616 4884 qua:
2645 4815 2879 4870 naturali
2918 4816 3143 4885 justitite
3174 4817 3462 4885 accedunt,
3497 4818 3775 4888 relinquitur

520 4904 648 4948 cant
689 4912 703 4946 :
748 4892 982 4948 maxime
1032 4901 1214 4948 autem
1245 4893 1386 4964 quod
1439 4894 1556 4949 dies
1602 4895 1951 4951 sabbatorum
2009 4911 2115 4951 non
2225 4906 2515 4977 disciplina
2567 4907 2696 4962 data
2727 4923 2757 4961 τι
2794 4908 2932 4975 Deo,
2986 4925 3082 4979 per
3124 4924 3288 4979 quam
3349 4911 3551 4967 vivitur
3581 4911 3681 4966 Deo
3704 4920 3777 4980 per

517 4984 883 5048 custodimus,
917 4993 974 5037 ut
997 4984 1107 5038 otio
1137 4993 1191 5038 et
1212 4986 1386 5054 epulis
1412 5001 1535 5041 cum
1561 4986 1774 5043 luxuria
1809 4990 2117 5060 transigan-
2225 5012 2401 5068 spem,
2430 5015 2551 5068 qua:
2575 5008 2658 5053 est
2682 5001 2733 5052 in
2756 4998 2977 5055 Christo
3003 5017 3015 5053 :
3040 5001 3273 5056 moritur
3297 5014 3481 5058 autem
3515 5003 3595 5058 his
3619 4999 3774 5072 quibus

517 5092 600 5133 tur
627 5097 638 5132 :
671 5078 814 5148 quod
836 5077 1006 5147 magis
1028 5076 1094 5132 ad
1122 5076 1384 5132 oﬁensam
1418 5081 1676 5148 pertinet,
1708 5097 1870 5152 quam
1901 5082 1965 5138 ad
1985 5098 2113 5153 gra-
2225 5092 2502 5162 subjectus
2520 5091 2696 5148 fuerat
2718 5109 2814 5164 per
2835 5109 3101 5161 errorem,
3127 5095 3257 5152 dum
3284 5107 3445 5169 negat
3466 5099 3606 5164 illos,
3629 5108 3650 5136 ο
3670 5107 3774 5166 quos

517 5173 668 5226 tiam.
722 5169 850 5226 Haic
889 5179 1072 5225 autem
1103 5169 1285 5225 omnia
1337 5181 1464 5226 sunt
1493 5187 1694 5243 corpus
1735 5175 1962 5241 Christi,
1993 5175 2080 5245 qui

2219 5184 2353 5240 deos
2381 5197 2800 5256 prtesumpserat
2825 5203 2967 5244 esse.
2998 5188 3065 5244 Et
3093 5189 3166 5245 ita
3191 5190 3251 5246 ﬁt
3278 5200 3338 5246 ut
3358 5208 3456 5264 per
3478 5191 3769 5248 inimicitiam

520 5262 920 5317 θ¹θῐῐ¹θ¹¹ιοΐιιπ¹
953 5277 1050 5332 Per
1094 5260 1321 5317 θίτεοιυδ
1363 5273 1491 5318 sum
1541 5265 1828 5320 VocabU'a-
1865 5267 2000 5322 "inc
2032 5276 2120 5323 οδε
2219 5279 2712 5336 abrenuntiationis
2746 5281 2978 5337 invicem
3008 5282 3113 5339 sibi
3142 5260 3618 5343 mortui'dicantur
3642 5288 3768 5338 homo

518 5356 661 5411 unde
685 5357 736 5410 in
785 5356 1084 5426 Evangelio
1113 5356 1245 5410 dicit
1274 5373 1286 5411 :
1323 5354 1581 5413 Dominus
1635 5370 1708 5414 est
1759 5362 1893 5415 enim
1942 5361 2117 5418 Filius
2225 5384 2279 5429 ei
2315 5374 2710 5431 elementorum
2741 5374 2980 5432 cultura,
3014 5375 3270 5433 mundum
3299 5378 3446 5435 enim
3474 5380 3669 5443 dicens,
3704 5389 3770 5430 ειν.

513 5446 733 5548 homin“
755 5450 910 5502 “iam
933 5449 1129 5548 δαίξδξλίί
1152 5450 1171 5522 (
1193 5449 1385 5548 Μαυ-Ῑι·
1406 5467 1502 5517 Χιιν
1529 5450 1628 5523 8);
1653 5468 1748 5524 Per
1769 5455 1944 5523 iI'S'Im
1968 5457 2114 5512 enim
2225 5485 2407 5527 rorem
2447 5471 2630 5526 carnis
2669 5471 2968 5542 signiﬁcat;
3003 5488 3166 5530 omne
3195 5476 3342 5530 enim
3385 5477 3528 5548 quod
3576 5473 3768 5534 videtur,

514 5541 715 5608 omnia,
773 5559 892 5612 quae
937 5545 1159 5613 quidem
1192 5547 1271 5601 sic
1304 5545 1428 5601 data
1473 5558 1600 5602 sunt
1635 5566 1729 5620 per
1762 5550 2007 5624 Moysen,
2059 5564 2117 5610 ut
2221 5563 2370 5618 carni
2397 5563 2711 5634 deputatur.
2727 5541 2872 5620 Hinc
2898 5576 2983 5620 est
3009 5566 3151 5623 unde
3171 5576 3226 5624 et
3251 5541 3490 5625 Joannes
3510 5563 3761 5639 apostolus:

586 5669 615 5748 ξ
634 5658 816 5748 Rom,
834 5660 994 5748 edit."
1018 5662 1070 5748 in
1093 5662 1174 5717 his
1199 5680 1312 5748 qua;
1334 5666 1704 5748 non-videt..."
1730 5686 1821 5741 per
1843 5675 2108 5746 compngi-
2217 5695 2325 5734 rem
2352 5679 2707 5746 deseruerant,
2731 5681 3041 5743 minuentes.
3064 5691 3173 5738 etc.

512 5732 1740 5826 ηαξὶίοξξέξξίξῇίίξθαξίρλςςξξξᾳρίηληίδιναιαηι.ρι’
1765 5732 2106 5810 σοηιραὲιιῦη.
2238 5732 2261 5826 ξ
2297 5763 2317 5788 ο
2733 5732 3333 5826 ,"quospriesit'mpserat
3357 5773 3514 5822 esse;
3543 5766 3592 5810 at
3613 5763 3764 5808 vocem
3857 5753 3860 5759 ’

577 5805 604 5846 ὺ
645 5802 806 5866 Boni.
839 5802 995 5871 editi,
1023 5805 1236 5861 redeunt
1259 5809 1327 5863 ad
1353 5808 1541 5880 Deum,
1587 5818 1674 5882 qui
1705 5829 1821 5869 eum
1847 5802 1938 5886 per
1959 5834 2103 5876 erro-
2213 5823 2336 5879 deos
2365 5802 2556 5880 é‘éo’di
2583 5802 2914 5897 adipisci;
2934 5802 3304 5885 ie‘éiiiiiiﬁiiis’i
