3970 6316
543 287 650 349 ιδῦ

1492 283 1586 342 Αἰ)
1605 275 1844 342 οΡιιιιι
1875 277 2128 342 SANCTI
2167 271 2492 342 AMBROSI!
2535 269 2910 336 APPENDIX.

3707 273 3787 336 ιιι

531 401 668 472 Quid
715 399 858 456 enim
909 405 1016 454 tam
1071 395 1462 469 perniciosum,
1533 406 1754 469 tamque
1832 397 2131 460 funestum,
2165 407 2211 464 Λ
2241 396 2428 460 minis,
2461 395 2618 464 cujus
2645 393 2939 462 imaginem
2985 397 3208 460 portare
3235 400 3340 444 nos
3367 387 3518 460 jubet
3545 388 3597 448 in
3625 397 3786 450 sancti-

541 509 706 567 quam
735 495 803 550 ad
853 494 1108 564 injuriam
1139 492 1406 554 creatoris
1437 492 1534 550 Dei
1569 491 1730 562 lignis
1768 501 1826 548 ct
1867 492 2142 562 lapidibus

531 588 618 644 vel
637 588 760 644 aliis
781 587 1020 644 metallis
1043 584 1480 642 honoriﬁcentius
1501 585 1626 654 ejus
1651 599 1852 642 nomen
1873 585 2141 652 tribuere;

535 697 660 738 cum
691 679 796 752 ipsi
841 695 950 736 non
995 678 1304 750 patiantur,
1355 687 1416 734 ut
1445 693 1636 734 servus
1685 681 1908 736 nomine
1935 679 2148 734 domini

535 782 900 844 nuncupetur,
937 788 1101 844 quem
1143 787 1250 828 non
1283 781 1478 828 natura
1507 773 1716 844 utique,
1750 773 1844 830 sed
1891 773 2144 844 quaedam

533 866 778 922 conditio
823 865 1050 937 subjicit
1099 867 1374 924 servituti?
1425 866 1586 922 Aliud
1619 883 1650 922 e
1679 876 1870 924 contra
1929 870 2140 924 crimen

531 965 620 1014 est
645 957 912 1020 avaritia).
947 973 1052 1012 non
1071 957 1506 1028 disparmalitia,
1533 959 1634 1014 sed
1651 959 1936 1016 diversum
1965 963 2016 1016 in
2042 976 2142 1016 no-

531 1050 700 1106 mine.
737 1047 892 1108 Unde
915 1049 986 1108 ad
1015 1049 1372 1108 Timotheum
1399 1051 1476 1106 ait
1505 1069 1518 1106 :
1549 1051 1728 1108 Radix
1753 1053 1889 1108 enim
1911 1055 2142 1108 omnium

528 1143 789 1200 malorum
825 1151 900 1198 est
927 1144 1148 1198 auaritia
1177 1143 1394 1216 (lTim.
1429 1159 1502 1212 vr,
1547 1144 1684 1216 f0);
1715 1147 1960 1202 omnium
1991 1149 2140 1204 enim

531 1253 710 1308 capax
742 1247 826 1294 est
863 1238 1220 1306 delictorum,
1273 1233 1331 1294 ut
1357 1240 1636 1296 aviditatis
1681 1257 1816 1308 suae,
1857 1244 2004 1314 quod
2037 1245 2140 1300 im-

531 1333 801 1402 possibile
853 1343 960 1399 est,
993 1333 1218 1404 impleat
1259 1334 1615 1400 desiderium,
1665 1351 1880 1408 semper
1923 1338 2138 1406 bibens,

531 1437 590 1484 et
620 1441 841 1498 semper
871 1427 1086 1486 sitiens.
1136 1428 1250 1484 Non
1285 1429 1560 1488 immerito
1589 1446 1723 1504 ergo
1751 1433 1854 1488 sub
1902 1449 2014 1490 uno
2043 1451 2142 1489 no-

533 1521 684 1578 mine
715 1528 1008 1592 utrumque
1033 1522 1234 1580 malum
1264 1523 1536 1589 ostendit;
1567 1540 1708 1594 pene
1735 1527 1884 1582 enim
1915 1543 2024 1582 uno
2047 1543 2142 1584 ex-

531 1613 754 1682 plentur
773 1628 942 1684 opere
969 1633 982 1670 :
1011 1614 1138 1685 quia
1161 1615 1308 1670 sicut
1329 1616 1640 1674 idololatria
1671 1617 1760 1674 uni
1781 1617 1898 1676 Deo
1923 1621 2140 1676 auferre

532 1707 728 1762 nititur
773 1706 1031 1777 gloriam,
1081 1723 1148 1766 ne
1183 1709 1330 1779 quod
1361 1709 1482 1780 ejus
1527 1711 1806 1783 peculiare
1849 1721 1955 1780 est,
1987 1717 2140 1772 solus

2249 497 2360 546 tate
2381 499 2436 546 et
2477 488 2636 544 bonis
2677 487 2954 558 operibus,
2995 499 3114 555 qua:
3163 483 3230 538 de
3253 482 3378 538 Filii
3429 484 3520 540 Dei
3563 487 3786 558 agnitione

2247 583 2614 640 descendunt.
2661 582 2829 636 i\'emo
2859 581 3004 635 enim
3055 587 3236 650 potest
3265 577 3466 634 bonum
3495 589 3544 636 ct
3581 583 3787 638 mundam

2245 677 2452 734 habere
2483 677 2674 742 vitam,
2701 677 2806 730 nisi
2838 674 3038 729 habeat
3059 673 3148 728 cui
3187 674 3328 728 hanc
3357 672 3631 742 exhibeat,
3657 691 3686 730 a
3709 692 3787 748 quo

2245 769 2424 826 sinon
2451 769 2762 840 praemium,
2789 779 2936 824 certe
2991 765 3077 822 vel
3115 765 3328 822 laudem
3381 777 3666 836 exspectet.
3713 769 3793 826 Sed

2245 864 2386 935 apud
2409 866 2576 920 Deum
2605 873 2662 920 et
2695 865 2810 918 laus
2833 871 2890 918 et
2913 861 3195 930 praemium
3227 869 3548 932 sperantur;
3571 861 3683 934 quia
3708 879 3790 920 non

2247 959 2448 1028 patitur
2479 959 2576 1014 Dei
2599 957 2808 1028 jnstitia
2829 971 2980 1022 cum,
3013 955 3102 1025 qui
3135 955 3314 1010 carnis
3341 955 3474 1010 vitia
3503 955 3696 1024 vicerit,
3715 958 3792 1014 nii-

2245 1053 2392 1106 nime
2435 1051 2712 1106 coronari.
2745 1049 2804 1104 In
2837 1051 2940 1106 hac
2987 1049 3172 1120 itaque
3221 1049 3498 1120 agnitione
3547 1050 3708 1104 nullus
3749 1060 3790 1106 ut

2243 1145 2497 1216 indignus
2523 1146 2813 1216 excipitur,
2847 1143 3004 1216 quasi
3033 1158 3138 1200 non
3165 1153 3447 1198 mereatur
3476 1143 3716 1200 accedere
3735 1145 3786 1198 ad

2247 1239 2410 1296 fidem
2439 1237 2680 1304 Christi;
2711 1251 2902 1294 omnes
2932 1237 3076 1292 enim
3105 1235 3432 1292 accedentes
3479 1252 3634 1292 unum
3669 1237 3789 1304 fiunt,

2243 1333 2410 1390 deleti
2435 1331 2566 1404 quid
2591 1331 2822 1400 fuerint,
2847 1343 2902 1388 et
2931 1331 3122 1402 scripti
3149 1331 3275 1402 quid
3307 1347 3430 1388 esse
3453 1341 3794 1403 coeperuntnu

2243 1427 2370 1497 quia
2403 1427 2570 1482 unius
2601 1425 2732 1482 fidei.
2755 1435 2904 1494 sunt,
2931 1425 2988 1482 in
3029 1441 3096 1482 eo
3113 1427 3242 1496 ipso
3287 1427 3455 1482 unius
3485 1427 3591 1484 sint
3617 1437 3666 1482 et
3703 1443 3792 1484 rne-

2244 1521 2356 1586 riti,
2393 1531 2446 1574 ut
2469 1535 2604 1590 quos
2635 1519 2770 1576 fides
2793 1518 2994 1590 jungit,
3039 1533 3144 1574 non
3177 1520 3390 1588 possint
3413 1518 3668 1584 discerni,
3695 1535 3791 1591 pro-

2245 1621 2368 1682 pter
2395 1615 2542 1682 quod
2583 1613 2792 1669 diversi
2833 1621 3026 1668 natura
3055 1621 3112 1668 et
3157 1623 3318 1683 gente
3363 1611 3484 1668 sive
3529 1615 3792 1668 conditione

2243 1717 2392 1764 sunt.
2423 1707 2616 1764 Omnia
2655 1709 2802 1764 enim
2831 1717 2890 1764 et
2919 1708 2972 1763 in
3017 1708 3270 1762 erunibus
3299 1707 3388 1764 his
3429 1706 3668 1762 Christus
3693 1717 3790 1775 est;

531 1800 736 1858 habeat
765 1818 968 1860 nomen
995 1803 1298 1862 divinitatis
1323 1805 1426 1862 sibi
1455 1807 1558 1864 soli
1585 1809 1952 1880 condignum;
1979 1813 2056 1868 ita
2085 1825 2123 1868 et

2243 1801 2368 1870 quia
2395 1801 2542 1856 enim
2571 1803 2752 1856 cuncti
2777 1801 2898 1872 ejus
2931 1800 3175 1856 membra
3205 1810 3353 1866 sunt,
3377 1801 3566 1856 omnia
3591 1799 3790 1856 Christus

532 1895 760 1952 avaritia
807 1897 858 1952 in
891 1897 982 1952 Dei
1033 1915 1092 1954 se
1125 1915 1214 1956 res
1265 1903 1550 1970 extendit,
1585 1911 1646 1958 ut
1691 1905 1734 1960 si
1785 1915 1966 1976 potest
1993 1907 2136 1974 ﬁeri,

531 2003 678 2044 unus
709 1997 764 2044 et
785 1990 932 2048 solus
955 2003 1264 2050 creaturam
1283 1995 1402 2065 ejus
1421 1996 1526 2052 sibi
1551 2009 1970 2071 usurpet,quam
1997 2003 2138 2058 Deus

527 2099 880 2142 communem
911 2087 1168 2144 omnibus
1200 2089 1348 2146 fecit.
1375 2090 1531 2148 Unde
1558 2091 1692 2148 dicit
1719 2094 1866 2150 Deus
1893 2111 1990 2166 per
2013 2113 2139 2167 pro-

533 2181 754 2247 phetam
791 2195 806 2238 :
841 2179 1018 2235 Meum
1060 2192 1135 2237 est
1177 2199 1387 2250 aurum,
1437 2195 1486 2240 et
1527 2203 1698 2242 meum
1753 2199 1830 2244 est
1857 2201 2134 2262 argentum

535 2269 710 2342 (Agtl’.
737 2287 794 2341 ιι,
829 2273 928 2342 9).
957 2273 1198 2344 Utraque
1225 2276 1390 2346 igitur
1421 2277 1533 2334 Deo
1561 2289 1644 2336 est
1670 2280 1923 2347 inimica;
1958 2285 2132 2340 arnbrc

531 2363 682 2420 enim
715 2366 824 2421 Deo
847 2365 1142 2438 almegant,
1177 2385 1300 2440 qua:
1331 2369 1449 2440 ejus
1479 2381 1626 2427 sunt.

594 2457 784 2528 (Vers.
815 2459 910 2526 6.)
947 2459 1174 2532 Propter
1215 2478 1332 2532 qua:
1381 2465 1517 2518 venit
1567 2466 1648 2518 ira
1699 2465 1818 2522 Dei.
1863 2468 2131 2525 Malorum

525 2561 953 2610 memoratorqu
987 2567 1150 2608 causa
1193 2565 1484 2612 venturum
1511 2555 1650 2612 dicit
1692 2557 1956 2628 judicium
1991 2561 2127 2626 Dei;

524 2651 584 2696 ut
639 2643 952 2698 vindicetur
983 2646 1034 2699 in
1069 2645 1190 2714 hos,
1238 2649 1330 2718 qui
1378 2659 1700 2720 contempto
1745 2651 1858 2710 Deo
1901 2663 1956 2710 et
1985 2655 2130 2726 Lege

527 2735 666 2804 ejus,
701 2737 993 2794 interdicta
1021 2741 1174 2810 sequi
1199 2743 1528 2800 maluerunt.

603 2829 799 2899 (Vera.
831 2833 883 2884 7.
915 2833 931 2903 )
965 2831 1032 2886 In
1065 2833 1254 2904 quibus
1285 2847 1332 2892 et
1363 2853 1450 2892 nos
1485 2839 1790 2896 atnlmlastis
1821 2843 2124 2914 aliquando,

527 2937 648 2976 cum
673 2922 910 2980 viveretis
937 2926 992 2980 in
1013 2927 1138 2982 illis.
1171 2927 1444 2994 Quantum
1495 2932 1818 2990 beneficium
1853 2936 1962 2992 illis
1989 2955 2132 3007 pran-

523 3014 726 3070 stiterit
769 3017 942 3085 gratia
987 3017 1082 3073 Dei
1115 3035 1210 3088 per
1258 3020 1443 3078 .Iesum
1473 3023 1776 3089 Christum,
1809 3041 1918 3082 non
1953 3039 2125 3094 tacet;

525 3113 584 3160 ut
631 3108 974 3176 gratulentur
1023 3113 1262 3168 evasisse
1307 3129 1366 3170 se
1401 3115 1563 3178 iram,
1608 3131 1730 3186 quae
1780 3129 2012 3176 ventura
2045 3133 2132 3179 est

2241 1903 2361 1960 est;
2395 1905 2454 1950 ut
2479 1895 2610 1952 dum
2645 1911 2750 1952 una
2781 1895 3057 1952 confessio
3087 1911 3278 1952 eorum
3309 1906 3394 1952 est
3419 1897 3490 1952 de
3519 1913 3614 1968 spe
3635 1897 3732 1968 ejus
3753 1897 3790 1951 in

2241 1989 2499 2044 omnibus
2545 1989 2838 2044 Christus:
2873 1998 2928 2044 et
2957 1987 3040 2044 sic
3081 1989 3268 2045 omnia
3315 2003 3518 2060 corpus
3543 1989 3652 2060 ejus
3679 1999 3792 2054 sunt,

2241 2091 2302 2136 ut
2346 2081 2616 2152 professio
2663 2095 2852 2138 eorum
2897 2093 2952 2138 et
2997 2092 3188 2138 natura
3237 2081 3558 2138 concordet.
3599 2081 3706 2138 Alia
3728 2090 3790 2138 est

2241 2185 2420 2232 tamen
2455 2177 2635 2247 imago
2665 2176 2804 2244 huic,
2833 2193 2992 2248 quam
3027 2177 3096 2232 de
3125 2177 3406 2248 agnitione
3441 2178 3720 2232 Salvatoris
3736 2176 3796 2230 di-

2239 2271 2314 2326 cit
2359 2271 2558 2338 creari,
2587 2281 2642 2326 et
2685 2271 2790 2330 alia
2825 2271 3024 2342 imago,
3071 2271 3324 2342 adquam
3367 2271 3540 2326 factus
3569 2269 3792 2342 cst273

2239 2365 2447 2432 primus
2473 2364 2658 2420 homo.
2705 2365 2812 2420 Ista
2861 2365 3006 2420 enim
3051 2365 3226 2437 imago
3275 2375 3359 2422 est
3414 2375 3470 2422 et
3511 2367 3568 2422 in
3615 2365 3791 2430 femina,

2237 2469 2358 2512 cum
2393 2457 2638 2526 agnoscit
2669 2473 2816 2522 eum,
2873 2458 2966 2528 qui
3005 2473 3064 2514 se
3093 2459 3324 2528 creavit,
3353 2467 3414 2514 et
3441 2459 3790 2530 obtemperans

2237 2547 2504 2604 voluntati
2539 2549 2656 2620 ejus
2685 2549 2920 2606 abstinet
2949 2565 2979 2604 ει
3010 2547 3118 2604 vita
3149 2551 3292 2622 turpi
3317 2559 3372 2606 ct
3391 2559 3512 2606 actu
3533 2567 3789 2624 perverso;

2231 2641 2322 2698 illa
2353 2651 2534 2700 autem
2567 2645 2744 2716 imago
2791 2645 2845 2700 in
2871 2645 2991 2702 solo
3021 2645 3138 2700 viro
3162 2655 3266 2714 est,
3315 2645 3464 2702 sicut
3519 2647 3657 2704 idem
3693 2646 3792 2700 dicit

2235 2738 2288 2792 in
2321 2739 2552 2810 epistola
2585 2739 2650 2794 ad
2682 2740 2998 2804 Corinthios
3031 2739 3202 2810 prima
3229 2759 3240 2794 :
3275 2739 3368 2794 Vir
3397 2742 3601 2812 quidem
3625 2741 3792 2794 nonde-

2233 2829 2310 2884 bct
2338 2832 2505 2886 velare
2549 2841 2726 2900 caput,
2777 2849 2894 2886 cum
2939 2833 3005 2886 sit
3029 2835 3200 2902 imago
3246 2843 3292 2886 et
3323 2835 3492 2903 gloria
3521 2831 3620 2888 Dei
3645 2831 3787 2905 (lCor.

2231 2940 2316 2990 ιιι,
2353 2925 2439 2994 7).
2467 2923 2522 2980 Si
2555 2935 2734 2980 autem
2765 2935 2818 2982 et
2859 2927 3056 2982 mulier
3089 2943 3196 2982 non
3231 2929 3439 2982 velaret
3469 2937 3648 2998 caput,
3677 2937 3788 2984 esset

2231 3027 2286 3072 et
2315 3019 2434 3088 ipsa
2481 3021 2658 3091 imago
2691 3021 2810 3076 Dei.
2861 3021 2968 3076 Sed
3001 3022 3357 3091 irreungrtttttn
3401 3034 3534 3088 erat,
3588 3033 3641 3076 nt
3685 3022 3788 3074 lucra

2231 3113 2346 3168 viro
2373 3113 2646 3184 subjecta,
2677 3114 2955 3170 diceretur
2993 3131 3114 3170 esse
3153 3118 3328 3186 imago
3361 3116 3488 3180 Dei;
3519 3132 3638 3170 nam
3681 3125 3726 3170 ct
3751 3116 3788 3168 in

527 3209 752 3266 repente
801 3217 966 3271 super
993 3204 1242 3260 infideles
1273 3208 1438 3264 totius
1469 3217 1654 3272 teme,
1687 3219 1742 3264 et
1761 3213 1898 3268 tales
1925 3227 2126 3272 semet—
2153 3219 2198 3280 C
2231 3205 2430 3264 539351
2461 3209 2534 3262 δία
2567 3207 2642 3262 δίε
2673 3224 2688 3264 ε
2721 3206 2791 3260 Εί
2831 3209 2952 3280 fec"
2979 3207 3122 3264 De“
3149 3210 3432 3276 ίιοηιίηεηιν
3473 3211 3540 3264 ad
3559 3209 3788 3282 ίιηαθίηίπι

526 3293 674 3360 ipsos
717 3296 1020 3364 praebeant,
1056 3307 1114 3352 ut
1143 3314 1336 3370 parere
1383 3303 1594 3372 possint
1643 3305 1936 3376 praeceptis
1983 3311 2122 3380 ejus,

522 3400 552 3438 a
579 3401 686 3454 quo
713 3401 746 3440 a
773 3398 950 3444 morte
977 3391 1214 3448 secunda
1247 3404 1376 3448 sunt
1425 3395 1661 3452 liberati.

595 3481 614 3552 (
649 3482 804 3540 Vers.
837 3484 989 3540 8-H.
1015 3487 1031 3554 )
1063 3484 1218 3541 Nunc
1267 3506 1383 3542 vero
1425 3491 1668 3560 deponite
1717 3505 1766 3550 et
1811 3511 1897 3550 uos
1925 3499 2122 3566 omnia,

519 3575 654 3626 iram
683 3585 729 3630 et
757 3577 1162 3649 indignationem
1201 3581 1384 3648 (mimi,
1409 3585 1688 3648 inutilium,
1723 3586 2118 3659 blasphemiam.

524 3663 916 3737 Turpiloqninm
939 3672 1001 3722 de
1019 3687 1107 3724 ore
1125 3683 1292 3726 castra
1315 3689 1416 3730 non
1435 3677 1700 3744 procedat.
1729 3678 1906 3734 Nolite
1921 3683 2124 3736 mentiri

515 3762 754 3818 invicem.
779 3763 1068 3824 Euuilevos
1095 3777 1310 3822 veterem
1336 3769 1594 3826 hominem
1616 3787 1730 3828 cum
1764 3775 1966 3830 actibus
1983 3779 2118 3848 ejus,

517 3865 564 3908 et
593 3855 795 3910 induite
818 3871 1024 3922 norum,
1057 3859 1145 3927 qui
1175 3870 1450 3915 renovatur
1471 3872 1496 3898 α
1518 3863 1571 3918 in
1593 3866 1910 3936 agnitionem
1937 3883 2122 3924 secun-

514 3947 638 4002 dum
669 3948 948 4016 imaginem
987 3951 1124 4019 ejus,
1153 3953 1242 4019 qui
1284 3956 1516 4010 condidit
1547 3957 1735 4024 illum;
1781 3961 1866 4014 ubi
1907 3977 2010 4015 non
2045 3973 2122 4016 est

517 4036 730 4094 Grtccus
759 4049 806 4092 et
833 4037 1076 4106 Judwus,
1115 4044 1443 4102 circumcisio
1469 4057 1516 4102 et
1547 4052 1884 4120 prtaputium,
1919 4051 2120 4108 Barba-

513 4141 604 4182 rus
633 4138 680 4184 et
712 4129 931 4200 Scytha,
967 4148 1140 4194 seruus
1171 4145 1219 4190 et
1249 4137 1383 4192 liber
1411 4155 1428 4192 :
1457 4140 1546 4194 sed
1577 4121 1752 4196 omnia
1779 4155 1828 4198 et
1873 4147 1926 4200 in
1947 4148 2116 4202 omni.

516 4221 609 4278 bus
650 4221 908 4280 Christus.
973 4225 1130 4284 Nunc
1171 4230 1242 4284 ab
1273 4231 1358 4288 bis
1407 4233 1682 4302 prohibet,
1733 4253 1853 4308 quae
1905 4240 2118 4296 minora

509 4323 736 4383 peccata
779 4316 1060 4384 videntur;
1095 4337 1162 4376 ne
1195 4321 1362 4390 forte,
1393 4325 1518 4395 quia
1545 4329 1804 4399 superius
1841 4347 1966 4402 quae
1993 4347 2117 4404 gra-

507 4407 659 4464 viora
683 4417 834 4474 suut,
861 4411 1244 4470 mortificanda
1275 4418 1581 4486 mandavit,
1607 4422 1724 4478 haec
1745 4424 2082 4482 admittenda
2098 4467 2113 4493 ,

477 4499 602 4556 "aut
627 4502 784 4571 quasi
811 4517 921 4558 non
953 4505 1281 4574 periculosa,
1311 4525 1421 4566 non
1453 4512 1712 4586 fugienda
1745 4525 2109 4585 putarentur:

2229 3299 2332 3356 Dei
2357 3304 2478 3374 fecit
2503 3319 2622 3358 eum
2647 3303 2665 3376 (
2687 3302 2870 3360 Genus.
2893 3320 2932 3372 ι,
2961 3305 3098 3376 27);
3133 3317 3190 3362 ut
3215 3305 3356 3362 sicut
3389 3306 3530 3362 Deus
3554 3322 3682 3360 unus
3707 3312 3784 3366 est,

2229 3410 2372 3452 unus
2401 3397 2470 3452 ab
2499 3413 2564 3454 eo
2609 3399 2764 3454 fieret
2799 3399 2960 3454 homo
2997 3417 3008 3452 :
3037 3410 3096 3454 ut
3145 3399 3420 3472 quomodo
3475 3417 3542 3456 ex
3577 3399 3682 3454 Deo
3707 3410 3786 3452 uno

2227 3489 2436 3558 omnia,
2491 3491 2560 3546 ita
2614 3507 2678 3547 ex
2709 3507 2818 3548 uno
2851 3493 3072 3548 homine
3097 3509 3260 3548 omne
3289 3508 3462 3562 genus
3491 3505 3630 3549 esset
3657 3503 3786 3560 super

2223 3579 2420 3638 faciem
2445 3584 2613 3638 totius
2637 3593 2816 3640 terrae.
2847 3585 2998 3642 Unus
3019 3585 3185 3656 igitur
3210 3603 3376 3640 unum
3411 3587 3556 3654 fecit,
3589 3587 3672 3655 qui
3697 3583 3784 3638 urti-

2225 3677 2353 3732 tatis
2379 3677 2500 3747 ejus
2531 3677 2758 3734 haberet
2789 3679 3106 3750 imaginem.
3143 3681 3208 3736 Et
3245 3681 3358 3750 ipsa
3395 3682 3449 3736 in
3481 3682 3596 3736 viro
3623 3690 3672 3736 ct
3695 3693 3784 3732 nut-

2225 3769 2362 3828 liere
2405 3770 2708 3828 similitudo
2735 3775 2984 3844 mysterii
3029 3773 3203 3830 Patris
3231 3783 3286 3829 ct
3333 3773 3494 3840 Filii;
3523 3773 3781 3826 Barbarum

2225 3871 2408 3920 tamen
2437 3865 2506 3920 ab
2553 3866 2754 3938 Scytha
2785 3867 3114 3940 segregavit,
3147 3869 3294 3922 sicut
3337 3881 3556 3922 servum
3585 3883 3614 3920 a
3641 3866 3782 3920 libero

2223 3973 2334 4014 non
2367 3959 2552 4030 utique
2601 3961 2654 4014 in
2697 3959 2938 4028 Christo,
2975 3961 3028 4015 in
3079 3977 3186 4030 quo
3215 3975 3408 4016 omnes
3451 3977 3612 4016 unum
3639 3967 3774 4016 sunt:

2219 4051 2316 4108 sed
2345 4052 2401 4108 in
2433 4067 2646 4108 morum
2679 4052 2896 4110 feritate
2925 4063 2979 4108 et
3019 4053 3076 4108 in
3099 4053 3278 4124 gentis
3307 4049 3780 4121 immanitatc.,Pc-

2215 4143 2367 4215 jores
2397 4147 2540 4200 enim
2587 4145 2688 4200 hos
2719 4146 2978 4204 Barbaris
3011 4146 3240 4218 intelligi
3283 4147 3478 4214 voluit,
3527 4157 3778 4216 antequam

2221 4237 2470 4305 credant,
2501 4252 2626 4294 cum
2651 4238 2972 4296 Grmcorum
3003 4239 3124 4296 libri
3147 4239 3422 4310 justitiam
3449 4255 3628 4294 eorum
3669 4253 3778 4306 pra-

2219 4331 2424 4400 dicent,
2445 4348 2632 4404 quam,
2651 4334 2790 4390 duce
2815 4344 3033 4400 natura,
3065 4335 3462 4404 sequebantur;
3483 4333 3509 4372 ι»
3529 4335 3580 4390 in
3603 4341 3774 4388 tantum

2220 4435 2278 4482 ut
2307 4441 2564 4497 magnum
2585 4427 2729 4498 apud
2763 4441 2858 4484 eos
2887 4437 3170 4496 peccatum
3202 4429 3328 4482 furti
3363 4427 3640 4486 habeatur,
3661 4417 3774 4494 quod

2217 4519 2392 4576 Graeci
2418 4535 2634 4591 magna,
2667 4519 2870 4590 inquit,
2907 4535 3029 4576 cum
3060 4519 3326 4574 industria
3360 4529 3414 4576 et
3436 4516 3774 4586 doctriuajus.

507 4591 676 4650 simul
703 4595 868 4656 etiam
893 4605 952 4652 ut
979 4599 1132 4654 exuti
1163 4612 1404 4660 veterem
1431 4605 1732 4674 hominem,
1783 4610 1834 4664 id
1867 4623 1966 4677 est,
2003 4623 2110 4668 tam
2139 4619 2194 4682 Ι)
2218 4613 2352 4668 tiliae
2391 4614 2616 4670 semitas
2647 4614 3062 4685 investigarunt,
3113 4613 3282 4669 hosce
3314 4615 3630 4669 naturaliter
3651 4625 3770 4666 rom-

505 4685 682 4742 verbo
711 4702 872 4756 quam
899 4697 1024 4744 actu
1049 4693 1510 4752 incontaminatos
1535 4713 1596 4754 se
1625 4698 1892 4770 videntes,
1911 4707 2110 4760 etnovi

505 4779 638 4836 facti
669 4781 722 4834 in
771 4779 988 4838 Christo
1017 4799 1113 4854 per
1143 4787 1480 4857 agnitionem
1523 4791 1799 4862 veritatis,
1828 4811 1950 4866 quae
1973 4797 2106 4852 olim

501 4871 682 4942 latuit,
731 4873 896 4930 modo
935 4887 1120 4934 autem
1165 4879 1514 4938 manifestata
1559 4900 1656 4955 per
1687 4901 1882 4944 novam
1929 4889 2105 4961 legem

499 4967 886 5036 credentibus;
911 4979 972 5030 ut
991 4972 1200 5030 similes
1223 4975 1354 5030 fiant
1383 4976 1638 5047 imaginis
1670 4979 1812 5050 ejus,
1835 4983 1928 5052 qui
1953 4999 2108 5040 creu-

501 5063 580 5120 vit
611 5064 760 5120 illos.
803 5065 988 5139 luiago
1037 5069 1156 5124 lucc
1207 5070 1260 5126 in
1318 5075 1746 5130 conversatione
1795 5077 1948 5134 bona:
1979 5079 2107 5134 vitae

497 5159 856 5232 intelligenda
879 5171 984 5230 est,
1017 5165 1160 5220 sicut
1187 5165 1324 5222 dicit
1351 5167 1418 5224 ad
1443 5169 1762 5226 Corinthios
1789 5173 1844 5230 in
1871 5175 2106 5246 epistola

493 5255 722 5324 prima:
759 5255 1212 5322 Qttcntadmodum
1277 5263 1596 5330 portavimus
1645 5265 1922 5337 imaginem
1967 5271 2100 5340 ejus,

493 5347 584 5415 qui
617 5347 682 5402 de
703 5357 842 5404 terra
871 5357 986 5414 est;
1021 5353 1098 5406 ita
1123 5363 1390 5422 portemus
1411 5365 1460 5410 et
1481 5355 1760 5430 imaginem
1787 5361 1904 5430 ejus
1929 5363 2018 5432 qui
2039 5364 2103 5419 de

495 5440 624 5494 calo
651 5441 816 5514 cst-(1
845 5443 966 5500 Cor.
995 5461 1092 5515 xv,
1125 5445 1249 5518 49).
1283 5445 1408 5519 ipse
1449 5459 1534 5514 est
1563 5465 1697 5521 ergo
1753 5465 1971 5512 creator
2001 5455 2100 5516 ho-

567 5652 594 5682 ιι
633 5641 765 5716 Post
796 5642 848 5716 in
887 5647 1208 5716 agnitionem
1249 5647 1497 5704 nonnulli
1529 5663 1667 5705 mss.
1717 5665 1844 5707 cum
1891 5649 2084 5710 Bibliis

487 5715 722 5790 vulgatis
745 5713 950 5790 addunt
979 5721 1040 5775 τὸ
1069 5719 1197 5786 Dei;
1245 5721 1343 5776 scd
1397 5721 1702 5778 redundare
1741 5725 1877 5778 hanc
1901 5739 2084 5782 vocem

485 5787 608 5842 eum
637 5787 952 5870 multorum
983 5793 1380 5870 eueniplarium
1413 5807 1696 5850 sacrorum
1737 5803 2079 5870 anetorttate,

483 5867 594 5913 tum
637 5857 797 5930 hujus
837 5857 1006 5930 ipsius
1031 5864 1130 5916 loci
1151 5857 1582 5920 demonstratur.

2219 4705 2578 4775 prehendisse
2619 4707 2951 4764 collaudant.
2995 4708 3103 4764 Sed
3158 4707 3436 4778 quomodo
3483 4709 3770 4778 degenerant

2217 4799 2422 4866 omnia,
2479 4811 2665 4870 postea
2731 4801 2852 4870 plus
2901 4800 3294 4871 vituperabiles
3340 4815 3468 4858 esse
3508 4805 3768 4870 cmperunt.

2215 4907 2380 4962 quam
2405 4891 2620 4948 fuerant
2645 4903 2804 4948 antea
2839 4893 3160 4948 laudabiles.
3193 4893 3488 4962 Postquam
3515 4895 3648 4950 enim
3675 4905 3765 4944 ruu-

2215 4987 2381 5044 lieres
2411 5002 2598 5044 eorum
2621 4987 2742 5059 lege
2772 4988 2873 5042 viri
2903 4987 2980 5042 uti
3009 4995 3318 5058 coeperunt,
3352 5003 3488 5058 quas
3509 4990 3767 5042 Amazonas

2215 5079 2467 5150 primitus
2505 5090 2760 5138 asserunt
2791 5080 3119 5152 appellatas,
3169 5089 3340 5138 totam
3391 5081 3572 5138 Asiam
3613 5085 3766 5134 contra

2211 5183 2462 5232 naturam
2491 5175 2878 5246 subjicientcs;
2929 5175 3008 5230 sic
3037 5174 3272 5246 contigit
3299 5185 3356 5230 ut
3387 5185 3442 5230 et
3476 5175 3572 5228 viri
3606 5181 3762 5228 canum

2207 5283 2362 5324 more
2413 5267 2590 5326 rabidi
2621 5267 2999 5336 efficerentur,
3031 5269 3302 5326 immanes
3323 5313 3340 5336 ,
3393 5271 3672 5332 silvestres,
3701 5265 3762 5316 in-

2205 5361 2364 5428 culti,
2411 5362 2722 5434 plusquam
2771 5361 3016 5430 barbari,
3065 5362 3120 5418 in
3155 5371 3366 5420 tantum
3421 5359 3682 5420 immutati,
3717 5363 3760 5408 ut

2203 5470 2369 5512 carne
2401 5456 2636 5548 humana
2667 5455 2940 5513 vescenda
2972 5455 3374 5514 imbucrcntur.
3409 5456 3545 5525 Quid
3577 5455 3757 5512 mirum.

2263 5657 2294 5737 ξ’
2323 5658 2480 5737 Boni.
2513 5658 2820 5737 edit._,1:am
2843 5675 3090 5737 magnum
3109 5663 3253 5732 apud
3281 5680 3366 5720 eos
3395 5673 3639 5737 peccatum
3656 5655 3758 5729 [αι’ιὲ

2199 5729 2500 5808 habebatur,
2526 5729 2885 5808 quod_erci,
2911 5729 2998 5804 riui
3042 5729 3234 5808 magna
3271 5729 3748 5793 cum'indttsfria..."

2199 5801 2304 5858 Sed
2333 5803 2454 5874 quia
2473 5801 2628 5859 made
2649 5801 2986 5878 degenerant,
3007 5813 3120 5862 etc.

3483 6123 3574 6215 /

3905 4642 3909 4796 l

3905 4831 3908 5032 Ι

3903 5063 3906 5267 Ι

3901 5339 3903 5461 l

3905 4642 3909 4796 l

3905 4831 3908 5032 Ι

3903 5063 3906 5267 Ι

3901 5339 3904 5506 l

3905 4642 3909 4796 l

3905 4831 3908 5032 Ι

3903 5063 3906 5267 Ι

3901 5339 3904 5506 l

3895 6079 3897 6199 ι
