3970 6316
145 317 240 374 ιῖῖ

987 305 1496 366 COMMENTARIA
1535 305 1604 364 IN
1643 305 1867 367 εριετ.
1913 307 2003 364 Ali
2041 306 2542 368 CULNSENSES.

3314 309 3422 364 458

142 446 252 485 cum
298 437 349 484 et
398 424 493 497 ipsi
526 420 750 480 Romani
803 420 961 490 longe
991 419 1078 474 alii
1111 419 1332 487 fuerint,
1378 434 1540 489 quam
1569 435 1710 476 nunc
1742 424 1788 485 Α
1820 429 1906 476 tur
1936 421 2196 482 Dominus
2221 422 2400 487 .Iesus,
2431 424 2589 493 cujus
2617 422 2934 500 magisterio
2976 422 3426 493 iuvituperaliiles

140 523 276 580 sunt?
316 520 443 576 Nam
469 526 522 576 et
551 515 867 574 mulieribus
889 529 1084 570 eorum
1111 514 1379 570 castitatis
1409 529 1572 569 causa
1601 513 1710 569 vini

141 632 259 672 usus
289 611 586 684 incognitus
623 608 744 674 fuit,
803 609 943 664 sicut
974 622 1117 664 nunc
1147 623 1340 679 aquae;
1396 609 1448 664 in
1500 617 1710 666 tantum

137 709 270 767 enim
312 706 523 777 vigebat
569 702 876 774 disciplina:
925 701 1243 767 auctoritas,
1291 711 1348 756 ut
1397 701 1709 772 subjectum

139 818 224 858 vas
249 817 350 857 non
384 800 603 864 iaceret,
635 797 779 868 quod
806 796 1040 854 volebat.

199 895 368 966 (Vers.
404 893 490 960 η,
520 891 633 962 15.)
662 893 1086 963 lnduiminiergo
1126 900 1180 945 ut
1211 892 1354 945 electi
1395 890 1700 957 Dei,sancti

132 1000 173 1044 et
201 988 388 1052 dilecti,
414 987 601 1047 viscera
636 984 1033 1049 misericordite,
1065 984 1456 1055 benignitatem,
1488 983 1706 1051 humili-

133 1093 291 1146 tatent,
321 1098 497 1137 sensus
537 1080 1001 1145 mansuetudinem,
1046 1079 1528 1150 langonirnitateus,
1569 1094 1707 1150 prta.

133 1181 292 1235 bentes
324 1177 461 1232 vobis
488 1178 698 1231 invicem
731 1175 1054 1246 patientiam,
1088 1184 1133 1229 et
1159 1174 1410 1230 donantes
1430 1174 1566 1228 alius
1594 1173 1710 1238 alii,

130 1273 169 1326 si
186 1272 289 1343 quis
313 1272 552 1326 adversus
575 1271 798 1339 aliquem
824 1269 975 1324 habet
994 1269 1249 1340 querelam
1272 1286 1288 1333 ;
1313 1268 1444 1324 sicut
1466 1277 1512 1323 et
1539 1267 1714 1323 Chris-

131 1378 200 1421 tus
226 1367 424 1421 donavit
454 1365 613 1430 vobis,
646 1366 719 1418 ita
749 1375 798 1418 et
828 1381 915 1418 vos
951 1365 1125 1436 facite.
1161 1362 1231 1420 Ut
1263 1363 1469 1418 lucrum
1503 1362 1713 1431 possint

132 1460 336 1523 habere,
367 1457 431 1514 ad
463 1458 576 1513 [nec
599 1473 694 1513 eos
732 1458 978 1514 facienda
1007 1458 1279 1524 ltortatur,
1309 1473 1430 1528 qua:
1457 1456 1710 1514 meritum

127 1552 375 1607 collocant
400 1550 539 1621 apttd
577 1550 767 1605 Deum.
802 1550 846 1603 Α
879 1549 1116 1620 peccatis
1147 1557 1329 1604 autem
1355 1548 1633 1604 abstinere
1657 1549 1714 1604 ti-

128 1660 232 1699 lllOt‘
253 1643 375 1700 facit
400 1659 414 1708 ;
451 1651 668 1700 veretur
690 1643 836 1697 enim
871 1659 937 1697 ne
965 1641 1104 1696 mala
1128 1641 1353 1705 faciens,
1383 1642 1558 1711 pinnis
1581 1641 1712 1696 sub-

125 1739 284 1793 datur.
320 1737 442 1793 Ilzec
463 1745 645 1792 autem
675 1751 794 1806 qua:
821 1752 960 1791 nunc
984 1735 1235 1791 facienda
1268 1743 1475 1803 monet,
1499 1734 1564 1790 ad
1587 1750 1712 1806 pro-

1816 525 1945 572 sunt
1968 515 2238 587 discipuli.
2266 516 2421 578 Tune
2459 518 2604 574 enim
2635 535 2792 576 veras
2820 520 3028 590 gratias
3060 519 3272 591 agimus
3315 521 3425 576 Deo

1817 622 1914 678 per
1951 608 2158 678 ipsum,
2200 611 2244 665 si
2288 610 2506 668 modum
2550 621 2954 684 praeceptorum
2991 614 3110 683 ejus
3149 614 3422 674 euelodis-

1817 715 1960 760 mus.

1888 793 2069 863 (Vers.
2102 794 2215 860 18.)
2239 795 2506 863 Mulieres,
2528 797 2743 854 subdita:
2765 809 2922 862 estote
2940 801 3085 867 viris,
3111 801 3244 862 sicut
3267 817 3423 871 opor-

1815 895 1902 951 tet,
1927 886 1981 940 in
2003 885 2247 942 Domino.
2266 888 2339 942 Ita
2358 889 2620 959 praecepit
2638 891 2892 948 mulieres
2913 892 3156 950 subditas
3179 907 3301 948 esse
3323 893 3420 950 de-

1817 980 1945 1035 bere
1973 981 2128 1049 viris,
2161 983 2301 1038 sicut
2331 983 2607 1040 mandavit
2631 983 2772 1040 Deus
2792 1025 2805 1050 ,
2839 987 2978 1041 inter
3004 996 3205 1050 caetera
3235 988 3422 1044 dicens

1815 1074 1884 1130 ad
1909 1075 2191 1133 mulierem
2225 1094 2237 1129 :
2267 1075 2334 1131 Et
2366 1078 2433 1132 ad
2462 1079 2625 1132 virum
2658 1088 2802 1134 tuum
2825 1080 3092 1135 conversio
3120 1091 3209 1137 tua
3236 1090 3285 1137 et
3315 1083 3423 1153 ipsc

1815 1168 1888 1221 tui
1920 1168 2267 1222 dominabitur
2298 1166 2451 1240 (Cen.
2485 1184 2566 1236 tu,
2598 1169 2728 1241 lli);
2773 1180 2834 1228 ut
2863 1171 2981 1242 ipso
3017 1173 3122 1227 ritu
3159 1182 3213 1228 et
3257 1173 3422 1228 disci-

1817 1262 1962 1332 plina
1995 1263 2182 1318 timeat
2213 1263 2388 1320 virum
2418 1279 2575 1320 suum
2603 1305 2617 1331 ,
2649 1265 2802 1335 quasi
2829 1265 3110 1321 dominum
3140 1306 3155 1331 ,
3199 1282 3265 1323 ex
3306 1283 3416 1338 quo

1814 1358 1981 1428 C(Epit
2007 1373 2152 1414 esse.

1889 1452 2071 1522 (Vers.
2120 1452 2234 1524 19.)
2293 1453 2428 1516 Viri.
2477 1455 2676 1526 diligite
2709 1471 2898 1512 uxores
2938 1464 3151 1522 vestras,
3185 1465 3232 1512 et
3261 1458 3418 1512 nolite

1813 1547 1979 1599 amari
2001 1562 2110 1600 esse
2137 1547 2206 1600 ad
2232 1547 2373 1602 illas.
2404 1548 2658 1618 [ligurem
2690 1547 2864 1603 virilis
2901 1549 3038 1620 legis
3067 1549 3300 1615 emollit,
3348 1567 3416 1604 ne

1811 1649 2080 1709 poteSIate
2107 1657 2211 1712 qua
2239 1642 2519 1712 przcvalet,
2555 1643 2756 1700 nimius
2783 1645 2903 1714 quis
2934 1645 3005 1698 sit
3046 1644 3100 1698 in
3130 1643 3413 1700 dominatu

1814 1735 2001 1792 uxoris
2029 1752 2040 1789 :
2067 1737 2160 1792 sed
2179 1735 2340 1792 debet
2370 1738 2646 1808 respicere
2671 1737 2736 1800 ad
2765 1737 3044 1806 allectum,
3070 1738 3195 1810 quia
3222 1739 3418 1795 mulier

123 1833 304 1890 fectum
320 1832 593 1902 pertinent
615 1831 932 1887 meritorum
955 1847 968 1896 ;
990 1845 1061 1886 ex
1086 1829 1365 1885 voluntate
1386 1830 1532 1886 enim
1554 1837 1703 1898 sunt,
1735 1832 1782 1894 B
1811 1846 1940 1887 caro
1965 1831 2085 1901 ejus
2106 1840 2189 1887 est
2211 1848 2225 1898 ;
2258 1847 2326 1890 ne
2360 1832 2480 1902 plus
2506 1832 2658 1890 illam
2700 1831 2995 1890 humilians
3021 1833 3321 1892 exacerbet
3359 1844 3413 1889 et

122 1941 217 1981 non
243 1941 307 1982 ex
340 1925 688 1981 necessitate.
725 1923 827 1993 Qui
859 1937 992 1994 ergo
1020 1923 1088 1978 ab
1117 1922 1322 1978 illicitis
1347 1938 1405 1979 se
1430 1921 1706 1992 abstinet,

122 2019 270 2074 habet
308 2017 526 2074 laudem
558 2035 571 2072 :
606 2019 695 2090 qui
730 2031 862 2072 vero
887 2032 917 2071 a
949 2016 1113 2072 licitis
1161 2023 1450 2088 temperat,
1493 2024 1550 2071 et
1593 2015 1710 2069 lau-

123 2113 231 2168 dem
261 2113 421 2169 habet
445 2124 502 2169 et
535 2111 837 2181 prmmium.

183 2205 353 2275 (Vers.
393 2207 481 2272 11,
522 2206 632 2274 15.)
662 2205 835 2272 Super
868 2205 978 2259 [nec
1003 2212 1172 2258 autent
1206 2203 1380 2260 omnia
1407 2204 1710 2258 charitalens

122 2298 304 2366 habete,
331 2299 470 2371 quod
503 2309 575 2355 est
603 2300 858 2354 vinculum
893 2299 1104 2358 unitatis
1140 2306 1228 2354 :et
1257 2314 1362 2367 pax
1393 2295 1492 2352 Dei
1532 2297 1708 2352 exsul-

123 2402 185 2447 tet
220 2394 269 2449 in
293 2389 534 2448 cordibus
567 2395 766 2460 vestris,
792 2395 845 2448 in
871 2410 970 2464 qua
987 2402 1036 2447 et
1061 2397 1228 2448 vocati
1250 2392 1369 2446 estis
1391 2393 1443 2446 in
1473 2408 1574 2447 uno
1596 2408 1710 2447 cor-

117 2495 336 2553 pore:et
375 2486 515 2558 grati
555 2494 733 2542 estote.
772 2485 907 2553 Quia
958 2499 1092 2542 vero
1141 2485 1382 2542 omnium
1413 2484 1591 2554 major
1623 2493 1709 2539 est

117 2577 357 2647 charitas,
391 2579 519 2635 huic
544 2581 712 2650 magis
735 2578 1064 2635 studendum
1095 2579 1362 2634 hortatur.
1388 2578 1541 2634 Tunc
1561 2580 1706 2634 enim

117 2672 281 2728 omnia
324 2687 446 2744 quae
493 2687 655 2742 supra
694 2671 972 2728 mandavit
1015 2673 1302 2739 servanda,
1343 2670 1409 2726 ad
1452 2671 1705 2730 effectum

118 2767 440 2836 praemiorum
480 2775 738 2839 poterunt
770 2766 996 2834 deduci,
1031 2766 1074 2822 si
1103 2765 1245 2822 duce
1273 2765 1574 2830 cbaritate,
1606 2765 1708 2824 iter

115 2859 373 2916 ambulent
395 2861 571 2933 legis;
608 2869 721 2916 tota
763 2860 906 2916 enim
950 2869 1133 2915 mente
1175 2870 1456 2926 operatur,
1507 2859 1596 2930 qui
1637 2874 1705 2914 ex

115 2967 287 3010 amare
312 2955 520 3025 aliquid
551 2953 696 3010 facit.
744 2951 1064 3027 llypocrisis
1090 2962 1143 3010 et
1180 2952 1453 3010 simulatio
1484 2967 1592 3008 non
1622 2963 1706 3008 est

115 3047 159 3103 in
189 3049 492 3114 charitate;
537 3064 704 3120 quare
738 3057 792 3104 et
838 3047 1074 3104 Joannes
1120 3047 1400 3119 apostolus
1435 3065 1447 3101 :
1499 3047 1700 3116 Timor,

117 3140 308 3212 inquit,
342 3161 443 3198 non
477 3152 553 3198 est
582 3145 634 3198 in
666 3143 961 3198 dilectione.
989 3141 1088 3209 Qui
1114 3141 1259 3198 enim
1288 3143 1461 3208 timet,
1491 3139 1703 3210 perfec-

1813 1925 2083 1980 contraria
2114 1925 2336 1995 cogitet.

1887 2019 2067 2089 (Vers.
2093 2019 2214 2088 20.)
2249 2019 2400 2087 Filii,
2434 2021 2636 2085 obedite
2661 2023 2964 2093 parentibus
2989 2026 3170 2080 vestris
3193 2041 3284 2094 per
3307 2042 3417 2080 om-

1814 2112 2062 2177 nia;ltoc
2090 2112 2225 2166 enim
2247 2113 2414 2183 placet
2441 2112 2574 2170 Deo.
2622 2114 2738 2172 Non
2781 2124 2965 2188 potest
3003 2117 3148 2172 aliud
3197 2118 3418 2188 placere

1818 2203 1949 2269 Deo,
1981 2220 2143 2274 quam
2175 2207 2319 2277 quod
2342 2206 2548 2276 justum
2576 2216 2633 2264 et
2651 2206 2795 2278 pium
2823 2217 2927 2264 est.
2955 2208 3107 2266 Tune
3123 2209 3270 2267 enim
3293 2225 3420 2280 pos—

1813 2308 1936 2354 Sunt
1966 2297 2058 2354 ﬁlii
2090 2299 2293 2358 habere
2331 2301 2626 2370 propitium
2661 2301 2857 2368 Deum,
2885 2303 2931 2359 si
2963 2301 3198 2359 debitam
3245 2303 3419 2359 hono-

1812 2393 2136 2448 rificentiam
2167 2394 2467 2464 rependant
2509 2395 2855 2463 parentibus,
2897 2396 3047 2452 eirea
3091 2395 3413 2467 obsequium

1811 2487 2030 2545 illorum
2060 2489 2268 2553 faciles,
2302 2491 2353 2544 in
2385 2498 2702 2560 contemptu
2733 2488 3011 2556 difﬁciles,
3044 2490 3282 2545 scientes
3323 2490 3416 2544 lilii

1812 2596 2106 2652 numquam
2134 2582 2399 2638 adversus
2430 2589 2684 2652 parentes
2715 2591 2740 2619 ει
2772 2580 3067 2652 providere
3091 2581 3318 2638 debere.

1895 2675 2082 2746 (Vers.
2112 2674 2234 2746 21.)
2267 2673 2478 2741 Patres,
2506 2675 2668 2730 nolite
2710 2674 2778 2730 ad
2810 2675 2942 2729 iram
2976 2689 3258 2745 provocare
3284 2675 3422 2743 ﬁlios

1810 2777 2021 2835 vestros,
2057 2784 2121 2822 ne
2149 2768 2340 2837 pusillo
2367 2768 2543 2825 animo
2569 2768 2719 2837 ﬁant.
2753 2766 3029 2824 Modestus
3055 2766 3301 2838 praecipit
3325 2781 3418 2836 pa-

1811 2870 1920 2918 tres
1936 2862 2136 2918 debere
2163 2875 2285 2918 esse
2309 2861 2460 2926 filiis.
2492 2877 2558 2917 ne
2580 2861 2843 2918 coarctati
2865 2861 2935 2916 ab
2961 2860 3066 2929 eis,
3097 2861 3414 2931 delinquant

1810 2955 1863 3010 in
1891 2954 2038 3021 illos,
2067 2964 2121 3009 et
2150 2954 2320 3011 Deum
2365 2953 2651 3011 oﬂendant
2671 2995 2686 3022 ,
2729 2953 2874 3024 quod
2903 2953 3117 3010 nolunt.
3152 2952 3238 3009 Ira
3269 2953 3415 3010 enim

1808 3046 2212 3104 inconsiderata
2243 3063 2330 3104 res
2357 3058 2464 3115 est,
2497 3047 2552 3103 in
2579 3057 2791 3106 tantum
2821 3057 2879 3104 ut
2898 3048 3190 3121 aliquando
3217 3064 3318 3105 nec
3342 3051 3416 3104 si-

1809 3141 1862 3198 bi
1893 3153 2101 3213 parcat,
2121 3143 2210 3212 qui
2230 3144 2504 3200 irascitur.
2536 3143 2746 3200 Debent
2767 3143 2912 3200 enim
2931 3142 3209 3206 recordari
3233 3154 3416 3214 patres

117 3247 191 3290 tus
217 3251 320 3296 non
347 3246 432 3295 est
462 3257 477 3294 :
519 3237 758 3308 Perfecta
787 3237 932 3292 enim
962 3236 1170 3291 dilectio
1200 3235 1344 3305 foras
1373 3235 1528 3289 mittit
1557 3237 1704 3289 timo-
1731 3231 1776 3296 C
1809 3235 1932 3306 quia
1966 3235 2184 3292 fuerunt
2219 3245 2276 3292 et
2326 3236 2429 3307 ipsi
2471 3237 2568 3293 lilii
2601 3253 2616 3292 :
2649 3237 3005 3294 considerare
3046 3245 3224 3293 autem
3272 3235 3369 3292 lilii
3397 3278 3412 3301 ,

113 3347 206 3386 rem
230 3332 270 3405 (Ι
300 3331 459 3388 Joan.
497 3349 571 3399 tv,
609 3331 698 3401 18)
727 3348 742 3398 ;
771 3331 913 3387 unde
939 3340 992 3387 et
1024 3331 1281 3388 Dominus
1310 3332 1480 3388 amari
1506 3346 1564 3386 se
1585 3345 1702 3386 ma-

115 3427 235 3493 vult,
266 3444 424 3498 quam
475 3428 675 3484 timeri.
713 3427 836 3482 llmc
868 3436 951 3484 est
982 3426 1124 3482 enim
1154 3426 1375 3484 dilectio
1405 3441 1526 3497 qua:
1555 3441 1706 3480 rom-

114 3517 350 3588 plectitur
379 3521 675 3585 unitatem,
704 3520 822 3576 btec
845 3531 926 3575 est
951 3536 1069 3590 qua:
1102 3533 1290 3576 omnes
1317 3534 1479 3576 unum
1509 3532 1705 3588 corpus

113 3612 249 3680 facit,
281 3616 395 3671 hrec
437 3625 527 3672 est
552 3631 670 3686 qure
698 3631 880 3672 veram
916 3614 1079 3670 habet
1108 3628 1320 3684 pacem,
1345 3627 1505 3684 quam
1539 3611 1706 3667 corde

113 3722 234 3776 puro
261 3709 524 3764 custodit.
561 3708 751 3764 Potest
783 3709 927 3764 enim
963 3722 1063 3776 pax
1104 3705 1233 3771 dici,
1261 3715 1314 3761 et
1360 3721 1466 3761 non
1501 3705 1706 3760 habere

112 3800 422 3858 cliarilatem
450 3819 465 3868 ;
513 3800 750 3857 charitas
789 3802 933 3856 enim
964 3815 1182 3870 semper
1215 3814 1399 3855 secum
1425 3799 1584 3855 habet
1614 3814 1708 3870 pa-

113 3909 242 3950 cem.

182 3983 356 4057 (Vers.
385 3986 502 4059 16.)
540 3986 765 4042 Verbum
797 3985 994 4042 Christi
1032 3985 1225 4040 habitet
1256 3985 1307 4040 in
1331 3985 1470 4040 vobis
1505 3984 1710 4042 abunde

116 4078 160 4132 in
187 4081 322 4135 omni
348 4081 630 4154 sapientia,
654 4079 888 4134 docentes
913 4091 962 4134 et
992 4089 1251 4134 monentes
1279 4081 1612 4151 vosmetipsos
1652 4080 1707 4133 in

117 4171 320 4241 psalmis
354 4183 402 4228 et
439 4174 667 4245 hymnis,
713 4183 759 4228 et
801 4173 1016 4228 canticis
1060 4172 1384 4244 spiritalibus
1408 4214 1422 4239 ,
1458 4173 1510 4228 in
1538 4172 1708 4244 gratia

117 4277 372 4323 cantantes
405 4269 456 4322 in
488 4268 731 4324 cordibus
768 4268 946 4322 vestris
979 4264 1226 4322 Domino.
1260 4266 1384 4324 litec
1400 4266 1706 4324 meditanda

119 4372 557 4434 monetscmper,
582 4379 702 4434 qua:
727 4372 921 4418 sonent
947 4361 1222 4418 Christum
1258 4381 1270 4416 :
1302 4362 1416 4418 lucc
1454 4363 1506 4417 in
1544 4363 1708 4418 corde

116 4454 372 4524 habenda,
407 4475 527 4530 qua}
553 4458 664 4514 Deo
693 4456 839 4512 Patri
871 4473 1088 4528 semper
1114 4457 1312 4528 gratias
1337 4456 1575 4512 referant
1600 4473 1614 4523 ;
1652 4465 1710 4510 ut

116 4565 210 4604 vox
237 4567 436 4608 canora
463 4553 541 4610 illi
571 4552 800 4619 serviat,
835 4552 985 4607 illum
1035 4550 1215 4607 laudet
1253 4551 1515 4623 psalmus,
1554 4549 1709 4623 hym-

1807 3328 1939 3400 quia
1990 3327 2158 3384 futuri
2210 3337 2338 3384 sunt
2404 3337 2621 3399 patres;
2669 3337 2731 3385 ut
2774 3329 3155 3400 :equelibrato
3180 3328 3415 3384 consilio

1809 3421 2092 3493 utriusque
2135 3423 2325 3491 partis,
2370 3431 2425 3478 et
2459 3421 2556 3478 lilii
2583 3422 2820 3493 subjecti
2849 3423 2980 3488 sint,
3010 3431 3066 3480 et
3087 3431 3266 3494 patres
3291 3437 3412 3484 mo-

1809 3515 1970 3571 desti.

1883 3608 2063 3680 (Vers.
2090 3608 2208 3680 22.)
2228 3609 2396 3674 Servi,
2417 3609 2659 3668 obaudite
2679 3627 2769 3682 per
2793 3611 2968 3666 omnia
2983 3609 3206 3666 dominis
3227 3625 3414 3664 carna-

1810 3702 1965 3766 libus,
1990 3720 2092 3758 non
2116 3703 2186 3757 ad
2217 3703 2424 3758 aculunt
2451 3705 2726 3762 servientes
2744 3746 2759 3772 ,
2791 3705 2939 3773 quasi
2967 3703 3266 3760 hominibus
3292 3703 3412 3772 pla-

1811 3805 2002 3860 centes,
2031 3797 2121 3850 sed
2148 3797 2201 3850 in
2247 3797 2580 3866 simplicitate
2619 3799 2790 3854 cordis
2837 3800 3074 3854 timentes
3101 3794 3408 3852 Dominum.

1814 3888 2077 3956 Quoniam
2124 3889 2236 3945 Deo
2274 3890 2436 3945 aliter
2483 3891 2676 3947 serviri
2720 3906 2826 3946 non
2869 3899 3052 3962 potest
3079 3905 3240 3962 quam
3274 3905 3412 3958 puro

1812 3983 2010 4048 corde;
2044 3984 2253 4040 occulta
2285 3985 2432 4040 enim
2459 3985 2707 4055 pervidet
2737 3987 3040 4042 animorum
3075 4003 3089 4041 :
3122 3985 3202 4042 sic
3231 3995 3287 4042 et
3317 3987 3413 4040 ho-

1814 4079 2048 4136 minibus
2076 4079 2325 4152 praecipit
2350 4080 2544 4136 serviri
2585 4079 2811 4138 debere.
2842 4082 2944 4150 Qui
2967 4083 3116 4138 enim
3162 4082 3230 4137 ad
3281 4097 3413 4138 oeu-

1814 4171 1925 4228 lum
1955 4173 2143 4239 servit,
2178 4173 2231 4228 in
2259 4173 2476 4228 occulto
2497 4173 2643 4229 aliud
2677 4174 2805 4231 facit
2837 4192 2850 4229 :
2881 4175 2972 4246 qui
2995 4185 3178 4232 autem
3203 4191 3268 4232 ex
3297 4178 3413 4231 ani-

1813 4280 1941 4332 mo,
1970 4264 2092 4321 talis
2129 4274 2216 4321 est
2262 4265 2418 4332 foris,
2470 4265 2647 4334 qualis
2694 4275 2749 4322 et
2779 4266 2947 4323 intus.
2982 4267 3040 4322 Si
3066 4282 3198 4339 ergo
3226 4268 3280 4322 in
3310 4268 3415 4326 hoc

1814 4357 2074 4430 obsequio
2099 4359 2261 4416 fuerit
2281 4357 2477 4424 fidelis,
2510 4359 2910 4429 promerebltur
2927 4359 3216 4416 Dominum
3244 4378 3257 4426 ;
3287 4363 3414 4432 quia

1815 4452 1932 4523 ipse
1959 4451 2097 4508 dixit
2129 4471 2141 4506 :
2179 4452 2281 4520 Qui
2310 4454 2363 4508 in
2391 4454 2602 4508 minimo
2621 4452 2794 4523 ﬁdelis
2810 4463 2886 4508 est
2908 4494 2923 4520 ,
2943 4463 2989 4508 et
3006 4454 3059 4509 in
3079 4469 3266 4526 magno
3286 4454 3416 4522 ﬁde.

1816 4546 1879 4602 lis
1901 4555 1973 4602 est
2003 4545 2158 4617 (Luc.
2190 4561 2301 4614 xvi,
2335 4545 2447 4619 10).
2483 4545 2540 4603 Si
2566 4546 2711 4603 enim
2737 4545 2788 4602 ei
2811 4586 2826 4612 ,
2858 4543 2886 4586 δ
2931 4545 3025 4617 qui
3063 4546 3133 4602 ad
3175 4562 3417 4617 praesens

117 4658 214 4698 nus
241 4647 488 4700 extollat.
519 4645 586 4699 Et
615 4644 741 4699 huic
772 4645 872 4698 soli
901 4656 1085 4698 uotum
1117 4643 1208 4709 sit,
1237 4644 1326 4715 qui
1352 4642 1562 4698 occulta
1594 4659 1711 4714 pero
1739 4637 1791 4700 D
1820 4637 2078 4705 Vindicat,
2110 4637 2286 4696 ﬁdelis
2332 4655 2438 4696 ιιοη
2487 4637 2682 4707 fuerit,
2725 4639 2818 4710 qui
2859 4638 2977 4696 ﬁeri
3016 4639 3219 4710 poterit
3259 4650 3316 4696 ul
3341 4640 3419 4697 illi

117 4738 254 4795 videt
309 4742 532 4808 mentis,
582 4755 611 4796 a
663 4755 770 4811 quo
812 4749 1060 4810 speratur
1097 4745 1151 4794 et
1176 4736 1566 4809 prmmiumJn
1588 4753 1713 4792 eor-

115 4830 266 4888 dibus
289 4834 361 4890 illi
397 4834 603 4890 cantari
628 4832 922 4895 mandavit;
947 4847 1012 4886 ne
1035 4831 1217 4887 favore
1241 4829 1706 4899 bominumlicret,

118 4937 171 4982 et
199 4929 430 4986 fructum
467 4929 766 4984 amitteret.

182 5023 362 5096 (Vers.
382 5025 494 5095 17.)
521 5024 582 5080 Et
610 5041 758 5080 omne
779 5022 1132 5096 quodcumque
1162 5022 1336 5094 facitis
1367 5021 1418 5076 in
1450 5020 1598 5076 verba
1619 5031 1710 5076 aut

118 5119 164 5172 in
195 5137 362 5192 opere,
397 5121 571 5176 omnia
598 5122 652 5176 in
674 5120 878 5174 nomine
908 5116 1120 5172 Dontini
1149 5114 1180 5170 J
1190 5133 1277 5172 esu
1301 5116 1480 5187 facile,
1517 5117 1714 5189 gratias

117 5225 314 5284 agentes
358 5214 472 5270 Deo
517 5223 564 5272 et
612 5213 761 5268 Patri
801 5228 893 5282 per
931 5213 1126 5283 ipsum.
1167 5210 1436 5279 Quoniam
1467 5226 1630 5282 supra
1659 5210 1712 5265 in

118 5310 275 5366 corde
309 5311 483 5367 Deum
521 5309 754 5376 laudari,
779 5317 840 5365 et
864 5308 942 5364 illi
962 5307 1163 5380 gratias
1193 5305 1382 5363 referri
1415 5305 1714 5376 praecepit;

121 5420 258 5460 nunc
291 5414 402 5460 tam
437 5403 490 5460 in
515 5405 684 5462 verbo
709 5447 723 5472 ,
753 5419 916 5475 quam
948 5402 1002 5460 in
1033 5417 1199 5474 opere
1229 5400 1561 5474 27ωοι1ηε
1591 5415 1724 5457 con.-

119 5498 446 5554 versationis
499 5506 695 5554 nostrae
745 5511 943 5553 nomen
994 5495 1206 5550 Domini
1251 5493 1378 5550 Jcsu
1429 5491 1638 5574 laudari
1667 5500 1723 5548 et

121 5589 346 5645 exaltari
376 5589 662 5655 hortatur;
709 5598 768 5646 ut
813 5603 937 5646 cum
985 5589 1146 5644 verba
1188 5597 1374 5644 nostra
1419 5597 1608 5644 carent
1635 5601 1724 5645 re-

123 5681 504 5750 prehensione,
533 5693 589 5739 et
615 5697 783 5753 apera
815 5689 998 5738 nostra
1033 5681 1170 5737 bona
1198 5688 1330 5737 sunt
1351 5722 1367 5750 ,
1409 5679 1725 5752 magnifice-

194 5828 220 5856 λ
250 5820 410 5876 Eras.
444 5827 499 5876 et
533 5819 661 5876 Gill.
693 5820 750 5893 in
773 5820 1042 5893 margine,
1069 5835 1130 5877 ac
1158 5820 1318 5877 Rom.
1350 5819 1484 5877 edit.
1523 5819 1576 5875 in
1607 5832 1728 5875 cor-

131 5903 285 5961 pore,
316 5893 595 5963 protervire
619 5891 814 5948 debere.

1816 4731 1980 4788 fidem
2009 4731 2287 4798 exhibeat,
2316 4747 2477 4802 quem
2514 4741 2637 4802 post
2675 4741 2908 4789 mortem
2951 4733 3108 4790 audit
3144 4733 3418 4805 judicatu-

1817 4840 1938 4881 rum
1965 4826 1986 4880 ?
2017 4825 2228 4881 Idcirco
2274 4825 2328 4882 in
2370 4825 2574 4881 domini
2615 4826 2854 4882 carnalis
2882 4842 3046 4884 causa
3064 4827 3272 4899 justum
3302 4828 3418 4884 vult

1817 4933 1941 4975 esse
1970 4933 2188 4974 servum
2219 4926 2275 4974 et
2299 4919 2690 4990 obsequentem
2719 4935 2735 4987 ;
2761 4931 2819 4976 ιιι
2851 4921 3027 4991 possit
3050 4930 3107 4978 et
3127 4921 3182 4977 in
3213 4921 3306 4978 Dei
3330 4936 3419 4980 re-

1821 5015 1922 5072 bus
1952 5024 2006 5071 et
2033 5013 2208 5070 fidelis
2239 5029 2362 5070 esse
2389 5023 2446 5071 et
2469 5015 2797 5086 obsequens.
2821 5014 2880 5071 Si
2909 5015 3054 5070 enim
3083 5015 3138 5070 in
3160 5016 3419 5086 prasenti

1822 5108 2053 5165 idoneus
2081 5107 2267 5173 fuerit,
2301 5107 2389 5163 ubi
2416 5107 2521 5164 scit
2547 5107 2691 5164 nulla
2731 5122 2854 5164 esse
2897 5107 3001 5166 nisi
3045 5105 3419 5176 corruptibilia

1827 5204 2052 5275 prmtnia
2079 5220 2094 5267 ;
2127 5213 2334 5275 quanto
2364 5204 2535 5274 magis
2563 5201 2891 5276 prOpensior
2917 5203 3022 5258 erit
3047 5203 3101 5258 in
3132 5201 3230 5258 Dei
3254 5202 3422 5257 devo-

1829 5301 1998 5367 tione,
2030 5316 2190 5372 quem
2221 5301 2324 5360 scit
2363 5299 2615 5358 ﬁdelibus
2643 5297 2970 5356 immortalia
3005 5296 3253 5354 daturum
3283 5313 3423 5368 pra:-

1826 5394 1931 5450 mia
1958 5396 1972 5452 l

1901 5488 2086 5561 (Vers.
2111 5489 2205 5557 23,
2237 5489 2329 5557 24,
2358 5487 2477 5559 25.)
2501 5485 2770 5557 Quidquid
2798 5484 2993 5555 facitis,
3021 5499 3086 5539 ex
3113 5483 3289 5541 animo
3312 5503 3426 5559 ape-

1829 5584 2042 5651 ramini,
2074 5593 2130 5639 ut
2163 5582 2382 5637 Domino
2422 5590 2470 5636 et
2515 5596 2616 5636 non
2666 5575 3006 5632 hominibus:
3042 5579 3168 5633 certi
3216 5581 3356 5651 quod
3394 5599 3426 5636 a

1833 5677 2064 5735 Domino
2109 5677 2369 5749 recipietis
2415 5673 2807 5733 retributionem
2845 5671 3166 5733 ltwreditatis
3216 5674 3430 5730 Domini

1909 5815 1938 5858 δ
1972 5817 2224 5876 Nonnulli
2257 5831 2414 5884 mss.,
2443 5815 2530 5886 qui
2551 5814 2620 5870 ad
2641 5828 2870 5886 prtesens
2888 5814 3118 5886 jttdicat.
