3970 6316
527 294 634 356 459
1473 297 1565 354 AD
1602 294 1832 355 OPERA
1874 295 2125 354 SANCTI
2164 294 2487 355 AMBROSII
2524 295 2892 355 APPENDIX.
3718 306 3800 362 uo

529 421 748 493 Christi,
790 423 875 480 cui
919 423 1138 479 servitis.
1185 421 1288 490 Qui
1348 421 1489 476 enim
1538 419 1714 491 inique
1763 420 1914 492 gerit,
1957 423 2057 490 fert
2084 418 2140 474 id
2167 420 2220 482 Î‘
2245 417 2360 486 dit;
2392 430 2451 475 ut
2493 419 2701 476 meritis
2744 428 3018 485 crescant,
3051 420 3434 481 deficientibus
3465 426 3806 484 teutstiouibus

528 517 668 588 quod
715 517 870 590 gessit
906 516 1079 585 inique
1105 531 1124 570 :
1173 525 1222 570 et
1261 531 1363 569 non
1412 523 1483 569 est
1532 528 1874 586 personarum
1910 511 2140 581 acceptio
2241 513 2562 569 adversarii.
2593 512 2744 582 Quos
2771 513 2823 568 in
2855 523 3062 570 tantum
3091 515 3286 588 dignos
3331 517 3516 586 habet,
3547 529 3602 574 ut
3636 519 3806 590 judicet

539 611 679 682 apud
704 607 892 666 Deum.
919 609 990 666 Ut
1011 620 1293 680 promptos
1322 607 1447 664 illos
1479 607 1532 662 in
1559 605 1825 678 obsequio
1851 614 1905 662 et
1933 603 2041 661 fide
2064 603 2144 658 fa-

539 705 668 773 ciat,
719 703 1031 762 mercedem
1081 704 1206 759 illos
1253 705 1518 759 bonorum
1564 717 1792 775 operum
1820 707 2144 770 accepturos

542 799 812 870 promittit
839 815 868 852 a
891 798 1004 855 Deo
1035 799 1088 854 in
1127 813 1294 870 regno
1319 797 1545 855 Christi.
1576 798 1730 868 Quod
1761 807 1821 854 ut
1849 797 2138 868 probatum

537 891 609 946 sit
637 900 693 946 et
722 900 1030 961 acceptum,
1062 891 1142 946 sic
1169 889 1292 945 illos
1315 890 1432 945 vult
1458 889 1684 961 obsequi
1714 891 1854 946 sicut
1877 889 2131 958 Domino,

533 1002 561 1039 a
593 999 701 1056 quo
729 985 1039 1040 mercedem
1069 992 1406 1054 exspectant.
1440 983 1507 1038 At
1528 983 1572 1039 si
1596 998 1790 1039 servus
1813 983 1997 1053 inique
2017 997 2144 1054 ege-

546 1079 638 1146 rit,
661 1095 767 1134 non
791 1078 970 1133 solmn
995 1076 1269 1133 hominem
1291 1076 1550 1139 offendet,
1581 1077 1675 1132 sed
1698 1085 1753 1132 et
1770 1076 1960 1140 Deum,
1981 1090 2143 1147 quem

539 1175 592 1227 in
636 1172 872 1228 admissa
926 1171 1118 1227 fraude
1155 1171 1394 1228 carnalis
1437 1171 1639 1226 domini
1686 1171 2036 1241 contempsit.
2086 1170 2144 1227 Si

539 1276 718 1322 autem
747 1265 888 1322 bene
917 1265 1113 1336 egerit,
1149 1280 1256 1320 non
1296 1265 1401 1320 erit
1432 1263 1576 1335 apud
1610 1263 1776 1320 Deum
1810 1279 2007 1321 servus
2046 1263 2146 1320 ho-

539 1361 722 1426 minis,
768 1359 924 1430 quasi
967 1359 1281 1430 dcspectior
1310 1375 1322 1413 :
1353 1357 1449 1414 sed
1489 1358 1952 1426 remunerabitur,
1987 1358 2144 1429 quasi

543 1454 684 1509 liber
710 1453 854 1510 inter
878 1453 1148 1522 homines,
1182 1467 1374 1510 servus
1396 1462 1575 1510 autem
1603 1451 1827 1517 Christi,
1854 1450 1996 1522 quod
2028 1451 2145 1523 dig-

539 1549 724 1605 nitatis
754 1556 838 1604 est
869 1562 1088 1604 nomen.

1166 1642 1396 1701 CAPUT
1436 1642 1526 1700 IV.

617 1737 799 1806 (Vers.
826 1738 906 1809 1.)
943 1737 1173 1801 Domini,
1215 1739 1353 1809 quod
1376 1738 1578 1810 justum
1614 1747 1689 1791 est
1726 1745 1774 1791 et
1803 1752 2006 1808 tequum
2033 1752 2144 1792 ser-

2241 621 2336 662 eos
2365 606 2527 662 etiam
2559 622 2620 662 se
2649 621 2806 677 posse
2837 608 3088 678 precibus
3105 609 3371 681 adjuvare
3402 610 3471 667 ad
3498 613 3806 670 assereudutu

2244 701 2501 758 audacter
2531 699 2910 772 Evangelium,
2939 702 3006 759 ad
3031 705 3176 776 quod
3220 705 3666 762 manifestandum
3693 708 3808 781 ivga.

2247 793 2448 849 tionem
2487 803 2797 864 acceperat.

2315 886 2498 961 (Vers.
2533 887 2588 954 5,
2613 886 2697 960 6.)
2721 888 2787 943 In
2816 891 3072 962 sapientia
3114 891 3376 948 ambulate
3403 894 3473 948 ad
3497 910 3607 960 eos,
3634 896 3712 965 qui
3742 901 3806 967 fo-

2243 983 2314 1037 ris
2341 991 2481 1048 sunt,
2529 990 2730 1053 tempus
2756 983 3083 1040 redimentes.
3123 983 3308 1041 Sermo
3351 996 3513 1041 vester
3559 1003 3738 1058 semper
3766 991 3807 1043 in

2245 1074 2416 1144 gratia
2441 1073 2550 1130 sale
2569 1075 2637 1128 sit
2671 1074 2937 1143 conditius;
2979 1087 3038 1131 ut
3081 1077 3260 1133 sciatis
3307 1078 3566 1149 quomodo
3613 1089 3809 1150 Oporleal

2245 1183 2332 1221 vos
2357 1168 2583 1239 singulis
2603 1169 2933 1239 respondere.
2984 1169 3253 1239 Quoniam
3287 1187 3514 1229 necesse
3553 1181 3634 1228 est
3656 1173 3811 1229 ambu-

2247 1259 2362 1315 lare
2390 1260 2660 1316 nosinter
2699 1261 2968 1330 infideles,
3003 1273 3056 1319 et
3081 1263 3358 1336 colloquia
3403 1266 3634 1321 miscere
3681 1281 3809 1321 causa

2245 1355 2684 1412 conversationis
2711 1357 2997 1414 mundanas
3043 1375 3056 1411 :
3082 1357 3186 1414 hoc
3213 1369 3296 1415 est
3327 1359 3470 1432 quod
3517 1373 3807 1428 commouet,

2247 1457 2308 1504 ut
2329 1463 2451 1504 cum
2475 1449 2741 1520 sapientia
2768 1451 2839 1507 sit
2862 1451 2975 1522 ipsa
2999 1453 3356 1509 conversatio
3378 1462 3596 1526 propter
3623 1455 3810 1510 scanda-

2248 1543 2356 1598 lum
2396 1543 2716 1615 gentilium;
2766 1561 2834 1601 ne
2880 1546 3228 1602 occasionem
3275 1562 3376 1618 per
3429 1560 3529 1602 nos
3584 1547 3811 1617 accipiant

2250 1637 2680 1709 blasphemaudi,
2712 1649 2766 1695 et
2799 1640 3098 1696 iucitentur
3125 1640 3191 1696 ad
3227 1641 3674 1713 persequendum.
3700 1642 3809 1712 Quid

2247 1731 2394 1788 enim
2423 1746 2560 1804 opus
2587 1741 2672 1787 est
2701 1732 2848 1804 loqui
2877 1748 3000 1788 cum
3031 1747 3119 1800 eo,
3152 1748 3314 1805 quem
3365 1736 3510 1789 scias
3539 1734 3808 1790 intractabi-

546 1831 620 1884 uis
644 1830 865 1900 praebete
890 1871 905 1896 ,
937 1830 1151 1884 scientes
1181 1830 1320 1900 quod
1347 1839 1395 1884 et
1423 1847 1510 1885 vos
1531 1827 1813 1884 Dominum
1849 1828 2047 1884 habetis
2087 1829 2143 1883 in
2172 1827 2222 1888 B
2248 1826 2378 1892 lem,
2405 1833 2461 1882 et
2489 1825 2780 1882 obstinatae
2828 1825 3050 1891 mentis,
3085 1835 3331 1898 paratum
3376 1826 3441 1882 ad
3470 1827 3809 1882 contumeliam

548 1922 710 1977 caelis.
759 1921 840 1978 Ne
886 1922 1094 1978 domini
1139 1923 1469 1991 temporales
1497 1921 1750 1994 superbia
1783 1919 2146 1988 extollantur,

549 2025 946 2084 praesumentes
973 2016 1043 2072 de
1067 2016 1372 2083 dominatu,
1397 2015 1602 2087 mitigat
1624 2027 1679 2072 et
1701 2016 1919 2072 cohibet
1938 2015 2150 2072 animos

544 2107 764 2163 illorum
784 2151 798 2173 ,
831 2119 888 2165 ut
917 2109 1159 2164 adhibita
1189 2109 1630 2165 consideratione
1661 2109 1881 2164 humani
1909 2110 2148 2180 generis,

549 2200 985 2258 animadvertant
1009 2211 1288 2258 auctorem
1316 2202 1484 2258 Deum
1509 2217 1616 2258 non
1640 2216 1832 2258 servos
1848 2209 1904 2257 et
1923 2201 2148 2270 liberos,

547 2293 645 2349 sed
673 2309 868 2350 omnes
899 2295 1164 2366 ingenuos
1188 2294 1524 2350 condidisse.
1557 2293 1667 2351 Sed
1700 2293 1808 2350 hoc
1836 2294 2020 2350 mundi
2047 2294 2151 2349 ini-

544 2385 752 2456 quitate
780 2387 979 2442 factum
1011 2395 1118 2452 est,
1151 2394 1209 2441 ut
1247 2385 1376 2442 dum
1408 2386 1548 2442 alter
1578 2386 1808 2442 alterius
1837 2385 1976 2442 fines
1999 2387 2150 2441 inva-

545 2479 650 2548 dit,
669 2490 796 2536 tunc
817 2483 1067 2552 captivos
1081 2479 1233 2537 ducit
1251 2480 1552 2552 ingenuos;
1575 2479 1722 2536 unde
1749 2488 1804 2536 et
1823 2494 1986 2535 manu
2005 2477 2149 2550 capti

546 2576 678 2631 dicti
705 2586 834 2631 sunt
877 2590 906 2630 a
948 2576 1226 2632 veteribus
1269 2575 1395 2632 inde
1435 2575 1728 2645 mancipia.
1775 2573 1872 2629 Hic
1906 2587 2067 2628 casus
2097 2581 2154 2629 et

545 2668 795 2725 c0uditio
836 2669 998 2724 etiam
1035 2685 1178 2724 nunc
1210 2676 1438 2740 apparet
1469 2709 1482 2733 ,
1513 2667 1606 2722 alii
1654 2665 2016 2730 redimuntur,
2059 2665 2153 2722 alii

545 2769 834 2817 remanent
873 2761 1038 2816 servi.
1071 2759 1229 2830 Apud
1274 2761 1443 2815 Deum
1481 2769 1662 2816 autem
1705 2758 1795 2815 hic
1835 2773 2028 2814 servus
2059 2759 2154 2814 ha-

549 2856 730 2920 betur,
763 2853 855 2924 qui
882 2854 1186 2923 peccaverit
1211 2852 1394 2924 (Joan.
1434 2867 1550 2915 vm,
1587 2852 1708 2925 54).
1741 2852 1988 2922 Denique
2029 2867 2156 2922 pec-

548 2947 654 3002 cati
695 2961 858 3002 causa
905 2945 1079 3002 Cham
1131 2961 1326 3002 servus
1365 2945 1610 3002 audivit:
1657 2944 1972 3002 Maledictus
2027 2963 2156 3015 puer

550 3039 842 3107 Chanaam,
886 3057 1063 3095 seruus
1114 3055 1378 3094 servorum
1418 3041 1516 3095 erit
1557 3039 1808 3112 fratribus
1857 3040 1966 3095 suis
1995 3038 2151 3112 (Gen.

551 3147 628 3199 Ix,
677 3131 817 3204 25).
865 3133 1032 3206 275
1080 3129 1176 3188 Cui
1223 3133 1511 3189 sententiae
1564 3141 1780 3190 veteres
1826 3148 2150 3202 assensere,

2251 1917 2594 1974 faciendam?
2617 1917 2740 1974 ideo
2778 1917 2895 1976 hmc
2926 1930 3130 1985 monet,
3157 1931 3212 1974 ut
3241 1929 3552 1990 opportuno
3574 1930 3625 1976 et
3649 1921 3749 1976 loco
3770 1930 3810 1976 et

2251 2021 2518 2082 tempore,
2561 2013 2818 2084 magistra
2850 2013 3137 2082 modestia,
3187 2013 3468 2086 religionis
3520 2015 3672 2070 verba
3711 2030 3809 2084 pro-

2254 2114 2470 2161 tuantur
2499 2124 2512 2161 :
2542 2114 2634 2160 aut
2654 2105 2699 2160 si
2727 2121 2958 2176 persona
2993 2108 3114 2162 talis
3137 2108 3188 2162 in
3224 2107 3409 2163 medio
3454 2117 3557 2174 est,
3582 2124 3693 2178 qua?
3715 2123 3812 2179 perâ€”

2253 2207 2484 2268 strepat,
2530 2198 2898 2255 reticendum.
2960 2199 3138 2256 Aliter
3177 2201 3322 2256 enim
3373 2216 3496 2256 cum
3551 2201 3809 2272 potentibus

2253 2292 2462 2360 mundi,
2494 2292 2656 2349 aliter
2697 2307 2818 2349 cum
2849 2293 3239 2360 mediocribus,
3271 2305 3328 2352 et
3353 2295 3514 2351 aliter
3539 2309 3650 2351 cum
3673 2294 3810 2349 humi-

2254 2387 2394 2442 libus
2437 2387 2704 2458 agendum
2745 2396 2852 2445 est.
2899 2389 3073 2446 Aliter
3123 2391 3319 2446 iterum
3367 2406 3494 2446 cum
3535 2392 3808 2454 mansuetis,

2253 2484 2416 2540 aliter
2435 2499 2557 2539 cum
2581 2484 2878 2551 iracundis,
2905 2486 3100 2556 quibus
3121 2487 3240 2542 cedi
3266 2498 3505 2557 Oportet,
3533 2486 3630 2543 hoc
3657 2498 3724 2542 cst
3746 2502 3809 2543 Ï„ÎµÎ¿

2254 2579 2463 2636 dimere
2491 2588 2729 2651 tempus.
2757 2579 2892 2635 Cum
2919 2581 3063 2636 enim
3096 2582 3374 2637 insidianti
3405 2581 3687 2637 Dominicis
3717 2596 3808 2636 ver-

2256 2672 2342 2730 bis
2376 2683 2432 2729 et
2462 2672 2663 2729 furenti
2689 2675 2955 2743 temporis
2991 2673 3234 2730 audacia:
3274 2675 3428 2732 cedis
3452 2718 3466 2742 ,
3504 2676 3711 2744 injurias
3748 2674 3808 2730 in-

2255 2766 2379 2823 festi
2409 2767 2674 2838 temporis
2717 2766 3008 2823 Iucrifacis.
3053 2767 3188 2823 Nam
3229 2769 3274 2823 si
3303 2777 3494 2840 caput,
3533 2767 3584 2823 id
3620 2777 3709 2831 est,
3735 2782 3806 2823 res

2256 2863 2490 2919 assentit
2537 2862 2778 2932 corpori,
2813 2871 2939 2917 tunc
2988 2871 3072 2918 est
3117 2862 3342 2919 libertas
3390 2861 3638 2934 loquendi
3681 2861 3807 2917 verba

2261 2957 2357 3014 Dei
2396 2972 2522 3012 cum
2577 2956 3022 3024 mansuetudine,
3055 2971 3115 3013 ut
3141 2966 3510 3028 provocentur
3535 2956 3598 3013 ad
3627 2957 3807 3013 bonum.

2259 3051 2734 3122 Perstrepentibus
2762 3061 2942 3107 tamen
2971 3060 3027 3108 et
3060 3051 3323 3108 animosis
3351 3051 3419 3108 ad
3447 3051 3674 3108 convicia
3698 3064 3809 3106 selu-

2261 3163 2358 3220 per
2384 3147 2718 3214 cedendum;
2742 3149 2916 3204 vincis
2944 3149 3112 3216 enim,
3137 3148 3265 3204 dum
3294 3149 3469 3206 cedis.

551 3231 626 3284 ita
653 3239 712 3284 ut
738 3227 1031 3284 delinirent
1060 3243 1254 3285 omnes
1282 3229 1576 3299 prudentes
1605 3243 1730 3284 esse
1760 3228 1988 3295 liberos,
2017 3228 2154 3284 stul-
2177 3229 2224 3292 C
2327 3242 2509 3310 (vers,
2539 3242 2594 3308 7,
2619 3243 2674 3309 8,
2698 3241 2780 3312 9,)
2809 3241 2936 3310 Qua,
2965 3243 3105 3297 ÎµÎµÎ¹-ÏƒÎ±
3145 3259 3225 3296 ,Î·Îµ
3245 3249 3390 3310 sum,
3417 3242 3591 3296 omnia
3625 3249 3726 3294 Ï€Î¿Î¹.
3751 3239 3812 3307 fa.

551 3329 636 3376 tos
666 3329 849 3377 autem
875 3336 1067 3376 omnes
1089 3335 1214 3378 esse
1236 3336 1431 3378 servos
1456 3339 1472 3388 ;
1504 3322 1630 3392 quia
1651 3321 1892 3392 prudens
1917 3322 2159 3378 abstinet

555 3434 584 3470 Î¹Î¹
611 3417 868 3488 peccatis,
898 3425 958 3472 ut
993 3416 1083 3473 hic
1124 3418 1394 3489 ingenuus
1434 3417 1534 3482 sit,
1575 3418 1666 3490 qui
1700 3427 1846 3473 recta
1871 3417 2154 3487 sequitur;

554 3525 747 3567 servus
772 3523 954 3568 autem
980 3513 1070 3584 qui
1101 3529 1198 3584 per
1223 3512 1467 3568 stultitiae
1493 3511 1912 3583 imprudentiam
1938 3509 2159 3582 subjicit

551 3619 614 3660 se
640 3615 883 3675 peccato.
913 3605 1069 3662 Unde
1100 3615 1154 3662 et
1175 3605 1345 3661 Cham
1358 3618 1583 3676 propter
1605 3602 2026 3674 stultitiam,qui
2051 3601 2160 3658 ari-

552 3699 623 3754 sit
639 3699 942 3756 nuditatem
957 3699 1129 3772 patris
1156 3700 1348 3765 stulte,
1377 3713 1569 3754 servus
1591 3707 1676 3754 est
1697 3697 2030 3769 appellatus.
2055 3696 2158 3750 Os-

553 3791 728 3847 tendit
757 3808 889 3863 crgo
917 3791 1176 3858 dominis,
1206 3789 1334 3862 quia
1365 3804 1473 3846 non
1494 3804 1625 3846 vere
1653 3798 1781 3844 sunt
1803 3787 2035 3853 domini,
2061 3786 2159 3842 sed

553 3884 712 3954 quasi
744 3899 844 3956 per
887 3885 1222 3958 imaginem;
1255 3899 1545 3955 corporum
1586 3881 1756 3948 enim,
1791 3896 1898 3935 non
1942 3881 2157 3936 animo-

555 3994 674 4033 rum
707 3987 835 4034 sunt
856 3979 1086 4035 domini.
1109 3977 1274 4034 Solus
1297 3977 1444 4034 enim
1463 3976 1742 4042 dominus,
1762 3985 1819 4032 et
1840 3983 2031 4031 auctor
2074 3988 2162 4030 re-

555 4087 677 4128 rum
712 4073 1001 4129 invisibilis
1047 4074 1188 4129 Deus
1215 4080 1324 4127 tam
1363 4072 1711 4142 corporibus,
1760 4085 1921 4141 quam
1961 4070 2161 4128 animis

553 4163 897 4231 dominatur;
926 4176 987 4220 ut
1034 4165 1149 4220 hate
1193 4166 1629 4231 considerantes,
1657 4165 1804 4236 justa
1835 4165 1904 4221 ab
1932 4163 2013 4220 eis
2040 4165 2159 4221 exi-

555 4265 688 4328 gant
713 4257 934 4312 servitia
963 4275 976 4311 :
1005 4257 1134 4311 talia
1163 4258 1347 4328 utique
1370 4258 1553 4328 qualia
1579 4267 1632 4313 et
1662 4273 1694 4312 a
1715 4273 1777 4313 se
1805 4258 1949 4328 exigi
1973 4257 2162 4314 volunt

558 4365 588 4405 a
625 4351 856 4407 Domino
883 4353 1182 4407 communi.
1230 4351 1363 4407 Nam
1401 4367 1522 4408 cum
1569 4351 1676 4424 ipsi
1703 4367 1809 4408 non
1845 4362 1901 4406 ut
1935 4351 2159 4422 dignum

559 4455 665 4514 est,
695 4447 808 4504 Deo
837 4447 1103 4515 serviant,
1127 4462 1290 4518 quem
1321 4463 1427 4503 non
1465 4456 1667 4519 negant
1694 4446 1938 4504 omnium
1971 4455 2157 4518 potes-

558 4549 724 4595 tatem
746 4541 972 4608 habere,
1000 4541 1264 4612 cujusque
1283 4541 1602 4613 quotidiana
1629 4542 1772 4598 dona
1796 4557 1892 4613 per
1913 4542 2160 4598 ministe-

2259 3336 2355 3390 ciel
2381 3335 2520 3390 vobis
2561 3333 2819 3407 Tychicus
2858 3335 3078 3390 dilectus
3099 3339 3283 3407 frater,
3316 3345 3364 3389 et
3403 3335 3576 3402 ï¬delis
3603 3333 3812 3398 minister,

2259 3439 2306 3484 et
2331 3445 2604 3484 conservus
2634 3428 2688 3482 in
2713 3426 2940 3484 Domino
2983 3444 3002 3483 :
3033 3445 3182 3499 quem
3219 3427 3338 3482 misi
3368 3428 3439 3482 ad
3466 3443 3555 3483 vos
3580 3432 3631 3482 in
3655 3425 3812 3494 hocip-

2259 3540 2396 3590 sum,
2428 3533 2485 3578 ut
2525 3533 2801 3594 cognoscat
2829 3540 2946 3594 qua:
2975 3525 3117 3578 circa
3156 3539 3244 3578 vos
3295 3532 3438 3590 sunt,
3482 3533 3530 3580 et
3569 3523 3812 3578 consoletur

2257 3616 2417 3671 corda
2445 3626 2635 3684 uestra,
2663 3633 2780 3671 cum
2811 3617 3054 3672 Onesimo
3083 3617 3391 3672 charissima
3422 3627 3471 3673 et
3497 3616 3636 3688 ï¬deli
3658 3619 3811 3687 fratre,

2259 3711 2345 3784 qui
2373 3721 2447 3766 est
2475 3727 2538 3766 ea:
2581 3711 2746 3778 vobis,
2779 3712 2952 3767 omnia
2976 3727 3093 3783 quae
3134 3713 3218 3767 hic
3265 3722 3408 3779 sunt,
3443 3723 3566 3767 nota
3593 3711 3726 3782 faciet
3749 3724 3814 3762 reâ€”

2261 3806 2359 3861 bis.
2383 3805 2465 3862 Ad
2510 3804 2614 3861 hoc
2660 3821 2720 3862 se
2749 3805 2882 3861 dicit
2910 3805 3105 3862 fratres
3128 3807 3364 3872 misisse,
3398 3816 3459 3862 ut
3498 3807 3709 3863 invicem

2263 3909 2388 3956 nota
2447 3899 2663 3968 fierent,
2695 3915 2818 3972 quae
2861 3909 3154 3972 agerentur
3199 3900 3267 3955 ab
3305 3899 3564 3957 invicem.
3604 3899 3811 3969 Quamvis

2262 3994 2510 4063 superius
2531 3993 2676 4048 dicat
2704 3993 2900 4062 spiritu
2921 4009 2981 4050 se
3009 4003 3333 4064 praesentem
3365 3995 3508 4066 apud
3537 4010 3646 4063 eos,
3674 4001 3720 4049 et
3752 3991 3814 4046 vi.

2261 4086 2392 4141 dere
2417 4101 2538 4156 quae
2581 4095 2824 4156 agerent,
2857 4087 3206 4143 internuntiis
3232 4093 3578 4156 tamenopus
3603 4095 3693 4142 est.
3719 4085 3814 4139 Sol-

2264 4181 2463 4236 licitior
2483 4181 2627 4237 enim
2657 4181 2749 4236 ï¬et
2775 4182 2918 4254 quis,
2948 4182 3166 4253 quando
3187 4181 3332 4238 videt
3361 4183 3430 4238 ad
3479 4199 3540 4240 se
3576 4184 3740 4239 venire
3761 4179 3812 4234 sd

2263 4274 2716 4332 considerandam
2744 4277 3218 4332 conversationem
3245 4291 3396 4332 suam
3419 4294 3434 4342 ;
3461 4278 3581 4349 plus
3603 4275 3813 4332 enimve-

2263 4379 2435 4436 retur,
2468 4369 2515 4424 si
2545 4369 2859 4439 speculetur
2881 4384 2939 4426 se
2967 4369 3137 4428 videri
3185 4371 3351 4444 276
3389 4386 3511 4442 qua:
3536 4381 3669 4443 agat.
3707 4367 3811 4424 Nam

2262 4479 2384 4519 cum
2416 4463 2558 4520 Deus
2598 4463 2782 4519 omnia
2818 4463 3020 4532 videat,
3065 4474 3120 4521 et
3149 4465 3383 4520 sciamus
3411 4466 3597 4522 omnia
3623 4464 3812 4521 illinots

2261 4572 2414 4622 esse;
2444 4557 2566 4628 quia
2621 4567 2802 4613 tamen
2845 4571 2954 4614 n0n
3007 4557 3253 4615 videmus
3295 4573 3397 4614 nos
3442 4558 3613 4615 videri
3653 4555 3709 4612 ab
3743 4569 3812 4622 eo,

559 4635 638 4690 ria
667 4641 932 4690 creaturas
959 4634 1217 4692 humanis
1244 4635 1432 4692 usibus
1449 4635 1720 4703 exhiberi,
1746 4651 1775 4690 a
1797 4635 2022 4706 paribus
2043 4636 2157 4691 suis
2184 4625 2239 4688 D
2262 4625 2536 4708 ÏÎ¿Î·Î¹Î·á½·Î¹á½·Îµ
2561 4650 2814 4706 facimus.

558 4731 644 4801 (ut
677 4745 783 4785 non
805 4729 980 4786 dicam
1030 4730 1314 4801 fratribus)
1353 4740 1462 4786 tam
1495 4731 1683 4803 gravia
1728 4731 1952 4802 exigunt
1982 4731 2158 4786 servi-

557 4825 657 4892 tia,
691 4833 747 4880 ut
775 4824 908 4881 ferri
958 4841 1066 4880 non
1110 4825 1353 4896 possint:
1394 4841 1501 4881 non
1548 4834 1815 4897 ponentes
1846 4826 1898 4880 iu
1935 4826 2116 4882 animo
2141 4868 2156 4891 ,

555 4918 683 4990 quia
705 4928 760 4974 et
784 4919 885 4989 ipsi
913 4919 1088 4975 velint
1113 4919 1313 4988 nolint,
1346 4920 1490 4976 servi
1518 4930 1681 4986 sunt;
1711 4929 1766 4976 et
1795 4918 2031 4976 viderint
2064 4934 2159 4975 cu-

551 5011 645 5082 jus
673 5013 876 5067 meriti.

626 5102 810 5174 (Vere.
841 5103 899 5170 2,
928 5103 986 5170 á½…,
1010 5103 1092 5172 4.)
1139 5104 1375 5160 Orationi
1423 5106 1628 5170 instate,
1655 5105 1927 5178 vigilantes
1977 5106 2030 5160 in
2059 5104 2155 5160 illa

547 5210 666 5249 cum
689 5195 980 5266 gratiarum
1000 5196 1203 5250 actione
1230 5211 1250 5251 :
1279 5206 1488 5252 orantes
1517 5197 1676 5252 simul
1705 5208 1755 5252 et
1783 5214 1879 5268 pro
1905 5197 2074 5266 nobis,
2101 5209 2156 5252 ut

552 5285 696 5343 Deus
747 5290 948 5362 aperiat
975 5289 1119 5347 nobis
1143 5292 1332 5346 ostium
1370 5292 1505 5346 uerbi
1532 5291 1600 5346 ad
1628 5292 1968 5363 eloquendum
2010 5310 2149 5365 mys-

551 5381 736 5436 teriunt
779 5381 976 5439 Christi
1022 5385 1257 5456 (propter
1311 5386 1450 5454 quod
1495 5387 1648 5441 etiam
1685 5387 1884 5443 uinctus
1925 5388 2063 5460 sum)
2100 5399 2157 5444 ut

551 5475 876 5545 manifestem
901 5476 1056 5544 illud,
1081 5489 1231 5550 prout
1258 5488 1456 5549 oportet
1484 5496 1565 5534 me
1589 5480 1747 5551 loqui.
1769 5480 1888 5536 Jam
1919 5481 2156 5552 pruden-

555 5566 700 5623 tibus
728 5572 1048 5640 mysterium
1081 5571 1298 5629 Domini
1321 5573 1548 5642 Christi,
1585 5583 1613 5615 Î¹
1641 5584 1698 5632 et
1722 5577 1896 5632 cautis
1937 5578 1990 5633 in
2035 5579 2153 5634 evi-

552 5658 732 5717 tandis
789 5661 932 5718 vitiis
961 5675 1309 5735 peccatorum
1340 5667 1573 5725 orationi
1602 5669 1920 5727 instandum
1965 5681 2152 5729 osten-

2333 4743 2516 4818 (Vers.
2553 4744 2641 4810 l0,
2685 4743 2798 4816 ll.)
2829 4743 3040 4800 Salutat
3063 4761 3152 4800 vos
3181 4744 3518 4802 Aristarchus
3545 4761 3697 4800 comes
3716 4757 3814 4812 cap-

2258 4837 2472 4892 tivitatis
2509 4851 2655 4903 mete,
2685 4846 2733 4892 et
2766 4836 2981 4892 Marcus
3003 4835 3340 4892 consobrinus
3361 4836 3618 4894 Barnabas
3643 4836 3718 4909 (de
3734 4848 3815 4902 quo

2257 4932 2529 5001 accepistis
2564 4931 2889 4998 mandatum,
2922 4941 2976 4985 ut
3023 4932 3068 4986 si
3117 4933 3310 4987 uenerit
3336 4934 3405 4987 ad
3451 4947 3564 5000 vos,
3591 4927 3817 5001 excipietis

2256 5024 2439 5095 illum)
2462 5031 2510 5078 et
2554 5021 2732 5087 Iesus,
2761 5025 2850 5096 qui
2888 5024 3078 5079 dicitur
3107 5024 3294 5080 Justus
3324 5040 3344 5080 .Â°
3389 5026 3482 5094 qui
3510 5034 3622 5080 sunt
3664 5039 3721 5078 ea:
3745 5020 3818 5074 cir-

2255 5117 2589 5172 cumcisione.
2623 5114 2700 5171 Hi
2729 5117 2829 5172 soli
2877 5126 2996 5171 sunt
3037 5118 3300 5190 adjutores
3328 5119 3430 5171 mei
3460 5117 3512 5172 in
3538 5131 3685 5188 regno
3721 5109 3817 5173 Ï…Î¹á½¶Î½

2255 5210 2346 5280 qui
2373 5210 2499 5263 mihi
2529 5209 2716 5264 solatio
2741 5208 2974 5279 fuerunt.
3006 5210 3104 5266 Hic
3145 5210 3495 5266 Aristarchus
3539 5211 3684 5266 bona
3714 5220 3818 5262 cou-

2261 5300 2582 5357 versationis
2607 5317 2672 5357 ac
2696 5302 2870 5357 meriti
2898 5301 3135 5370 videtur,
3164 5301 3253 5372 qui
3270 5303 3563 5359 devotione
3585 5299 3816 5358 Dominis:

2259 5396 2530 5466 particeps
2573 5403 2629 5450 et
2673 5395 2857 5451 socius
2917 5395 3162 5451 laborum
3219 5395 3467 5466 Apostoli
3523 5397 3814 5466 designatur.

2259 5487 2498 5544 Marcum
2565 5497 2745 5544 autem
2797 5499 2854 5543 ut
2883 5487 3250 5553 commendet,
3272 5487 3400 5560 quid
3428 5489 3524 5555 sit,
3553 5502 3654 5545 non
3683 5491 3812 5542 tacet;

2258 5590 2318 5636 ut
2355 5597 2477 5637 cum
2526 5581 2812 5637 laudabilis
2856 5580 2963 5637 viri
3010 5581 3274 5638 Barnabas:
3315 5579 3498 5638 affinis
3540 5580 3812 5642 addiscitur,

2257 5673 2593 5734 honorabilis
2635 5673 2915 5735 habeatur.
2943 5673 3110 5736 Addit
3137 5682 3194 5736 et
3217 5673 3428 5748 losum,
3451 5689 3609 5749 quem
3634 5667 3808 5733 iustum

545 5870 589 5935 Ï
620 5876 647 5906 â¸
678 5865 745 5922 Et
779 5839 947 5922 caulis
973 5841 1038 5922 ea
1058 5858 1186 5922 mss.
1223 5847 1432 5938 iicmig.
1463 5843 1634 5926 Laud.
1683 5881 1744 5925 ac
1787 5842 1930 5927 á¿¨á½³Î¹Î¹.
1988 5844 2322 5928 restituitur.
