3970 6316
123 316 215 376 HI

750 306 1260 369 COMMENTARIA
1302 309 1370 367 ΙΝ
1411 307 1634 368 EPIST.
1674 309 1770 368 AD
1806 307 2504 370 THESSALONICENSES
2541 308 2834 369 PRIMAM.

3310 310 3416 368 442

126 432 336 490 nomine
383 429 564 486 vocari
603 427 857 500 appellat.
892 426 1100 495 Quibus
1154 427 1286 484 solis
1330 427 1705 484 testimonium
1735 431 1790 491 Α
1814 427 1995 484 licitus
2025 438 2177 498 erat,
2212 429 2268 486 in
2300 446 2496 487 eorum
2522 431 2757 503 epistola
2797 431 2898 487 hos
2927 429 3250 488 salutandos
3279 445 3432 487 com-

124 529 391 601 perhibet,
419 527 542 600 quia
574 526 628 582 hi
656 541 722 581 cx
750 523 1167 582 circumcisione
1201 524 1473 595 adjutorio
1501 523 1719 580 fuerunt

124 626 169 680 ei
193 665 206 688 ,
228 621 589 678 assentientes
611 627 668 674 et
693 617 986 688 participes
1027 617 1318 672 sententia:
1340 615 1489 688 ejus;
1522 625 1579 670 ut
1604 615 1716 684 jam

120 716 435 776 circumcidi
480 715 705 771 ulterius
745 729 853 769 non
905 713 1112 770 debere
1161 713 1546 784 praedicarent,
1594 713 1719 770 ideo

122 812 410 886 participes
464 810 588 865 illos
619 807 754 865 dicit
800 821 929 862 suos
975 807 1026 862 in
1061 822 1227 879 regno
1253 807 1371 862 Dei.
1422 806 1719 862 Circumci-

119 905 349 962 dendum
381 911 560 960 autem
591 916 732 963 esse,
755 911 810 956 et
830 900 1052 958 sabbata
1081 909 1138 957 et
1159 901 1475 957 neomenias
1494 915 1720 957 servan-

119 999 212 1055 das
238 997 536 1069 praedicare
561 1011 668 1052 non
701 995 947 1066 spiritale
968 1005 1075 1062 est,
1102 994 1198 1052 sed
1235 1004 1535 1051 terrenum.

114 1128 124 1140 ο
189 1091 370 1164 (Vers.
400 1089 520 1161 1‘2.)
553 1089 761 1145 Salutat
781 1105 870 1144 vos
893 1085 1193 1159 Epaphras,
1226 1088 1315 1160 qui
1360 1097 1432 1143 est
1468 1103 1533 1142 ea:
1550 1086 1716 1154 vobis,

121 1200 292 1240 servus
311 1181 530 1238 Christi.
559 1180 880 1238 Chariorem
902 1180 1009 1237 illis
1024 1179 1476 1250 facitepistolam,
1501 1178 1718 1250 quando

115 1278 162 1332 ei
190 1277 280 1348 qui
312 1291 381 1331 ex
412 1275 542 1346 ipsis
568 1285 672 1341 est,
707 1275 1080 1330 testimonium
1124 1274 1324 1330 reddit.
1368 1274 1586 1344 Semper
1612 1273 1720 1329 sol-

112 1370 284 1424 licitus
343 1385 437 1439 pro
479 1368 620 1424 vobis
667 1369 724 1422 in
749 1368 1090 1433 orationibus,
1117 1381 1174 1423 ut
1215 1369 1356 1423 stetis
1387 1368 1620 1440 perfecti,
1668 1377 1718 1421 et

113 1465 312 1521 abunde
339 1465 531 1537 expleti
554 1467 606 1519 in
651 1465 792 1520 omni
837 1463 1098 1520 voluntate
1137 1463 1256 1518 Dei.
1285 1463 1416 1518 Tam
1457 1462 1717 1518 salutaria

111 1575 168 1616 se
190 1559 295 1614 illis
336 1569 602 1631 exoptare
631 1567 902 1625 testatur;
935 1571 991 1614 ut
1023 1559 1172 1614 illurn
1209 1558 1300 1629 qui
1330 1557 1463 1614 civis
1496 1557 1716 1612 illorum

112 1659 214 1718 est,
244 1650 907 1721 etaﬂeetuunanimitatis
921 1651 1301 1714 charissimus,
1335 1660 1360 1688 ι
1393 1649 1714 1720 participem

108 1759 218 1800 sum
237 1744 552 1801 devotionis
592 1747 644 1800 in
676 1744 980 1814 profectum
1003 1761 1193 1801 eorum
1218 1744 1487 1801 ostendat.

1819 533 2036 592 monet,
2083 525 2388 599 Nympham
2429 525 2740 583 ehariorem
2791 527 3132 591 existimans,
3178 528 3334 597 cujus
3373 535 3430 582 et

1819 616 2040 674 domum
2091 619 2324 684 salutat;
2378 628 2486 674 tam
2533 621 2677 676 enim
2722 620 2921 676 devota
2965 620 3184 676 videtur
3223 619 3426 685 fuisse,

1822 720 1880 767 ut
1905 713 2087 768 omnis
2116 711 2314 768 domus
2343 713 2462 782 ejus
2492 713 2648 785 signo
2689 714 2902 770 titulata
2934 725 3083 771 esset
3108 714 3312 770 crucis.

1890 805 2076 878 (Vers.
2115 804 2231 877 16.)
2272 805 2340 860 Et
2370 823 2488 860 cum
2522 805 2657 861 lecta
2683 809 2838 878 fuerit
2880 809 3023 878 apud
3057 825 3148 863 vos
3181 808 3291 863 haec
3317 807 3431 878 epi-

1819 899 1974 961 stola.
1997 899 2220 969 faciteut
2253 909 2300 955 et
2329 900 2385 954 in
2414 897 2818 955 Laodicensium
2851 899 3091 957 Ecclesia
3123 902 3349 974 legatur,
3382 911 3431 954 et

1818 1007 1907 1047 vos
1935 1002 1989 1046 ut
2015 1009 2130 1046 eam
2155 1008 2270 1063 qua:
2299 1002 2375 1047 est
2404 991 2830 1060 Laodicensium,
2859 994 3064 1066 legatis.
3095 993 3234 1062 Quia
3265 1008 3433 1064 gene-

1817 1084 1962 1140 rales
1986 1092 2116 1140 sunt
2141 1086 2530 1141 instructiones
2553 1085 2802 1156 Apostoli
2823 1129 2836 1152 ,
2861 1094 2917 1142 et
2938 1086 3006 1142 ad
3032 1087 3274 1142 omnium
3302 1102 3431 1158 pro-

1819 1176 2020 1233 fectum
2051 1177 2424 1234 Ecclesiarum
2454 1179 2675 1249 scripta:
2715 1179 2993 1252 epistolae;
3026 1180 3230 1236 idcirco
3261 1183 3427 1238 etiam

1819 1271 2252 1328 Laodicensibus
2292 1272 2579 1342 epistolam
2612 1273 2755 1329 hanc
2797 1274 2901 1345 legi
2933 1275 3199 1345 praecipit,
3240 1283 3300 1330 ut
3333 1289 3431 1344 per

1820 1365 1961 1422 hanc
1990 1366 2118 1437 quid
2151 1366 2422 1437 agendum
2460 1367 2565 1423 sibi
2603 1376 2783 1435 esset,
2815 1367 3166 1424 addiscerent
3200 1385 3212 1424 :
3245 1378 3298 1422 et
3321 1365 3429 1423 Co-

1819 1459 2097 1516 lossenses
2135 1469 2196 1516 ut
2235 1475 2424 1516 eorum
2469 1461 2750 1532 legerent,
2778 1460 2935 1532 juxta
2977 1474 3198 1516 sensum
3231 1473 3428 1530 supra-

1819 1553 2044 1611 dictum.

1893 1646 2074 1719 (Vers.
2118 1648 2232 1720 17.)
2267 1649 2510 1704 Etdicite
2532 1648 2836 1722 Archippo:
2884 1647 3015 1703 Vide
3059 1647 3427 1711 ministerium,

1817 1745 1959 1815 quod
1997 1746 2272 1815 suscepisti
2297 1746 2352 1800 in
2383 1742 2642 1810 Domino,
2671 1753 2730 1798 ut
2767 1743 2903 1799 illud
2931 1742 3173 1814 impleas.
3213 1741 3435 1811 Praepo-

172 1837 361 1911 (Vcrs.
409 1837 526 1908 15.)
575 1836 956 1893 Testimonium
1007 1837 1142 1892 enim
1188 1837 1409 1891 adhibeo
1460 1837 1542 1892 illi
1590 1837 1714 1907 quia
1741 1838 1791 1897 B
1819 1843 1982 1897 situm
2017 1841 2231 1897 illorum
2262 1857 2364 1914 per
2391 1857 2488 1897 eos
2531 1841 2680 1912 ipsos
2715 1848 3060 1906 commonet,
3091 1847 3148 1894 ut
3179 1837 3248 1892 sit
3279 1836 3435 1892 solli-

106 1931 254 1986 habet
281 1931 514 1986 multum
544 1932 774 1986 laborem
798 1948 895 2002 pro
920 1931 1084 1998 vobis,
1113 1941 1160 1985 et
1192 1947 1288 2002 pro
1316 1932 1380 1985 iis
1402 1932 1492 2002 qui
1519 1931 1711 1986 Laodi-

103 2043 201 2082 cea:
228 2036 358 2081 sunt
403 2036 451 2081 et
487 2024 789 2098 Hierapoli.
824 2024 896 2081 Ut
934 2025 1198 2080 sollicitos
1233 2039 1329 2079 eos
1370 2026 1562 2080 salutis
1597 2041 1711 2081 suae

103 2120 287 2187 faciat,
322 2121 558 2176 aliorum
595 2119 875 2191 vigilantia
903 2129 1104 2190 quanta
1137 2119 1208 2174 sit
1247 2135 1344 2188 pro
1376 2118 1493 2184 his,
1527 2129 1710 2175 osten-

102 2215 213 2280 dit;
237 2213 534 2270 sollicitior
554 2215 699 2270 enim
729 2213 850 2284 quis
880 2212 937 2266 lit
969 2212 1198 2283 pudore,
1221 2212 1441 2282 quando
1467 2212 1522 2268 in
1549 2225 1709 2267 causa

101 2321 194 2362 sua
221 2308 467 2364 alterum
490 2305 688 2363 viderit
714 2307 984 2363 laborare.

173 2402 363 2474 (Vers.
398 2401 514 2470 M.)
541 2401 750 2458 Salutat
779 2418 869 2456 vos
901 2400 1074 2456 Lucas
1104 2400 1334 2454 medicus
1347 2400 1706 2468 charissimus,

102 2508 146 2552 et
169 2495 390 2552 Demus.
405 2494 547 2552 Vere
569 2492 1205 2564 charissimusApostolo
1235 2491 1339 2546 fuit
1354 2490 1559 2556 Lucas;
1586 2492 1712 2563 quia

101 2593 278 2648 omnia
317 2601 682 2662 postponens,
715 2589 1035 2660 Apostolum
1074 2602 1295 2658 semper
1323 2595 1543 2642 secutus
1572 2595 1657 2641 est
1695 2602 1709 2640 :

101 2688 191 2758 qui
221 2696 275 2743 et
307 2685 671 2758 Evangelium
691 2726 706 2751 ,
739 2695 795 2740 et
825 2684 991 2740 Actus
1021 2682 1395 2754 apostolorum
1427 2678 1711 2752 scripsisse

104 2780 447 2850 perhibetur.

169 2871 370 2943 (Vers.
409 2871 524 2941 15.)
553 2870 799 2926 Salutate
825 2885 910 2923 eos
936 2868 1024 2939 qui
1052 2878 1173 2923 sunt
1195 2866 1469 2922 Laodiceae
1498 2865 1709 2935 fratres,

101 2977 148 3023 et
191 2965 530 3039 Nympham,
575 2974 625 3021 et
665 2965 1004 3020 domesticam
1045 2966 1162 3036 ejus
1203 2963 1516 3018 Ecclesium.
1561 2962 1710 3030 Quo-

102 3063 243 3118 niam
282 3060 457 3116 simili
490 3059 652 3115 modo
679 3067 733 3114 et
766 3074 866 3130 pro
895 3057 966 3114 iis
991 3060 1079 3129 qui
1111 3056 1393 3112 Laodicea:
1419 3064 1566 3124 sunt,
1597 3054 1712 3111 sol-

172 3187 196 3213 ι
236 3173 433 3231 Codex
465 3173 636 3230 Laud.
657 3216 672 3242 ,
695 3175 998 3247 participem
1017 3188 1124 3228 sua:
1151 3172 1490 3242 defensionis.

126 3300 3114 3333 ,_______________.______________.._._________.____.

1819 1934 1958 1989 citus
2002 1935 2070 1989 de
2119 1936 2295 1990 salute
2333 1937 2608 2006 ipsorum;
2635 1943 2689 1989 et
2711 1933 2835 2004 quia
2864 1931 3036 2004 plebis
3063 1930 3234 1987 solius
3261 1944 3426 1986 causa

1819 2028 2043 2099 epistola
2093 2029 2368 2094 scribitur,
2418 2027 2542 2084 ideo
2589 2041 2695 2082 non
2745 2025 2812 2081 ad
2861 2032 3134 2081 rectorem
3181 2023 3424 2094 ipsorum

1817 2120 2027 2177 destina
2053 2131 2155 2188 est,
2186 2123 2281 2177 sed
2313 2121 2380 2176 ad
2409 2121 2733 2177 Ecclesium.
2759 2119 2889 2175 Post
2917 2118 3061 2173 enim
3091 2114 3428 2186 Epaphram,

1819 2214 1908 2284 qui
1944 2214 2066 2271 illos
2097 2215 2310 2281 imbuit,
2341 2215 2428 2271 hic
2455 2215 2668 2286 accepit
2696 2211 2989 2284 regendam
3016 2225 3206 2267 eorum
3239 2207 3430 2265 Eccle-

1818 2308 1976 2362 siam.

1889 2400 2072 2472 (Vcrs.
2102 2399 2214 2472 13.)
2248 2399 2375 2470 Ipsa
2406 2399 2652 2454 salutatio
2682 2415 2796 2452 mea
2824 2413 2980 2451 manu
3011 2395 3194 2450 Pauli.
3227 2392 3427 2448 Mento-

1816 2511 1897 2549 res
1939 2504 2099 2550 estote
2131 2493 2456 2549 vinculorum
2497 2509 2753 2548 meorum.
2798 2491 2982 2546 Gratia
3010 2489 3227 2544 Domini
3259 2488 3426 2542 nostri

1817 2588 1946 2643 Jesu
1978 2587 2169 2643 Christi
2202 2588 2482 2643 vobiscum.
2515 2586 2587 2642 Ut
2621 2584 2908 2641 conﬁrmet
2949 2581 3235 2653 epistolam
3266 2593 3429 2635 manu

1817 2695 1914 2736 sua
1958 2681 2322 2752 subscriptam
2363 2679 2534 2745 dicit,
2569 2691 2882 2735 memorans
2923 2684 2980 2730 ut
3027 2675 3078 2730 in
3119 2680 3303 2729 mente
3333 2671 3431 2726 ha-

1820 2777 1984 2832 beant
2025 2779 2208 2832 exitus
2243 2777 2364 2846 ejus
2386 2817 2400 2840 ,
2430 2789 2568 2846 quos
2611 2772 2922 2844 patiebatur
2951 2783 3050 2840 pro
3088 2768 3264 2824 salute
3295 2780 3430 2838 gen-

1819 2870 1953 2926 tium
1983 2889 1996 2925 :
2029 2880 2085 2927 et
2113 2870 2248 2926 tales
2276 2885 2338 2927 se
2370 2869 2675 2941 prtebercnt
2706 2877 2764 2922 ut
2801 2881 2907 2922 non
2941 2864 3107 2920 terret
3140 2876 3282 2934 trgre
3315 2861 3427 2932 pati

1817 2980 1919 3037 pro
1947 2966 2032 3022 his
2065 2964 2309 3036 injurias.

3119 3299 3405 3319 ἡ

137 3427 257 3511 ΙΝ
343 3425 702 3509 EPIST.
786 3426 882 3506 B.
959 3423 1316 3508 PAULI
1393 3423 1552 3507 AD
1629 3421 2807 3508 THESSALONICENSES
2883 3419 3394 3504 PRIMAM.

1587 3563 1973 3582 Ἦ

701 3661 1086 3719 PROLOGUS.

170 3758 243 3816 Ut
286 3759 522 3824 horum,
579 3756 632 3812 id
683 3766 798 3824 est,
839 3753 1410 3811 Thessalonicensium
1468 3751 1720 3822 exemplo

99 3851 240 3908 alios
291 3850 620 3907 exhortetur
658 3849 723 3904 ad
775 3849 899 3904 fidei
945 3850 1305 3912 incrementa,
1339 3847 1473 3901 istos
1513 3845 1718 3913 laudat,

101 3961 168 4002 eo
185 3946 340 4016 quod
362 3947 414 4000 in
441 3955 663 4014 accepta
683 3945 850 4014 gratia
884 3953 1288 4014 permanentes,
1315 3940 1381 3996 ad
1415 3939 1719 4010 profectum

99 4039 322 4109 praemii
363 4036 505 4092 aucti
556 4047 704 4103 sunt,
734 4037 955 4091 meliora
980 4034 1239 4091 sectanda
1269 4052 1281 4088 :
1316 4034 1563 4088 hortatur
1593 4047 1722 4088 vero

101 4141 160 4186 ut
191 4131 260 4186 ad
288 4128 596 4201 perlectum
632 4129 938 4194 tenderent,
961 4139 1015 4183 ut
1045 4144 1231 4183 eorum
1263 4127 1553 4182 virtutibus
1578 4141 1724 4196 quae-

100 4223 204 4278 sita
256 4223 500 4293 dignitas
526 4232 753 4278 caeteros
805 4231 1147 4293 prorocaret.
1177 4221 1366 4276 Tantae
1412 4221 1556 4276 enim
1600 4219 1721 4274 lldei

103 4315 444 4370 imbiberant
472 4314 747 4386 spiritum,
781 4323 839 4368 ut
859 4329 955 4383 spe
989 4312 1312 4381 futurorum,
1343 4311 1504 4368 etiam
1523 4311 1720 4367 civium

101 4422 335 4463 suorum
360 4407 708 4462 Macedonum
739 4406 1148 4478 persecutiones
1172 4406 1350 4460 illatas
1377 4422 1473 4476 pro
1500 4405 1723 4461 nomine

100 4501 318 4557 Christi
345 4501 544 4558 devoto
562 4501 747 4556 animo
763 4512 1101 4571 paterentur.
1134 4498 1203 4556 Ut
1233 4498 1428 4553 horum
1449 4514 1580 4568 ergo
1607 4514 1722 4553 me-

103 4596 302 4660 ritum,
344 4605 402 4650 et
445 4610 598 4650 suam
640 4609 704 4650 ex
733 4609 920 4650 eorum
970 4593 1215 4665 profectu
1248 4592 1490 4648 laetitiam
1527 4591 1723 4648 litteris

99 4688 315 4759 signet,
350 4687 420 4741 ita
443 4685 633 4742 scribit
658 4686 724 4741 ad
758 4702 892 4742 eos:

627 4777 860 4835 CAPUT
905 4777 1194 4835 PRIMUM.

177 4874 468 4946 (νει-ελ.)
501 4873 726 4940 Paulus,
765 4884 812 4928 et
860 4873 1144 4942 Silvanus,
1189 4883 1235 4926 et
1277 4869 1576 4928 Timotheus
1621 4870 1723 4927 Ec-

103 4969 290 5022 clesia:
331 4966 874 5022 Thessalonicensium
901 4967 955 5020 in
984 4963 1098 5020 Deo
1148 4965 1310 5020 Patre
1358 4977 1555 5030 nostra,
1582 4976 1629 5020 et
1669 4967 1724 5021 in

1738 3659 1785 3722 C

1888 3659 2073 3735 (Vers.
2101 3661 2157 3727 2,
2183 3659 2262 3732 5.)
2288 3660 2496 3716 Gratias
2509 3662 2710 3731 agimus
2726 3658 2836 3715 Deo
2862 3676 3063 3728 semper
3075 3675 3169 3730 pro
3192 3659 3429 3713 ontnibus

1820 3754 1981 3817 vobis,
2011 3754 2314 3807 memoriam
2340 3753 2492 3807 vestri
2520 3754 2767 3824 facientes
2793 3754 2846 3806 in
2871 3752 3190 3806 orationibus
3213 3753 3428 3818 nostris,

1820 3847 1932 3902 sine
1971 3846 2349 3900 intermissione
2373 3888 2385 3909 ,
2431 3861 2677 3899 memores
2706 3845 2876 3916 operis
2904 3843 3026 3915 fidei
3076 3853 3256 3897 vestrm
3275 3853 3323 3897 et
3348 3843 3430 3898 la-

1825 3942 2000 3995 borum
2034 3940 2324 4007 charitatis,
2350 3951 2396 3994 et
2421 3940 2819 4010 exspectationis
2847 3938 3059 3993 Domini
3087 3938 3249 3992 nostri
3291 3935 3422 3991 Jesu

1825 4032 2040 4100 Christi,
2070 4050 2246 4087 coram
2278 4032 2389 4089 Deo
2419 4044 2466 4087 et
2499 4031 2659 4087 Patre
2702 4043 2898 4087 nostra.
2927 4031 3194 4098 Quoniam
3231 4030 3416 4085 omnia

1826 4127 1967 4181 bona
2001 4141 2027 4180 a
2062 4126 2175 4181 Deo
2222 4136 2386 4193 sunt,
2429 4125 2635 4180 idcirco
2681 4125 2729 4179 ci
2764 4125 2999 4196 primum
3031 4123 3236 4195 gratias
3265 4120 3426 4178 rele-

1828 4229 1954 4276 runt
1985 4223 2036 4276 in
2071 4221 2317 4292 proiectu
2345 4219 2584 4285 illorum,
2617 4220 2707 4290 qui
2755 4220 3006 4290 dignatus
3036 4226 3122 4274 est
3171 4233 3279 4272 non
3321 4231 3416 4271 so-

1825 4317 1935 4371 lum
1965 4314 2166 4371 donum
2199 4330 2356 4370 suum
2389 4315 2522 4369 dare
2553 4314 2862 4370 hominibus
2903 4313 3003 4368 sub
3032 4323 3259 4384 peccato
3295 4327 3428 4368 con-

1826 4412 2050 4477 stitutis,
2087 4411 2184 4468 sed
2215 4412 2266 4467 in
2301 4411 2442 4467 lilios
2470 4409 2572 4466 hos
2598 4410 2895 4481 adeptare,
2940 4407 3106 4464 simul
3157 4406 3425 4477 adjuvans

1826 4521 1922 4560 eos
1951 4505 2016 4560 ad
2059 4505 2238 4560 omnia
2288 4505 2452 4560 exitia
2504 4505 2812 4567 toleranda,
2849 4513 2904 4558 ut
2942 4503 3220 4574 digniores
3259 4500 3409 4556 ﬁant.

1826 4595 2193 4666 Quamobrem
2223 4596 2538 4654 meminisse
2569 4595 2764 4652 horum
2807 4595 2998 4651 dicunt
3027 4610 3088 4651 se
3125 4597 3179 4650 in
3208 4594 3417 4649 oratio-

1828 4690 1986 4746 nibus
2033 4693 2178 4755 suis,
2230 4706 2296 4745 eo
2340 4689 2484 4761 quod
2531 4690 2950 4744 crebrescerent
2993 4688 3048 4742 in
3093 4702 3261 4757 opere
3293 4685 3420 4741 lidei

1828 4782 2040 4838 caeteris
2065 4782 2354 4849 Ecclesiis;
2389 4792 2445 4837 ut
2477 4792 2607 4836 nutu
2639 4782 2731 4837 Dei
2757 4783 3084 4852 perlicerent
3107 4796 3244 4852 opus
3279 4794 3424 4850 cmpo

1829 4884 1940 4930 tum
1961 4917 1974 4942 ,
2011 4876 2247 4945 prompti
2284 4875 2338 4929 in
2372 4875 2556 4930 studio
2578 4875 2885 4941 charitatis,
2916 4885 2972 4932 et
3002 4872 3349 4947 patientiae,b
3372 4882 3430 4928 et

1829 4969 1943 5039 spei
1976 4967 2244 5024 adventus
2274 4969 2486 5024 Domini
2520 4981 2646 5024 ante
2681 4971 2873 5036 Deum,
2907 4969 3002 5039 qui
3045 4969 3300 5040 dignatus
3344 4974 3429 5020 est

109 5059 349 5114 Domino
370 5059 498 5113 Jesn
515 5057 744 5125 Christo,
767 5061 927 5134 277
941 5062 1109 5131 gratia
1125 5060 1265 5114 vobis
1288 5070 1334 5114 et
1358 5069 1523 5133 pax,n
1538 5060 1722 5116 Trium
1757 5058 1807 5117 D
1834 5060 2032 5117 Filium
2052 5077 2207 5116 suum
2231 5063 2516 5117 incarnarc
2542 5079 2639 5133 pro
2671 5064 2846 5119 salute
2871 5063 3129 5118 humana.
3160 5060 3424 5116 Placitum

104 5153 340 5224 quidem
382 5154 762 5224 episcoporum
794 5155 1010 5208 nomina
1055 5153 1250 5208 litterae
1289 5155 1593 5218 continent,
1622 5154 1718 5208 scd

100 5263 317 5302 sensus
367 5255 420 5301 et
470 5247 636 5303 verba
673 5245 845 5302 solius
898 5245 1143 5316 Apostoli
1197 5257 1343 5301 sunt.
1393 5244 1528 5312 Quia
1573 5246 1720 5300 enim

100 5338 397 5395 communi
429 5339 627 5411 gaudio
653 5339 930 5396 exsultant
959 5339 1012 5393 in
1072 5339 1316 5409 proiectu
1372 5340 1609 5407 illorum,
1654 5354 1720 5395 ex

102 5447 394 5488 consensu
415 5431 481 5487 ad
511 5433 721 5504 plebem
743 5431 974 5503 epistola
998 5432 1258 5487 scribitur
1297 5435 1351 5488 in
1391 5433 1723 5489 exultatione

104 5523 209 5578 Dei
244 5523 447 5595 Patris,
480 5535 534 5581 et
564 5525 774 5580 Domini
803 5523 933 5582 Jesu
955 5522 1157 5581 Christi
1191 5539 1377 5596 pacem
1411 5535 1466 5581 et
1493 5527 1720 5597 gratiam

106 5618 202 5676 his
231 5629 528 5690 exoptans.

180 5826 221 5899 ’ᾗ
247 5819 474 5899 himerb2
514 5829 568 5876 et
613 5836 746 5880 mss.
777 5837 886 5882 non
909 5798 1091 5899 pauci,
1123 5824 1483 5896 episcopomm
1507 5825 1712 5882 nomine

110 5889 320 5949 littera
338 5892 680 5954 continentur:

1828 5156 1972 5210 enim
2009 5154 2104 5210 Dei
2138 5163 2243 5218 est,
2276 5156 2320 5209 si
2353 5155 2670 5225 proﬁciatur
2703 5158 2754 5210 in
2783 5156 3024 5212 Chi-isto.

1903 5249 2090 5320 (Vers.
2111 5253 2167 5318 4,
2311 5248 2563 5318 Scientes,
2597 5254 2782 5321 fratres
2808 5249 2982 5303 dilecti
3006 5265 3036 5301 a
3062 5245 3193 5312 Deo,
3219 5245 3427 5299 electio-

1831 5358 1950 5397 nem
1969 5353 2228 5409 vestram;
2278 5345 2400 5412 quia
2447 5342 2788 5415 Evangelium
2817 5354 3050 5395 nostrttnt
3079 5356 3179 5393 non
3229 5337 3326 5411 fuit
3358 5339 3428 5391 ad

1830 5450 1918 5490 vos
1947 5437 2000 5490 in
2045 5434 2197 5490 verba
2243 5438 2435 5504 solum,
2483 5436 2574 5490 sed
2603 5445 2650 5491 et
2687 5437 2741 5488 in
2773 5434 2986 5497 virtute,
3031 5443 3080 5485 ct
3123 5431 3175 5484 in
3223 5429 3431 5501 Spiritu

1829 5540 2031 5598 sancto,
2061 5541 2109 5586 et
2135 5533 2188 5585 in
2214 5530 2533 5600 plenitudine
2561 5531 2741 5594 multa,
2767 5527 2899 5581 sicut
2936 5527 3082 5580 scitis
3109 5525 3285 5596 quales
3312 5528 3432 5597 fuco

1829 5623 1992 5678 rimus
2015 5623 2070 5679 in
2096 5623 2238 5678 vobis
2281 5623 2436 5678 vestri
2462 5639 2643 5678 causa.
2675 5620 2937 5676 Humiles
2977 5634 3036 5677 se
3076 5619 3242 5677 fuisse
3291 5619 3439 5677 inter

1892 5811 2220 5901 bNonnulll,
2249 5843 2383 5888 mss.
2417 5837 2467 5885 et
2488 5827 2614 5901 ﬁdei
2639 5825 2908 5901 adcentus,
2942 5808 3046 5887 ctc.
