3970 6316
569 278 674 332 4ὶῖ

1505 273 1597 330 ΑΙ)
1633 273 1860 330 ΟΡΕΙΗ
1906 271 2154 331 SANCTI

2284 270 2520 329 Ianos."
2567 269 2930 326 arrasmx.
3704 283 3778 338 ιη

567 416 596 453 e
626 414 664 452 -s
692 395 1029 467 signiﬁcant,
1061 403 1120 450 ut
1148 393 1257 449 illis
1289 392 1517 450 lurmam
1551 393 1746 448 darent
1791 391 2165 448 utaiisuetudi-
2196 391 2248 454 Α
2273 385 2544 444 fusionem
2595 387 2945 458 prudentium
2994 384 3221 452 mundi,
3282 386 3368 457 qui
3423 389 3780 451 consideratione

567 491 677 557 nis,
710 508 816 546 non
862 489 1008 561 quod
1054 488 1352 552 defuerint,
1384 503 1505 560 qua:
1535 487 1604 543 ad
1637 487 1796 543 [idem
1827 486 1955 544 illos
1982 486 2167 542 horta-

567 593 778 646 rentur,
815 583 1125 654 magnalia;
1158 583 1282 654 quia
1321 579 1586 637 doctrina:
1628 579 1958 650 evangelicae
2002 577 2168 633 robur

565 677 739 732 virtus
770 675 1066 747 praestabat
1098 675 1377 745 signorum
1421 683 1474 728 et
1506 673 1912 744 prodigiorum,
1943 672 1998 727 in
2040 671 2166 742 Spi-

566 769 676 824 ritu
708 777 923 835 sancto,
955 767 1009 823 id
1034 776 1142 833 est,
1169 767 1354 822 nonin
1385 765 1691 836 phantasia,
1727 765 1822 821 sed
1852 766 1903 820 in
1938 766 2169 821 veritate

567 861 958 934 plenitudinis;
994 871 1051 916 ut
1079 860 1217 917 nulli
1257 859 1576 916 necessitati
1623 858 1840 916 deesset
1869 858 2168 924 auxilium;

567 956 665 1013 sed
689 954 1143 1028 superabundaus
1169 955 1344 1026 gratia
1367 953 1647 1010 videretur
1669 961 1724 1008 et
1749 953 1800 1008 in
1820 952 2090 1017 doctrina,
2117 962 2172 1009 et

569 1048 623 1103 in
667 1048 1128 1115 conversatione,
1179 1056 1234 1103 et
1272 1046 1324 1102 in
1358 1046 1519 1118 aegris
1557 1045 1843 1111 curandis;
1878 1057 1931 1099 ιιι
1966 1045 2174 1116 perlec-

572 1152 686 1197 tmn
746 1157 882 1213 opus
928 1141 1169 1212 Spiritus
1209 1141 1386 1196 saneli
1419 1149 1710 1210 appareret
1741 1141 1792 1194 in
1817 1138 2174 1194 Thessaloni-

573 1237 820 1291 Ct‘llrillln
870 1235 1156 1302 Eeclesiis,
1203 1242 1261 1289 ut
1291 1235 1343 1289 in
1378 1233 1528 1288 nullo
1556 1248 1616 1289 se
1647 1233 1888 1289 minores
1930 1233 2174 1288 videntes

569 1329 884 1386 Judzeorum
935 1326 1223 1393 Ecclesiis,
1268 1325 1576 1398 gauderent
1615 1326 1665 1381 iu
1698 1325 1845 1382 dono
1895 1325 2029 1392 Dei,
2078 1328 2170 1396 qui

578 1421 879 1493 participes
942 1421 1064 1477 illos
1125 1419 1306 1476 facere
1360 1419 1614 1490 dignatus
1657 1425 1742 1475 est
1796 1417 2174 1490 promissionis

574 1517 832 1572 Abrahte.

645 1611 829 1684 (Vers.
865 1610 920 1679 6,
945 1611 1027 1682 7.)
1063 1607 1128 1663 Et
1154 1627 1238 1665 vos
1261 1610 1548 1664 imitatores
1575 1608 1737 1662 nostri
1771 1607 1899 1678 [acti
1942 1607 2084 1672 estis,
2129 1616 2176 1660 et

569 1708 736 1777 ipsius
774 1706 1001 1771 Domini,
1047 1705 1385 1778 suscipientes
1416 1703 1622 1758 verbum
1663 1703 1715 1756 in
1745 1717 1987 1771 pressura
2012 1701 2176 1754 nmlta

2273 484 2465 540 habita
2504 483 2908 539 mundanorum
2931 523 2947 549 ,
2991 481 3174 538 carnis
3207 489 3476 546 naturam,
3505 486 3609 554 quia
3646 493 3782 557 gravis

2268 588 2373 647 est,
2406 587 2596 651 putant
2625 593 2734 635 non
2767 592 2928 649 posse
2957 577 3074 632 lieri
3095 619 3109 643 ,
3145 585 3204 632 ut
3233 577 3532 632 sustollatur
3558 579 3604 633 in
3633 583 3779 639 celos.

2271 673 2386 730 lloc
2417 672 2612 729 aliectu
2642 674 2699 728 ιιι
2729 671 2970 744 Spiritus
3000 670 3210 737 sancti,
3247 679 3305 726 ut
3333 669 3630 727 erubescant
3668 677 3786 732 terri-

2269 786 2422 842 gena:
2450 769 2770 841 prudentes.

2797 861 2964 934 273
2999 858 3231 916 CAPUT
3273 859 3335 915 ιι.

2347 955 2529 1029 (Vers.
2560 956 2613 1022 ι,
2636 953 2720 1028 9.)
2745 953 2768 1008 1
2777 956 2856 1026 psi
2879 954 3012 1009 enim
3038 954 3202 1018 scitis,
3229 956 3436 1024 fratres,
3460 951 3693 1006 introitum
3711 970 3792 1008 aet-

2274 1059 2420 1104 trum
2433 1049 2502 1102 ad
2521 1064 2627 1108 vos,
2653 1048 2775 1118 quia
2803 1062 2902 1101 non
2926 1047 3097 1100 inanis
3119 1044 3220 1113 fuit
3245 1060 3263 1098 :
3284 1043 3373 1098 sed
3391 1051 3504 1097 ante
3518 1044 3658 1098 multa
3676 1048 3793 1114 passi,

2276 1152 2322 1197 et
2353 1140 2682 1196 contumeliis
2702 1138 2898 1208 alfecti,
2942 1139 3074 1194 sicut
3101 1137 3265 1205 scitis,
3299 1138 3354 1191 in
3384 1134 3644 1208 Philippis,
3671 1149 3795 1191 exerta

2278 1236 2514 1292 libertate
2554 1236 2634 1291 usi
2684 1251 2864 1290 sumus
2909 1234 2964 1288 in
3009 1233 3118 1288 Deo
3165 1244 3342 1288 nostra
3386 1233 3621 1303 loquendo
3655 1236 3708 1286 ad
3737 1252 3798 1288 es:

2277 1332 2620 1406 Euangelium
2640 1330 2736 1387 Dei
2759 1334 2813 1386 in
2833 1346 3022 1402 magno
3050 1329 3354 1384 certamine.
3371 1327 3513 1382 lianc
3533 1342 3798 1398 pressurus,

2278 1441 2439 1497 quam
2484 1440 2629 1480 nunc
2676 1433 2954 1480 memorat
2988 1423 3128 1492 (Act.
3167 1437 3276 1488 va,
3325 1421 3391 1475 16
3416 1430 3463 1475 et
3489 1421 3626 1492 seq),
3658 1437 3802 1491 pasats

2277 1521 2444 1577 estin
2487 1519 2757 1591 Philippis
2784 1534 2907 1575 cum
2955 1517 3070 1574 Sila
3115 1525 3341 1588 propter
3371 1515 3607 1586 Spiritum
3653 1517 3801 1589 pytho-

2279 1629 2403 1669 nem
2451 1628 2610 1684 quem
2653 1627 2681 1665 a
2716 1611 2902 1684 puella
2944 1610 3214 1682 eiecerat,
3267 1609 3411 1682 quod
3448 1608 3552 1680 jam
3591 1623 3680 1664 suo
3708 1609 3801 1664 loco

2277 1707 2480 1763 dictum
2511 1716 2616 1763 est.
2651 1705 2750 1762 Cui
2777 1720 3048 1776 pressura:
3081 1721 3188 1760 non
3215 1705 3404 1771 cessit,
3439 1701 3529 1758 sed
3555 1703 3714 1758 fartim
3740 1705 3800 1757 in-

571 1818 688 1857 eum
720 1800 914 1872 gaudio
945 1799 1176 1870 Spiritus
1211 1801 1380 1855 sancti
1402 1842 1415 1862 .
1460 1800 1532 1854 ita
1563 1807 1618 1852 ut
1653 1798 1856 1866 fueritis
1887 1812 1973 1852 vos
2006 1813 2176 1851 excm-
2207 1803 2252 1864 Β
2282 1813 2472 1857 ventus
2494 1809 2612 1868 est,
2641 1800 2772 1856 dum
2795 1799 2962 1856 audet
2983 1798 3286 1870 praedicare
3311 1841 3326 1865 ,
3362 1807 3462 1853 nec
3491 1797 3627 1869 loqui
3655 1796 3804 1863 timet,

575 1899 720 1969 plant
751 1896 986 1951 omnibus
1007 1895 1333 1951 credentibus
1363 1895 1416 1948 in
1451 1893 1761 1948 Macedonia
1790 1901 1836 1947 ct
1868 1892 1921 1945 in
1948 1891 2170 1945 Achaia.

577 1990 773 2061 Cupidi
805 1989 1166 2056 credulitatis,
1200 1988 1398 2059 probra
1432 1998 1486 2044 et
1513 1987 1740 2057 injurias
1768 2001 1796 2040 a
1827 1984 2037 2041 civibus
2061 1985 2176 2040 suis

577 2086 724 2157 passi
755 2085 1064 2140 tolerarunt
1091 2084 1284 2139 fiducia
1322 2083 1651 2138 futurorum.
1689 2080 1843 2136 Unde
1884 2078 2065 2135 a-muli
2095 2078 2176 2134 di-

573 2187 776 2235 cuntur
806 2177 1200 2247 apostolorum,
1231 2185 1287 2232 et
1313 2176 1484 2247 ipsius
1515 2174 1761 2239 Domini;
1818 2174 1943 2245 quia
1976 2183 2032 2229 et
2070 2172 2176 2230 Do-

576 2271 755 2326 minus
809 2269 1002 2326 eadem
1053 2283 1247 2341 passus
1302 2277 1385 2324 est
1431 2284 1460 2322 a
1519 2267 1760 2332 Judu'is,
1827 2277 1882 2321 et
1942 2267 2175 2337 apostoli

572 2372 876 2436 sequentes
899 2361 1056 2418 [idem
1084 2361 1208 2428 Dei,
1237 2360 1646 2432 persecutiones
1677 2359 1823 2431 passi
1855 2370 1979 2415 sunt
2001 2404 2016 2428 ,
2047 2377 2177 2432 gau-

570 2459 748 2516 dentes
778 2459 901 2530 quia
930 2457 1082 2532 digni
1107 2456 1272 2512 habiti
1303 2466 1421 2513 sunt
1453 2472 1548 2528 pro
1579 2455 1786 2510 nomine
1809 2454 2018 2510 Domini
2056 2471 2178 2509 con-

572 2554 814 2610 tumelias
856 2555 967 2627 pati
995 2553 1136 2626 (Act.
1169 2569 1224 2622 v,
1257 2551 1374 2624 21),
1423 2552 1665 2608 scientes
1696 2565 1797 2622 pro
1845 2550 1932 2608 his
1980 2564 2175 2622 magna

571 2646 691 2703 fore
721 2649 944 2717 praemia
974 2653 1343 2718 repromissa;
1378 2645 1608 2702 idoneus
1639 2645 1786 2701 enim
1816 2658 2008 2700 servus
2049 2659 2173 2715 pro.

573 2738 755 2803 batur,
785 2737 1006 2810 quando
1034 2753 1134 2810 pro
1161 2753 1350 2794 amore
1399 2736 1612 2793 domini
1642 2736 1728 2792 sui
1760 2735 2012 2792 inimicos
2057 2737 2178 2806 eius

573 2829 1008 2902 oil'endit.Cujus
1035 2831 1118 2887 rei
1142 2845 1440 2900 memores,
1471 2830 1644 2903 gavisi
1674 2839 1800 2888 sunt
1819 2845 1917 2902 spe
1947 2831 2180 2902 promis-

574 2925 748 2980 sionis
781 2925 832 2980 in
868 2940 1146 2996 pressura.
1175 2925 1365 2996 Itaque
1397 2940 1591 2996 magna
1625 2925 1942 2981 exhortatio
1979 2931 2067 2980 est
2109 2922 2177 2980 ad

577 3019 912 3088 profectum,
943 3032 1065 3073 cum
1100 3017 1312 3073 similes
1361 3017 1484 3072 illus
1512 3018 1684 3074 laetos
1719 3017 1852 3073 dicit
1891 3026 1946 3073 et
1975 3015 2178 3072 Christi

575 3123 634 3170 et
683 3113 1060 3185 apostolorum
1150 3113 1216 3168 ad
1279 3112 1512 3168 formam
1567 3112 1911 3185 praebendam
1966 3111 2179 3168 czeteris

2276 1912 2375 1968 spe
2401 1897 2588 1968 utique
2617 1894 2875 1966 promissi
2903 1893 3150 1966 praemii;
3184 1901 3241 1949 ut
3271 1901 3327 1949 et
3375 1892 3428 1947 hi
3469 1893 3632 1947 securi
3670 1901 3809 1946 essent

2279 1991 2332 2047 in
2359 1989 2858 2061 persecutionibus,
2886 1987 3187 2060 gaudentes
3217 1995 3446 2058 propter
3472 1987 3680 2042 futuram
3701 2001 3812 2040 mer-

2277 2086 2490 2142 cedem.
2537 2085 2764 2156 Signum
2797 2097 2926 2154 ergo
2955 2081 3137 2138 devoti
3183 2090 3239 2136 et
3270 2079 3451 2136 ﬁdelis
3502 2078 3809 2150 pradicatoris

2280 2179 2384 2234 hoc
2411 2178 2542 2233 dicit
2565 2191 2710 2241 esse,
2746 2177 2792 2232 si
2823 2176 2876 2230 in
2906 2189 3160 2245 pressura
3185 2173 3341 2244 loqui
3370 2172 3590 2229 verbum
3629 2171 3705 2226 Dei
3731 2186 3811 2224 non

2278 2275 2490 2340 timeat,
2539 2273 2754 2327 inanem
2807 2269 2957 2326 illum
3007 2269 3348 2341 signiﬁcans,
3377 2269 3470 2341 qui
3503 2278 3685 2324 terrore
3709 2282 3814 2336 pre.

2278 2368 2422 2425 senti
2497 2367 2848 2424 formidinem
2907 2366 3111 2435 patitur
3160 2363 3520 2436 praedicandi.
3569 2362 3660 2432 Qui
3705 2362 3811 2416 enim

2278 2477 2510 2519 securus
2557 2468 2642 2518 est
2671 2461 2739 2516 de
2787 2460 3054 2530 promissa
3102 2473 3222 2530 spe,
3275 2475 3385 2515 non
3419 2457 3579 2525 cedit,
3607 2466 3657 2510 ιιι
3691 2471 3811 2511 coro-

2280 2565 2460 2611 netur.

2351 2649 2530 2722 (Vera.
2556 2649 2608 2716 5,
2639 2648 2720 2720 4.)
2750 2646 2888 2702 Nam
2919 2646 3209 2702 exhortatio
3236 2654 3416 2701 nostra
3438 2661 3538 2699 non
3560 2660 3616 2698 ea:
3633 2642 3812 2712 fallacia,

2279 2760 2442 2816 neque
2468 2755 2532 2798 ea:
2559 2741 2917 2807 immunditia,
2945 2755 3106 2811 neque
3134 2741 3185 2793 in
3217 2739 3383 2804 idolo,
3413 2738 3502 2793 sed
3521 2737 3640 2792 sicut
3664 2735 3817 2805 probati

2278 2853 2458 2892 sumus
2488 2855 2517 2889 a
2567 2836 2712 2900 Deo;
2742 2845 2800 2890 ut
2828 2835 3126 2890 crederetur
3176 2835 3323 2888 nobis
3375 2832 3718 2903 Erangeliunt,
3764 2832 3816 2882 ita

2279 2931 2560 3000 loquimur,
2614 2946 2718 2984 non
2749 2939 2804 2984 ut
2829 2929 3125 2984 hominibus
3179 2930 3467 2999 placentes,
3498 2926 3586 2980 sed
3613 2923 3730 2986 Deo,
3752 2923 3817 2992 qvi

2281 3024 2465 3096 probat
2505 3022 2664 3078 corda
2708 3032 2905 3076 nostra.
2961 3019 3075 3077 Hoc
3127 3028 3347 3091 propter
3396 3015 3818 3090 pscudoapostolos

2281 3116 2445 3185 dicit,
2478 3117 2569 3188 qui
2601 3117 2654 3172 in
2679 3115 2808 3172 dolo
2833 3125 2888 3170 ct
2917 3114 3125 3170 fallacia
3163 3113 3533 3184 praedicabant
3563 3127 3655 3168 non
3679 3110 3816 3172 missi,

575 3208 933 3264 credentibus
979 3209 1088 3264 illis
1122 3209 1173 3263 in
1203 3208 1358 3278 locis,
1393 3208 1588 3281 quibus
1623 3210 1762 3264 fama
1796 3208 2012 3265 illorum
2055 3223 2172 3262 am-
2203 3205 2247 3268 C
2284 3221 2340 3268 ut
2367 3213 2829 3268 circumvenirent
2862 3221 3055 3282 gentes
3078 3209 3143 3265 ad
3183 3209 3534 3267 serviendum
3576 3209 3666 3279 legi
3693 3208 3817 3262 [acto-

578 3299 818 3356 bulahat.

648 3396 828 3469 (Vers.
863 3396 943 3470 8.)
977 3399 1017 3451 A
1046 3399 1187 3452 vobis
1232 3399 1368 3453 enim
1400 3397 1706 3466 diffamatus
1736 3407 1809 3454 est
1855 3411 2025 3453 sermo
2068 3395 2180 3452 Do-

579 3490 706 3544 mini
738 3507 842 3545 non
872 3491 1039 3546 solum
1069 3492 1120 3545 in
1153 3489 1466 3545 Macedonia
1497 3499 1545 3545 et
1576 3491 1627 3545 in
1657 3490 1855 3545 Achaia
1878 3533 1891 3557 ,
1921 3488 2014 3544 sed
2047 3498 2094 3544 et
2127 3489 2178 3544 in

581 3604 780 3643 onmem
815 3588 983 3642 locum
1015 3588 1147 3660 ﬁdes
1176 3597 1362 3656 vestro,
1398 3603 1512 3660 qum
1554 3596 1628 3642 est
1659 3587 1728 3640 ad
1760 3584 1948 3651 Deum,
1975 3597 2182 3654 proces-

579 3681 667 3736 sit.
702 3680 837 3737 Tale
868 3692 953 3738 est
982 3682 1105 3747 hoc,
1159 3684 1316 3753 quale
1342 3695 1392 3738 et
1426 3683 1554 3737 illud
1597 3684 1664 3737 ad
1709 3681 2017 3747 Romanos,
2058 3695 2180 3734 cum

577 3776 711 3833 dicit
738 3797 750 3832 :
787 3777 924 3844 Quia
946 3778 1074 3848 ﬁdes
1097 3789 1265 3834 vestra
1297 3781 1613 3849 prtedicatur
1640 3780 1693 3832 in
1723 3776 1962 3832 universo
1990 3774 2184 3830 mundo

581 3869 761 3943 (Rom.
802 3889 839 3936 t,
875 3870 953 3944 8).
1002 3872 1108 3929 Sed
1145 3873 1194 3927 in
1239 3870 1326 3929 his
1373 3871 1644 3944 amplius;
1697 3871 1823 3942 quia
1859 3885 1964 3925 non
2004 3868 2181 3924 solum

583 3962 753 4029 ﬁdes,
809 3962 904 4020 sed
959 3980 1095 4036 Opus
1147 3964 1272 4021 ﬁdei
1299 3964 1518 4022 illorum
1561 3963 1817 4036 pervenit
1865 3962 1914 4019 in
1965 3977 2184 4018 omnem

579 4055 783 4111 locum.

661 4147 842 4220 (Vers.
871 4148 927 4217 9,
959 4149 1076 4222 10.)
1103 4147 1188 4206 lla
1217 4160 1272 4204 ut
1301 4168 1406 4206 non
1430 4167 1635 4206 necesse
1663 4151 1946 4205 habeamus
1978 4165 2070 4203 nos
2093 4149 2192 4204 ali-

584 4239 710 4310 quid
749 4241 944 4313 cloqui.
998 4240 1114 4312 Ipsi
1165 4244 1300 4298 enim
1345 4244 1409 4300 de
1438 4242 1584 4298 nobis
1624 4243 1957 4311 annuntiant,
1989 4242 2190 4315 qualem

585 4333 858 4388 introitum
899 4335 1230 4390 habuerimus
1279 4337 1348 4390 ad
1399 4354 1487 4392 vos
1520 4353 1538 4390 :
1568 4347 1618 4392 et
1655 4335 1913 4408 quomodo
1960 4336 2191 4392 conversi

586 4425 709 4480 estis
735 4427 804 4481 ad
836 4426 1003 4482 Deum
1042 4430 1106 4484 ab
1137 4430 1290 4485 idolis
1312 4473 1326 4500 ,
1375 4430 1444 4485 ad
1474 4430 1802 4486 serviendum
1846 4430 1959 4486 Deo
1988 4431 2098 4486 rivo
2146 4443 2192 4487 et

583 4535 720 4585 vero,
752 4529 799 4574 et
839 4522 906 4575 ad
937 4524 1343 4595 exspectandum
1371 4521 1575 4579 Filium
1613 4527 1730 4599 ejus
1751 4523 1816 4579 de
1841 4523 2005 4593 cazlis,
2038 4541 2190 4597 quem

2283 3323 2424 3362 rum.
2484 3307 2589 3361 Iste
2645 3315 2828 3361 autem
2861 3305 3097 3362 electum
3129 3319 3188 3360 se
3228 3315 3282 3360 et
3327 3303 3554 3360 missum
3583 3302 3816 3372 prmdicare

2283 3399 2468 3458 multis
2511 3400 2702 3472 probat
2727 3400 2921 3466 rebus;
2954 3400 3077 3470 quia
3109 3405 3164 3454 ct
3189 3397 3242 3453 in
3275 3397 3551 3470 pressuris
3577 3393 3816 3451 lortiorin-

2281 3503 2474 3550 ventus
2508 3504 2610 3560 est,
2637 3502 2691 3548 et
2719 3495 2772 3548 in
2804 3492 3224 3550 conversatione
3254 3488 3750 3561 irreprehensibilis;
3773 3493 3815 3538 ιιι

2285 3587 2424 3644 nihil
2454 3599 2598 3643 esset
2622 3587 2674 3642 iu
2695 3587 2820 3653 hoc,
2847 3586 2989 3658 quod
3018 3586 3197 3640 minus
3215 3587 3322 3641 Deo
3338 3587 3610 3640 videretur
3629 3584 3815 3652 dignum,

2287 3682 2741 3755 prosequentibus
2772 3682 2962 3754 signis.
2993 3681 3224 3749 Quidam
3273 3682 3420 3735 enim
3455 3689 3680 3751 quaestus
3698 3688 3817 3731 musa

2285 3776 2561 3833 Christum
2591 3777 2986 3849 prmdicahaut,
3026 3775 3204 3832 favori
3235 3775 3516 3831 hominum
3549 3775 3815 3830 servientes;

2286 3869 2410 3941 quia
2440 3878 2494 3925 et
2526 3870 2577 3923 in
2604 3869 2884 3940 arguendo
2927 3868 3272 3924 remissiores
3316 3877 3477 3922 erant
3497 3909 3510 3933 ,
3535 3867 3708 3938 quippe
3727 3874 3817 3917 cum

2289 3979 2389 4021 nec
2446 3965 2747 4018 auctoritas
2795 3971 2978 4028 esset,
3025 3971 3081 4017 et
3131 3962 3184 4016 in
3245 3961 3596 4016 tribulatione
3639 3953 3816 4018 inﬁrmi;

2290 4059 2415 4131 quia
2445 4073 2549 4113 non
2579 4073 2645 4114 ex
2669 4057 2854 4125 corde,
2882 4057 2975 4112 sed
3008 4057 3058 4110 iu
3090 4055 3301 4111 fallacia
3325 4064 3444 4110 erat
3475 4069 3647 4111 sermo
3661 4064 3816 4107 eorum.

2291 4152 2480 4208 Omnis
2513 4151 2659 4207 enim
2695 4151 2787 4222 qui
2823 4149 3026 4222 aliquid
3060 4149 3176 4204 sine
3207 4163 3303 4220 spe
3334 4147 3482 4219 agit,
3513 4157 3625 4202 orta
3651 4142 3818 4200 tribula-

2291 4248 2438 4304 tione
2467 4245 2790 4304 succumbit.

2365 4341 2549 4415 (νει-ε.
2579 4340 2658 4413 5.)
2679 4339 2862 4412 Neque
2882 4342 3020 4397 enim
3037 4356 3279 4412 umquam
3308 4339 3360 4394 in
3394 4338 3545 4394 verbo
3570 4332 3819 4392 adulationis

2295 4436 2583 4490 canversati
2627 4451 2836 4502 sumus,
2889 4434 3020 4488 sicut
3072 4433 3246 4498 scitis,
3304 4449 3468 4502 neque
3496 4432 3547 4486 in
3579 4429 3820 4485 occasionem

2279 4529 2548 4584 avaritiae.
2584 4526 2720 4583 Deus
2764 4527 2907 4582 testis
2951 4537 3045 4582 est.
3097 4525 3249 4582 Nunc
3301 4526 3484 4596 aperit
3529 4522 3664 4598 quod
3708 4534 3821 4588 supra

587 4612 855 4668 suscitavit
882 4633 912 4669 a
941 4617 1158 4669 mortuis
1184 4615 1363 4672 Iesum
1387 4660 1400 4684 ,
1447 4618 1534 4689 qui
1563 4617 1756 4689 eripuit
1784 4634 1876 4672 nos
1903 4617 1966 4673 ab
1989 4620 2069 4673 ira
2103 4635 2188 4674 ve-
2216 4601 2272 4664 Ῐ)
2297 4623 2656 4694 signiﬁcavit,
2701 4638 2822 4677 cum
2856 4621 2984 4676 dicit
3015 4641 3026 4675 :
3066 4619 3186 4674 Non
3232 4621 3286 4675 in
3330 4621 3598 4674 occasione
3638 4615 3820 4671 avaritia.

589 4704 780 4759 niente.
813 4704 903 4763 Sic
949 4723 1266 4781 peragrasse
1295 4710 1486 4766 dicunt
1511 4709 1713 4766 famam
1743 4709 1996 4766 introitus
2026 4711 2107 4768 sui
2134 4719 2189 4768 et

588 4801 1022 4856 conversationis
1075 4818 1260 4858 eorum
1295 4820 1415 4860 cum
1463 4803 1849 4876 praedicatione
1891 4803 2187 4877 Evangelii,

591 4904 647 4950 ut
682 4910 788 4951 non
819 4905 968 4953 esset
996 4913 1225 4954 necesse
1247 4915 1307 4956 ea
1336 4899 1552 4967 dicere;
1577 4901 1913 4970 superﬂuunt
1939 4911 2020 4955 cst
2042 4900 2187 4955 enim

587 5005 651 5046 ea
709 4989 843 5058 fari,
877 5007 997 5062 quae
1041 5003 1166 5047 nota
1191 5001 1338 5049 sunt.
1373 4993 1453 5048 Ad
1481 5009 1671 5048 omnes
1702 4996 1844 5048 enim
1877 4995 1928 5048 in
1955 4992 2186 5048 cireuitu

593 5096 953 5154 pervenerat;
989 5085 1060 5139 ita
1110 5096 1167 5141 ut
1196 5098 1251 5142 et
1283 5088 1677 5144 annuntiareut
1706 5089 1919 5144 caneris
1959 5102 2064 5159 qua
2096 5085 2192 5142 de-

591 5180 812 5238 votione
859 5191 1220 5254 susceperant
1271 5183 1570 5253 apostolos.
1622 5184 1686 5239 Et
1713 5184 1838 5254 quia
1873 5183 1938 5238 ad
1971 5181 2188 5248 omnia,

593 5287 714 5344 qua:
764 5275 1055 5332 audierant
1103 5276 1170 5330 ah
1203 5277 1304 5344 eis,
1355 5276 1568 5332 fuerant
1602 5277 1986 5348 promptiores,
2017 5275 2188 5333 relin-

588 5377 818 5438 quentes
845 5370 978 5425 deos
997 5381 1277 5427 mortuos:
1302 5382 1687 5443 exspectarent
1707 5382 1888 5428 autem
1913 5371 2190 5428 Christum

590 5458 656 5514 de
678 5461 852 5528 caelis,
888 5479 1051 5534 quem
1085 5463 1338 5520 humante
1370 5465 1564 5521 salutis
1585 5480 1744 5520 causa
1778 5476 2049 5521 mortuum
2095 5482 2194 5522 au-

593 5549 842 5620 dierant,
895 5566 950 5612 et
994 5561 1363 5615 resurrexisse
1429 5559 1640 5615 devicta
1698 5571 1906 5628 morte,
1963 5570 2019 5617 et
2068 5577 2192 5620 cum

593 5658 760 5703 carne
799 5661 1136 5722 assumptum
1178 5650 1232 5706 in
1265 5652 1440 5709 cmlos
1471 5653 1721 5711 ministra
1768 5655 1937 5724 nube,
1966 5653 2034 5710 ad
2061 5668 2193 5711 con-

2298 4716 2466 4772 Deum
2525 4716 2659 4771 dans
2715 4724 2942 4781 testem,
2975 4715 3101 4787 quia
3133 4714 3274 4769 istud
3306 4730 3371 4768 es
3413 4713 3578 4768 corde
3623 4708 3820 4774 laciebal.

2299 4823 2405 4863 non
2440 4809 2491 4864 in
2528 4806 2835 4882 hypocrisi,
2865 4807 3023 4879 quasi
3053 4815 3414 4863 contemnens
3437 4820 3602 4876 pauca
3621 4847 3634 4873 ,
3659 4812 3700 4858 ιιι
3725 4800 3822 4854 forte

2298 4905 2455 4974 plura
2486 4902 2844 4959 ulle-rrentur.
2870 4901 3026 4958 Unde
3057 4909 3112 4957 et
3142 4902 3291 4970 ipsos
3332 4900 3624 4963 convenit,
3651 4895 3824 4951 scientes

2299 5013 2361 5052 ac
2415 4998 2708 5067 probantes
2759 4994 2884 5066 quia
2936 4995 3072 5048 nulli
3129 4992 3310 5049 fuerat
3360 4993 3640 5056 adulatus;
3681 4986 3826 5060 pseudo

2298 5095 2444 5149 enim
2477 5091 2706 5163 apostoli
2741 5089 2966 5145 formam
2998 5085 3248 5144 avaritia).
3293 5087 3408 5142 dari
3461 5088 3564 5142 sihi
3596 5083 3824 5156 optabant.

2298 5197 2358 5243 ut
2406 5188 2523 5257 ipsa
2580 5184 2905 5250 occasione,
2954 5183 3080 5238 dum
3140 5197 3302 5237 veros
3366 5181 3646 5252 apostolus
3698 5171 3825 5231 omni:

2296 5279 2449 5336 illata
2483 5277 2668 5333 vident
2699 5276 2972 5348 accipere,
2999 5284 3220 5348 possent
3255 5275 3356 5346 ipsi
3392 5277 3515 5331 sine
3543 5271 3720 5330 invidia
3738 5269 3829 5324 sim.

2298 5372 2562 5445 pliciores
2592 5370 2848 5426 homines
2875 5368 3202 5440 deprardari.

2373 5466 2554 5538 (Vers.
2587 5467 2640 5532 6,
2670 5463 2748 5535 7.)
2776 5463 2884 5518 Nec
2911 5473 3198 5534 quarrentes
3221 5479 3284 5517 ex
3311 5463 3608 5518 hominibus
3637 5459 3829 5533 gloriam.

2300 5577 2464 5630 neque
2497 5577 2528 5614 a
2555 5559 2718 5625 vobis,
2745 5574 2905 5625 neque
2925 5557 2988 5611 ab
3014 5556 3167 5622 aliis;
3200 5572 3314 5610 cum
3349 5572 3613 5625 possemus
3638 5555 3752 5622 apud
3771 5564 3833 5602 ros

2308 5664 2334 5692 ⁸
2365 5657 2509 5712 oneri
2541 5671 2672 5724 esse,
2722 5663 2778 5708 ut
2821 5651 3014 5709 Christi
3044 5650 3290 5724 apostoli.
3343 5649 3402 5706 In
3451 5661 3653 5706 tantum
3701 5651 3834 5716 gravat

681 5865 706 5894 “
730 5854 853 5923 Yel-
879 5854 1038 5925 εάῖιον
1094 5859 1280 5920 honori
1319 5881 1461 5935 esse;
1509 5866 1692 5946 Rom.,
1735 5867 1789 5925 in
1831 5869 2024 5928 honore
2051 5884 2197 5941 esse;
2232 5867 2432 5932 melius
2456 5886 2586 5930 mss.
2617 5884 2678 5928 ac
2709 5869 2837 5930 Gill.
2870 5870 2926 5928 in
2956 5884 3153 5944 marg.,
3181 5869 3326 5927 oneri
3344 5884 3474 5945 esse.
