3970 6316
75 289 178 346 415

665 276 1158 340 COMMENTARH
1204 277 1271 336 ΙΝ
1310 276 1529 335 EPIST.
1576 277 1668 334 Af)
1705 275 2404 338 THESSALONICENSES
2447 273 2736 340 PRIMAM.

3259 279 3366 339 “6

77 399 648 473 psettduaposloiorum
671 413 891 456 causam
915 440 930 465 ,
973 409 1030 453 ut
1075 413 1138 454 se
1176 398 1418 452 abnuere
1467 397 1650 460 dicat,
1680 399 1727 460 Α
1760 398 1954 452 tninum
1986 399 2349 455 interemerunt
2375 398 2590 469 Iesum,
2625 411 2671 457 et
2699 400 2976 476 prophetas
3004 444 3015 466 ,
3052 408 3099 455 et
3125 416 3218 455 nos
3247 419 3365 474 pcr-

72 513 190 552 cum
220 498 410 554 liceret
444 496 522 550 illi
549 493 810 562 obsequia
851 491 1158 563 requirere,
1188 489 1255 546 ad
1287 490 1654 562 comprimen-

71 590 166 646 dos
189 605 280 645 eos
310 589 510 661 quibus
541 602 639 643 nec
667 585 900 642 facultas
926 593 1045 642 erat
1065 625 1082 651 ,
1115 599 1218 642 nec
1245 584 1446 656 pudor,
1484 593 1539 641 et
1571 593 1655 640 ta-

70 701 188 741 men
213 684 474 740 honorem
503 683 605 738 sibi
637 681 976 754 poscebant;
1006 697 1066 738 se
1093 681 1242 738 enim
1275 681 1456 754 potius
1490 696 1654 752 quam

71 777 159 832 Dei
187 776 488 832 doctrinam
516 773 904 831 commendare
931 773 1212 830 volebant.
1238 773 1539 845 Apostolus
1562 789 1658 828 au-

70 881 169 926 tem
197 870 285 941 qui
314 870 546 941 gloriam
595 885 704 924 non
753 868 818 922 ad
854 881 1118 938 prazsens,
1149 867 1244 923 sed
1269 867 1321 923 in
1357 867 1541 922 futuro
1569 881 1658 923 re-

67 966 341 1037 quirebat,
387 980 448 1022 se
497 964 758 1020 humilem
785 962 1053 1029 faciebat,
1089 973 1148 1018 ut
1192 961 1287 1017 Dei
1329 961 1652 1032 praedicatio

67 1060 415 1116 exaltaretur.

135 1153 311 1224 (Vers.
344 1151 428 1224 8.)
457 1152 567 1208 Sed
605 1152 800 1224 fuimus
846 1150 1051 1223 parvuli
1089 1151 1143 1204 in
1175 1152 1350 1205 medio
1393 1160 1655 1218 uestrum,

67 1266 312 1322 tamquam
335 1252 380 1306 si
408 1252 589 1306 nutris:
629 1253 798 1323 foveat
841 1251 978 1321 filios
1012 1265 1167 1316 suos;
1203 1251 1275 1303 ita
1307 1249 1658 1304 desiderantes

66 1362 179 1410 vos,
229 1345 465 1416 cupimus
494 1345 761 1413 impartiri
792 1343 932 1398 vobis
975 1359 1077 1398 non
1109 1344 1279 1396 solum
1311 1341 1655 1413 Evangelium

68 1439 186 1504 Dei,
214 1439 300 1493 sed
321 1439 474 1493 etiam
495 1440 699 1494 animus
741 1448 979 1505 nostras;
1006 1438 1128 1508 quia
1173 1438 1468 1492 charissimi
1509 1435 1656 1491 nobis

70 1533 189 1586 tacti
233 1532 382 1587 estis.
413 1530 650 1587 Tantum
700 1529 956 1587 allectum
985 1530 1190 1586 habere
1232 1545 1291 1585 se
1331 1532 1474 1586 circa
1527 1529 1657 1583 illos

64 1626 298 1682 ostendit
323 1627 539 1698 (quem,
578 1627 706 1698 quia
741 1641 907 1683 verus
935 1634 1060 1693 est,
1094 1641 1203 1682 non
1254 1627 1438 1683 verbis
1479 1626 1656 1697 magis

63 1734 215 1790 quam
261 1719 425 1774 rebus
468 1719 759 1789 probatum
793 1719 915 1774 vult
941 1719 1150 1786 videri;
1199 1727 1380 1790 potest
1419 1720 1564 1776 enim
1596 1718 1652 1774 in

64 1813 237 1868 verbis
261 1813 431 1868 latere
458 1811 726 1884 fallacia),
752 1820 813 1867 ut
841 1811 926 1868 his
947 1811 1426 1868 exhortationibus
1453 1826 1653 1884 provo-

66 1909 164 1964 cati
216 1924 430 1964 omnem
474 1923 697 1965 sensum
737 1922 895 1965 suum
936 1908 988 1964 in
1031 1907 1327 1964 dilectione
1387 1907 1654 1964 haberent

64 2001 308 2070 apostoli.

131 2095 303 2167 (Vers.
338 2094 421 2168 9.)
446 2094 764 2150 Meministis
807 2095 974 2162 enim,
1007 2096 1221 2165 fratres,
1263 2096 1493 2151 laborem
1536 2111 1657 2151 nos-

65 2197 190 2242 trum
215 2198 260 2243 et
287 2189 668 2261 fatigationem,
696 2199 844 2244 nocte
865 2206 926 2243 ac
951 2190 1034 2244 die
1061 2199 1334 2262 Operantes
1355 2190 1425 2243 ad
1452 2190 1571 2258 hoc,
1594 2207 1658 2244 ne

66 2300 201 2350 quem
239 2293 458 2338 vestrum
483 2299 833 2354 gravaremus.
865 2283 978 2339 iioc
1009 2293 1116 2351 est,
1145 2285 1290 2356 quod
1319 2285 1451 2340 dicit
1479 2286 1530 2340 in
1555 2286 1659 2340 Ac-

66 2379 129 2431 tis
166 2377 555 2446 apostolorum.
591 2376 802 2445 Omnia,
839 2379 1049 2450 inquit,
1081 2395 1196 2450 qua:
1219 2379 1369 2448 mihi,
1405 2388 1453 2434 et
1477 2380 1542 2434 iis
1570 2379 1660 2448 qui

66 2479 171 2522 sunt
197 2485 410 2537 mecum,
447 2474 660 2542 fuerunt
707 2472 1035 2535 necessaria,
1080 2473 1442 2527 laboraverunt
1473 2487 1659 2528 manus

63 2566 182 2618 isne.
212 2562 368 2620 Uade
396 2575 450 2620 et
485 2565 538 2618 in
565 2564 670 2619 alia
702 2565 929 2634 epistola
963 2565 1098 2620 dicit
1134 2582 1147 2619 :
1185 2565 1286 2633 Qui
1315 2581 1416 2620 non
1458 2565 1660 2621 laborat

68 2656 469 2711 necmanducet.
506 2655 574 2709 Et
623 2655 726 2710 hoc
769 2663 963 2710 contra
1017 2655 1548 2726 pseudoapostolos;
1601 2667 1659 2712 ut

68 2749 150 2816 qui
189 2750 349 2804 otiosi
403 2749 832 2814 manducarent,
868 2749 1260 2820 prmdicatorcs
1291 2765 1351 2806 se
1383 2752 1663 2822 lingebant

70 2855 204 2898 esse.
247 2843 318 2898 Ut
341 2857 476 2914 ergo
507 2827 832 2912 exemplum
855 2843 1040 2910 daret,
1067 2844 1526 2914 quemadmodum
1560 2861 1660 2917 gu-

70 2934 335 2989 bernattda
389 2935 460 2989 sit
497 2935 605 2990 vita
639 2934 961 3004 christiana,
1011 2948 1063 2990 et
1111 2936 1330 2992 fictores
1361 2939 1655 3007 proderet,

70 3028 226 3082 labori
248 3028 539 3084 insistebat
565 3029 823 3092 humano,
841 3029 1114 3084 oli'uscans
1141 3031 1657 3102 pseudoapostolos:

70 3135 319 3190 preterea
347 3124 473 3195 quia
498 3125 590 3195 qui
620 3124 793 3180 labori
825 3125 1104 3189 insistunt,
1131 3140 1160 3180 a
1195 3126 1351 3182 malis
1380 3129 1662 3199 cogitatio-

1756 493 1916 547 secuti
1940 501 2083 559 sunt,
2113 502 2161 548 et
2188 490 2299 548 Deo
2327 510 2432 548 non
2463 496 2703 565 placent,
2735 505 2781 551 et
2807 496 3046 552 omnibus
3076 496 3364 551 hominibus

1755 583 2118 652 adversantur,
2153 585 2478 656 prohibentes
2505 603 2598 643 nos
2623 589 2858 662 gestibus
2880 590 3048 661 loqui,
3075 597 3130 644 ut
3164 591 3369 645 salven-

1754 689 1860 744 tur,
1891 679 1961 734 ad
1989 680 2084 734 hoc
2109 689 2169 736 ut
2195 680 2468 753 suppleant
2498 691 2710 752 peccata
2745 700 2845 740 sua
2869 699 3104 755 semper;
3131 684 3222 738 sed
3251 700 3370 754 per-

1756 777 1892 832 venit
1932 778 2013 830 ira
2041 775 2138 833 Dei
2167 793 2323 850 super
2365 794 2454 834 eos
2502 795 2660 850 usque
2684 779 2739 834 in
2769 781 2942 850 ﬁnem.
2977 777 3052 836 De
3080 779 3364 852 impietate

1757 879 1918 942 atque
1954 870 2280 928 credulitate
2327 875 2576 944 queritur
2606 873 2969 930 diffidentiam
3011 874 3360 944 Judmorum,

1754 966 1847 1036 qui
1881 981 1986 1019 non
2015 969 2189 1021 solum
2221 983 2333 1021 sum
2357 968 2552 1024 salutis
2583 968 2785 1025 inimici
2813 979 2960 1038 sunt,
2983 983 3173 1026 verum
3197 972 3362 1027 etiam

1755 1058 1983 1114 aliorum
2004 1101 2019 1124 ,
2054 1059 2404 1127 prohibentes
2451 1075 2519 1116 ne
2557 1061 2810 1129 credant,
2841 1072 2896 1118 et
2923 1063 3058 1118 salvi
3091 1064 3222 1119 fiant
3245 1107 3260 1132 ,
3290 1065 3362 1120 ab

1755 1151 1910 1207 initio
1943 1153 2254 1222 parricidas;
2286 1154 2374 1210 vel
2404 1155 2632 1210 Domino
2661 1157 2805 1212 enim
2829 1158 3103 1212 communi
3132 1173 3359 1228 parcere

1754 1243 2080 1312 debuerant,
2111 1248 2198 1318 qui
2228 1248 2513 1304 conservis
2542 1259 2595 1304 et
2627 1251 2933 1320 przepositis
2963 1250 3078 1305 suis
3115 1266 3224 1306 non
3257 1267 3354 1322 pe-

1756 1351 2050 1412 percerunt
2083 1359 2096 1395 :
2131 1351 2187 1396 ut
2213 1342 2526 1412 repleantur
2554 1351 2773 1415 peccata
2800 1357 3014 1412 eorum,
3039 1344 3094 1400 in
3122 1351 3358 1413 tantum,

1758 1451 1824 1490 ne
1873 1434 2165 1506 aliquando
2213 1435 2646 1492 misericordiam
2706 1436 2972 1508 consequi
3022 1445 3368 1494 mereantur.

1757 1527 1884 1585 Ideo
1924 1528 2448 1586 Tltessalonicenses
2491 1543 2518 1583 a
2548 1529 2760 1585 civibus
2789 1529 2900 1584 suis
2932 1529 3120 1586 eadem
3172 1543 3365 1601 passos

1755 1623 1908 1690 dicit,
1941 1623 2182 1678 imitatos
2211 1624 2529 1695 patientiam
2562 1632 2895 1692 sanctorum,
2929 1637 2984 1681 et
3014 1626 3226 1681 Domini
3267 1640 3367 1681 no-

1755 1717 1851 1772 stri
1893 1718 2023 1775 Jesu
2075 1718 2323 1774 Christi:
2373 1717 2530 1791 cujus
2575 1718 2803 1775 sceleris
2850 1729 3104 1775 auctores
3157 1718 3365 1775 inducit

1759 1812 1977 1868 Judatos
1997 1854 2013 1882 ,
2047 1820 2105 1868 ut
2135 1823 2188 1869 et
2230 1822 2429 1884 quanta
2457 1812 2631 1884 gloria
2661 1813 2810 1884 digiti
2839 1813 2980 1880 sint,
3015 1813 3105 1884 qui
3137 1827 3236 1882 pro
3264 1829 3365 1866 no-

1756 1906 1902 1960 mine
1934 1905 2144 1961 Domini
2197 1907 2501 1976 patiuntur,
2531 1913 2587 1960 et
2633 1921 2753 1976 quae
2783 1905 2916 1960 ultio
2949 1904 3160 1961 infestis
3187 1914 3240 1962 et
3283 1906 3369 1962 in-

1757 2000 1878 2055 fidis
1906 2010 2204 2071 prteparata
2233 2001 2324 2066 sit,
2354 1999 2722 2070 dignoscatur.

1829 2093 2014 2164 (Vers.
2048 2095 2135 2163 l7,
2165 2095 2277 2164 18.)
2310 2094 2420 2150 Nos
2444 2096 2890 2166 autem,’fratres,
2920 2094 3142 2150 desolati
3169 2109 3201 2148 a
3227 2093 3368 2149 vobis

1757 2188 1826 2242 ad
1871 2197 2072 2260 tempus
2116 2189 2276 2256 horse,
2308 2190 2462 2259 facie,
2492 2205 2596 2244 non
2623 2190 2808 2254 corde,
2843 2190 3191 2246 abundantius
3224 2191 3370 2262 festi-

1760 2283 1990 2336 nabimus
2021 2283 2205 2353 faciem
2229 2291 2447 2336 vestram
2465 2284 2637 2339 uidere
2656 2285 2708 2337 in
2730 2285 2891 2338 multo
2913 2284 3188 2338 desiderio.
3220 2283 3364 2352 Qua-

1761 2385 1974 2445 prOpter
1999 2377 2255 2430 voluimus
2287 2377 2455 2432 venire
2481 2377 2548 2429 ad
2575 2393 2685 2442 vos,
2713 2393 2808 2450 ego
2829 2378 3034 2448 quidem
3061 2375 3282 2445 Paulus,
3313 2389 3363 2434 et

1758 2469 1915 2524 semel
1931 2469 2196 2536 etiterum,
2231 2470 2319 2524 sed
2339 2470 2715 2538 impedivitnos
2738 2470 2986 2526 Satanas.
3012 2469 3128 2525 Non
3160 2470 3364 2540 animo,

1759 2563 1855 2620 sed
1887 2575 2115 2634 corpore
2141 2564 2382 2619 divulsos
2413 2578 2472 2618 se
2499 2564 2688 2619 dicunt
2715 2564 2784 2619 ab
2805 2564 2918 2629 eis;
2951 2563 3188 2618 cbaritas
3215 2563 3362 2619 enim

1761 2672 1869 2713 non
1902 2656 2184 2724 dividitur,
2219 2671 2319 2713 nec
2345 2666 2632 2729 separatur
2658 2675 2671 2713 :
2702 2657 2797 2713 sed
2842 2665 3068 2729 prepter
3099 2656 3360 2729 majorem

1761 2751 2174 2809 instructionem
2207 2753 2368 2808 etiam
2398 2751 2589 2808 faciem
2621 2767 2808 2809 eorum
2851 2766 3054 2824 cupere
3085 2764 3146 2808 se
3176 2750 3368 2808 dicunt

1761 2846 1964 2902 videre.
1999 2846 2056 2902 in
2087 2846 2250 2901 rebus
2281 2847 2425 2902 enim
2459 2846 2656 2901 divinis
2686 2845 2946 2901 deﬁciunt
2976 2844 3190 2900 articuli
3220 2859 3370 2899 com-

1763 2940 2137 3011 prehendere,
2169 2956 2288 3012 quae
2337 2949 2563 3012 possunt
2613 2939 2756 3005 diei;
2811 2953 2910 2994 nec
2965 2938 3108 2993 enim
3163 2936 3368 2992 sufﬁcit

1761 3033 1882 3089 dies
1908 3035 2052 3106 stylo
2099 3033 2210 3101 bis,
2245 3050 2364 3104 qure
2415 3049 2517 3088 una
2569 3035 2699 3088 liora
2736 3041 2959 3103 possunt
2995 3030 3272 3102 depromi;
3308 3039 3370 3086 ut

1765 3143 1869 3182 ron
1901 3127 2077 3183 dicam
2108 3126 2354 3197 quadam
2387 3141 2510 3182 esse
2559 3126 2782 3198 mystica
2817 3125 3094 3196 religionis
3124 3132 3327 3178 nostrm
3349 3164 3366 3192 ,

70 3217 215 3272 nibus
240 3215 544 3285 declinant,
579 3228 916 3290 occupantes
943 3222 1187 3276 animum
1212 3235 1389 3289 suum,
1423 3233 1477 3279 et
1499 3240 1527 3278 a
1561 3239 1653 3295 pe-
1687 3261 1732 3323 Ε
1764 3235 1882 3291 qua:
1911 3230 2130 3290 propter
2157 3220 2404 3276 carnales
2450 3233 2666 3288 sensus,
2703 3235 2769 3274 ne
2798 3218 3117 3274 scandalum
3148 3217 3364 3289 patian-

68 3313 240 3368 riculis
268 3314 650 3385 prohibentes.

130 3405 308 3474 (γει-8.
344 3407 431 3473 10,
466 3409 677 3480 ii,l2.)
712 3407 1124 3466 Prtedicavimus
1154 3413 1295 3467 vobis
1314 3413 1656 3486 Evnngelimn

71 3499 177 3566 Dei,
206 3518 292 3555 vos
320 3511 470 3557 testes
494 3504 637 3569 estis,
667 3513 716 3557 et
746 3503 908 3572 Deus,
939 3522 1092 3568 quam
1125 3518 1301 3562 sancte
1327 3518 1375 3563 et
1405 3511 1547 3579 juste
1567 3552 1580 3576 ,
1613 3522 1657 3565 et

68 3595 166 3647 sine
191 3595 402 3665 querela
451 3596 719 3652 vobiscum
763 3599 852 3667 qui
893 3600 1124 3663 creditis,
1158 3604 1442 3655 conversati
1482 3621 1661 3659 sumus

70 3687 186 3740 sicut
224 3689 409 3742 scitis:
436 3699 483 3742 et
513 3689 773 3758 quomodo
799 3708 922 3762 erga
948 3707 1369 3763 unumquemque
1394 3704 1620 3748 vestrum
1643 3739 1656 3761 ,

72 3790 116 3831 nt
138 3792 274 3851 pater
300 3783 440 3852 ﬁlios
481 3800 625 3849 suos,
666 3785 987 3840 obsecrantes
1020 3803 1128 3850 ros,
1164 3798 1210 3841 et
1237 3790 1586 3855 consolantes,
1614 3801 1662 3846 et

71 3881 363 3931 obtestantes
390 3878 460 3930 ad
487 3879 586 3932 hoc
612 3889 667 3932 ut
694 3879 968 3933 ambuletis
993 3882 1148 3949 digne
1179 3879 1309 3947 Deo,
1341 3884 1428 3951 qui
1459 3885 1658 3938 voravit

72 3982 150 4021 ros
173 3969 224 4022 in
249 3985 404 4024 suum
432 3985 650 4042 regnum
677 3979 723 4024 et
753 3972 997 4042 gloriam.
1026 3973 1311 4030 Manifesta
1346 3987 1473 4030 sunt
1503 3975 1652 4044 limo;

71 4073 363 4118 commonet
409 4063 557 4120 enim
586 4064 713 4119 illos
749 4065 1026 4136 quomodo
1062 4069 1402 4125 crediderint
1429 4085 1489 4125 se
1518 4088 1659 4140 pra:-

71 4152 477 4230 tlicante,279
492 4165 549 4213 et
569 4158 782 4228 qualem
817 4174 941 4214 eum
971 4159 1171 4216 fuerint
1203 4165 1512 4234 experti,et
1537 4181 1658 4236 quae

72 4261 328 4320 przecepta
355 4251 572 4306 dederit
597 4251 676 4306 eis
698 4267 713 4318 ;
738 4258 800 4305 ut
829 4250 979 4324 digni
1013 4251 1210 4309 ﬂerent
1243 4256 1377 4322 Deo,
1405 4261 1494 4329 qui
1531 4260 1658 4316 illos

75 4343 278 4398 vocavit
315 4347 384 4399 de
415 4339 583 4400 terris
621 4343 688 4400 ad
727 4344 928 4412 caelos,
979 4354 1036 4400 ut
1067 4349 1375 4406 exsuscitet
1401 4349 1653 4409 laetitiam

73 4434 300 4492 illorum.

134 4529 304 4597 (Vers.
341 4530 454 4602 l5.)
489 4530 719 4602 Ideoque
744 4542 792 4587 et
820 4547 911 4588 nos
932 4536 1128 4606 gratias
1157 4538 1361 4607 agimus
1397 4539 1500 4594 Deo
1545 4543 1656 4598 sine

69 4621 458 4691 intermissione,
491 4625 630 4692 quod
675 4641 794 4680 cum
823 4628 1143 4699 accepissetls
1187 4649 1221 4686 a
1264 4631 1408 4687 nobis
1447 4634 1652 4690 verbum
1678 4663 1734 4727 Β

71 4715 264 4772 auditus
291 4717 406 4784 Dei,
437 4720 736 4790 suscepistis
763 4721 897 4775 illud
925 4738 1026 4777 non
1053 4732 1108 4777 ut
1135 4725 1344 4780 verbum
1366 4727 1651 4797 hominum,

71 4807 152 4860 sed
193 4808 319 4864 sicut
370 4821 444 4865 est
484 4827 616 4879 vere,
674 4812 876 4867 uerbum
932 4813 1046 4880 Dei,
1073 4818 1213 4886 quod
1263 4827 1310 4872 et
1337 4830 1579 4889 operatur
1606 4822 1660 4876 in

72 4899 196 4957 vobis
221 4903 304 4971 qui
332 4906 640 4960 credidistis.
669 4907 780 4962 Deo
800 4908 1004 4978 gratias
1031 4911 1294 4977 referunt,
1327 4914 1417 4984 qui
1448 4917 1662 4986 aperuit

72 5008 274 5051 sensum
317 5000 530 5056 illorum
555 5000 621 5056 ad
649 5002 1022 5071 recipiendum
1067 5006 1424 5076 Evangelium
1475 5024 1654 5065 suum.

73 5084 241 5144 Gloria
286 5093 426 5147 enim
481 5093 888 5163 praedicandum
938 5108 1060 5162 est,
1107 5099 1325 5167 quando
1373 5103 1659 5160 audientes

72 5178 214 5237 facile
259 5185 518 5252 credunt;
566 5194 713 5242 tanta
762 5189 908 5244 enim
971 5190 1266 5246 devotione
1330 5205 1658 5265 receperunt

75 5276 307 5346 verbum,
336 5288 395 5334 ut
428 5279 722 5351 probarent
765 5297 827 5340 se
877 5282 1214 5340 intellexisse
1245 5285 1338 5341 Dei
1369 5301 1493 5344 esse
1524 5289 1658 5345 doc-

75 5367 278 5424 trinam.

141 5461 314 5532 (Vers.
348 5467 435 5535 14,
471 5467 554 5536 15,
593 5467 710 5540 i6.)
752 5467 856 5524 Vos
895 5471 1064 5538 enim,
1117 5471 1341 5542 fratres,
1373 5474 1657 5532 imitatores

79 5550 190 5617 facti
232 5556 349 5610 estis
379 5556 726 5614 Ecclesiarunt
774 5557 908 5625 Dei,
941 5577 1056 5632 quae
1101 5573 1219 5618 sunt
1256 5565 1308 5619 in
1349 5563 1572 5634 Juda'a,
1600 5568 1656 5622 in

81 5640 271 5700 Christo
297 5648 458 5718 Jesu;
486 5653 609 5724 quia
639 5654 817 5709 cadent
848 5658 989 5725 passi
1018 5658 1137 5711 estis
1161 5666 1184 5694 α
1209 5667 1256 5712 et
1287 5675 1376 5713 vos
1405 5677 1436 5713 a
1463 5663 1658 5716 contri-

83 5736 271 5794 bulibus
310 5745 512 5811 vestris,
544 5745 673 5802 sicut
700 5756 748 5804 et
777 5762 872 5803 nos
898 5749 996 5821 ipsi
1023 5764 1057 5804 a
1080 5749 1301 5822 ludteis,
1333 5754 1424 5825 qui
1450 5762 1500 5812 et
1543 5753 1657 5813 Do-

153 5884 175 5912 ι
205 5875 356 5935 Rom.
389 5881 542 5952 edit.,
574 5893 622 5941 et
646 5901 733 5942 vos
757 5902 790 5943 a
817 5887 1105 5945 coneivibus
1128 5891 1326 5946 vestris.

1767 3323 1875 3378 tur,
1909 3313 2063 3369 facile
2095 3313 2361 3383 publicari
2397 3327 2503 3367 non
2547 3312 2783 3367 debeant
2813 3328 2826 3364 :
2879 3312 3002 3382 quia
3036 3325 3140 3364 non
3192 3308 3371 3363 omni-

1764 3408 1864 3462 bus
1887 3407 2114 3462 dicenda
2139 3416 2263 3461 sunt
2291 3407 2496 3472 omnia,
2513 3405 2606 3460 sed
2635 3420 2732 3475 pro
2758 3403 3180 3474 uniuscujusque
3206 3409 3368 3472 captu

1763 3499 2092 3556 moderanda
2121 3506 2246 3554 sunt
2271 3498 2433 3566 dicta,
2463 3499 2619 3552 aliter
2651 3496 3074 3558 rudibus,~‘aliter
3106 3494 3365 3550 fundatis.

1763 3594 1968 3650 Idcirco
1998 3595 2284 3664 praesentia
2335 3592 2583 3662 corporis
2612 3591 2940 3661 requiritur;
2972 3593 3098 3659 quia
3137 3591 3214 3642 sic
3247 3602 3371 3657 pcr-

1764 3688 1941 3741 llcitur
1967 3687 2168 3741 veritas
2193 3684 2493 3740 charitatis.
2527 3684 2784 3752 Quamvis
2813 3682 2956 3737 enim
2986 3680 3226 3734 Charitas
3259 3695 3367 3734 non

1761 3781 2050 3846 dividatur,
2084 3778 2414 3836 desiderium
2446 3788 2624 3832 tamen
2658 3777 2781 3831 facit
2812 3775 3056 3830 absentia
3079 3773 3328 3843 corporis
3355 3791 3369 3827 :

1761 3875 1994 3944 denique
2021 3873 2207 3927 osculo
2257 3881 2311 3926 et
2341 3872 2590 3942 amplexu
2633 3869 2934 3922 animorum
2980 3866 3230 3936 expletur
3275 3877 3372 3920 v0-

1761 3969 1962 4024 luntas.
1993 3967 2094 4023 Cui
2121 3968 2198 4022 rei
2227 3964 2616 4035 impedimento
2648 3963 2843 4016 asserit
2873 3960 3039 4015 fuisse
3083 3960 3362 4021 Satanam,

1761 4065 1851 4136 qui
1879 4065 2043 4120 etiam
2075 4061 2334 4132 apostolis
2360 4059 2548 4115 obvias
2586 4070 2778 4111 manus
2808 4053 3096 4119 tendebat;
3129 4066 3195 4107 ne
3225 4051 3368 4106 veri-

1762 4160 1888 4214 tatis
1932 4157 2072 4214 ratio
2099 4155 2415 4211 homiuibus
2448 4153 2796 4225 panderetur.
2835 4149 3179 4206 Aeccndebat
3217 4146 3363 4202 enim

1761 4252 2088 4326 perfidorum
2133 4260 2376 4317 mentes,
2410 4258 2468 4304 ut
2510 4263 2606 4306 eos
2665 4246 2981 4303 verberibus
3021 4259 3084 4300 ac
3133 4241 3368 4299 vinculis

1761 4350 2106 4415 detinerent;
2153 4363 2218 4404 ne
2259 4347 2614 4418 loquerentur
2664 4343 2890 4399 verbum
2939 4341 3055 4397 Dei.
3105 4338 3370 4394 Dixerunt

1759 4444 1904 4498 enim
1951 4441 2184 4513 majores
2227 4439 2541 4496 intimorum
2585 4435 2850 4507 apostolis
2884 4451 2897 4492 :
2927 4433 3118 4488 Nonne
3169 4429 3368 4501 prteci-

1759 4537 1970 4607 pientes
1995 4534 2435 4591 denuntiavimus
2464 4531 2614 4588 vobis
2642 4574 2654 4595 ,
2688 4545 2757 4585 ne
2788 4526 3147 4600 loqueremini
3181 4526 3232 4579 in
3269 4537 3368 4578 no-

1760 4629 1904 4684 mine
1931 4628 2058 4684 Jesu
2091 4627 2187 4682 uili
2217 4627 2498 4682 hominum
2527 4625 2668 4699 (Act.
2700 4639 2754 4690 v,
2787 4621 2913 4692 ill)?
2934 4620 3039 4677 Sed
3070 4619 3196 4689 quia
3220 4617 3366 4689 quod

1763 4739 1870 4779 non
1900 4731 1984 4779 est
2020 4737 2049 4778 a
2083 4723 2214 4787 Deo,
2245 4732 2392 4778 stare
2424 4736 2527 4775 non
2560 4725 2764 4790 potest,
2799 4715 3172 4771 dissolvuntur
3199 4715 3372 4782 impe-

1766 4816 2008 4873 dimenta
2041 4815 2278 4872 Salsum.

1837 4910 2016 4982 (Vers.
2051 4911 2140 4976 i9,
2166 4910 2286 4981 ‘20.)
2321 4909 2453 4978 Qua:
2477 4918 2551 4963 est
2581 4908 2716 4961 enim
2745 4913 2922 4960 nostra
2947 4919 3084 4974 spes,
3116 4910 3204 4956 aut
3235 4917 3368 4972 gau-

1762 5008 1924 5074 dium,
1951 5015 2038 5060 aut
2066 5021 2254 5060 corona
2282 5003 2508 5077 gloriw.’
2553 5001 2740 5056 Nonne
2783 5016 2868 5054 vos
2914 5014 3090 5052 coram
3143 4996 3365 5050 Domino

1763 5112 1937 5158 nostro
1963 5102 2088 5156 Jesu
2119 5099 2322 5155 Christo
2372 5100 2424 5151 in
2467 5098 2686 5151 adventu
2735 5094 2890 5166 ejus?
2933 5091 3038 5145 Vos
3069 5089 3202 5143 enim
3246 5087 3372 5140 estis

1765 5198 1932 5268 gloria
1975 5205 2151 5251 nostra
2198 5205 2243 5248 et
2273 5193 2539 5264 gaudium.
2572 5189 2915 5245 Manifestqu
2967 5194 3050 5241 est
3089 5182 3210 5253 quia
3244 5194 3369 5249 per-

1765 5290 1928 5346 fectio
1958 5287 2344 5358 discipulorum
2374 5285 2626 5357 gaudium
2673 5292 2724 5337 et
2752 5294 2951 5336 corona
2986 5275 3224 5345 magistri
3261 5282 3366 5326 est.

1766 5384 1830 5439 lii
1861 5384 2002 5440 enim
2031 5391 2192 5448 sunt,
2225 5382 2314 5450 qui
2345 5381 2559 5434 labores
2590 5378 2859 5431 fructuum
2892 5386 3112 5426 suorum
3165 5367 3367 5424 edituri

1764 5485 1892 5534 sunt
1914 5493 1929 5544 ;
1964 5476 2171 5532 fructus
2189 5474 2334 5531 enim
2363 5472 2628 5543 magistri,
2654 5467 2951 5538 discipulus
2973 5474 3058 5521 est
3079 5462 3365 5530 obediens,

1764 5571 1920 5643 cujus
1946 5569 2076 5626 dum
2117 5569 2260 5626 bona
2302 5566 2646 5623 conversatio
2675 5561 2886 5633 proficit
2916 5559 3210 5631 magistro,
3251 5559 3367 5614 fru-

1765 5674 1882 5721 ctus
1912 5664 1993 5718 sui
2023 5662 2133 5718 edit
2162 5661 2421 5716 laborem.
2456 5657 2633 5711 Labor
2660 5653 2804 5709 enim
2829 5651 3080 5722 discipuli
3114 5653 3168 5708 in
3195 5665 3359 5722 opere

1765 5759 1913 5815 bono
1940 5767 2196 5812 coronam
2227 5751 2321 5808 dat
2351 5747 2628 5821 magistro,
2659 5744 2842 5818 judice
2869 5745 3110 5802 Christo.
3139 5809 3145 5814 _
