3970 6316
472 5963 556 6023 ’Ἡ

1573 215 1668 298 Ab
1706 239 1939 299 OPERA
1977 237 2226 299 SANCTI

1263 359 1490 418 CAPUT
1536 358 1626 414 Ill.

718 455 898 530 (νοτε.
929 458 1074 530 1-4.)
1102 454 1314 512 Idcirco
1352 460 1470 529 jam
1515 471 1620 510 non
1661 455 1887 526 amplius
1929 454 2208 508 tolerantes
2233 494 2248 520 ,

643 551 894 622 optimum
936 550 1183 605 duximus
1227 558 1284 603 ut
1332 547 1546 603 Athenis
1590 547 1690 602 soli
1725 545 2129 617 relinqueremur
2157 560 2176 598 :
2204 553 2252 598 et

641 644 876 698 misimus
917 641 1244 698 Timotheum
1287 646 1504 714 fratrem
1534 650 1796 705 nostrum,
1849 649 1896 692 et
1944 638 2252 711 participem

643 737 812 810 operis
836 734 934 792 Dei
957 737 1010 791 in
1036 736 1318 809 Evangelia
1345 735 1560 800 Christi,
1587 736 1656 789 ad
1682 736 1777 790 hoc
1807 744 1860 789 ut
1901 744 1949 789 et
1993 750 2082 788 vos
2125 749 2250 788 con-

644 830 836 900 ﬁrmet,
868 838 915 886 et
942 831 1241 903 deprecetur
1268 845 1362 899 pro
1389 829 1492 898 ﬁde
1517 838 1683 883 vestra
1701 870 1715 895 ,
1746 845 1810 882 ue
1851 828 1964 897 quis
1989 837 2254 882 moveatur

645 921 701 975 in
733 919 816 976 his
863 923 1143 993 pressuris.
1175 920 1291 991 Ipsi
1339 922 1472 976 enim
1507 921 1677 987 scitis,
1728 921 1851 991 quia
1879 920 1947 974 ad
1971 919 2069 974 hoc
2100 921 2255 990 positi

649 1031 864 1078 sumus;
891 1032 1012 1070 nam
1055 1026 1104 1070 et
1133 1032 1249 1070 cum
1277 1013 1419 1086 apud
1448 1030 1536 1070 vos
1584 1031 1818 1080 eramus,
1846 1013 2254 1083 prwdicebamus

645 1108 791 1162 vobis
815 1117 841 1144 η
874 1123 1120 1177 passuros
1160 1123 1254 1162 nos
1297 1123 1621 1179 pressuram,
1656 1107 1787 1160 sicut
1831 1109 2027 1178 factum
2069 1116 2175 1170 est,
2208 1118 2255 1160 et

643 1201 810 1256 scitis.
855 1200 1125 1256 Desiderii
1171 1215 1334 1271 supra
1388 1200 1674 1256 memorati
1721 1214 1915 1256 causas
1963 1199 2252 1270 expressit.

652 1293 861 1350 Idcirco
890 1295 1032 1351 enim
1085 1303 1383 1365 praesentes
1429 1309 1552 1350 esse
1582 1293 1722 1364 apud
1749 1307 1844 1350 eos
1872 1293 2166 1362 volebant,
2198 1303 2258 1350 ut

655 1386 873 1443 animos
899 1402 1088 1444 eorum
1139 1389 1448 1454 ﬁrmarent;
1479 1404 1545 1444 ne
1575 1389 1697 1458 quis
1727 1404 1792 1444 ex
1823 1388 1907 1444 his
1937 1387 2256 1444 scandalum

654 1488 935 1550 pateretur
973 1479 1041 1535 de
1091 1483 1362 1551 pressaris
1407 1480 1782 1551 apostolorum
1808 1523 1823 1548 ,
1853 1481 2018 1553 280
2063 1489 2120 1537 ut
2165 1481 2258 1552 qui

661 1581 808 1627 tanta
834 1570 983 1643 signa
1027 1570 1317 1641 facerent,
1366 1572 1660 1645 aliquando
1685 1571 2134 1638 inﬁrmarentur;
2185 1573 2256 1627 ita

663 1662 968 1732 bumiliati,
1021 1674 1081 1720 ut
1111 1664 1425 1722 verberibus
1467 1675 1524 1721 et
1564 1666 1798 1721 vinculis
1829 1666 2255 1735 subjicereutur.

662 1756 746 1813 Ad
809 1773 968 1827 quam
1034 1772 1152 1814 rem
1201 1758 1568 1814 excusandam
1627 1757 1972 1814 TintOtheum
2032 1759 2260 1814 missum

662 1857 893 1906 testatur
914 1849 1164 1906 idoneum
1188 1851 1492 1918 doctorem,
1525 1851 1616 1922 qui
1645 1850 1964 1906 ostenderet
2003 1850 2127 1906 hinc
2149 1865 2264 1906 me-

664 1944 769 1999 rita
795 1957 1047 2000 crescere
1067 1943 1379 2000 christianis
1401 1986 1415 2010 ,
1440 1944 1483 1998 si
1508 1958 1605 2015 pro
1633 1943 1852 1998 nomine
1877 1943 2088 1999 Domini
2119 1945 2262 2015 passi

662 2035 867 2107 gratias
891 2043 1055 2107 agant
1073 2077 1086 2099 ,
1111 2051 1141 2091 a
1163 2051 1272 2106 quo
1294 2035 1453 2106 hujus
1474 2036 1551 2090 rei
1577 2035 1890 2092 mercedem
1921 2043 2262 2107 exspectant,

663 2132 936 2203 simulque
960 2146 1149 2204 preces
1176 2131 1288 2188 Deo
1335 2131 1628 2188 funderent
1650 2173 1667 2199 ,
1719 2139 1779 2186 ut
1803 2131 2028 2188 stabiles
2054 2141 2262 2188 essent.

663 2223 838 2294 Quam
869 2226 1307 2295 persecutionem
1337 2225 1542 2282 idcirco
1563 2240 1624 2282 se
1651 2240 1908 2297 passuros
1937 2227 2268 2296 praedicave-

664 2328 824 2386 rant;
856 2330 912 2375 ut
934 2334 1032 2390 per
1055 2319 1106 2375 id
1148 2320 1292 2391 quod
1322 2319 1722 2391 prmscientiam
1756 2318 1916 2390 hujus
1949 2319 2027 2375 rei
2063 2319 2267 2376 habere

662 2425 724 2466 se
749 2420 1198 2482 protestarentur,
1240 2428 1404 2484 posse
1430 2429 1490 2470 se
1516 2413 1759 2485 effugere
1787 2422 1844 2470 et
1869 2413 2148 2469 declinare
2170 2412 2268 2470 has

661 2504 892 2576 injurias
917 2507 1321 2578 approbarent:
1343 2509 1440 2563 sed
1458 2507 1582 2578 quia
1605 2522 1731 2578 spes
1753 2522 1944 2577 magna
1974 2507 2026 2562 in
2057 2507 2141 2563 his
2161 2516 2265 2574 est,

664 2597 791 2653 ideo
817 2600 946 2655 dicit
977 2600 1158 2656 illatas
1189 2599 1420 2657 suﬁ‘erre
1445 2600 1664 2672 quidem
1689 2600 1944 2658 libenter.

740 2692 923 2765 (Vers.
955 2693 1035 2767 5.)
1060 2694 1187 2749 Ideo
1213 2705 1260 2750 et
1279 2712 1373 2767 ego
1394 2713 1497 2750 non
1525 2697 1754 2766 amplius
1775 2697 2026 2762 tolerans,
2051 2696 2170 2750 misi
2201 2695 2269 2750 ad

667 2785 766 2838 hoc
789 2797 844 2839 ut
864 2803 1225 2857 cognoscerem
1252 2789 1407 2858 ﬁdem
1432 2799 1688 2856 vestram;
1714 2806 1776 2845 ne
1803 2806 1904 2861 quo
1925 2790 2077 2844 modo
2105 2799 2270 2844 atten-

663 2879 846 2933 taverit
870 2896 956 2933 vos
975 2881 1064 2934 ille
1083 2890 1326 2947 tentator,
1350 2893 1397 2936 et
1421 2883 1591 2937 inanis
1613 2883 1709 2952 ﬁat
1735 2883 1883 2938 labor
1914 2893 2098 2938 vester.
2121 2882 2269 2938 Istud

667 2979 892 3040 propter
913 2972 1175 3043 quosdam
1207 2973 1373 3039 dicit.
1431 2976 1519 3042 qui
1563 2983 1787 3045 possent
1836 2975 2020 3031 seduci
2072 2975 2269 3030 astutia

664 3060 922 3129 Satanae;
953 3065 1079 3136 quia
1105 3066 1157 3120 in
1182 3067 1330 3121 omni
1357 3065 1513 3137 plebe
1531 3078 1613 3122 cst
1642 3083 1766 3138 pars
1779 3067 1930 3124 ﬁrma
1955 3080 2010 3124 et
2032 3067 2266 3135 inﬁrma,

664 3171 897 3227 quorum
935 3173 1099 3214 causa
1127 3161 1390 3216 sollicitus
1414 3169 1573 3225 erat,
1615 3175 1684 3216 ne
1709 3162 1984 3218 amitteret
2036 3161 2264 3216 fructum

664 3249 1008 3306 credulitatis
1047 3266 1259 3308 eorum.
1294 3252 1362 3308 Et
1389 3252 1512 3324 quia
1543 3251 1748 3309 diutius
1780 3268 1975 3324 passus
2024 3269 2132 3310 non
2184 3263 2269 3310 est

667 3343 884 3399 nescire
932 3359 993 3400 se
1045 3346 1174 3417 quid
1221 3346 1427 3402 certius
1476 3356 1731 3418 ageretur
1758 3349 1901 3402 circa
1929 3347 2088 3414 illos,
2123 3348 2270 3402 misit

666 3437 1014 3495 Timotheum
1039 3439 1355 3512 episc0pum
1388 3455 1418 3495 a
1449 3455 1508 3495 se
1534 3455 1811 3509 creatum,
1853 3454 1884 3493 a
1930 3455 2038 3511 quo
2081 3450 2269 3512 posset

664 3540 872 3589 certum
904 3535 1068 3590 scire.

737 3627 919 3696 (Vers.
947 3629 1011 3697 6,
1046 3629 1101 3697 7,
1130 3629 1210 3701 8.)
1266 3627 1429 3684 Modo
1476 3638 1648 3684 autem
1679 3646 1796 3684 cum
1827 3630 2046 3685 venisset
2093 3628 2270 3683 Timo-

666 3720 814 3775 theus
837 3723 905 3775 ad
928 3737 1021 3776 nos
1042 3738 1074 3774 a
1094 3722 1254 3788 vobis,
1282 3732 1328 3777 et
1349 3723 1706 3777 annuntiasset
1727 3723 1874 3777 nobis
1900 3723 2058 3793 ﬁdem
2079 3732 2125 3778 et
2149 3723 2268 3775 cha-

661 3817 865 3870 ritatcm
885 3825 1140 3871 vestram:
1164 3826 1211 3870 et
1233 3817 1480 3887 quaniam
1524 3817 1821 3870 memoriam
1861 3817 2026 3870 nostri
2069 3817 2268 3870 habetis

663 3911 852 3966 bonam
877 3928 1096 3982 semper,
1121 3912 1473 3967 desiderantes
1492 3929 1587 3966 nos
1607 3913 1798 3980 videre,
1821 3913 1953 3967 sicut
1974 3923 2023 3966 et
2043 3928 2135 3966 nos
2148 3928 2268 3981 quo-

664 4023 760 4076 que
789 4022 914 4074 vos;
934 4007 1051 4062 ideo
1080 4008 1488 4062 consolationem
1526 4024 1705 4062 sumus
1727 4008 1934 4077 adepti,
1967 4011 2186 4078 fratres,
2213 4006 2268 4060 in

666 4097 810 4152 vobis
837 4115 992 4170 super
1014 4100 1154 4153 omni
1181 4101 1484 4154 necessitate
1508 4109 1556 4154 et
1576 4116 1818 4172 pressura
1844 4109 2021 4154 nostra
2051 4116 2141 4172 per
2159 4115 2270 4154 ves-

667 4201 801 4245 tram
823 4192 1013 4261 ﬁdem;
1037 4193 1286 4263 quoniam
1331 4209 1465 4247 nunc
1491 4193 1704 4248 vivimus
1728 4234 1743 4258 ,
1773 4193 1816 4246 si
1840 4208 1925 4247 vos
1951 4192 2191 4247 steteritis
2217 4192 2269 4246 in

668 4283 895 4340 Christo.
917 4285 1222 4342 Declaravit
1241 4303 1338 4343 cur
1357 4285 1525 4343 alacri
1548 4302 1802 4343 sermone
1822 4287 2025 4342 scribat
2039 4287 2107 4342 ad
2129 4301 2224 4342 eos
2251 4303 2264 4353 ;

670 4379 795 4436 ideo
821 4381 989 4446 enim,
1019 4380 1211 4436 nuntio
1234 4383 1510 4448 veniente,
1540 4389 1595 4438 et
1625 4381 1934 4437 firmitatem
1961 4379 2270 4436 devotionis

668 4474 883 4530 illorum
902 4477 953 4528 in
980 4475 1085 4531 ﬁde
1106 4474 1464 4531 etdilectione
1491 4475 1734 4547 Apostoli
1753 4475 2089 4541 declarante,
2115 4475 2270 4530 laetus

670 4569 843 4626 factus
865 4569 934 4626 de
959 4570 1236 4626 communi
1257 4571 1575 4638 concordia,
1605 4570 1794 4627 scribit
1816 4569 1881 4624 ad
1901 4583 1995 4625 eos
2021 4584 2272 4625 securum

671 4663 875 4720 habens
905 4667 1135 4721 fructum
1169 4665 1292 4720 ﬁdei
1319 4674 1373 4722 et
1402 4665 1561 4722 bonae
1587 4665 2024 4721 conversationis
2047 4680 2262 4722 eorum.

748 4758 928 4829 (Vers.
954 4760 988 4815 9
1014 4801 1030 4826 ,
1063 4759 1180 4831 10.)
1212 4758 1376 4826 Quam
1404 4761 1539 4814 enim
1560 4761 1844 4830 gratiarum
1870 4761 2123 4815 actionem
2147 4775 2269 4831 pos-

672 4872 849 4909 sumus
879 4859 1076 4928 referre
1120 4854 1230 4912 Deo
1270 4857 1333 4910 de
1387 4855 1528 4911 vobis
1550 4873 1708 4928 super
1730 4856 1872 4910 omni
1895 4855 2091 4926 gaudio
2113 4897 2126 4918 ,
2173 4870 2273 4924 quo

670 4947 959 5021 gaudemus
987 4958 1198 5019 propter
1221 4964 1307 5003 vos
1355 4964 1526 5003 coram
1549 4945 1664 5002 Deo
1698 4955 1893 5008 nostro.
1921 4957 2070 5002 nocte
2094 4946 2275 5017 dieque

671 5041 1114 5098 abundantissime
1137 5052 1382 5108 orantes;
1407 5053 1462 5097 ut
1509 5043 1775 5096 rideamus
1803 5043 1990 5113 facient
2016 5051 2273 5108 vestram,

671 5147 718 5192 et
741 5137 1102 5209 suppleamus,
1124 5153 1238 5206 qua:
1267 5136 1448 5191 desunt
1469 5136 1593 5205 ﬁdei
1623 5147 1820 5191 vestrae.
1847 5135 1986 5191 Nihil
2017 5135 2144 5191 dicit
2171 5144 2275 5190 tam

673 5230 896 5302 dignum
924 5273 940 5295 ,
989 5229 1133 5301 quod
1164 5228 1420 5284 sufﬁcere
1455 5230 1625 5298 possit
1674 5229 1740 5283 ad
1772 5230 2277 5300 compensationem

673 5324 954 5396 acquisita:
982 5323 1172 5378 salutis
1189 5323 1450 5393 gentium.
1471 5323 1536 5376 Et
1555 5322 1811 5392 quoniam
1830 5334 2196 5392 provexerant
2218 5338 2277 5378 se

678 5418 1084 5490 perseverantia
1119 5416 1278 5482 ﬁdei,
1307 5427 1359 5471 et
1387 5425 1510 5471 actu
1538 5416 1665 5471 vita;
1689 5415 1932 5470 melioris
1965 5456 1984 5484 ,
2009 5416 2183 5486 magis
2212 5430 2276 5471 ac

678 5514 849 5584 magis
876 5511 1025 5582 cupit
1046 5525 1143 5566 eos
1162 5509 1387 5574 videre;
1411 5517 1472 5565 ut
1501 5523 1564 5565 ea
1611 5522 1735 5580 quae
1785 5506 1854 5562 ad
1879 5507 2273 5580 perfectionem

646 240 752 297 M7

750 5714 779 5743 κ
805 5699 1232 5772 Nonnulli,mss.
1248 5740 1264 5767 ,
1280 5715 1550 5772 passuros
1570 5715 1657 5754 vos
1689 5711 2007 5772 pressuram.

751 5775 779 5814 δ
812 5775 973 5842 Rom.
1006 5771 1165 5842 edit.,
1195 5783 1242 5827 et
1272 5769 1408 5830 Filii.
1423 5781 1471 5826 et
1497 5769 1730 5842 Spiritus
1761 5769 1947 5822 sancti.
2148 5795 2172 5816 ι.

677 5855 705 5926 ζ
757 5859 778 5886 ε
823 5839 984 5901 Rom.
1014 5837 1173 5911 eum,
1205 5844 1257 5896 in
1284 5858 1374 5898 nos
1401 5841 1448 5898 et
1481 5837 1746 5900 in'onmes
1767 5853 1786 5906 ;
1826 5850 1878 5895 et
1920 5847 2038 5910 post
2075 5837 2272 5910 paulo,

2271 235 2600 296 AMBROSII
2641 235 3014 296 APPENDIX.
3253 269 3262 274 ·
3769 244 3829 303 lli

2272 361 2323 420 Α
2351 354 2566 410 illorum
2592 356 2867 425 pertinent
2888 397 2903 422 ,
2935 356 3219 423 ediscant,
3255 367 3580 413 sacramenta
3606 359 3835 419 scilicetre-

2353 465 2474 506 rum
2504 449 2850 522 spiritalium,
2886 467 3006 522 qua:
3040 453 3195 507 facile
3220 451 3479 522 publicari
3504 467 3602 508 non
3622 453 3837 521 debentmt

2353 544 2561 600 scirent
2581 543 2702 614 quis
2730 553 2785 599 et
2827 560 2987 616 quam
3019 544 3320 600 immensus
3346 553 3430 600 est
3457 545 3543 599 ille
3563 586 3579 612 ,
3603 561 3734 617 quem
3752 550 3839 616 judi-

2352 653 2471 693 ccm
2501 638 2812 708 sperabant.
2847 637 3008 693 Aliud
3037 648 3124 694 est
3150 637 3305 710 ,enim
3363 638 3516 694 ﬁdem
3557 640 3784 708 accipere,
3810 654 3840 698 et

2355 732 2498 788 aliud
2525 735 2921 804 expositionem
2956 734 3080 789 ﬁdei
3113 751 3127 799 ;
3178 735 3350 790 altera
3374 734 3515 789 enim
3541 734 3777 804 diSputstin
3794 751 3841 792 est

2354 825 2421 880 de
2448 837 2636 880 natura
2661 825 2835 880 Patris
2852 868 2866 887 .
2889 821 2919 862 δ
2947 836 3001 882 et
3032 825 3174 892 Filii,
3196 835 3251 881 et
3278 825 3386 880 alia
3417 824 3484 880 de
3503 826 3842 894 personis.Pater

2355 919 2626 990 ingenitus
2657 929 2761 985 est,
2792 917 2963 974 FlliUS
2991 935 3123 976 vero
3152 919 3372 988 genitus
3398 937 3411 972 :
3454 929 3686 988 quantum
3710 919 3758 972 id
3773 935 3843 987 pet-

2355 1027 2516 1067 sonas
2541 1014 2776 1082 pertinet
2804 1054 2817 1077 ,
2865 1011 3143 1069 diversum
3173 1012 3410 1079 videtur,
3442 1027 3560 1066 cum
3586 1013 3648 1066 sit
3666 1013 3843 1068 individui

2359 1107 2537 1160 unitas
2560 1115 2770 1161 natura;
2798 1123 2812 1171 ;
2845 1107 3025 1162 unitas
3053 1107 3198 1162 cnim
3227 1121 3336 1162 non
3367 1107 3420 1160 in
3449 1120 3661 1177 persona
3686 1113 3843 1172 est,set

2359 1201 2414 1255 in
2445 1200 2748 1256 substantia
2782 1219 2794 1252 :
2825 1201 3060 1271 Spiritus
3106 1210 3284 1257 autem
3324 1212 3545 1258 sanctus
3570 1215 3666 1254 non
3696 1201 3844 1271 «legem

2358 1305 2580 1366 putetur
2607 1311 2621 1360 ;
2652 1295 2776 1366 quia
2809 1296 3004 1350 tertius
3031 1297 3269 1366 ponitur.
3301 1294 3405 1362 Qui
3435 1308 3560 1362 ergo
3597 1291 3658 1348 tle
3701 1296 3845 1348 secunda

2363 1404 2594 1460 persona
2618 1403 2723 1444 non
2756 1390 2980 1460 atnbigit
3003 1429 3018 1453 ,
3052 1388 3292 1444 admittit
3319 1398 3376 1442 et
3413 1388 3636 1442 tertiam.

2435 1483 2616 1556 (Vers.
2648 1485 2763 1552 11.)
2790 1483 2916 1556 Ipse
2935 1500 3053 1538 vero
3083 1481 3225 1538 Deus
3250 1492 3295 1538 et
3328 1480 3490 1535 Pater
3514 1489 3688 1542 noster,
3726 1489 3760 1532 et
3791 1477 3849 1532 De

2363 1576 2536 1630 minus
2557 1587 2732 1631 noster
2765 1575 2921 1631 Jesus
2960 1573 3196 1630 Christus
3241 1575 3433 1644 dirigat
3468 1574 3600 1627 viam
3624 1581 3794 1626 nostrum
3816 1581 3848 1622 at

2363 1686 2472 1725 vos.
2503 1669 2718 1739 lntegro
2745 1669 2940 1725 ordine
2971 1671 3078 1725 iter
3106 1684 3264 1723 suum
3294 1667 3510 1738 disponi
3542 1664 3850 1735 postulat,p'i-

2291 1772 2339 1832 Β
2369 1778 2514 1816 mum
2544 1777 2574 1814 a
2603 1761 2717 1816 Deo
2746 1761 2908 1816 Patre
2933 1778 2947 1826 ;
2974 1761 3095 1832 quia
3126 1760 3195 1817 ab
3218 1761 3336 1831 ipso
3366 1769 3496 1815 sunt
3523 1758 3686 1812 omnia
3709 1757 3852 1811 :deinit

2368 1869 2396 1906 a
2431 1852 2660 1907 Domino
2697 1852 2825 1908 Jesu
2871 1850 3122 1918 Christo,
3157 1867 3256 1921 per
3301 1866 3465 1921 quem
3497 1858 3617 1903 sunt
3651 1849 3852 1910 omnium

2369 1945 2545 2001 virtus
2567 1954 2727 2016 atque
2752 1945 3089 2015 providentia
3114 1943 3293 1999 Patris
3316 1952 3368 1998 et
3395 1942 3518 1998 Filii
3547 1940 3853 2006 adventumejts

2369 2037 2752 2101 commendet,
2787 2048 2841 2094 et
2871 2046 2927 2092 ut
2958 2034 3314 2108 acceptabilis
3364 2033 3460 2089 ﬁat
3503 2031 3854 2095 audientibusss,

2369 2142 2426 2187 et
2453 2129 2847 2201 impedimenta
2897 2130 3098 2186 diaboli
3147 2129 3496 2186 solverentur
3524 2126 3588 2183 ad
3624 2125 3854 2197 dirigendae

2372 2225 2476 2280 iter
2501 2225 2642 2294 ejus.

2445 2319 2628 2395 (Vers.
2662 2321 2731 2376 1‘2
2754 2362 2769 2387 ,
2803 2319 2918 2390 15.)
2954 2317 3058 2373 Vos
3079 2328 3250 2373 autem
3277 2315 3541 2372 Dominus
3567 2315 3818 2386 multiplica,
3835 2327 3858 2366 tt

2369 2417 2632 2472 abundare
2652 2415 2813 2488 faciat
2839 2413 3091 2468 charitate
3106 2414 3161 2468 in
3183 2414 3399 2468 invicem
3417 2422 3442 2450 ο
3458 2412 3511 2466 in
3529 2427 3626 2476 vos,
3641 2420 3683 2465 et
3695 2412 3858 2471 iamsi,

2369 2511 2502 2564 sicut
2529 2519 2578 2565 et
2600 2526 2692 2565 nos
2716 2510 2769 2564 in
2802 2525 2889 2563 vos
2909 2508 2978 2562 ad
2997 2505 3364 2578 conﬁrmanda
3386 2507 3550 2560 corda
3569 2515 3713 2560 vestra
3731 2504 3860 2572 ἰπφη-

2371 2602 2532 2657 hensa
2574 2603 2629 2657 in
2669 2602 3010 2657 sanctimonia
3050 2616 3230 2655 coram
3263 2599 3373 2654 Deo
3403 2608 3451 2654 et
3499 2597 3652 2652 Patre
3693 2595 3860 2650 nostrain

2370 2697 2594 2752 adventu
2619 2696 2826 2751 Domini
2848 2696 3010 2750 nostri
3029 2696 3060 2749 .l
3068 2712 3160 2750 esu
3182 2693 3376 2749 Christi
3400 2710 3520 2748 cum
3541 2693 3740 2748 omnibus
3754 2699 3860 2743 mets

2372 2792 2504 2845 suis.
2534 2791 2604 2845 Ut
2628 2789 2882 2861 gaudium
2907 2805 3096 2855 suum,
3126 2804 3233 2859 quo
3256 2787 3324 2842 de
3352 2788 3433 2843 eis
3460 2786 3671 2858 gaudet,
3695 2781 3858 2839 cumulet.

2371 2884 2624 2940 omnibus
2657 2883 2813 2938 bonis
2845 2881 3195 2952 multiplicari
3225 2880 3346 2936 illos
3377 2889 3632 2950 exoptat;
3660 2885 3706 2931 ut
3727 2875 3861 2928 veniens

2373 2978 2439 3031 ad
2465 2992 2590 3042 eos,
2622 2977 2745 3047 plus
2776 2975 3016 3032 inveniat
3044 2975 3096 3031 in
3121 2973 3223 3041 eis,
3257 2973 3403 3044 quod
3438 2972 3600 3028 laude
3627 2969 3860 3041 dignumst,

2373 3087 2537 3144 quam
2567 3086 2596 3126 a
2625 3069 2913 3127 Timotheo
2937 3067 3219 3132 audierat;
3277 3076 3332 3122 ut
3357 3059 3861 3136 irreprebensibilesirr

2296 3186 2341 3249 ρ
2373 3167 2660 3222 veniantur
2685 3181 2806 3222 cum
2832 3165 3035 3221 sanctis
3074 3164 3129 3219 in
3152 3161 3420 3218 charitate
3463 3161 3560 3217 Dei
3590 3158 3752 3221 Patris,
3781 3162 3815 3208 et
3837 3155 3861 3249 ign

2374 3261 2608 3316 adventu
2655 3259 2871 3315 Domini
2919 3259 3092 3314 nostri
3140 3257 3272 3313 Jesu
3325 3255 3564 3320 Christi,
3598 3259 3863 3318 contempera

2373 3366 2500 3410 ante
2549 3354 2786 3410 tribunal
2816 3353 2936 3424 ejus
2979 3349 3309 3408 examinatio
3352 3348 3603 3419 singulos
3646 3344 3860 3414 approbare.

2374 3448 2541 3504 Deum
2568 3458 2722 3503 vocat
2744 3457 2966 3518 propter
2981 3457 3244 3502 terrorem
3265 3443 3570 3515 majestatis
3583 3441 3712 3511 ejus:
3734 3437 3861 3492 Patren

2372 3557 2509 3598 vero
2531 3551 2756 3612 propter
2788 3539 3179 3610 benignitatem
3205 3580 3222 3602 ,
3254 3553 3359 3608 qua
3400 3535 3650 3606 dignatur
3681 3529 3862 3586 credentes

2372 3636 2476 3692 sibi
2498 3637 2760 3706 adoptare
2786 3636 2838 3692 in
2864 3635 3001 3691 ﬁlios
3028 3677 3042 3698 ,
3067 3633 3214 3706 quod
3243 3633 3297 3688 in
3329 3632 3575 3688 adventu
3609 3625 3776 3684 Domini
3806 3637 3862 3675 mt-

2376 3728 2742 3785 nifestabitur.

3002 3815 3233 3874 CAPUT
3272 3815 3363 3871 IV.

2449 3915 2630 3988 (Vers.
2658 3912 2736 3986 1.)
2769 3914 2921 3981 Quod
2949 3921 3178 3982 superest
3204 3913 3379 3978 itaque
3410 3950 3423 3973 ,
3477 3912 3656 3980 fratres
3678 3946 3690 3969 ,
3715 3910 3864 3971 rogant?!

2375 4025 2461 4063 vos
2483 4019 2528 4063 et
2553 4010 2877 4063 obsecramus
2919 4007 2973 4061 ia
2999 4005 3219 4060 Domino
3238 4002 3367 4058 Jesu
3394 4045 3410 4070 ,
3459 4013 3516 4056 ut
3553 3993 3862 4072 quemadmodts

2373 4103 2642 4175 accepistis
2682 4119 2712 4155 a
2743 4101 2892 4155 nobis
2941 4101 3161 4170 qualiter
3181 4105 3416 4164 oporteat
3456 4113 3547 4151 vos
3594 4089 3863 4147 ambularem

2375 4194 2578 4264 placere
2608 4193 2747 4258 Deo,
2778 4193 2909 4246 sicut
2937 4201 2982 4246 et
3021 4191 3299 4245 ambulatis
3325 4232 3341 4257 ,
3373 4201 3430 4243 ut
3482 4185 3726 4242 abundetis
3755 4191 3862 4244 metu

2375 4288 2489 4344 Hoc
2515 4300 2593 4344 est
2611 4329 2628 4356 ,
2657 4287 2799 4359 quod
2829 4302 2992 4358 supra
3021 4286 3156 4352 dixi,
3176 4285 3300 4356 quia
3321 4285 3486 4358 281
3512 4283 3577 4338 ad
3596 4271 3863 4337 cumulandum

2373 4382 2629 4454 gaudium
2676 4397 2832 4437 suum
2890 4396 3140 4437 crescere
3189 4379 3314 4434 illos
3365 4380 3482 4433 vult
3532 4378 3612 4447 in}
3635 4371 3759 4431 bonis
3791 4378 3862 4434 ῦικο

2375 4475 2526 4530 ribus
2556 4474 2854 4530 secundum
2883 4476 3134 4529 mandata
3162 4471 3481 4543 apostolica.

2453 4570 2636 4642 (Vers.
2661 4570 2822 4641 2-6.)
2863 4569 3023 4626 Scitis
3064 4571 3199 4624 enim
3251 4585 3366 4638 qua:
3423 4574 3668 4639 prazcepta
3719 4551 3858 4613 dedit?!

2376 4663 2515 4719 vobis
2539 4661 2941 4734 per-Dominum
2961 4672 3197 4716 nostrum
3226 4659 3424 4717 Iesum.
3459 4661 3596 4715 Nam
3623 4659 3715 4710 hac
3735 4658 3787 4706 est
3811 4661 3858 4697 ω·

2376 4759 2549 4813 luntas
2580 4755 2678 4810 Dei
2699 4755 3046 4825 sanctiﬁcatio
3067 4763 3256 4820 vestra,
3297 4749 3551 4808 abstinere
3577 4766 3656 4804 vos
3675 4763 3701 4799 a
3721 4743 3860 4834 {omitt-

2379 4854 2536 4918 tione,
2583 4863 2632 4906 et
2661 4851 2792 4904 scire
2820 4857 3488 4920 unumquemquevestrum
3513 4860 3653 4899 suum
3679 4854 3748 4894 vas
3766 4846 3862 4906 βοαί·

2379 4949 2502 5005 dere
2527 4950 2582 5002 in
2611 4948 2951 5002 sanctimonia
2973 4957 3020 5001 et
3053 4949 3278 5014 honore;
3315 4962 3420 4999 non
3441 4946 3495 4998 in
3518 4941 3728 5012 passione
3745 4925 3862 5022 όιέἱέέ·

2384 5043 2472 5106 rii,
2518 5042 2648 5096 sicut
2671 5051 2717 5095 et
2746 5050 2921 5111 gentes
2965 5055 3081 5106 quae
3119 5040 3364 5109 ignorant
3390 5035 3554 5090 Deum
3583 5031 3861 5088 :etutttti‘i‘

2385 5133 2830 5205 supergrediatur,
2887 5148 3049 5202 neque
3068 5130 3438 5184 circumveniat
3467 5129 3519 5182 in
3537 5121 3712 5197 negotio
3733 5121 3859 5188 frmi“

2385 5243 2536 5282 suum
2560 5245 2578 5292 ;
2607 5226 2851 5296 quoniam
2897 5223 3087 5279 vindex
3129 5234 3203 5278 est
3245 5221 3499 5276 Dominus
3521 5220 3579 5274 de
3609 5217 3676 5271 his
3699 5205 3860 5268 omnim

2384 5323 2513 5376 sicut
2543 5330 2588 5374 et
2618 5320 2953 5390 prrrdiximus
2979 5319 3138 5386 vobis,
3172 5326 3217 5372 et
3249 5316 3510 5387 testiﬁcati
3537 5325 3712 5368 sumas.
3745 5302 3863 5368 0⁸³⁸³³

2385 5417 2470 5470 vis
2499 5413 2683 5470 laudet
2704 5427 2800 5468 eos
2826 5414 2880 5466 in
2906 5420 3016 5466 tota
3041 5411 3293 5482 epistola,
3343 5417 3526 5463 tamen
3570 5397 3861 5462 comtttotlel“c

2379 5508 2558 5579 aliqua
2610 5505 2964 5576 subreptione
2994 5501 3060 5558 ad
3091 5501 3274 5558 illicita
3313 5500 3655 5558 deducantur,
3701 5497 3742 5544 et
3757 5484 3862 5538 incut-

2300 4567 2354 4628 D

2393 5692 2552 5760 corda
2574 5701 2741 5778 vestra
2758 5686 3269 5778 irreprehensibiliai
3292 5696 3410 5778 Ῡξίοι
3423 5685 3551 5778 ﬁdi"
3570 5669 3859 5778 $233533:

2395 5745 2889 5836 admittiqudé
2934 5745 2993 5819 in
3045 5775 3174 5818 mss.
3224 5745 3541 5830 quibusdam
3570 5745 3821 5819 legitur.”f

2391 5846 2584 5890 Ηοδυίἵ.
