3970 6316
52 299 145 355 119

631 293 1134 354 COMMENTARIA
1173 293 1240 354 IN
1280 296 1499 356 EPIST.
1541 293 1635 355 AD
1673 298 2371 365 TllESSALONlCENSES
2417 304 2706 368 PRIMAM.

3213 318 3323 376 450

48 408 477 475 rantvimlictam,
509 423 668 480 quam
691 410 942 466 ultricem
971 412 1236 468 malorum
1259 412 1568 469 didicerunt
1598 433 1611 469 :
1643 419 1694 478 Α
1721 415 1982 468 tristitiam
2013 417 2248 472 haberem
2281 419 2507 494 (Philip.
2534 439 2593 490 ιι,
2622 422 2738 496 27).
2774 423 2883 482 Sed
2920 424 3035 498 jam
3067 443 3169 486 suo
3199 430 3322 489 loco

45 505 262 559 scientes
291 501 390 556 hoc
417 501 526 557 Deo
571 502 810 571 placere,
835 505 881 558 si
903 519 1134 576 corpora
1162 520 1258 561 sua
1290 505 1615 562 incontami-

45 605 158 650 nata
211 594 530 660 cuStodiant,
577 595 671 650 sed
717 604 772 650 et
820 611 941 652 cum
990 597 1245 655 ftatribns
1289 600 1614 670 simplicnter

43 697 225 760 agant;
248 704 314 744 ne
344 689 815 761 similesgentibus
837 692 1065 762 inventi,
1110 694 1416 766 adoptionis
1439 696 1612 751 nomi-

43 797 104 837 ne
123 781 452 838 abdicentur.

109 895 278 965 (Vers.
295 895 348 960 7,
369 895 445 965 8.)
471 895 590 951 Non
617 898 751 952 enim
770 901 966 953 vocavit
987 917 1079 955 nos
1091 899 1234 958 Deus
1256 903 1309 958 in
1331 904 1611 960 immundi-

39 991 167 1055 tiam,
200 989 288 1043 sed
307 990 360 1043 in
380 991 791 1045 sanctimoniam.
814 993 1141 1067 Quapropter
1157 997 1243 1065 qui
1262 998 1454 1068 spernit
1477 997 1609 1065 hare,

41 1101 129 1138 non
159 1083 409 1138 hominem
445 1087 659 1155 spernit,
718 1087 809 1141 sed
839 1087 1026 1156 Deum,
1058 1089 1148 1159 qui
1179 1089 1323 1144 dedit
1351 1090 1611 1160 Spiritum

39 1185 250 1230 sanctum
277 1178 332 1230 in
363 1175 526 1231 nobis.
561 1177 633 1234 Ut
655 1177 847 1234 fortius
871 1181 1137 1252 astringat
1163 1183 1228 1237 ad
1258 1200 1340 1247 ea,
1374 1199 1496 1255 qua:
1515 1185 1613 1240 do-

38 1279 132 1335 cet,
163 1278 187 1306 ιι
213 1269 306 1325 Dei
341 1270 634 1340 interponit
655 1287 969 1342 personam,
999 1275 1186 1331 dicens
1221 1296 1232 1330 :
1268 1276 1392 1332 Non
1441 1278 1613 1334 homi-

37 1379 137 1416 nem
162 1364 368 1432 spernit,
398 1364 484 1432 qui
512 1365 741 1434 prwterit
772 1378 1033 1438 pra'cepta
1052 1409 1066 1433 ,
1100 1369 1190 1422 sed
1217 1367 1405 1424 Deum.
1435 1370 1608 1439 Quem

38 1455 146 1509 ideo
171 1455 298 1510 dicit
323 1455 589 1526 Spiritum
608 1466 853 1514 sanctum
880 1459 1036 1515 nobis
1061 1461 1298 1528 dedisse,
1328 1474 1386 1518 ut
1426 1475 1613 1522 sancte

33 1551 286 1617 vivamus;
313 1550 432 1621 quia
462 1550 516 1605 in
546 1567 783 1622 corpore
805 1553 1027 1610 subdito
1059 1558 1302 1625 peccatis
1332 1574 1438 1614 non
1461 1559 1610 1616 habi-

37 1651 101 1694 tat
130 1641 355 1712 Spiritus
382 1654 602 1699 sanctus
632 1645 788 1717 (Sap.
817 1662 856 1714 ι,
887 1647 967 1717 4).

96 1757 264 1829 (Vers.
305 1757 358 1824 9,
387 1759 499 1828 l0.)
539 1757 618 1814 De
642 1759 915 1827 a/fectione
933 1774 1102 1817 autem
1129 1766 1473 1833 fraternitatis
1505 1784 1610 1822 non

1716 508 1956 563 solutum
1989 521 2096 564 est.

1789 602 1970 672 (Vers.
1998 605 2212 678 14-17.)
2237 606 2353 664 Hoc
2379 611 2514 665 enim
2544 613 2684 670 vobis
2715 615 2936 675 dicimus
2966 621 3019 674 in
3042 625 3191 678 verbo
3209 623 3320 678 llo-

1716 696 1862 764 mini,
1896 701 2016 770 quia
2046 717 2142 755 nos
2166 703 2256 773 qui
2287 704 2520 772 vivimus,
2552 708 2641 779 qui
2666 709 3121 771 subrelictisumus
3145 718 3196 772 in
3226 719 3322 771 atl-

1715 796 1921 845 ventum
1950 791 2179 862 Domini,
2213 810 2316 849 non
2345 799 2714 867 praveniemus
2753 818 2840 856 eos
2867 806 2955 875 qui
2976 805 3320 865 dormierunt.

1718 881 1972 949 Quoniam
2003 885 2113 958 ipse
2143 884 2402 944 Dominus
2426 890 2483 944 in
2496 891 2672 960 jussu,
2731 904 2779 948 et
2824 912 2943 951 voce
2983 897 3319 973 Archangeli,

1713 985 1764 1030 et
1785 977 1905 1031 tuba
1928 977 2025 1033 Dei
2056 981 2325 1037 descendet
2349 985 2412 1039 de
2433 986 2580 1053 caelo,
2604 999 2651 1042 et
2672 989 2728 1042 hi
2754 993 2840 1057 qui
2866 993 2919 1047 in
2949 993 3152 1052 Christo
3183 1016 3322 1054 utor-

1713 1072 1789 1124 tui
1814 1082 1952 1137 sunt,
1983 1086 2248 1147 resurgent
2279 1079 2437 1148 primi
2465 1095 2485 1134 :
2506 1079 2692 1137 deinde
2717 1100 2812 1140 nos
2840 1089 2926 1154 qui
2955 1090 3188 1160 vivimus,
3229 1094 3323 1166 qui

1712 1165 2068 1236 relinquimur,
2098 1186 2202 1224 una
2230 1188 2346 1226 cunt
2374 1173 2478 1230 illis
2500 1178 2765 1248 rapiemur
2790 1181 2845 1235 in
2868 1182 3086 1242 nubibus
3112 1187 3318 1244 obviam

1715 1257 1943 1315 Domino
1969 1263 2022 1316 in
2046 1280 2169 1318 aera
2195 1306 2212 1333 ,
2239 1276 2289 1320 et
2315 1267 2390 1322 sic
2421 1286 2623 1339 semper
2656 1289 2774 1327 cum
2825 1272 3054 1333 Domino
3104 1283 3319 1338 erimus.

1718 1354 1890 1420 Quare
1932 1361 2272 1416 consolamini
2299 1380 2384 1417 vos
2423 1365 2638 1421 invicem
2677 1369 2731 1422 in
2780 1369 2860 1424 his
2906 1373 3090 1428 verbis.
3141 1375 3319 1434 Sensu

1715 1448 1926 1505 Domini
1950 1452 2096 1522 loqui
2127 1470 2188 1510 se
2219 1458 2526 1527 proﬁtetur,
2555 1475 2680 1516 cum
2705 1461 2836 1518 dicit
2870 1483 2884 1519 :
2920 1463 3036 1521 Hoc
3072 1468 3217 1525 vobis
3239 1470 3323 1526 tli-

1713 1543 1877 1598 cimus
1921 1545 1975 1600 in
1998 1547 2150 1603 verbo
2179 1549 2409 1610 Domini.
2440 1549 2465 1589 ἀ
2495 1553 2563 1610 Ut
2592 1556 2738 1611 enim
2770 1556 2930 1613 ﬁdam
2958 1575 3113 1630 spem
3144 1571 3201 1619 et
3231 1581 3324 1622 ra-

1717 1647 1825 1692 tam
1849 1640 2075 1708 gloriatn
2100 1647 2521 1703 resurrectionis
2546 1650 2751 1706 sanctis
2776 1654 3058 1722 promissa
3088 1657 3323 1715 demon-

1714 1736 1872 1794 stret,
1904 1730 2152 1788 ordinem
2184 1736 2388 1806 ipsum,
2420 1741 2698 1810 quomodo
2721 1742 2897 1799 futura
2930 1745 3024 1813 sit,
3072 1752 3323 1820 exponit,

35 1823 256 1904 habemus
279 1823 634 1907 necessitatem
659 1823 918 1908 scribendi
949 1855 1087 1910 vobis
1111 1823 1256 1924 ;'ipsi
1279 1859 1416 1912 enim
1441 1876 1472 1912 a
1498 1858 1612 1915 Deo
1640 1824 1687 1885 Β
1716 1832 1850 1923 {mm
1903 1823 2106 1924 indicis
2149 1826 2384 1924 .Chrisu’
2435 1845 2628 1889 sane“)
2673 1835 2876 1906 Spiritu
2912 1839 3229 1911 inlimame;
3261 1853 3330 1902 ω’

33 1944 179 1997 edocti
222 1945 358 2008 estis,
383 1946 451 1999 ad
480 1947 576 2000 hoc
601 1956 656 2000 ut
684 1964 770 2001 vos
794 1948 1005 2002 invicem
1035 1950 1271 2024 diligatis
1303 1951 1484 2022 (Joun.
1519 1971 1609 2021 xv,

37 2035 134 2105 17).
166 2034 298 2089 Nam
327 2046 376 2091 et
402 2038 498 2091 hoc
522 2039 700 2105 facitis
727 2043 778 2093 in
801 2057 975 2095 omnes
990 2041 1180 2109 fratres
1203 2061 1294 2114 per
1319 2047 1612 2101 universam

35 2128 392 2184 Macedoniam.
446 2131 622 2187 Etiam
673 2132 776 2188 hoc
825 2149 946 2189 cum
1002 2137 1187 2192 facere
1236 2137 1357 2193 illos
1404 2139 1608 2208 laudat,

35 2233 321 2278 eonunonct
350 2230 532 2279 tamen
552 2235 606 2279 ut
636 2227 963 2296 propensius
991 2228 1042 2284 id
1066 2239 1266 2299 agant;
1297 2245 1434 2300 quos
1463 2232 1608 2288 enim

31 2316 87 2369 ab
112 2317 220 2387 ipso
252 2317 365 2373 Deo
387 2318 578 2373 doctos
605 2319 759 2383 dicit,
788 2323 1151 2392 promptiores
1177 2340 1300 2382 esse
1324 2326 1525 2382 debere
1555 2329 1610 2383 in

30 2407 250 2463 fraterna
275 2410 572 2468 dilectione
611 2413 902 2484 significat.
949 2416 1183 2488 Propter
1210 2421 1434 2475 multam
1464 2422 1608 2477 enim

29 2503 324 2560 charitatem
359 2506 505 2562 Deus
555 2507 815 2565 misertus
859 2517 944 2565 est
981 2513 1178 2576 nostri,
1232 2514 1384 2584 cujus
1433 2515 1610 2570 imita-

31 2604 156 2651 tores
206 2598 404 2665 eﬁeeti,
459 2616 568 2655 non
600 2601 877 2657 immerito
902 2604 1188 2674 adOptatos
1219 2622 1316 2662 nos
1367 2608 1610 2665 ostendi-

29 2705 129 2743 mus
152 2706 176 2742 a
213 2690 319 2747 Deo
343 2691 397 2746 in
431 2692 593 2749 ﬁlios.

88 2805 255 2875 (Vt-rs.
293 2809 407 2878 11.)
455 2808 742 2865 Hortamur
773 2822 942 2868 autent
973 2829 1082 2880 vos,
1100 2814 1314 2885 fratres,
1342 2815 1608 2874 abundare

27 2901 197 2970 magis;
221 2909 265 2954 et
287 2903 414 2956 eniti
442 2903 720 2972 quiescere,
747 2915 795 2959 et
823 2915 1045 2960 vestrum
1069 2907 1326 2977 negotium
1357 2925 1529 2979 agere,
1557 2919 1608 2966 et

27 2995 204 3064 aperari
247 2997 487 3052 manibus
537 2997 741 3065 vestris,
791 2999 921 3052 sicut
968 3000 1110 3053 vobis
1143 3002 1518 3072 praecepimus;
1551 3012 1607 3056 ut

27 3083 209 3141 honeste
251 3089 524 3145 ambuletis
555 3091 625 3144 ad
652 3107 737 3145 eos
765 3093 854 3162 qui
883 3093 1012 3163 foris
1044 3102 1184 3160 sunt,
1215 3104 1260 3148 et
1290 3096 1485 3149 nullius
1514 3096 1604 3150 tle-

25 3183 246 3239 siderium
275 3188 339 3240 sit
368 3187 424 3240 in
445 3185 606 3242 vobis.
629 3186 831 3242 lterum
859 3187 1050 3244 eadem
1077 3189 1346 3256 hortatur,
1382 3200 1440 3245 ut
1479 3191 1601 3247 data
1631 3221 1676 3282 ρ
1709 3183 1957 3290 angam.“
1989 3223 2040 3276 in
2074 3223 2291 3282 ﬂamma
2312 3183 2482 3299 8pm;

26 3292 169 3348 opera
217 3281 497 3337 abundent
553 3282 710 3338 bonis
738 3284 990 3350 actibus;
1023 3294 1080 3338 ut
1111 3285 1257 3339 enim
1282 3283 1310 3323 ιδ
1336 3285 1606 3357 signiﬁcet

26 3390 136 3432 vere
163 3376 259 3433 hoc
283 3395 431 3446 esse,
454 3380 597 3452 quod
633 3381 810 3451 placet
851 3381 985 3448 Deo,
1012 3381 1328 3453 frequenter
1354 3383 1458 3440 hoc
1488 3399 1608 3439 mo-

29 3478 123 3523 net.
151 3469 378 3528 Iustitia:
403 3473 549 3528 enim
580 3476 662 3528 via
695 3475 931 3531 tenenda
961 3486 1072 3543 est,
1103 3486 1160 3531 ut
1189 3476 1257 3532 ad
1287 3479 1604 3535 misericor-

25 3560 283 3632 diamjure
313 3567 614 3632 veniatur;
651 3578 708 3623 ut
745 3570 832 3640 qui
857 3583 982 3625 sunt
1008 3570 1299 3628 inferiores
1348 3573 1606 3628 substan-

25 3656 105 3722 tia,
138 3661 385 3716 manibus
417 3661 706 3723 laborent;
736 3671 792 3718 ut
820 3663 939 3733 ipsa
962 3664 1268 3720 intentione
1293 3664 1554 3721 tollantur
1576 3683 1604 3724 ει

24 3749 210 3819 vulgari
260 3753 657 3825 inquietudine,
703 3765 756 3810 et
791 3771 952 3826 prava
1007 3757 1374 3825 cogitatione,
1409 3767 1463 3812 ut
1495 3759 1607 3814 dis-

23 3840 200 3910 ciplina
229 3861 420 3901 eorum
449 3847 614 3902 etiam
642 3848 710 3903 ab
737 3847 1047 3904 inﬁdelibus
1075 3849 1346 3919 laudetur,
1395 3861 1450 3908 et
1484 3869 1609 3924 pro-

23 3936 178 3990 vocari
211 3937 272 3991 ad
308 3937 472 3994 ﬁdem
502 3939 732 4010 possint.

83 4051 252 4120 (Vers.
283 4055 375 4120 12,
407 4054 519 4125 15.)
569 4054 827 4110 Nolumus
885 4065 1052 4111 autent
1094 4074 1178 4112 vos
1208 4058 1469 4128 ignorare,
1495 4061 1608 4130 fra-

23 4150 130 4208 tres,
151 4145 211 4199 de
236 4147 301 4202 iis
323 4148 412 4217 qui
441 4147 751 4214 dormiunt;
782 4159 805 4187 ο
836 4165 899 4203 ne
941 4151 1333 4216 contristemini,
1385 4151 1514 4206 sicut
1560 4162 1607 4206 et

20 4235 170 4288 ceteri
192 4239 279 4308 qui
311 4255 454 4310 spem
483 4255 584 4294 non
603 4239 808 4294 habent.
841 4238 980 4295 Nam
1001 4241 1046 4296 si
1070 4241 1328 4297 credimus
1355 4243 1492 4314 quod
1511 4242 1606 4299 Je-

21 4339 97 4378 sus
118 4338 339 4384 mortuus
368 4341 442 4384 est
473 4341 521 4386 et
551 4332 853 4398 resurrexit,
875 4333 950 4387 sic
974 4343 1019 4387 et
1042 4332 1181 4388 Deus
1209 4335 1352 4404 illos,
1376 4337 1466 4406 qui
1486 4336 1605 4391 dor-

22 4420 218 4477 mierunt
246 4442 337 4492 per
363 4425 544 4481 Jesum
573 4426 797 4482 adducet
822 4444 941 4480 cum
969 4444 1048 4482 eo.
1102 4427 1385 4485 Manifesta
1407 4438 1492 4485 est
1519 4447 1604 4486 ra-

23 4513 104 4579 tio,
137 4519 254 4587 qnia
285 4520 332 4575 si
373 4521 707 4577 resurrectio
736 4522 978 4577 creditur
1002 4531 1350 4580 mortuorum
1399 4525 1602 4592 futura,

1713 1912 1830 1985 ipsa
1863 1930 1960 1986 spe
1989 1920 2077 1988 qui
2112 1919 2309 1977 charos
2338 1939 2467 1980 suos
2493 1929 2897 1997 prmmiserunt,
2929 1949 3036 1990 non
3068 1935 3317 2008 doleant,

1712 2005 2059 2066 addiscentes
2114 2013 2236 2083 quia
2271 2015 2323 2070 in
2348 2017 2583 2075 adventu
2609 2021 2822 2078 Domini
2872 2026 3085 2094 priores
3137 2045 3325 2085 resur-

1711 2108 1864 2168 gent,
1892 2100 1985 2171 qui
2013 2103 2064 2156 in
2097 2102 2316 2161 Christo
2346 2111 2674 2169 moriuntur.
2708 2113 2830 2184 lpse
2878 2118 3023 2172 enim
3073 2117 3324 2178 Christus

1718 2190 1978 2248 Dominus
2020 2196 2301 2255 voluntate
2345 2200 2546 2270 Patris,
2578 2215 2601 2239 ε
2629 2208 2781 2275 quasi
2832 2210 3041 2279 primus
3090 2213 3322 2284 angelus

1713 2285 1780 2340 de
1809 2290 2055 2343 exercitu
2089 2293 2251 2366 282
2281 2296 2517 2362 etelesti,
2569 2300 2706 2356 sicut
2754 2304 3065 2362 continetur
3095 2310 3148 2364 in
3175 2309 3326 2381 Apo-

1711 2378 1915 2450 Calypsi
1944 2379 2171 2440 Joannis
2223 2389 2455 2458 apostoli
2486 2390 2673 2462 (Apoc.
2725 2409 2837 2461 xu,
2873 2395 2902 2449 7
2940 2408 2990 2451 et
3020 2401 3179 2472 seq.),
3224 2378 3323 2460 de-

1711 2475 1938 2530 scendet
1979 2474 2048 2531 de
2086 2477 2224 2534 coelo
2263 2481 2329 2534 ad
2373 2483 2674 2552 gerendum
2722 2487 2926 2543 bellum
2957 2496 3178 2549 nomine
3223 2494 3322 2552 Dei

1711 2577 1900 2622 contra
1951 2571 2353 2629 antichristum.
2407 2577 2526 2644 Quo
2554 2581 2850 2652 exstincto,
2877 2584 3038 2655 jussu
3087 2587 3205 2658 ejus
3232 2604 3324 2646 re-

1710 2671 1932 2730 surgent
1956 2666 2179 2720 mortui.
2211 2665 2324 2724 Hoc
2350 2679 2434 2725 est
2453 2686 2588 2742 ergo
2611 2673 2664 2728 in
2687 2675 2812 2731 tuba
2830 2676 2922 2732 Dei
2957 2677 3321 2747 descendere,

1711 2753 1932 2808 nomine
1964 2755 2060 2810 Dei
2088 2756 2292 2814 bellum
2325 2777 2555 2831 gerere;
2611 2777 2697 2823 est
2735 2770 2903 2842 enim,
2957 2781 3013 2826 ut
3044 2771 3159 2841 ipse
3186 2773 3325 2831 dixit

1709 2844 1775 2899 ad
1799 2844 1984 2902 Jesutn
2017 2849 2190 2906 ﬁlium
2227 2852 2375 2910 Nave
2405 2855 2593 2927 (Josue
2615 2875 2668 2926 v,
2701 2861 2813 2932 14),
2845 2863 2955 2919 dux
2983 2875 3036 2921 et
3065 2867 3323 2941 princeps

1709 2942 1984 2995 exercitus
2009 2941 2247 3008 Domini,
2276 2960 2500 3016 promer
2521 2952 2668 3022 quod
2699 2956 3063 3028 arcltangelus
3092 2960 3320 3020 dicitur.

1708 3028 1840 3084 Cum
1871 3043 2052 3090 autem
2080 3034 2132 3090 in
2165 3038 2292 3094 tuba
2347 3040 2442 3096 Dei
2475 3041 2794 3115 descendet,
2846 3047 2986 3106 Deus
3012 3061 3136 3119 est;
3191 3055 3323 3126 quia

1711 3136 1998 3198 utrumque
2030 3132 2312 3188 continent
2331 3133 2650 3207 Scriptura},
2669 3141 2812 3197 sicut
2841 3142 2892 3197 in
2918 3143 3132 3212 Exodo,
3155 3163 3321 3218 quem

2487 3231 2633 3289 uisse
2660 3233 2828 3306 Moysi
2860 3236 3111 3308 legimus,
3135 3243 3322 3300 statim

1711 3309 1889 3381 ipsum
1941 3314 1994 3368 in
2045 3317 2309 3387 subjecﬁs
2340 3336 2461 3378 esse
2491 3323 2662 3380 Deum
2719 3331 3090 3399 agnoscimus,
3124 3332 3178 3388 id
3206 3345 3319 3405 est,

1712 3404 1906 3462 Filium
1949 3410 2066 3477 Dci,
2099 3412 2317 3470 dicente
2367 3416 2555 3474 eadem
2587 3418 2870 3492 Scriptura
2905 3441 2918 3479 :
2950 3424 3019 3480 Et
3048 3430 3320 3500 accedens,

1712 3498 1911 3571 inquit,
1946 3501 2155 3575 Moyses
2185 3508 2368 3561 avertit
2397 3526 2480 3577 se;
2512 3513 2632 3580 quia
2660 3529 2761 3568 non
2795 3517 2962 3584 potuit
2988 3498 3323 3578 considerare

1710 3592 1763 3645 in
1789 3596 1977 3664 [aciem
2003 3595 2102 3651 Dei
2131 3598 2331 3669 (Exod.
2364 3617 2444 3671 ιιι,
2476 3603 2554 3674 6).
2590 3606 2731 3662 Deus
2759 3621 2892 3681 ergo
2916 3619 3021 3677 est,
3063 3611 3188 3682 quia
3217 3613 3317 3670 Fi-

1710 3685 1812 3742 lius
1840 3690 1933 3745 Dei
1961 3707 2119 3748 verus
2149 3704 2234 3749 est
2259 3695 2401 3751 Deus
2435 3715 2447 3751 :
2477 3697 2585 3754 dux
2599 3712 2784 3758 autem
2807 3713 2861 3760 et
2881 3705 3134 3778 princeps
3165 3707 3318 3778 ideo,

1710 3781 1833 3853 quia
1866 3797 2028 3857 caput
2059 3789 2304 3845 omnium
2334 3801 2418 3848 est
2443 3810 2455 3858 ;
2484 3795 2612 3866 quia
2642 3813 2740 3868 per
2764 3798 2940 3870 ipsum
2974 3803 3178 3858 omnia.
3207 3803 3317 3860 Re-

1708 3879 2058 3948 surgentibus
2090 3897 2220 3954 crgo
2247 3885 2459 3955 primis,
2485 3888 2575 3958 qui
2605 3888 2658 3943 in
2691 3887 2912 3948 Christo
2939 3892 3142 3950 mortui
3167 3905 3317 3964 sunt,

1709 3969 1906 4028 deinde
1939 3989 2039 4031 nos
2066 3977 2155 4048 qui
2187 3978 2442 4048 vivimus,
2475 3983 2755 4054 rapiemur
2780 4002 2882 4042 una
2928 4003 3050 4044 cum
3081 3989 3190 4045 illis
3220 3989 3317 4046 ba-

1703 4065 1835 4137 julis
1861 4068 2094 4126 nubibus
2124 4072 2340 4128 obviam
2364 4072 2582 4132 Christo
2613 4077 2665 4133 in
2687 4093 2849 4147 aera;
2885 4088 2942 4135 ut
2967 4096 3092 4138 cum
3122 4081 3312 4141 Domi-

1710 4162 1996 4229 uo_'omnes
2022 4166 2241 4221 veniant
2264 4167 2330 4221 ad
2356 4169 2623 4238 praelium,
2655 4180 2710 4228 et
2731 4188 2866 4243 quos
2893 4173 3191 4245 occiderat,
3221 4177 3308 4234 vi-

1709 4254 1833 4309 deat
1863 4255 2013 4312 vivos
2039 4273 2054 4325 ;
2081 4259 2207 4330 quia
2238 4258 2375 4315 sicut
2406 4261 2637 4320 Domino
2664 4265 2938 4323 famulata:
2960 4277 3083 4326 sunt
3114 4271 3314 4342 nubes,

1708 4346 1780 4400 ita
1804 4359 1857 4403 et
1886 4347 1971 4402 his
1996 4365 2136 4421 quos
2167 4351 2368 4409 fratres
2396 4369 2526 4411 suos
2571 4356 2827 4430 dignatus
2878 4369 2964 4418 est
3012 4364 3316 4436 appellare.

1711 4439 1779 4496 Et
1806 4443 1880 4496 sic
1909 4460 2108 4515 semper
2133 4463 2250 4500 cum
2277 4446 2504 4504 Domino
2525 4451 2756 4521 erimus;
2778 4453 2832 4509 in
2858 4455 2975 4527 ipso
2987 4457 3132 4513 enim
3156 4469 3315 4532 raptu

1709 4547 1856 4587 mors
1911 4536 2196 4604 proveniet
2222 4549 2277 4593 et
2314 4541 2469 4610 quasi
2520 4557 2616 4612 per
2664 4557 2961 4616 soporem,
2994 4557 3052 4604 ut
3087 4565 3314 4622 egressa

21 4620 112 4661 non
141 4621 262 4665 sunt
287 4612 533 4683 lugendi,
564 4612 657 4684 qui
690 4629 813 4669 cum
842 4615 997 4684 signo
1025 4616 1205 4671 crucis
1234 4625 1456 4674 exeunt.
1491 4617 1601 4674 Lu-
1629 4621 1678 4682 D
1703 4625 1885 4680 anima
1919 4626 1970 4682 in
2003 4641 2284 4686 momento
2310 4632 2594 4691 reddatur.
2650 4634 2784 4692 Cum
2823 4641 2968 4696 enim
3027 4643 3317 4718 tollentur,

19 4702 158 4766 gendi
180 4715 357 4760 autem
389 4722 519 4763 vere
549 4716 678 4763 sunt
708 4707 977 4776 inﬁdeles,
1021 4710 1111 4780 qui
1142 4709 1270 4768 hinc
1319 4720 1605 4769 transeunt
1702 4718 2001 4774 morientur
2030 4737 2043 4787 ;
2071 4730 2128 4776 ut
2155 4726 2540 4794 pervenientes
2568 4728 2635 4784 ad
2670 4729 2982 4803 Dominum,
3013 4739 3312 4806 praesentia

20 4793 64 4848 in
89 4797 390 4866 gehennam
417 4818 431 4866 ;
463 4812 519 4856 ut
545 4801 792 4858 ediscant
813 4816 1002 4857 verum
1033 4817 1174 4871 esse,
1204 4804 1348 4876 quod
1375 4805 1602 4863 credere
1702 4812 1912 4869 Domini
1948 4817 2220 4888 recipiant
2248 4821 2640 4893 animas;quia
2667 4841 2790 4881 eum
2821 4827 2930 4885 Deo
2957 4832 3156 4888 mortui
3187 4847 3316 4892 esse

21 4887 310 4947 noluerunt.
370 4892 589 4950 Fideles
633 4902 814 4951 autem
848 4905 1136 4966 resurgent
1162 4896 1229 4952 ad
1255 4897 1508 4968 gloriam,
1543 4909 1605 4954 ut
1700 4921 1810 4960 non
1857 4916 2106 4977 possunt.
2141 4907 2326 4981 Itaque
2379 4915 2722 4971 consolamini
2743 4934 2831 4974 vos
2858 4920 3076 4978 invicem
3124 4924 3180 4978 in
3230 4925 3313 4980 his

18 4981 172 5049 quiin
201 4988 399 5042 sarculo
430 4986 579 5042 stulti
608 4987 776 5043 habiti
823 4997 950 5044 sunt
996 4997 1222 5060 propter
1272 4990 1456 5058 ﬁdem,
1520 4993 1603 5048 vi-

19 5072 232 5134 deantur
263 5082 598 5150 prudentes;
633 5083 988 5154 providerunt
1021 5085 1162 5140 enim
1212 5086 1314 5144 sibi
1344 5088 1596 5158 gloriam.

21 5165 76 5220 Hi
104 5180 225 5226 sunt
257 5174 348 5244 qui
382 5190 479 5245 per
503 5173 715 5242 Jesum,
750 5177 799 5232 id
830 5186 934 5244 est,
965 5177 1068 5234 sub
1111 5193 1210 5249 spe
1263 5179 1389 5236 ﬁdei
1435 5181 1599 5253 hujus

21 5273 281 5332 exeuntes,
311 5266 648 5324 adducentur
668 5285 789 5325 cum
813 5285 880 5326 eo
910 5270 962 5326 in
991 5270 1227 5328 adventu
1259 5273 1413 5342 ejus;
1442 5285 1498 5329 ut
1532 5276 1600 5332 ab

22 5347 310 5412 hominibus
360 5359 659 5417 videantur.
696 5359 833 5418 Cum
864 5371 1042 5420 tamen
1074 5364 1194 5435 ipse
1231 5364 1474 5422 defuncti
1502 5383 1599 5423 ex-

21 5453 215 5501 cessum
268 5448 555 5520 lugendum
611 5453 929 5524 prohibeat,
995 5456 1112 5527 ipse
1159 5456 1286 5514 alibi
1313 5455 1484 5514 dicit:
1516 5457 1601 5515 Ne

87 5635 109 5664 ⁸
145 5627 318 5687 Codex
356 5634 546 5701 Laud.,
579 5635 676 5694 Dei
703 5639 836 5695 inter
876 5640 986 5694 onit
1023 5641 1334 5698 doctrinam.

87 5698 111 5734 δ
141 5700 278 5781 Idem
306 5705 428 5760 cod.
456 5707 651 5775 Laud.,
679 5657 960 5781 signi/goat,
996 5723 1044 5768 et
1072 5729 1182 5771 vere
1204 5714 1300 5772 hoc
1331 5746 1334 5769 ι

86 5698 111 5734 δ
141 5700 278 5787 Ιᾴεφ
306 5705 428 5760 cod.
456 5698 651 5775 Laud.,
679 5698 960 5782 significat,
996 5723 1044 5768 et
1072 5729 1182 5771 vere
1204 5714 1300 5772 hoc
1331 5725 1427 5781 est,
1456 5717 1596 5787 quod

29 5770 183 5838 placet
211 5771 344 5830 Deo.

98 5853 119 5883 ε
158 5843 314 5903 Rom.
336 5847 465 5906 edit.
476 5890 492 5920 ,
516 5859 569 5906 ut
599 5869 700 5909 non
728 5853 839 5910 sitis
861 5855 1045 5914 tristes.

1699 4997 1886 5054 verbis.
1939 5001 2048 5057 Hac
2088 5018 2188 5075 spe
2217 5007 2488 5064 consolari
2518 5023 2578 5066 se
2605 5007 2836 5068 invicem
2861 5014 3018 5085 jubet
3066 5032 3186 5084 eos,
3216 5019 3310 5088 qui

1702 5091 1879 5149 adhuc
1907 5109 2062 5152 more
2079 5098 2271 5168 gentili
2291 5099 2584 5159 charorum
2603 5119 2824 5164 suorum
2844 5121 3129 5165 excessum
3154 5117 3312 5180 puta-

1709 5181 1840 5239 bant
1867 5185 2180 5258 lugendum.

2338 5331 2567 5393 CAPUT
2605 5335 2672 5392 ν.

1779 5460 1958 5536 (Vers.
1996 5465 2048 5535 l,
2079 5465 2135 5539 2,
2161 5467 2244 5540 5.)
2285 5469 2362 5526 De
2389 5472 2705 5545 temporibus
2734 5482 2909 5530 autem
2934 5483 2986 5531 et
3013 5480 3307 5554 momentis,

1778 5648 1803 5686 ἀ
1843 5648 1971 5730 ﬁse.
1994 5651 2220 5724 aliquot,
2255 5655 2326 5711 Ut
2355 5655 2495 5730 enim
2521 5655 2701 5726 ﬁdem,
2723 5674 2892 5730 spem,
2923 5670 3029 5720 etc.

1782 5732 1804 5849 ἲ
1847 5723 1989 5805 Edit.
2019 5723 2149 5779 mss.
2186 5727 2450 5792 nonnulli,
2499 5723 2722 5800 Angelus
2754 5723 2887 5789 'Dei'
2912 5750 3030 5792 cum
3077 5743 3305 5804 exercitu

1803 5804 1920 5849 esti.

1707 5804 1920 5850 ccetestt.
