4006 6320
648 301 749 372 tsi

639 534 716 582 ter
740 525 904 592 scitis,
933 526 1055 595 quia
1101 525 1210 580 dies
1241 523 1474 594 Domini,
1511 536 1567 581 ut
1596 531 1683 598 fur
1710 538 1890 594 noctu,
1951 527 2024 582 ita
2060 526 2245 582 veniet.

643 616 772 673 Cum
800 618 936 672 enim
962 625 988 655 α
1017 618 1246 672 dixerint
1279 634 1297 672 :
1333 615 1466 685 Pam,
1497 630 1544 674 et
1572 620 1844 688 securitas,
1876 629 1997 675 tunc
2025 621 2250 691 repenti-

643 727 740 765 nus
769 711 840 766 eis
869 711 1189 782 superveniet
1214 712 1473 781 interitus,
1499 713 1933 786 quemadmodum
1949 713 2101 770 dolor
2128 731 2250 785 par-

640 814 720 858 tus
749 805 1062 879 prtcgnanti,
1095 817 1142 862 et
1170 823 1269 861 non
1293 803 1563 880 effugient.
1599 805 1712 864 Hoc
1744 817 1828 864 cst
1845 809 1985 878 quod
2002 809 2054 862 in
2074 805 2249 863 Evan-

639 898 786 970 gelio
817 898 1079 956 Dominus
1108 900 1328 957 locutus
1376 913 1482 968 cst,
1533 901 1763 957 dicens:
1821 899 2070 973 Vigilale,
2126 901 2248 971 quia

639 993 844 1049 nescitis
868 992 1071 1061 harant,
1102 1013 1204 1068 qua
1229 993 1481 1052 Dominus
1505 1009 1666 1053 vester
1689 1006 1932 1053 venturus
1951 1007 2024 1054 est
2049 995 2244 1068 (Marc.

639 1097 756 1152 xm,
788 1086 900 1158 52).
937 1084 1002 1142 Et
1028 1088 1221 1144 iterum
1259 1107 1274 1147 :
1311 1089 1371 1146 Si
1398 1091 1514 1162 quis
1556 1091 1696 1146 vobis
1741 1091 1968 1146 dixerit:
2003 1089 2138 1146 Ecce
2166 1091 2249 1145 hic

641 1177 898 1246 Christus,
927 1185 1016 1234 aut
1033 1195 1146 1258 ecce
1168 1181 1312 1250 illic;
1341 1183 1497 1239 nolite
1522 1181 1948 1256 crederewatth.
1971 1181 2244 1254 xxtv,23).

642 1269 835 1327 Subito
862 1273 1008 1327 enim
1040 1281 1091 1329 et
1120 1289 1188 1330 ex
1216 1275 1494 1347 insperato
1519 1276 1806 1347 apparebit
1827 1275 1968 1332 sicut
1993 1289 2248 1333 corusca-

638 1363 716 1420 tio
745 1374 964 1436 apparet
994 1366 1062 1422 ab
1090 1366 1314 1424 Oriente
1335 1368 1388 1424 in
1419 1369 1790 1439 Occidentem,
1819 1369 2028 1426 habens
2058 1383 2244 1426 secum

639 1455 890 1512 militiam
923 1461 1200 1517 exercitus
1248 1461 1344 1517 Dei
1389 1461 1565 1518 Patris
1616 1461 1681 1519 ad
1713 1463 2075 1534 perditionem
2107 1463 2249 1518 anti-

633 1551 826 1608 christi
851 1561 904 1608 et
932 1556 1228 1612 Satellitum
1263 1557 1402 1627 ejus.
1462 1558 1599 1612 Cum
1636 1558 1781 1613 enim
1831 1557 2010 1614 securi
2042 1556 2246 1614 fuerint

637 1648 830 1720 perﬁdi
862 1650 930 1706 de
958 1665 1124 1722 regno
1153 1651 1376 1722 diaboli,
1428 1653 1731 1710 interfectis
1781 1655 2005 1720 sanctis,
2037 1654 2090 1709 id
2139 1663 2244 1720 est,

637 1741 829 1798 Enoch
857 1753 913 1801 et
945 1744 1082 1812 Elia,
1112 1745 1222 1800 lacti
1251 1746 1318 1802 de
1349 1747 1582 1803 victoria
1616 1748 1848 1804 invicem
1894 1747 1999 1804 sibi
2027 1749 2247 1804 mitten-

1598 295 1690 373 tu
1730 317 1967 374 orans
2005 315 2253 374 ssnon
2293 295 2622 377 annuos"
2670 317 3046 378 APPENDIX.
3812 321 3892 388 es

641 436 850 505 fratres,
879 449 980 488 non
1001 441 1072 488 est
1095 447 1298 487 necesse
1318 431 1458 488 vobis
1482 429 1670 500 scribi;
1702 432 1800 505 ipsi
1844 433 1980 489 enim
2021 433 2247 504 diligen-
2279 441 2331 504 Α

2427 432 2617 507 (Vers.
2663 435 2760 512 12,
2804 435 2921 507 13.)
2967 433 3234 508 Rogamus
3277 445 3456 492 autem
3491 451 3600 504 vos,
3634 443 3825 512 fratres,
3853 455 3896 499 st

2352 523 2690 600 cognoscatis
2707 544 2824 596 eos,
2861 525 2890 567 ι’
2918 527 3006 599 qui
3041 527 3276 584 laborant
3321 530 3376 584 in
3417 531 3586 601 vobis,
3630 541 3675 587 et
3712 549 3894 606 pressat

2347 617 2488 672 vobis
2513 618 2572 672 in
2597 614 2845 690 Domino,
2873 630 2922 675 et
2952 629 3162 676 monent
3185 637 3272 676 vos
3288 637 3309 688 ;
3353 629 3411 677 ut
3437 623 3544 678 illis
3568 639 3798 680 summum
3823 628 3895 682 fio-

2349 722 2530 763 norem
2576 711 2812 766 habeatis
2857 714 2912 768 in
2958 715 3215 770 enat-itote
3241 725 3452 788 prepter
3481 733 3634 788 opera
3669 721 3900 789 ipsorum:

2349 820 2528 874 pacem
2560 806 2739 861 liabete
2769 807 2904 861 inter
2934 824 3041 863 vos.
3068 807 3186 864 Hoc
3215 819 3322 875 est,
3355 809 3498 881 quod
3527 807 3655 866 dicit
3682 821 3730 868 et
3754 813 3798 868 in
3817 814 3894 871 alia

2349 897 2582 968 epistola
2618 898 2662 972 (ι
2700 898 2838 955 Tim.
2872 915 2927 968 v,
2969 900 3062 973 17)
3109 903 3460 974 presbyteros
3500 903 3693 975 duplici
3736 905 3894 963 honore

2349 991 2722 1062 honorandos,
2755 996 2846 1065 qui
2881 995 3136 1052 laborant
3165 998 3216 1051 in
3247 997 3418 1053 verbo
3448 998 3720 1055 doctrinm.
3753 1001 3898 1056 Potest

2348 1083 2494 1138 ersim
2541 1083 2730 1156 pigere
2767 1100 2922 1154 eum,
2963 1086 3054 1157 qui
3096 1087 3333 1158 in0piam
3367 1089 3602 1160 patitur,
3631 1093 3894 1147 exercitium

2346 1173 2562 1243 facere,
2594 1178 2740 1248 quod
2773 1179 2946 1248 prosit
2985 1180 3362 1237 audientibus.
3389 1182 3530 1250 Quid
3557 1185 3696 1240 enim
3726 1187 3898 1254 prodest

2347 1267 2613 1325 honorem
2644 1271 2766 1326 sine
2801 1270 2982 1328 fructu
3014 1271 3220 1328 habere
3249 1289 3263 1327 :
3295 1283 3391 1329 aut
3426 1274 3558 1346 quid
3591 1291 3814 1348 magnum
3836 1288 3898 1334 est

2351 1360 2551 1417 offerre
2581 1363 2630 1418 ei
2660 1364 2922 1432 carnalia,
2955 1364 3047 1434 qui
3075 1363 3268 1420 tribuit
3295 1367 3603 1436 spiritalia?
3628 1368 3766 1424 Sicut
3788 1371 3896 1425 enim

2349 1452 2554 1509 divitiae
2584 1455 2969 1526 negligentiam
3000 1456 3221 1526 pariunt
3239 1458 3456 1526 salutis,
3491 1458 3564 1514 ita
3595 1473 3788 1530 egesm
3804 1462 3895 1516 dum

2349 1547 2583 1605 saturari
2604 1549 2820 1620 quaerit,
2843 1565 2872 1603 a
2894 1548 3106 1620 iustitia
3123 1549 3385 1607 declinat.
3413 1551 3555 1608 Hinc
3577 1554 3810 1611 Salomon
3825 1572 3897 1611 nec

2350 1643 2514 1698 nimis
2538 1642 2764 1699 divitem
2794 1659 2854 1699 se
2882 1645 3018 1714 petit
3038 1643 3188 1711 ﬁeri;
3229 1660 3335 1702 nec
3369 1657 3715 1718 egestuosum
3741 1648 3895 1720 (Prae.

2351 1751 2477 1802 xxx,
2506 1734 2585 1808 8).
2612 1735 2726 1792 iloc
2757 1737 2934 1808 ipsum
2968 1745 3144 1794 tamen
3177 1739 3230 1793 in
3248 1738 3897 1806 charitateﬁeridebcre;ut

631 1846 716 1892 tes
759 1851 1005 1903 numera,
1060 1839 1198 1894 sicut
1229 1839 1364 1895 dicit
1416 1840 1776 1912 Apocalypsis
1805 1841 1991 1912 (Apoc.
2022 1856 2100 1908 xi,
2135 1841 2166 1895 7
2198 1851 2246 1896 ει
2274 1845 2323 1908 Β
2351 1829 2763 1886 honoriﬁcentia
2793 1831 3092 1888 sacerdotis
3119 1848 3228 1890 non
3260 1833 3329 1890 de
3348 1833 3547 1892 timore
3563 1837 3725 1908 magis
3745 1835 3897 1903 sit,scd

626 1929 783 2000 seq.),
821 1940 946 1987 tunc
977 1931 1086 1987 illis
1114 1933 1298 1989 subito
1349 1933 1535 1990 veniet
1586 1938 1908 2006 repentinus
1964 1934 2237 1991 interitus.

633 2023 692 2079 In
716 2023 952 2080 adventu
981 2026 1124 2081 enim
1158 2041 1255 2082 suo
1287 2024 1541 2083 Christus
1573 2027 1674 2083 hos
1702 2043 1895 2084 omnes
1925 2026 2238 2098 disperdet;

632 2126 690 2172 ut
719 2117 970 2175 videntes
1001 2121 1196 2186 sancti,
1231 2119 1374 2192 quod
1406 2121 1703 2189 evaserint,
1735 2121 2061 2195 glorientur.

701 2212 882 2286 (Vers.
916 2215 970 2281 4,
1007 2213 1089 2286 5.)
1143 2214 1241 2270 Vos
1267 2227 1458 2283 autem,
1495 2217 1708 2289 fratres,
1741 2233 1844 2271 non
1875 2218 1996 2272 estis
2019 2215 2072 2271 in
2101 2225 2241 2270 tene-

629 2307 753 2371 bris,
788 2313 842 2360 ut
869 2321 954 2361 vos
985 2307 1092 2363 dies
1132 2308 1221 2364 ille
1253 2321 1514 2381 tamquam
1543 2309 1632 2380 [ur
1655 2307 2241 2382 apprehendal;omnes

626 2402 764 2457 enim
787 2417 874 2457 vos
901 2403 999 2472 ﬁlii
1024 2403 1235 2458 luminis
1264 2404 1382 2459 estis
1407 2415 1453 2459 et
1485 2403 1585 2474 ﬁlii
1608 2405 1749 2460 diei:
1781 2419 1881 2458 non
1921 2405 2040 2460 estis
2073 2405 2240 2459 noctis

627 2509 790 2565 neque
812 2495 1159 2552 tenebrarum.
1175 2497 1232 2552 In
1252 2497 1491 2555 tenebris
1509 2497 1870 2569 ignorantiam
1895 2497 2163 2570 signiﬁcat
2186 2505 2243 2554 et

629 2588 998 2658 mendacium,
1033 2590 1086 2645 in
1110 2589 1202 2647 die
1231 2602 1411 2648 autem
1444 2592 1795 2648 scientiamet
1816 2593 2128 2649 veritatem.
2157 2591 2241 2647 ld-

625 2683 775 2741 circo
804 2682 1138 2742 christianos
1170 2701 1278 2742 non
1305 2689 1359 2743 in
1393 2687 1631 2744 tenebris
1655 2703 1779 2746 esse
1803 2687 1956 2756 dicit,
2002 2689 2239 2761 gentiles

625 2788 806 2836 autem
861 2782 946 2836 vel
999 2782 1310 2838 incredulos
1382 2783 1602 2840 Judanos
1659 2783 1798 2841 ﬁlios
1846 2784 2238 2850 tenebrarum;

627 2871 752 2944 quia
786 2873 1027 2932 cultores
1057 2883 1185 2931 sunt
1212 2877 1503 2932 mendacii.
1536 2878 1902 2948 Quamobrem
1934 2877 2124 2935 ﬁdeles
2155 2894 2239 2934 se-

628 2981 792 3028 Curos
820 2983 942 3026 esse
970 2971 1174 3027 debere
1203 2970 1507 3043 signiﬁcat;
1563 2975 1686 3046 quia
1722 2990 1830 3030 non
1863 2975 2112 3046 ignorant
2152 2971 2238 3029 fu-

629 3071 809 3118 turum
838 3063 1130 3120 adventum
1163 3065 1397 3132 Domini,
1429 3067 1526 3124 sed
1553 3076 1880 3139 exspectant
1905 3068 2144 3134 solliciti,
2183 3079 2240 3123 ut

630 3156 834 3211 veniat.
869 3157 971 3224 Qui
998 3167 1178 3215 autem
1212 3159 1461 3232 ignorant
1486 3159 1801 3218 difﬁdentes
1818 3160 1883 3216 de
1909 3170 2238 3232 eo,repente

630 3248 754 3305 illos
783 3250 1154 3321 apprehendet
1190 3252 1546 3324 improvidos,
1581 3263 1636 3310 et
1679 3253 1987 3310 iuterﬁciet.

702 3339 882 3414 (Vers.
917 3342 1103 3416 6-H.)
1133 3343 1412 3416 lgituruon
1444 3346 1783 3412 dormiamus,
1817 3345 1948 3400 sicut
1978 3355 2023 3400 et
2046 3347 2239 3414 cwteri,

635 3435 726 3491 sed
748 3436 1040 3507 vigilemus,
1066 3445 1112 3492 et
1143 3438 1304 3492 sobrii
1334 3439 1513 3493 simus.
1550 3435 1623 3491 Hi
1645 3437 1780 3492 enim
1820 3439 1905 3508 qui
1953 3437 2239 3503 dormiunt,

631 3535 778 3583 nocte
799 3528 1062 3584 dormiunt
1088 3545 1106 3584 .'
1134 3539 1177 3585 et
1225 3530 1313 3600 qui
1353 3529 1691 3596 inebriantur,
1736 3538 1881 3584 nocte
1932 3539 2050 3584 sunt
2091 3529 2238 3585 ebrii.

627 3619 742 3676 Nos
768 3633 937 3678 autem
958 3625 1046 3695 qui
1068 3623 1390 3692 dieisumus,
1423 3625 1584 3680 sobrii
1609 3627 1791 3694 simus,
1845 3625 2013 3680 induti
2065 3625 2243 3682 thora-

626 3729 736 3770 cem
764 3715 888 3787 fidei
910 3727 959 3772 et
979 3717 1277 3786 clraritatis,
1305 3727 1350 3773 et
1377 3719 1579 3790 galeam
1603 3719 1712 3791 spei
1733 3719 1949 3784 salutis,
1976 3720 2096 3791 quia
2139 3737 2240 3774 non

628 3811 800 3882 posuit
824 3827 915 3866 nos
944 3809 1084 3866 Deus
1112 3811 1164 3867 in
1190 3813 1344 3880 iram,
1393 3812 1483 3867 sed
1530 3813 1580 3866 in
1629 3811 2016 3882 acquisitionem
2055 3811 2240 3868 salutis

625 3919 715 3972 per
749 3901 1029 3958 Dominum
1063 3914 1298 3960 nostrum
1337 3903 1522 3959 Jesum
1573 3901 1855 3973 Christum,
1893 3905 1980 3975 qui
2010 3915 2240 3960 mortuus

625 4005 698 4052 est
729 4012 820 4066 pro
848 3993 992 4050 nobis
1016 4013 1035 4060 ;
1062 4007 1116 4050 ut
1141 3998 1244 4052 sive
1269 3997 1564 4069 vigilemus,
1588 3998 1693 4052 sive
1717 3997 2064 4066 dormiamus,
2085 3999 2242 4054 simul

630 4105 748 4143 cum
771 4090 861 4144 illo
884 4091 1134 4144 vivamus.
1181 4087 1566 4161 Praplerqttad
1607 4089 1950 4146 exhortamiui
1998 4092 2237 4159 invicem,

628 4183 949 4254 etaedificate
975 4184 1306 4251 alterutrum,
1332 4183 1468 4239 sicut
1509 4195 1554 4239 et
1604 4185 1793 4256 facitis.
1847 4184 2112 4256 Aperiunt
2157 4193 2241 4242 est

626 4275 771 4348 quod
825 4276 995 4344 dicit;
1031 4283 1343 4334 commonet
1392 4277 1560 4343 enim,
1615 4293 1684 4333 no
1713 4278 1892 4334 securi
1921 4277 1990 4334 de
2017 4277 2238 4338 nomine

624 4369 948 4436 Salvatoris,
983 4371 1320 4443 negligenter
1341 4383 1568 4442 agamus
1596 4388 1608 4424 :
1641 4369 1872 4442 ideoque
1900 4371 2076 4428 tribus
2105 4387 2236 4444 pro-

623 4463 947 4538 pugnaculis
977 4480 1078 4521 nos
1129 4463 1324 4521 muniri
1352 4461 1576 4529 debere,
1622 4465 1674 4520 id
1705 4473 1806 4533 est,
1840 4463 1988 4532 ﬁdei,
2020 4473 2076 4522 et
2097 4466 2231 4536 spei,

626 4566 680 4614 et
707 4557 1011 4614 charitatis.
1041 4557 1180 4614 Dum
1211 4560 1356 4614 enim
1388 4555 1525 4614 ﬁdes
1555 4567 1760 4625 manet,
1815 4573 1963 4628 spem
1990 4559 2187 4614 excitat
2221 4577 2233 4613 :

2347 1923 2416 1980 de
2443 1939 2661 1992 amore;
2694 1935 2752 1982 ut
2778 1927 2941 1982 etiam
2971 1926 3052 1983 illi
3073 1928 3358 2000 proﬁciat,
3379 1932 3470 2000 qui
3514 1931 3658 1988 facit.
3678 1931 3770 1988 Res
3791 1932 3897 1988 enim

2347 2031 2471 2087 qua:
2490 2028 2690 2088 sponte
2720 2033 2829 2074 non
2859 2020 2941 2086 ﬁt,
2966 2020 3034 2075 ad
3059 2020 3312 2078 eﬁ‘ectuni
3343 2038 3448 2078 non
3479 2023 3897 2096 pervenil;quam-

2344 2108 2427 2164 vis
2456 2109 2602 2164 enim
2635 2110 2708 2166 ad
2737 2127 2980 2180 prtesens
3018 2114 3270 2183 proﬁciat
3303 2121 3576 2183 sumenti,
3613 2118 3738 2174 nihil
3765 2129 3896 2173 tamen

2345 2204 2595 2274 proderit
2621 2204 2675 2262 in
2702 2205 2886 2262 i‘uturo
2918 2207 3087 2263 danti.
3115 2208 3183 2266 Et
3211 2210 3335 2281 quia
3361 2211 3635 2269 dissensio
3661 2215 3810 2269 multa
3831 2229 3898 2285 ge-

2349 2307 2508 2356 nerat
2531 2300 2697 2368 mala,
2737 2301 2994 2372 paciﬁcos
3023 2318 3122 2359 eos
3151 2318 3274 2361 esse
3304 2304 3580 2363 hortatur.

2416 2392 2598 2465 (Vers.
2635 2391 2848 2465 ili-17.)
2881 2393 3145 2465 Rogamus
3176 2411 3294 2451 vero
3322 2414 3430 2465 vos,
3457 2403 3672 2467 fratres,
3709 2400 3899 2469 corripite

2341 2485 2618 2556 inquietos,
2653 2488 2996 2542 consolamini
3029 2489 3413 2558 pusillanimes,
3447 2492 3767 2562 opitulamini
3790 2493 3899 2560 inﬁt-

2343 2579 2463 2647 mis,
2496 2579 2748 2649 patientes
2773 2590 2933 2634 estote
2963 2581 3032 2634 ad
3066 2597 3260 2638 omnes.
3311 2582 3496 2638 Videte
3528 2603 3593 2638 ne
3616 2585 3723 2654 quis
3750 2585 3898 2638 malum

2341 2689 2436 2743 pro
2469 2674 2604 2726 malo
2644 2673 2804 2726 alicui
2845 2673 3030 2727 reddat
3068 2690 3087 2728 :
3110 2673 3200 2728 sed
3236 2691 3439 2745 semper
3480 2679 3624 2746 quod
3652 2678 3817 2732 bonum
3845 2685 3898 2730 est

2342 2765 2611 2820 sectamini
2645 2773 2694 2818 et
2722 2765 2775 2820 in
2805 2766 3045 2833 invicem,
3076 2777 3123 2822 et
3155 2767 3207 2821 in
3242 2784 3439 2824 omnes.
3487 2770 3706 2840 Semgier
3729 2770 3897 2841 gaudete

2339 2858 2393 2912 in
2427 2857 2667 2925 Domino,
2699 2859 2811 2914 sine
2844 2859 3230 2916 intermissione
3269 2873 3434 2931 orate,
3471 2863 3527 2918 in
3570 2865 3789 2920 omnibus
3812 2880 3900 2937 gm-

2341 2952 2438 3006 tias
2480 2953 2636 3022 agite.
2669 2949 2798 3008 Hau:
2829 2964 2901 3008 est
2944 2956 3078 3008 enim
3106 2955 3340 3012 voluntas
3368 2955 3466 3013 Dei
3499 2959 3556 3014 in
3586 2958 3776 3014 Christo
3805 2956 3898 3013 Iesu
3991 2969 3993 3022 ᾗ

2341 3045 2394 3100 in
2442 3047 2678 3101 omnibus
2720 3045 2882 3102 vobis.
2914 3047 3176 3117 Quoniam
3210 3067 3436 3109 necesse
3478 3067 3568 3110 eSt
3610 3054 3838 3128 quosdam
3863 3054 3899 3108 in

2344 3137 2499 3208 plebe
2530 3153 2651 3194 esse
2696 3138 3077 3210 immodestos,
3123 3144 3389 3214 quosdam
3437 3157 3626 3204 autem
3671 3147 3897 3220 pusillani-

2267 3255 2314 3320 ρ
2345 3249 2480 3298 mes,
2515 3232 2620 3290 hoc
2649 3244 2752 3302 est,
2788 3234 3031 3302 timidos,
3066 3237 3332 3308 quosdam
3367 3256 3499 3297 vero
3535 3243 3642 3300 ﬁde
3673 3245 3898 3306 inﬁrmos;

2345 3326 2576 3399 ideoque
2609 3327 2709 3383 hos
2739 3339 2760 3365 π
2795 3330 2884 3398 qui
2920 3327 3186 3388 moderati
3216 3343 3345 3388 sunt
3377 3344 3430 3391 et
3466 3338 3836 3408 magnanimos,
3861 3344 3900 3390 et

2344 3417 2449 3476 ﬁde
2492 3419 2724 3488 fundati,
2765 3423 3014 3478 hortatur
3044 3440 3166 3482 cum
3200 3441 3386 3498 prece,
3425 3437 3483 3484 ut
3521 3429 3608 3486 his
3641 3430 3899 3487 consulant.
3987 3497 3989 3510 Ι

2345 3524 2400 3568 ut
2430 3515 2638 3584 possint
2669 3515 2954 3585 proﬁcere,
3004 3515 3328 3576 suﬁerentes
3355 3536 3480 3588 eos;
3520 3541 3589 3579 ne
3633 3525 3677 3581 si
3715 3523 3900 3581 retribu-

2345 3607 2418 3662 tio
2455 3605 2513 3662 ﬁt
2548 3607 2843 3676 malorum,
2876 3609 3092 3680 pejores
3120 3627 3180 3668 se
3211 3614 3361 3668 fiant.
3393 3611 3611 3673 Idcirco
3643 3617 3764 3675 nihil
3791 3613 3900 3672 aliud

2341 3717 2501 3773 quam
2557 3701 2757 3757 bonum
2814 3704 3135 3760 sectandum
3191 3705 3444 3766 hortatur
3502 3728 3614 3768 non
3671 3713 3824 3769 solum
3862 3709 3898 3763 in

2341 3808 2505 3850 causa
2537 3794 2788 3865 fratrum,
2818 3795 2913 3852 sed
2942 3805 2998 3854 et
3028 3798 3081 3853 in
3112 3801 3377 3856 omnium.
3409 3801 3652 3860 Possunt
3677 3806 3806 3863 enim
3832 3802 3901 3858 lio-

2342 3888 2426 3943 nis
2474 3887 2733 3958 operibus
2777 3888 2976 3944 attrahi
3026 3889 3278 3950 inﬁdeles
3323 3893 3389 3950 ad
3434 3897 3821 3964 credulitatem,
3855 3911 3902 3950 ex

2341 3999 2445 4052 qua
2471 3997 2689 4054 semper
2710 3983 3011 4057 gaudeatur
3033 3988 3085 4042 in
3111 3988 3362 4059 Domino,
3385 3990 3488 4049 hoc
3513 4005 3620 4062 cst,
3647 3997 3698 4051 in
3721 3995 3899 4052 bonum.
3983 4045 3985 4062 ἰ

2341 4075 2617 4132 (trandum
2665 4086 2845 4134 autem
2905 4079 3021 4136 sine
3059 4080 3497 4154 intermissione;
3555 4088 3750 4144 sedula
3791 4087 3899 4142 enim

2343 4183 2534 4240 preces
2571 4179 2868 4241 provocant
2895 4173 3139 4230 animum
3176 4175 3374 4246 judicis
3399 4177 3468 4236 ad
3509 4181 3742 4238 dandam
3773 4183 3902 4237 mise-

2341 4263 2655 4322 ricordiam.
2699 4265 2755 4322 In
2797 4267 3050 4324 omnibus
3088 4285 3219 4328 vero
3247 4273 3460 4332 actibus
3487 4277 3652 4336 bonis
3679 4279 3779 4334 Deo
3806 4289 3897 4348 gra-

2342 4357 2446 4412 tias
2472 4358 2728 4429 agendas,
2762 4360 2854 4430 qui
2895 4361 3038 4420 hanc
3065 4361 3253 4422 tribuit
3295 4365 3604 4426 doctrinam
3642 4371 3694 4428 in
3729 4368 3901 4428 Christo

2339 4451 2470 4508 Jesu
2499 4453 2728 4510 Domino
2757 4465 2964 4513 nostro.

2411 4545 2591 4617 (Vers.
2626 4545 2864 4620 18-22.)
2917 4547 3176 4620 Spiritum
3215 4553 3380 4610 nolite
3425 4559 3902 4632 exstinguere:pro—

619 4665 745 4723 spes
791 4661 971 4710 autem
1025 4652 1337 4710 necessario
1369 4653 1604 4708 sollicita
1637 4659 1721 4708 est
1751 4651 1818 4708 de
1847 4651 2228 4724 promissione,

2341 4639 2542 4712 phetias
2577 4639 2739 4698 nolite
2767 4659 3031 4717 spernere.
3075 4643 3265 4704 Omnia
3293 4651 3506 4719 probate
3536 4669 3557 4709 :
3591 4654 3728 4727 quod
3753 4655 3900 4710 bonum

622 4757 727 4801 nec
755 4743 1272 4804 dormitzcliaritas
1329 4753 1511 4800 autem
1557 4743 1810 4800 devotum
1863 4743 2021 4800 oﬁ'ert
2074 4743 2228 4812 Deo;

623 4839 759 4896 nihil
791 4839 935 4895 enim
966 4839 1258 4896 adversum
1285 4833 1522 4894 admittit
1557 4838 1815 4894 charitas.
1849 4836 2056 4894 Idcirco
2086 4837 2229 4894 enim

621 4945 874 4990 mortuus
901 4941 985 4989 est
1011 4949 1110 5004 pro
1141 4931 1299 4988 nobis
1325 4929 1586 4988 Dominus
1616 4929 1801 4998 Jesus,
1827 4939 1879 4986 et
1907 4931 2229 5001 resurrexit;

622 5036 681 5082 ut
707 5029 822 5084 sive
839 5027 1123 5099 vigilemus
1147 5068 1160 5092 ,
1177 5023 1285 5082 hoc
1315 5031 1416 5089 est,
1447 5025 1712 5091 vivamus,
1738 5023 1853 5080 sive
1872 5025 2228 5093 dormiamus,

616 5120 670 5176 id
698 5129 784 5178 est
809 5161 824 5190 ,
856 5106 1171 5184 moriamm',
1205 5133 1309 5175 una
1334 5133 1458 5174 cum
1482 5113 1576 5173 illo
1603 5127 1806 5174 aeterna
1824 5118 1935 5174 vita
1961 5116 2226 5174 fruamur.

617 5214 733 5272 Hoc
774 5226 858 5272 est
902 5215 1048 5285 quod
1091 5232 1252 5286 supra
1308 5215 1444 5271 dixit
1493 5215 1616 5287 quia
1664 5215 1850 5273 ﬁdeles
1895 5213 1949 5272 in
1995 5215 2230 5272 adventu

619 5309 835 5366 Domini
868 5319 974 5364 tam
1007 5311 1204 5366 mortui
1231 5358 1245 5378 ,
1269 5310 1438 5383 383
1461 5323 1623 5380 quam
1652 5309 1759 5366 vivi
1789 5310 2006 5366 obviam
2041 5309 2232 5367 tollen-

622 5414 710 5460 tur
737 5404 968 5460 Domino
993 5448 1006 5471 ,
1044 5414 1099 5462 et
1125 5419 1346 5484 semper
1372 5405 1562 5460 vivent
1586 5420 1708 5474 cum
1739 5419 1826 5462 eo.
1891 5404 1942 5458 In
1987 5403 2089 5460 hoc
2112 5419 2227 5460 me-

621 5496 906 5555 ditandum
928 5496 1107 5568 docet,
1135 5497 1193 5556 ut
1219 5499 1452 5555 invicem
1478 5513 1536 5556 se
1559 5498 1612 5555 in
1637 5498 1743 5556 isto
1756 5495 2224 5556 aediﬁcentscnsu.

683 5689 714 5764 ft
753 5680 956 5737 Omnes
987 5679 1116 5741 edit.
1152 5689 1207 5738 et
1231 5676 1453 5754 quidam
1478 5693 1637 5748 mss,
1670 5679 1863 5749 dicent,
1889 5696 1997 5752 pax
2045 5689 2092 5736 et
2131 5680 2226 5750 ﬁr-

625 5762 916 5897 mliaiiom.
951 5824 1104 5888 edit.,
1132 5825 1483 5897 quii‘laboraut
1524 5826 1653 5884 inter
1693 5840 1800 5882 vos.
1831 5823 1898 5882 Et
1939 5823 2102 5896 inira,
2136 5841 2228 5895 pas

619 5905 728 5952 cem
757 5893 939 5955 habete
962 5907 1080 5953 cum
1102 5895 1198 5973 eis,

2338 4745 2436 4805 est,
2479 4745 2640 4793 tenete
2668 4754 2687 4794 :
2713 4738 2774 4793 ab
2807 4742 2949 4795 onmi
2996 4743 3166 4812 specie
3199 4745 3341 4800 mala
3384 4745 3638 4804 abstinete
3677 4765 3776 4805 vos.
3817 4743 3902 4802 Hoc

2337 4830 2490 4900 dicit,
2515 4841 2574 4888 ut
2598 4847 2707 4888 non
2739 4833 2898 4890 facile
2927 4833 3088 4891 alicui
3111 4851 3208 4908 per
3229 4838 3478 4910 spiritum
3505 4842 3746 4914 loquenti
3771 4841 3899 4897 inter-

2337 4925 2548 4982 dicatur
2580 4925 2986 5000 (exstinguitur
3014 4930 3158 4986 enim
3187 4973 3200 4997 ,
3249 4931 3296 4988 si
3324 4932 3641 5005 incipientis
3667 4933 3802 5007 loqui
3821 4931 3900 4988 fer-

2336 5035 2434 5076 vor
2478 5017 2506 5057 ἀ
2547 5021 2982 5078 contradictione
3022 5025 3268 5097 sopitur)
3312 5037 3382 5084 ne
3419 5025 3564 5084 forte
3608 5045 3714 5086 non
3744 5025 3902 5085 intelli-

2336 5123 2526 5188 gentcs
2556 5113 2664 5172 dici
2689 5116 2758 5172 ab
2789 5131 2853 5172 eo
2882 5117 3166 5189 spiritalia,
3202 5107 3453 5193 iniuriam
3485 5121 3694 5181 faciant
3718 5119 3901 5196 Spiritui

2338 5207 2558 5278 sancto,
2589 5217 2645 5266 et
2673 5217 2903 5282 peccent
2933 5224 3032 5283 per
3063 5211 3421 5285 ignorantiam
3455 5235 3466 5271 :
3498 5233 3683 5291 neque
3711 5213 3903 5288 aliquem

2338 5306 2428 5376 qui
2474 5310 2626 5378 quasi
2667 5304 2981 5378 Scripturas
3025 5308 3263 5376 revelat,
3297 5327 3406 5367 non
3455 5311 3636 5369 audiri
3677 5311 3903 5386 patienter

2337 5399 2537 5458 debere
2567 5418 2580 5458 :
2613 5401 2711 5457 sed
2747 5401 2928 5457 omnia
2957 5399 3098 5458 dicta
3127 5405 3450 5476 examinari,
3481 5415 3538 5464 et
3567 5409 3650 5464 sic
3674 5400 3902 5480 judicari;

2338 5510 2406 5552 ne
2437 5493 2578 5553 forte
2601 5493 2834 5568 gratiam
2862 5494 3044 5553 datam
3070 5495 3228 5556 fratri
3257 5498 3385 5556 dum
3414 5509 3705 5572 respuunt,
3735 5491 3904 5558 auctOri

2411 5689 2432 5717 ο
2477 5678 2621 5758 Edit.
2652 5694 2720 5758 ac
2746 5693 2878 5758 mss.
2913 5683 3184 5758 nonnulli,
3217 5683 3322 5758 qui,
3345 5683 3562 5742 modesti
3612 5698 3748 5744 sunt.
3789 5679 3904 5741 lufra

2336 5765 2466 5826 vero
2483 5747 2892 5826 _eodex_Laud.,
2927 5755 3126 5826 pejores
3147 5747 3201 5809 se
3224 5747 3434 5825 faciant.

2409 5820 2436 5860 ά
2481 5823 2608 5880 Mss.
2637 5820 3292 5895 aliquot,contradictione
3320 5830 3543 5901 rapitur.
