3970 6316
85 291 180 346 iis
612 287 1109 350 COMMENTARIA
1154 287 1218 343 IN
1257 287 1475 346 EPIST.
1520 288 1610 344 AD
1650 286 2347 348 rnessammcensss
2385 287 2782 349 SECUNDAM.
3263 275 3370 352 ist

83 413 382 476 repugnent.
411 403 597 461 Omnia
626 420 758 477 ergo
785 419 906 477 qua:
936 405 1207 474 dicuntur,
1243 404 1520 477 probanda
1544 419 1659 461 mo-
1684 403 1738 466 Α
1765 418 1981 460 omnem
2011 412 2189 461 actum
2221 414 2464 461 nostrum
2497 405 2693 478 dirigat
2735 407 2787 461 in
2821 407 3174 478 perfectione.
3207 421 3256 464 ttl
3288 410 3369 465 in-

82 513 190 568 net;
221 512 274 559 et
297 498 548 573 quidquid
587 499 771 556 sobrie
800 508 857 555 et
883 499 1024 555 bene
1053 497 1260 556 dictum
1302 498 1488 565 fuerit,
1519 499 1652 554 reti-
1761 508 1911 568 teger
1937 499 2006 553 sit
2035 498 2254 569 spiritus
2285 498 2443 555 datus
2472 501 2648 555 nobis.
2679 498 2830 555 Tunc
2857 500 2998 555 enim
3026 501 3235 572 integer
3262 511 3366 571 est,

80 596 318 650 nendum.
359 595 716 664 Quaecumque
760 593 910 649 enim
963 592 1338 664 apostolorum
1388 601 1443 648 et
1488 593 1660 664 ipsius
1763 589 1808 644 si
1838 588 1996 644 bonae
2017 590 2137 643 vitae
2161 590 2500 659 studeamus,
2526 591 2763 646 animam
2795 591 3058 650 habentes
3084 593 3364 658 mundam,

79 689 279 745 Domini
300 687 454 744 dictis
473 694 803 758 congruunt,
831 701 893 742 ea
923 686 1062 743 bene
1085 685 1232 741 dicta
1261 685 1510 740 habenda
1535 695 1660 741 sunt
1764 690 1816 738 et
1847 695 2047 750 corpus
2091 683 2209 736 sine
2239 683 2489 752 querela;
2523 695 2577 737 ut
2611 692 2754 738 totus
2788 683 2949 738 homo
2976 685 3044 740 sit
3070 685 3364 756 perlectus.

74 794 123 839 et
153 781 419 840 retinenda
454 801 465 836 :
494 782 559 836 ab
593 780 676 836 his
701 790 879 837 autem
913 797 1032 852 qua:
1065 782 1278 836 inimica
1313 780 1433 836 lidci
1465 781 1656 837 viden-
1765 775 1950 831 Potest
1981 777 2126 831 eiiim
2168 791 2369 848 corpus
2409 778 2670 833 mundum
2702 792 2843 844 esse.
2888 787 2944 834 Cl
2980 781 3158 834 anima
3194 781 3367 851 inqui-

76 886 172 944 tur,
204 875 591 932 abstinendum.
626 875 780 931 Solet
823 877 968 931 enim
1009 876 1238 946 spiritus
1277 877 1462 932 mundi
1502 877 1656 932 lalia-
1764 871 1879 925 nitri
1924 885 2023 943 per
2069 871 2268 925 malum
2320 872 2612 942 cogitatum
2667 890 2679 926 :
2733 873 2964 943 ideoque
3013 874 3261 944 spiritum
3316 875 3367 929 in

71 972 199 1028 citer
218 971 363 1040 quasi
380 970 847 1042 perimitationcm
871 969 1056 1027 dicere
1078 971 1238 1037 bona,
1267 971 1659 1045 etinterzsﬁ,
1765 962 1984 1018 homine
2029 963 2290 1018 mundum
2331 962 2466 1018 dicit
2495 978 2616 1019 esse
2661 963 2882 1019 debere.
2916 964 2970 1020 Si
3019 975 3195 1022 autem
3231 967 3368 1020 mala

74 1065 180 1119 hmc
206 1063 560 1120 subinducere
590 1077 781 1134 prava,
827 1073 884 1118 ut
913 1080 1007 1133 per
1040 1064 1155 1119 hmo
1184 1080 1306 1135 qua;
1337 1065 1475 1119 bona
1505 1076 1652 1133 sum,
1765 1057 1866 1112 \ila
1902 1058 1978 1113 vel
2012 1059 2271 1128 cogitatio
2314 1058 2639 1127 intercedat,
2673 1073 2780 1114 non
2821 1061 2927 1115 erit
2966 1061 3178 1132 integer
3208 1064 3369 1132 spiri~

70 1165 278 1225 accepto
301 1155 538 1212 ferantur
567 1166 622 1211 et
645 1157 808 1222 mala;
833 1168 890 1210 ut
918 1156 1040 1227 quia
1069 1155 1231 1212 unius
1251 1157 1480 1228 spiritus
1510 1157 1655 1214 dicta
1765 1161 1881 1216 lus;
1913 1152 2034 1223 quia
2067 1151 2273 1208 deicl‘il
2303 1153 2577 1208 ίιοηιίηθῐη
2608 1152 2846 1224 peccatis
2881 1155 3198 1210 OltnOinm.
3232 1155 3368 1210 Dum

73 1257 346 1320 putantur,
393 1263 498 1304 non
539 1249 920 1308 discernantur
954 1250 1022 1306 ab
1053 1249 1322 1307 invicem:
1352 1251 1447 1307 sed
1476 1266 1573 1322 per
1602 1250 1653 1306 id
1761 1245 1906 1301 enim
1935 1245 2192 1302 dissentit
2220 1245 2395 1301 anima
2424 1256 2478 1301 et
2509 1261 2729 1318 corpus,
2770 1249 3015 1318 quamvis
3043 1249 3160 1305 sine
3206 1264 3369 1305 st'nsu

69 1342 201 1412 quod
231 1342 426 1397 licitum
458 1352 573 1408 est,
605 1341 1022 1398 commendetur
1050 1343 1298 1399 illicitum
1331 1344 1656 1400 auctoritate
1761 1338 1851 1406 sit,
1887 1338 2051 1395 alieni
2098 1339 2164 1396 ab
2210 1349 2276 1394 eo
2307 1339 2636 1408 efficiuntur,
2683 1351 2738 1397 et
2784 1342 2932 1396 velut
2972 1342 3205 1411 perdens
3248 1359 3368 1410 cos,

69 1433 320 1502 nominis,
360 1451 468 1490 non
497 1435 710 1492 ratione
739 1435 971 1490 virtutis.
1004 1434 1194 1491 Solent
1222 1436 1366 1492 enim
1395 1435 1499 1491 sub
1527 1451 1656 1506 apo-
1761 1450 1867 1489 non
1915 1433 2020 1490 erit
2065 1433 2276 1507 integer
2323 1436 2576 1506 spiritus;
2608 1435 2674 1491 ad
2706 1435 2809 1490 hoc
2869 1433 3016 1491 enim
3068 1436 3230 1492 datur
3273 1438 3370 1493 ho-

66 1528 314 1584 stolorum
345 1528 564 1586 nomine
591 1539 648 1586 et
679 1529 848 1598 ipsius
881 1529 1092 1584 Domini
1128 1529 1346 1585 infanda
1377 1529 1580 1585 docere
1601 1538 1656 1585 et
1761 1531 1912 1597 mini,
1953 1539 2010 1586 ut
2052 1540 2268 1586 maneat
2312 1531 2365 1586 in
2408 1543 2494 1598 eo,
2530 1540 2584 1587 et
2621 1525 2691 1587 sit
2729 1530 2883 1603 quasi
2916 1543 3075 1603 caput
3105 1533 3242 1604 ejus.
3283 1527 3368 1588 in-

67 1621 570 1694 adversa;ideoque
615 1623 798 1678 omnia
831 1623 1108 1694 probanda
1148 1631 1353 1690 monet,
1386 1624 1509 1694 quia
1546 1636 1652 1679 non
1762 1635 1912 1697 tegcr
1956 1640 2090 1698 ergo
2132 1636 2239 1681 non
2296 1626 2432 1694 erit;
2483 1627 2606 1699 quia
2668 1626 2844 1699 perdit
2895 1627 3176 1692 membra,
3239 1628 3367 1683 dum

67 1721 285 1784 possunt
312 1715 525 1787 eloquia
554 1716 768 1771 Domini
798 1731 923 1771 esse
950 1715 1186 1771 diversa.
1219 1715 1355 1772 llinc
1385 1726 1472 1772 est
1513 1717 1654 1772 unde
1759 1719 1969 1775 recedit
2015 1719 2082 1774 ab
2121 1733 2186 1774 eo
2230 1718 2428 1785 homo,
2479 1733 2542 1774 ea
2593 1729 2760 1789 agens
2802 1729 2921 1791 quae
2972 1720 3083 1775 odit
3133 1719 3370 1792 Spiritus

67 1816 116 1862 et
153 1806 370 1865 Joannis
415 1809 646 1879 apostoli
687 1810 918 1880 epistola
953 1829 965 1862 :
1005 1808 1217 1877 Nolite,
1265 1810 1468 1882 inquit,
1514 1812 1655 1864 omni
1760 1823 2000 1872 sanctus.

67 1903 260 1972 spiritui
285 1903 489 1958 credere
513 1919 532 1958 :
558 1904 648 1958 sed
681 1904 895 1974 probate
933 1905 1179 1974 spiritus,
1223 1905 1265 1958 si
1303 1920 1368 1959 es
1394 1903 1506 1958 Dee
1539 1913 1658 1958 sunt
1689 1895 1737 1958 Β
1832 1908 1854 1982 (
1874 1908 2028 1965 Vera.
2063 1908 2152 1975 2i,
2186 1907 2275 1963 95.
2303 1909 2322 1979 )
2359 1901 2556 1962 Fidelis
2586 1917 2660 1962 est
2692 1910 2826 1962 enim
2871 1906 3033 1975 Deus,
3067 1907 3153 1979 qui
3174 1911 3375 1964 νηπίη-11

67 1994 299 2067 (lJoau.
337 2015 410 2064 tv,
445 2001 470 2055 1
500 1999 543 2068 ),
572 2000 698 2070 quia
726 1999 774 2054 si
806 2000 974 2054 multa
1019 1999 1158 2055 bona
1187 1998 1351 2066 dicat,
1384 1999 1437 2053 in
1477 1998 1658 2069 aliquo
1764 2020 1879 2070 vos,
1913 2005 2004 2076 qui
2033 2013 2078 2058 et
2130 2004 2308 2074 faciet.
2343 1999 2580 2071 Fratres,
2611 2013 2757 2057 orate
2786 2018 2882 2072 pro
2915 2003 3080 2057 uobis.
3127 2003 3370 2058 Fidelem

65 2096 233 2144 autem
259 2089 403 2160 Quod
432 2090 554 2144 ﬁdei
585 2089 876 2146 adversum
908 2101 1012 2155 est,
1047 2099 1281 2161 promat,
1312 2091 1518 2146 δείδιοΐ
1547 2105 1655 2144 non
1765 2099 1930 2154 Deum
1954 2095 2083 2154 dicit
2108 2098 2158 2152 in
2177 2098 2677 2168 pronrississuismt
2697 2097 2876 2153 securi
2896 2096 3200 2166 deprzemio
3224 2107 3373 2154 recte

66 2195 177 2237 esse
205 2183 436 2249 Spiritus
464 2192 710 2239 sanctus.
756 2183 899 2238 Nihil
933 2184 1079 2239 enim
1127 2185 1332 2240 erroris
1363 2185 1417 2238 in
1447 2184 1655 2254 Spititu
1761 2203 2068 2248 versentur.
2101 2191 2170 2246 Ει
2218 2191 2344 2259 quia
2390 2191 2482 2262 qui
2532 2199 2679 2246 recte
2719 2190 2908 2245 vivunt
2935 2193 3089 2260 juxta
3124 2191 3372 2262 Evange-

64 2285 242 2330 sancto
274 2276 474 2346 poterit
515 2275 765 2347 reperiri.
815 2274 919 2332 Sed
953 2290 1051 2347 per
1093 2275 1414 2331 exercitium
1451 2275 1654 2346 eloquii
1761 2286 1917 2354 lium,
1952 2281 2113 2339 facile
2142 2293 2397 2353 poterunt
2437 2285 2730 2354 impetrare
2772 2299 2892 2354 qua;
2940 2284 3248 2352 postulant;
3285 2285 3370 2339 id-

63 2366 295 2437 quaedam
325 2369 616 2438 spiritalia,
649 2369 894 2440 quantam
926 2383 1056 2423 vero
1083 2369 1356 2434 carnalia;
1385 2369 1510 2440 (ιιιίθ
1539 2384 1658 2424 οιῐι-
1761 2379 1906 2433 circo
1949 2391 2106 2432 orare
2144 2383 2241 2431 eos
2284 2391 2382 2446 pro
2424 2390 2484 2430 se
2521 2375 2798 2441 hortatur;
2831 2374 2990 2431 facile
3031 2375 3176 2430 enim
3216 2377 3373 2432 multi

63 2461 142 2516 nis
170 2479 321 2519 error
349 2465 500 2520 carni
530 2464 841 2536 deputatur.
875 2473 968 2520 aut
1002 2475 1151 2519 certe
1186 2472 1496 2519 commento
1521 2479 1655 2535 quo—
1764 2472 2078 2542 impetrant,
2109 2470 2252 2541 quod
2283 2465 2616 2525 desiderant.

63 2553 176 2610 dam
225 2557 439 2612 astutia:
485 2557 622 2612 bona
669 2557 854 2628 lingit;
894 2567 950 2612 ut
973 2557 1056 2612 itis
1089 2560 1293 2613 inserat
1321 2557 1486 2623 mala,
1517 2557 1658 2613 sicut
1839 2565 2020 2636 (Vers.
2047 2563 2168 2636 26.)
2204 2564 2443 2618 Salutate
2475 2567 2659 2635 fratres
2687 2579 2862 2618 omnes
2889 2564 2942 2619 in
2965 2564 3143 2620 osculo
3174 2576 3371 2620 sancto.

63 2664 212 2720 supra
262 2653 562 2709 memoravi
609 2671 621 2706 :
668 2652 1126 2723 quemadmodum
1174 2652 1229 2708 in
1269 2652 1548 2720 Montano,
1603 2663 1659 2709 et
1762 2659 1957 2715 Saneta
1989 2657 2172 2713 oscula
2209 2665 2336 2712 sunt
2373 2656 2426 2710 in
2467 2657 2798 2712 Salutatione
2821 2657 3143 2726 christiana,
3172 2667 3373 2714 ca-tera

66 2740 320 2811 Priscilla,
349 2754 404 2800 et
433 2745 726 2801 Maximilla
756 2745 1040 2816 prophetis
1066 2748 1520 2819 cataphrygarutn
1547 2750 1654 2820 spi-
1764 2749 1999 2806 carnalia
2031 2759 2178 2815 sunt;
2206 2749 2327 2820 quia
2350 2747 2610 2820 quidquid
2644 2750 2762 2804 sine
2790 2749 3013 2805 Christo
3043 2750 3119 2816 lit,
3154 2752 3375 2806 carnale

64 2833 188 2890 ritus
234 2837 420 2893 mundi
470 2839 774 2895 imitatione
800 2839 1032 2910 quadam
1079 2840 1206 2895 boni
1245 2840 1555 2907 simulavit;
1601 2851 1659 2897 ut
1765 2853 1870 2909 est,
1907 2857 1968 2898 ac
1995 2857 2091 2914 per
2123 2842 2223 2897 hoc
2251 2851 2308 2897 et
2337 2843 2581 2898 mortale.
2613 2842 2716 2911 Qui
2755 2844 2902 2898 enim
2937 2853 3217 2900 auctorem
3253 2846 3376 2900 vita:

65 2946 152 3000 per
183 2933 347 2988 uiulta
379 2934 716 3002 verisimilia,
739 2949 953 2991 necnon
979 2945 1036 2991 et
1066 2950 1215 3003 vera,
1249 2937 1573 2993 mentiretur
1599 2951 1660 2993 se
1764 2935 2084 3003 contemnit,
2128 2935 2180 2989 in
2210 2942 2387 2989 morte
2424 2942 2526 2990 est.

65 3038 177 3080 esse
203 3023 462 3095 Spiritum
492 3037 763 3083 sanctum.
1841 3025 2040 3100 (Vera.
2071 3028 2161 3083 27.
2187 3028 2206 3100 )
2255 3028 2456 3103 Adjuro
2485 3043 2573 3083 vos
2601 3043 2695 3101 per
2730 3027 3007 3084 Dominum
3034 3073 3048 3098 ,
3085 3040 3141 3084 ut
3176 3031 3378 3102 legatur

130 3120 325 3191 (Vcrs.
355 3121 445 3176 9.5.
481 3121 502 3193 )
538 3122 566 3176 Ι
574 3140 664 3193 pse
705 3133 877 3178 autem
907 3121 1050 3178 Deus
1081 3124 1222 3195 pacis
1252 3125 1543 3194 sanctiﬁcet
1577 3140 1663 3180 vos
1769 3124 1987 3195 epistola
2015 3123 2125 3177 hac.
2164 3122 2399 3176 omnibus
2429 3121 2696 3192 fratribus.
2727 3123 2993 3194 Astringit
3026 3133 3141 3190 eos,
3175 3135 3235 3178 ut
3265 3125 3380 3178 sol-

67 3227 147 3281 per
176 3214 348 3267 omnia
376 3218 662 3284 perfectos;
694 3225 746 3269 ut
777 3218 973 3287 integer
1008 3217 1224 3287 spiritus
1253 3227 1437 3284 vester,
1469 3229 1516 3273 et
1543 3219 1664 3272 ani-
1771 3219 1904 3274 liciti
1935 3219 2042 3274 sint
2087 3215 2152 3272 ad
2186 3217 2469 3289 legendam
2513 3215 2800 3288 epistolam
2831 3219 3042 3274 cunctis
3079 3217 3334 3274 fratribus
3361 3237 3375 3286 ;

66 3318 157 3368 ma,
201 3315 247 3358 et
281 3320 471 3376 corpus
497 3306 608 3361 sine
647 3309 855 3378 querela
882 3309 938 3363 in
980 3308 1201 3364 aduentu
1247 3309 1462 3366 Domini
1503 3311 1666 3366 nostri
1694 3303 1739 3366 C
1774 3321 1831 3370 ut
1872 3320 2204 3384 cognoscant
2243 3319 2296 3367 et
2338 3312 2530 3368 laudes
2557 3323 2625 3383 et
2656 3311 3060 3370 admonitiones
3105 3328 3250 3381 suas,
3284 3327 3382 3385 per

66 3392 180 3451 Jesu
228 3397 425 3452 Christi
469 3409 712 3455 servetur.
773 3402 912 3457 Deus
962 3403 1110 3473 pacis
1136 3403 1387 3460 Christus
1415 3413 1538 3471 est;
1588 3407 1666 3460 ait
1770 3421 1904 3478 quas
1936 3406 2067 3462 (iant
2106 3404 2355 3477 perit-eti.

65 3497 200 3550 enim
229 3513 242 3550 :
271 3495 469 3552 Pacem
505 3515 670 3552 meum
715 3498 780 3553 do
827 3499 985 3566 vobis,
1019 3516 1198 3569 pacem
1230 3517 1396 3555 meum
1428 3503 1664 3572 relinquo
1845 3500 2041 3574 (Yers.
2075 3500 2166 3557 “28.
2195 3500 2212 3572 )
2247 3499 2430 3554 Gratia
2457 3497 2670 3555 Domini
2709 3502 2875 3554 nostri
2908 3500 3035 3557 Iesu
3063 3502 3257 3557 Christi
3296 3519 3382 3558 va-

69 3590 197 3646 vobis
221 3589 394 3663 (Jorm
446 3607 538 3647 xw
560 3633 573 3659 ,
601 3591 716 3665 27).
749 3594 962 3665 Quippe
992 3610 1114 3650 cum
1147 3595 1332 3650 omnia
1359 3610 1480 3666 qum
1507 3596 1669 3652 habet
1771 3594 1989 3649 biscum.
2018 3594 2110 3650 Sic
2140 3592 2263 3648 illos
2293 3591 2344 3646 in
2380 3592 2536 3647 bonis
2568 3593 2828 3664 operibus
2859 3593 2972 3647 vult
3004 3595 3288 3664 prolicere;
3324 3604 3386 3651 ut

64 3680 232 3750 Pater,
259 3683 386 3739 Filii
412 3683 546 3750 sint,
580 3685 724 3740 hunc
755 3686 1099 3742 sanctiﬁcare
1128 3702 1228 3742 nos
1254 3698 1408 3758 Optat
1439 3691 1666 3758 Aposto—
1771 3689 1942 3759 gratia
1969 3685 2180 3742 Domini
2209 3685 2380 3740 nostri
2413 3685 2539 3741 Jesu
2566 3684 2774 3742 Christi
2802 3696 3119 3757 permaneat
3145 3689 3194 3742 in
3224 3687 3302 3744 cis
3331 3689 3384 3744 in

65 3773 178 3841 lus;
206 3786 288 3837 ,ιιι
336 3791 437 3832 nos
485 3777 718 3834 illustret
765 3779 964 3849 pietate
991 3780 1298 3835 clementia
1343 3797 1498 3846 sum,
1550 3791 1575 3818 ιι
1607 3791 1665 3837 et
1776 3791 2059 3836 aeternum.

132 3901 154 3928 ⁸
192 3893 402 3949 Omnes
423 3894 586 3960 edit.,
614 3905 660 3948 et
687 3909 836 3948 onme
862 3905 1031 3949 votum
1061 3914 1078 3950 :
1108 3909 1300 3952 omnes
1330 3911 1465 3950 tnss.
1494 3906 1539 3950 et
1564 3914 1764 3952 onmem
1794 3907 1986 3951 actum.

851 4011 854 4014 .
989 4011 1082 4034 .l.
1352 4011 1356 4016 .
1534 4015 1538 4017 .

99 4125 217 4208 IN
265 4125 630 4208 EPIST.
682 4126 779 4207 B.
831 4109 1190 4209 PAULI
1236 4120 1396 4206 AD
1442 4117 2613 4208 THESSALONICENSES
2659 4115 3344 4200 SECUNDAM.

1557 4267 1904 4286 ψει-..ι-

677 4371 1058 4431 PROLOGUS.
1786 4381 1908 4440 tres,
1943 4372 2081 4427 sicut
2110 4353 2328 4443 dign-um
2356 4379 2428 4424 est
2449 4387 2467 4436 ;
2517 4367 2761 4440 quoniam
2814 4369 3221 4440 superexcrcscit
3257 4365 3388 4442 [idea

131 4468 401 4539 Quoniam
448 4468 501 4523 in
551 4469 722 4538 prima
765 4468 994 4540 epistola
1040 4467 1106 4522 ad
1151 4459 1675 4523 Thessalonicenses
1702 4477 1754 4536 D
1782 4479 1976 4533 vestra,
2025 4477 2074 4521 et
2123 4457 2505 4535 multiplicatur
2550 4461 2778 4518 charitas
2822 4463 3226 4537 tmiuscujusque
3274 4482 3387 4522 ues-

67 4565 184 4619 data
209 4565 360 4619 inter
389 4567 587 4619 caetera
617 4561 780 4617 etiam
811 4561 879 4617 de
909 4562 1149 4618 adventu
1179 4557 1395 4616 Domini
1425 4557 1674 4630 quaedam
1787 4575 1923 4619 trum
1955 4561 2184 4618 omnium
2215 4564 2267 4617 in
2297 4579 2385 4616 vos
2431 4561 2663 4616 invicem.
2724 4559 2834 4616 Deo
2887 4575 2946 4617 se
2991 4559 3268 4616 debitores
3323 4560 3399 4617 de

65 4659 314 4730 scripsit,
349 4657 496 4714 etde
526 4657 927 4713 resurrcmione
955 4667 1304 4722 sanctorum;
1337 4665 1484 4710 mmc
1513 4655 1672 4709 aliam
1783 4660 1975 4715 horum
2029 4659 2273 4730 profectu
2323 4653 2376 4712 in
2425 4657 2728 4730 gratiarum
2770 4656 2985 4712 aetionc
3033 4657 3390 4726 proﬁtentur;

67 4751 251 4806 scribit
281 4749 348 4806 ad
371 4765 488 4816 eos,
517 4751 572 4805 in
599 4764 701 4822 qua
732 4749 1020 4821 signiﬁcat,
1048 4749 1182 4805 licet
1210 4747 1441 4804 obscure
1469 4756 1678 4818 (neque
1780 4765 1837 4809 et
1859 4763 1917 4808 ut
1943 4768 2048 4808 non
2072 4752 2467 4823 qualecumque
2485 4766 2610 4805 esse
2632 4749 2875 4804 debitum
2902 4749 3395 4806 ostenderetzsicut

67 4846 206 4902 enim
234 4851 432 4918 aperte
463 4847 636 4916 potuit
657 4845 942 4916 scribere),
972 4845 1040 4900 de
1067 4845 1366 4900 abolitione
1389 4845 1538 4914 regni
1569 4841 1680 4898 Ro-
1784 4844 1999 4916 dignum
2025 4851 2116 4910 est,
2146 4843 2254 4908 ait;
2282 4851 2338 4896 ut
2361 4857 2456 4911 pro
2481 4851 2585 4895 tam
2611 4839 2823 4896 inﬁnito
2855 4839 2998 4896 dono
3032 4855 3253 4912 magnas
3274 4855 3398 4910 gra-

72 4941 244 5009 mani,
279 4950 332 4996 et
362 4940 430 4995 de
461 4937 767 4995 antichristi
799 4935 1115 5010 apparentia
1146 4947 1197 4994 'et
1230 4931 1596 5007 damnatione,
1623 4946 1677 4992 et
1789 4938 1892 4992 tias
1921 4935 2237 4993 referendas
2267 4935 2375 4990 Deo
2403 4942 2750 4990 testarentur.
2791 4933 2920 4989 Post
2941 4945 3218 5006 acceptam
3252 4933 3394 4987 enim

70 5032 135 5091 de
159 5033 520 5107 quorumdam
551 5033 772 5089 fratrum
804 5031 1198 5104 inquietudine.
1789 5023 1952 5104 285
1973 5025 2513 5100 primamtepistoiam
2539 5026 2794 5084 meliores
2814 5041 2958 5094 esse,
2979 5041 3138 5096 quam
3158 5025 3395 5091 luerent,

587 5125 815 5184 CAPUT
858 5119 1148 5182 PRIMUM.
1795 5123 2168 5194 perstiterunt;
2185 5121 2256 5175 ita
2277 5119 2402 5175 utin
2420 5136 2484 5176 eo
2507 5119 2715 5190 copiosi
2730 5129 2782 5174 et
2797 5113 3136 5174 abundantes
3157 5109 3398 5170 videreu-

141 5223 333 5298 (γεγε.
369 5221 519 5292 1-5.)
551 5219 787 5287 Paulus,
816 5229 862 5274 et
894 5220 1157 5282 Silvanus,
1181 5229 1228 5274 et
1259 5209 1557 5275 Timotheus
1585 5217 1681 5274 Ec-
1796 5224 1884 5270 tur
1909 5259 1922 5284 ,
1959 5212 2101 5286 quod
2133 5222 2256 5285 post
2282 5211 2495 5267 Domini
2536 5223 2587 5266 et
2623 5211 2716 5298 Dei
2747 5210 3090 5298 devotionem
3137 5203 3400 5298 habemus

74 5294 241 5370 etesia:
287 5312 828 5368 Thessalonicensium
868 5312 920 5365 in
962 5309 1075 5366 Deo
1121 5311 1282 5365 Patre
1313 5321 1510 5378 nostra,
1552 5323 1599 5368 et
1628 5313 1683 5366 in
1798 5307 2203 5375 mandatum,ut
2231 5304 2523 5376 diligamus
2545 5320 2643 5360 nos
2672 5297 2920 5359 invicem.
2951 5294 3128 5373 (Joan.
3156 5295 3400 5372 surint.)

75 5407 298 5463 Domino
339 5401 472 5461 Iesu:
491 5403 716 5460 Christo.
753 5403 932 5460 Gratia
960 5404 1102 5459 vobis
1125 5414 1172 5459 et
1200 5415 1303 5476 pax
1332 5421 1362 5458 a
1389 5401 1500 5459 Deo
1527 5403 1686 5458 Patre
1873 5397 2201 5475 (Vers.4,5.)
2226 5399 2309 5455 Ita
2336 5409 2391 5454 ut
2422 5415 2516 5453 nos
2539 5398 2641 5470 ipsi
2671 5397 2735 5452 de
2762 5397 2903 5451 vobis
2917 5396 3199 5468 glorientur
3226 5395 3279 5448 in
3298 5387 3400 5448 Ec-

73 5512 274 5570 nostro,
323 5503 380 5557 ct'
417 5500 636 5555 ﬂumina
677 5497 805 5556 Jesu
836 5498 1062 5555 Christo.
1111 5497 1149 5556 S
1175 5499 1464 5556 ilemnibus
1504 5499 1687 5558 verbis
1800 5498 1974 5552 clesiis
2005 5493 2103 5550 Dei
2125 5512 2219 5568 pro
2236 5495 2483 5568 patientia
2516 5503 2684 5548 vestra
2709 5501 2753 5546 et
2775 5487 2878 5560 ﬁde
2901 5490 2954 5544 in
2983 5485 3402 5562 onmibusperse-

75 5593 348 5651 scribitad
379 5599 508 5658 eos;
539 5591 702 5647 solito
718 5593 860 5648 enim
879 5608 1030 5649 more
1053 5609 1365 5649 sermonum
1386 5603 1690 5665 caputcon«
1801 5589 2093 5646 cutionibus
2124 5590 2304 5644 vestris
2350 5588 2691 5659 etpressuris,
2718 5601 2845 5654 quas
2869 5581 3132 5638 sustinetis
3159 5583 3211 5637 in
3231 5600 3401 5639 exeru-

79 5690 282 5744 tinetur
297 5679 1690 5759 cpistoim:etidemipsitrcssunt,qttornmnomine
1805 5685 1950 5757 plum
1978 5686 2112 5755 justi
2139 5685 2323 5756 iudicii
2341 5681 2460 5751 Dei,
2499 5683 2663 5736 inhoc
2687 5679 2907 5753 ntdigm'
2932 5680 3402 5756 habeam‘iuireguo

79 5779 360 5843 scribitur,
392 5780 532 5831 sicut
558 5787 608 5830 et
637 5781 805 5846 prima
833 5779 1057 5850 epistola
1090 5779 1153 5850 (l
1183 5773 1362 5836 Thess.
1394 5797 1410 5834 ι
1436 5823 1449 5842 .
1488 5780 1511 5835 1
1541 5780 1580 5850 ).
1809 5781 1926 5844 Dei,
1953 5797 2046 5849 pro
2065 5796 2162 5850 quo
2186 5790 2230 5832 et
2256 5771 2774 5848 patimini.Gloriam
2805 5791 2926 5831 esse
2949 5792 3101 5832 suam
3129 5775 3181 5831 in
3210 5776 3400 5831 hormn

151 5873 367 5929 Gratias
409 5888 561 5943 agere
605 5871 841 5930 debemus
884 5873 993 5932 Deo
1031 5888 1230 5948 semper
1273 5873 1337 5932 de
1366 5875 1529 5946 vobis,
1578 5878 1693 5946 {rae
1809 5873 2229 5932 conversatione
2262 5880 2316 5927 et
2365 5867 2749 5941 persecutione
2781 5869 3015 5930 tolerata
3041 5873 3298 5940 testatur,
3346 5867 3402 5926 il
