3970 6316
599 273 707 330 455

1523 263 1616 323 AD
1652 264 1891 327 OPERA
1923 266 2166 325 SANCTI
2208 267 2537 329 AMBROSII
2576 269 2946 329 APPENDIX.
3732 275 3799 333 ibi

600 397 809 444 tantum
855 396 912 443 ut
942 385 1088 457 apud
1132 395 1361 444 caeteras
1404 384 1682 443 Ecclesias
1730 388 1979 458 exempla
2013 402 2199 444 eortim
2229 388 2276 450 Α
2307 399 2545 461 coeptum
2599 390 2664 446 ad
2719 391 3024 446 claritatem
3052 386 3275 444 Domini
3305 386 3475 444 nostri
3499 386 3610 445 Jesu
3630 387 3799 457 Christi;

596 484 971 554 proferantur;
1022 480 1406 537 utimitatione
1435 496 1628 537 eorum
1673 493 1924 538 crescant
1955 483 2008 537 in
2032 482 2201 538 devo-

594 576 744 632 tione
795 575 1108 646 p.tssionum
1144 591 1243 645 pro
1272 574 1578 642 Christo,et
1612 585 1923 632 mereantur
1940 575 2203 645 consequi

595 684 715 741 qure
766 670 1032 739 promissa
1062 675 1192 723 sunt
1237 669 1465 735 sanctis,
1502 669 1555 724 in
1587 669 1678 725 die
1705 670 1836 740 justi
1858 670 2048 740 judicii
2084 669 2205 736 Dei,

588 764 747 833 cujus
770 778 959 819 amore
982 763 1243 819 mundum
1267 779 1534 834 spernere
1549 778 1660 819 non
1687 764 2032 821 dubitarunt.
2069 763 2207 833 Ipsa:

596 857 745 913 enim
766 871 1039 929 pressurae
1052 857 1303 927 exempla
1326 857 1783 926 suntfuturorum
1808 858 2132 915 meritorum
2153 857 2205 911 in

593 952 711 1018 liis,
742 952 836 1024 qui
866 952 1173 1024 patiuntur,
1203 952 1270 1008 ad
1298 953 1528 1024 gloriam
1556 971 1569 1008 :
1605 953 1658 1009 in
1714 954 1823 1010 illis
1876 964 2079 1021 autem,
2114 952 2205 1024 qui

595 1062 1022 1117 persequuntur,
1059 1047 1128 1103 ad
1155 1047 1543 1114 perditionem.

667 1140 855 1214 (Vers.
885 1139 1031 1211 6-9.)
1076 1140 1348 1213 Siquidem
1377 1143 1581 1212 justum
1613 1151 1685 1196 est
1713 1141 1854 1213 apud
1907 1142 2073 1196 Deum
2128 1157 2210 1197 re-

595 1234 821 1288 tribuere
846 1234 946 1299 eis,
976 1234 1066 1304 qui
1109 1248 1199 1287 vos
1240 1234 1564 1305 deprimunt,
1606 1249 1905 1305 pressuram
1933 1250 1952 1288 :
1983 1243 2031 1288 et
2070 1234 2210 1289 vobis

602 1328 689 1396 qui
720 1328 1046 1399 aﬂlictionem
1070 1328 1361 1395 sustinetis,
1391 1329 1617 1399 requient
1648 1328 1911 1383 nobiscum
1935 1326 2210 1383 in'revela-

601 1421 742 1476 tione
774 1419 987 1475 Domini
1019 1419 1150 1475 Jesu
1196 1421 1259 1475 de
1301 1421 1430 1476 calo
1459 1436 1578 1475 cum
1619 1421 1818 1492 angelis
1867 1420 2071 1475 virtutis
2102 1420 2214 1491 ejus

605 1517 660 1572 in
688 1518 806 1589 igne
833 1518 1059 1588 ﬂamma:
1084 1516 1257 1571 dantis
1286 1516 1570 1571 vindictam
1614 1516 1669 1568 in
1709 1531 1817 1581 eos,
1846 1515 1936 1585 qui
1963 1531 2066 1569 non
2117 1529 2213 1567 no-

608 1618 788 1665 verunt
816 1608 1007 1672 Deum,
1041 1618 1090 1663 et
1120 1610 1175 1664 in
1224 1626 1309 1663 eos
1341 1610 1431 1678 qui
1461 1625 1565 1663 non
1591 1607 1880 1662 obaudiunt
1927 1604 2216 1677 Evangelia

604 1703 815 1760 Domini
838 1704 1000 1759 nostri
1027 1703 1058 1758 .l
1067 1720 1154 1759 esu
1185 1701 1403 1769 Christi,
1429 1703 1517 1770 qui
1555 1718 1732 1771 poenas
1759 1701 1954 1756 solvent
2002 1701 2056 1753 in
2085 1700 2217 1754 inte-

2308 493 2365 538 ut
2394 486 2805 554 perseverantia
2846 484 3240 554 discipulorum
3284 482 3631 538 testimonium
3655 484 3707 539 sit
3727 501 3803 541 ma-

2306 577 2476 647 gistro
2499 576 2565 631 ad
2594 576 2848 648 gloriam.
2878 577 3194 633 Auctoritas
3215 576 3360 632 enim
3386 578 3609 647 magistri
3630 578 3671 632 in
3690 579 3806 635 disci-

2308 668 2561 738 pulorum
2590 677 2678 726 est
2710 668 2929 737 ﬁducia,
2955 684 3076 726 cum
3107 684 3167 725 se
3185 669 3239 725 in
3263 676 3483 739 accepta
3504 670 3653 740 gratia
3670 669 3807 728 faciunt

2312 762 2611 835 digniores.

2937 855 3169 913 CAPUT
3210 854 3277 911 ll.

2384 949 2564 1021 (Vers.
2602 948 2745 1019 1-4.)
2786 949 3054 1023 Rogamus
3083 960 3257 1003 autem
3307 965 3416 1014 vos,
3449 950 3636 1017 fratres,
3656 969 3723 1022 per
3754 958 3810 1007 ad-

2312 1057 2521 1100 ventum
2551 1043 2765 1099 Domini
2792 1046 2960 1099 nostri
2986 1042 3113 1098 Jesu
3142 1043 3359 1111 Christi,
3414 1055 3460 1099 et
3488 1054 3655 1099 nostra
3672 1062 3811 1117 congre-

2312 1138 2535 1211 gationis
2565 1138 2619 1192 in
2649 1137 2824 1203 illum,
2857 1156 2920 1195 ne
2942 1138 3100 1208 facile
3124 1140 3434 1194 moveantini
3462 1156 3494 1192 a
3529 1156 3661 1195 sensu
3690 1152 3812 1208 vestro,

2315 1252 2478 1304 neque
2522 1235 2918 1300 conturbemini,
2964 1252 3126 1302 neque
3175 1251 3267 1302 per
3318 1236 3574 1307 spiritum,
3622 1252 3815 1305 nequepn

2316 1328 2547 1395 verbum,
2577 1345 2741 1396 neque
2764 1345 2855 1399 per
2881 1329 3155 1396 epistolam
3174 1339 3435 1395 tamquam
3460 1344 3491 1380 a
3510 1327 3640 1383 nobis
3660 1330 3816 1393 sanan,

2315 1424 2462 1492 quasi
2514 1424 2666 1477 instet
2708 1424 2817 1477 dies
2869 1422 3096 1477 Domini.
3156 1421 3239 1477 Ne
3284 1423 3401 1494 quis
3442 1439 3528 1477 vos
3562 1421 3817 1476 reducatslla

2317 1516 2503 1581 modo;
2545 1516 2786 1585 quoniam
2814 1516 2912 1570 nisi
2944 1516 3131 1570 venerit
3184 1516 3407 1586 defectio
3435 1516 3659 1587 primum,
3682 1526 3819 1571 urere-

2317 1610 2453 1665 latus
2484 1608 2640 1679 fuerit
2669 1607 2697 1647 δ
2728 1608 2879 1662 homo
2925 1607 3016 1661 ille
3044 1608 3261 1677 peccati,
3289 1606 3436 1676 ﬁlius
3468 1606 3741 1677 perditionis,
3768 1611 3820 1675 qui

2318 1702 2642 1768 adversatur,
2688 1709 2739 1755 et
2794 1699 3063 1755 extollitur
3110 1716 3269 1769 supra
3321 1716 3497 1765 omne,
3543 1699 3665 1769 quod
3700 1700 3822 1754 dicitur

608 1801 767 1855 ritum
808 1810 1058 1855 aeternum
1109 1817 1140 1852 a
1180 1799 1316 1871 facie
1344 1797 1581 1863 Domini,
1626 1805 1673 1851 et
1720 1814 1752 1850 a
1804 1795 1973 1867 gloria
2015 1793 2218 1848 virtutis
2246 1788 2294 1849 Β
2322 1794 2482 1861 Deus,
2514 1794 2767 1866 autquod
2797 1793 3027 1859 colitur;
3063 1795 3135 1846 ita
3164 1804 3218 1846 ut
3261 1794 3316 1847 in
3364 1794 3551 1861 templo
3570 1792 3656 1847 Dei
3696 1793 3822 1858 sedeat,

607 1894 742 1965 ejus.
770 1892 1042 1960 Quoniam
1064 1890 1380 1961 exemplum
1408 1889 1544 1959 justi
1591 1887 1784 1958 judicii
1816 1888 1908 1941 Dei
1952 1900 2217 1957 apparere

612 1986 749 2043 dixit
777 1986 893 2042 sive
924 1986 976 2040 in
1027 1985 1230 2051 bonos,
1284 1984 1399 2040 sive
1428 1984 1481 2039 in
1536 1983 1744 2047 malos;
1775 1982 1979 2037 idcirco
2024 1982 2217 2035 subse-

616 2092 779 2139 cutus
836 2082 911 2137 ait
956 2101 970 2136 ι
1034 2082 1304 2152 Siquidem
1345 2083 1548 2153 justum
1597 2087 1670 2131 est
1714 2077 1855 2150 apud
1900 2075 2108 2140 Deum;
2162 2083 2219 2129 ut

618 2175 811 2231 reddat
864 2174 1159 2245 unicuique
1190 2171 1492 2230 secundum
1542 2184 1709 2240 opera
1751 2185 1871 2223 sua.
1915 2167 2055 2236 Quid
2108 2176 2217 2221 tam

604 2269 838 2339 justum,
871 2282 1033 2338 quam
1059 2274 1120 2321 ut
1145 2266 1197 2319 hi
1229 2267 1319 2335 qui
1359 2265 1409 2318 in
1439 2262 1643 2319 saeculo
1675 2261 1991 2332 deprimunt
2020 2258 2217 2322 bonos,

615 2371 672 2417 et
701 2370 947 2417 extorres
993 2374 1091 2416 eos
1132 2357 1341 2413 faciunt
1382 2354 1884 2429 persecutionibus,
1936 2355 1988 2407 in
2037 2352 2221 2407 futuro

615 2454 808 2510 eadem
841 2453 1143 2524 patiantur,
1175 2466 1301 2523 quae
1344 2451 1551 2505 faciunt
1580 2466 1593 2502 :
1621 2448 1701 2503 illi
1732 2458 1913 2501 autem
1944 2455 2003 2501 ut
2026 2445 2137 2501 sint
2166 2445 2220 2499 in

615 2550 803 2622 requie
834 2563 958 2604 cum
982 2546 1200 2603 caeteris
1253 2545 1482 2611 sanctis,
1510 2544 1601 2615 qui
1653 2542 1722 2598 de
1748 2556 1943 2613 magna
1996 2539 2222 2595 tribula-

621 2644 771 2701 tione
813 2643 1122 2708 venientes,
1147 2654 1377 2711 regnum
1425 2634 1702 2706 accipient
1747 2646 2013 2691 aeternum
2042 2633 2096 2687 in
2129 2631 2224 2687 ad-

620 2745 789 2792 ventu
817 2733 1032 2789 Domini
1064 2732 1133 2787 de
1181 2731 1369 2795 ctelo;
1427 2743 1549 2785 cum
1579 2728 1807 2798 cteperit
1863 2725 2054 2780 venire
2095 2739 2218 2779 cum

618 2831 828 2888 caelesti
861 2830 1107 2885 exercitu
1163 2842 1263 2883 suo
1342 2834 1395 2880 et
1426 2824 1679 2880 ministro
1720 2822 1847 2894 igne
1876 2821 1943 2875 ad
1986 2818 2219 2875 dandam

619 2923 917 2979 vindictam
968 2919 1025 2975 in
1058 2932 1330 2990 paganos,
1362 2917 1450 2987 qui
1481 2917 1733 2987 ignorant
1775 2914 1949 2970 Deum
2002 2911 2218 2967 Patrem

622 3032 747 3072 esse
774 3014 904 3070 Jesu
930 3013 1136 3069 Christi
1161 3028 1176 3077 ;
1204 3018 1261 3067 et
1288 3009 1530 3076 Judaeos,
1559 3008 1649 3079 qui
1699 3006 1946 3063 dicentes
1967 3020 2026 3061 se
2048 3005 2218 3059 Deum

619 3107 782 3173 scire,
842 3120 949 3160 non
980 3103 1215 3159 credunt
1265 3099 1567 3171 Evangelio
1594 3097 1821 3167 Christi,
1871 3097 2014 3169 quod
2074 3096 2224 3151 dedit

2321 1895 2587 1942 ostentans
2616 1902 2670 1940 se
2698 1887 2889 1954 ipsum,
2924 1887 3072 1953 quasi
3118 1887 3187 1940 sit
3216 1883 3383 1940 Deus.
3417 1886 3662 1942 Obsecrat
3684 1900 3753 1941 eos
3784 1900 3823 1940 ne

2322 1983 2514 2039 leviter
2539 1992 2592 2037 et
2615 1981 2774 2037 facile
2803 1981 2873 2037 de
2898 1980 3135 2037 adventu
3164 1983 3316 2052 quasi
3345 1980 3666 2036 imminentis
3684 1980 3824 2034 Domini

2323 2076 2638 2145 opinionem
2695 2076 3005 2144 reciperent
3059 2092 3071 2127 :
3127 2084 3183 2129 et
3231 2074 3357 2129 talia
3404 2074 3500 2129 dat
3534 2072 3760 2139 mandata,
3794 2082 3826 2126 ut

2322 2169 2536 2225 etiamsi
2583 2183 2679 2239 per
2716 2168 2964 2238 spiritum
3012 2167 3211 2238 aliquis
3252 2167 3409 2221 velut
3462 2165 3703 2237 propheta
3724 2164 3828 2219 fuerit

2325 2262 2567 2330 locutus,
2599 2262 2746 2317 credi
2780 2262 2830 2318 ei
2864 2276 2972 2317 non
3003 2261 3237 2327 debeat;
3288 2277 3473 2329 neque
3510 2262 3553 2317 si
3584 2275 3667 2331 per
3703 2270 3829 2316 tracti-

2325 2366 2436 2412 tum
2468 2367 2563 2411 aut
2608 2372 2706 2426 per
2757 2356 3047 2426 epistolam
3081 2356 3303 2411 nomine
3360 2354 3506 2411 forte
3548 2354 3829 2425 apostolorum

2324 2452 2606 2521 scriptam,
2630 2464 2912 2505 assensum
2941 2450 3107 2522 286
3134 2448 3511 2505 tribuendum.
3542 2448 3708 2506 Solent
3739 2448 3827 2503 enim

2329 2548 2811 2617 tergiversatores,
2848 2557 2905 2601 ut
2962 2546 3174 2614 fallant,
3227 2546 3330 2602 sub
3386 2546 3605 2602 nomine
3632 2545 3737 2601 clari
3772 2544 3830 2598 ali

2324 2640 2479 2711 cujus
2516 2638 2617 2695 viri
2645 2640 2929 2711 epistolam
2972 2640 3213 2711 ﬁngere;
3246 2651 3308 2695 ut
3336 2641 3632 2697 auctoritas
3672 2638 3831 2694 nominis

2325 2734 2498 2803 possit
2542 2734 2955 2799 commendare,
3006 2734 3151 2804 quod
3186 2750 3285 2805 per
3319 2749 3383 2790 se
3412 2736 3583 2806 ipsum
3609 2734 3745 2804 recipi
3766 2749 3829 2787 non

2328 2835 2533 2897 posset.
2566 2826 2678 2883 Hoc
2702 2825 2847 2894 ideo,
2881 2843 2948 2882 ne
2985 2828 3103 2897 ipsa
3133 2828 3548 2897 perturbatione
3566 2828 3677 2884 dum
3701 2824 3831 2882 incauti

2327 2921 2725 2989 invenirentur,
2763 2929 2991 2993 possent
3014 2923 3203 2979 seduci
3248 2922 3317 2978 ad
3364 2922 3684 2979 adorandum
3707 2923 3828 2977 diabo

2326 3014 2461 3082 lum,
2491 3014 2581 3084 qui
2608 3014 2813 3069 idcirco
2842 3014 2959 3069 haec
2973 3014 3223 3086 jactabit,
3256 3025 3314 3070 ut
3336 3015 3445 3071 sub
3487 3015 3746 3072 Salvatoris
3772 3026 3831 3066 no-

2327 3107 2474 3161 mine
2499 3122 2790 3178 apparens,
2820 3123 2886 3163 ac
2912 3106 3107 3164 fallens
3138 3116 3361 3163 sanctos
3381 3150 3397 3176 ,
3448 3108 3575 3165 velit
3597 3123 3649 3165 se
3670 3106 3829 3169 adorari,

619 3200 698 3256 illi
730 3198 894 3254 Pater
923 3198 1088 3263 Deus,
1110 3206 1169 3252 ut
1194 3194 1439 3251 traderet
1466 3193 1640 3249 servis
1668 3193 1822 3248 suis?
1850 3191 2001 3261 Quos
2023 3205 2218 3247 omnes
2246 3189 2290 3252 C
2323 3208 2383 3253 ut
2410 3200 2649 3270 decipiat
2697 3201 2987 3256 credentes
3032 3202 3087 3256 in
3142 3201 3455 3257 Christum.
3506 3201 3609 3258 Sed
3644 3210 3690 3255 ut
3714 3200 3830 3254 locum

626 3291 918 3362 praesentia
974 3287 1212 3351 Domini,
1255 3298 1310 3343 et
1354 3285 1527 3359 gloria
1568 3285 1867 3357 majestatis
1910 3285 2031 3355 ejus
2081 3283 2220 3356 ignis

613 3395 839 3452 exuret;
873 3396 931 3441 ut
962 3385 1177 3441 debitas
1222 3385 1457 3441 reddant
1487 3398 1676 3454 paruas
1700 3383 1954 3439 interitus
1981 3383 2035 3437 in
2063 3392 2220 3436 teter-

623 3497 778 3547 num,
808 3489 834 3517 λ
866 3494 1083 3550 semper
1125 3478 1416 3548 patientes,
1467 3490 1574 3532 non
1624 3485 1808 3531 tamen
1843 3473 2060 3545 penitus
2087 3472 2223 3528 deﬁ-

625 3572 964 3640 cientes;ut
1012 3572 1128 3643 ipsa
1161 3585 1323 3641 poena
1376 3569 1502 3625 illos
1551 3566 1959 3641 quodammodo
1997 3574 2224 3637 generet

617 3681 860 3739 semper,
894 3682 1001 3736 quo
1028 3671 1444 3721 consumantur.

688 3760 875 3836 (Vers.
901 3759 1015 3833 10.)
1051 3760 1183 3815 Cum
1203 3760 1397 3814 venerit
1422 3755 1706 3827 clariﬁcari
1734 3756 1788 3809 in
1812 3756 2004 3809 sanctis
2019 3753 2148 3819 suis,
2170 3762 2218 3806 et

620 3853 895 3925 ntiriﬁcari
924 3854 978 3908 in
1000 3852 1236 3907 omnibus
1260 3852 1348 3923 qui
1369 3849 1728 3916 crediderunt;
1778 3848 1900 3920 quia
1936 3846 2093 3917 ﬁdem
2120 3847 2218 3900 Ita-

614 3950 722 4004 buit
748 3947 1094 4004 testimonium
1121 3955 1355 4001 nostrum
1367 3961 1523 4018 super
1547 3959 1637 4000 vos
1663 3944 1721 3998 in
1745 3944 1827 3998 die
1856 3942 1949 3997 illa
1973 3943 2219 3997 adventus

621 4041 856 4098 Domini.
884 4041 1163 4111 Duplicem
1187 4041 1436 4097 continet
1480 4056 1734 4107 sensum;
1786 4039 2045 4095 adveniet
2071 4039 2218 4095 enim

618 4136 812 4208 punire
843 4134 1042 4202 malos,
1075 4145 1129 4189 et
1154 4134 1460 4205 gloriﬁcare
1489 4135 1683 4190 bonos.
1715 4134 1837 4205 Ipse
1862 4134 2007 4189 enim
2036 4132 2220 4189 clarus

618 4238 674 4286 et
712 4229 979 4285 mirabilis
1003 4227 1275 4284 videbitur
1316 4228 1369 4283 in
1397 4242 1513 4296 eos,
1574 4229 1664 4297 qui
1694 4227 1927 4284 credunt
1966 4227 2218 4298 exemplo

617 4330 673 4376 et
702 4320 829 4376 ﬁdei
859 4322 1257 4390 apostolorum,
1289 4334 1411 4375 cum
1443 4319 1645 4375 fuerint
1666 4321 1936 4387 coronati,
1968 4321 2217 4375 testimo-

619 4416 772 4473 nium
805 4414 1067 4471 reddente
1093 4414 1202 4469 illis
1228 4412 1518 4484 Evangelio
1560 4414 1611 4468 in
1642 4412 1730 4469 die
1760 4414 1975 4469 Domini
2017 4429 2031 4466 :
2060 4427 2218 4469 seve-

617 4522 711 4564 rus
772 4514 954 4562 autem
995 4504 1277 4576 apparebit
1334 4505 1388 4560 in
1450 4504 1783 4572 incredulos,
1827 4519 1949 4560 cum
1994 4503 2217 4559 aeternis

2325 3302 2419 3348 ant
2447 3296 2798 3350 occasionem
2824 3294 3073 3361 fallendi,
3101 3310 3262 3366 quam
3285 3311 3345 3352 se
3383 3306 3536 3367 putat
3564 3296 3748 3356 habere.
3769 3308 3833 3345 non

2321 3385 2521 3443 habeat
2558 3388 3068 3458 impudentissimas
3110 3389 3363 3457 Satanas,
3427 3401 3633 3461 tempus
3673 3387 3832 3457 etsigna

2322 3478 2592 3535 adventus
2625 3480 2841 3536 Domini
2867 3481 3211 3552 designavit;
3236 3482 3363 3553 quia
3395 3497 3511 3538 non
3545 3484 3679 3554 prius
3716 3478 3834 3533 veniet

2323 3573 2609 3643 Dominus,
2638 3590 2802 3647 quam
2842 3576 2994 3647 regni
3025 3574 3260 3632 Romani
3301 3576 3542 3634 defectio
3567 3576 3669 3643 ﬁat,
3701 3583 3744 3630 et
3776 3585 3831 3639 ap

2322 3666 2911 3735 pareatantichristus,
2940 3668 3030 3738 qui
3072 3668 3362 3724 interﬁciet
3417 3681 3651 3733 sanctos,
3694 3665 3833 3722 reddiu

2322 3758 2584 3815 Romanis
2640 3761 2929 3830 libertate,
2961 3762 3064 3818 sub
3093 3778 3195 3818 suo
3227 3772 3409 3820 tamen
3442 3765 3671 3821 nomine.
3709 3760 3836 3816 Sciens

2319 3858 2463 3911 enim
2494 3865 2783 3911 venturum
2834 3857 3122 3912 Dominum
3177 3857 3244 3912 ad
3293 3872 3353 3914 se
3408 3856 3834 3931 comprimendum.

2322 3966 2517 4008 nomen
2572 3952 2690 4021 ejus
2742 3951 2848 4007 sibi
2903 3952 3188 4023 usurpabit
3246 3971 3260 4009 :
3303 3964 3358 4009 et
3411 3965 3472 4010 ut
3526 3967 3726 4024 regnum
3762 3946 3835 4016 ejus

2320 4059 2509 4101 verum
2556 4058 2679 4099 esse
2718 4044 3005 4112 videatur,
3065 4044 3307 4100 attrabet
3349 4060 3545 4101 secum
3607 4044 3686 4116 qui
3733 4037 3835 4096 simul

2320 4156 2444 4195 cum
2500 4156 2565 4196 eo
2605 4148 2867 4211 pereant;
2925 4140 2996 4195 ita
3027 4148 3085 4194 ut
3140 4140 3193 4195 in
3222 4139 3389 4195 domo
3433 4140 3641 4196 Domini
3686 4131 3835 4190 inside

2320 4230 2518 4288 sedeat
2566 4230 2825 4300 Christi,
2882 4241 2940 4288 et
2993 4233 3171 4302 ipsum
3220 4232 3393 4288 Deum
3421 4248 3481 4289 se
3500 4240 3731 4295 asserat,
3770 4240 3836 4280 ιιοιι

2319 4324 2516 4381 Filium
2544 4325 2660 4381 Dei.
2709 4325 2867 4381 Unde
2896 4325 2949 4380 in
2996 4324 3293 4398 Evangelia
3317 4326 3386 4381 ad
3417 4326 3634 4383 Judazos
3652 4323 3835 4379 Dominus

2318 4420 2395 4475 ait
2422 4436 2440 4475 :
2470 4418 2581 4492 Ego
2603 4421 2717 4475 veni
2742 4420 2796 4475 iu
2834 4421 3037 4476 nomine
3064 4419 3241 4476 Patris
3271 4423 3391 4486 mei,
3424 4433 3475 4478 et
3500 4440 3601 4478 non
3643 4436 3709 4474 me
3742 4429 3833 4469 rett—

2320 4514 2496 4582 pistis;
2518 4513 2563 4568 si
2583 4513 2719 4569 alius
2743 4514 2932 4568 venerit
2962 4515 3016 4569 in
3066 4515 3272 4570 nomine
3315 4532 3434 4583 suo,
3466 4516 3616 4571 illum
3649 4505 3834 4578 accipietis

614 4600 793 4673 poenis
838 4600 1108 4656 coarctari
1154 4599 1439 4670 cmperint.
1480 4597 1695 4655 Corona
1726 4600 1874 4655 enim
1923 4582 2294 4671 discipulo—D
2320 4606 2506 4676 (Joan,
2538 4622 2602 4673 ν,
2650 4606 2771 4679 45),
2819 4609 3190 4677 Quamobrem
3242 4625 3307 4666 ex
3336 4582 3743 4671 circumcisione,
3780 4608 3836 4653 aut

611 4709 734 4749 rum
764 4693 1008 4765 magistri
1031 4702 1115 4749 est
1160 4693 1355 4766 gloria,
1385 4702 1441 4750 et
1484 4694 1689 4749 veritas
1735 4693 1853 4763 ejus
1900 4694 2213 4750 incredulo-

615 4802 737 4842 rum
770 4793 856 4842 est
885 4799 1077 4857 paena;
1127 4786 1251 4857 quia
1278 4786 1422 4857 quod
1480 4786 1898 4858 praedicabatur,
1948 4802 2057 4842 non
2089 4801 2213 4842 creo

615 4882 869 4940 debatur.

688 4971 1115 5047 (Vers.,li,12.)
1135 4970 1199 5025 In
1227 4982 1387 5042 quoet
1400 4988 1607 5028 oramus
1637 4990 1837 5046 semper
1858 4991 1955 5045 pro
1968 4975 2128 5040 vobis,
2156 4984 2211 5029 ut

615 5086 701 5125 vos
724 5069 907 5141 dignos
929 5063 1113 5119 habeat
1135 5063 1399 5118 vocatione
1424 5080 1521 5119 sua
1546 5063 1686 5119 Deus
1708 5074 1901 5131 noster,
1932 5074 1979 5119 et
2000 5066 2212 5137 impleat

617 5162 756 5219 omni
780 5160 971 5234 placito
1006 5156 1270 5225 bonitatis,
1304 5166 1351 5212 et
1381 5174 1536 5229 opere
1560 5158 1685 5228 ﬁdei
1732 5160 1787 5214 in
1814 5160 2033 5226 virtute;
2062 5160 2135 5214 ita
2158 5168 2213 5213 ut

609 5257 921 5317 clariﬁcetur
943 5267 1133 5308 nomen
1157 5248 1370 5304 Domini
1396 5252 1560 5304 nostri
1588 5253 1620 5304 J
1628 5268 1716 5306 esu
1738 5249 1930 5306 Christi
1956 5253 2013 5305 in
2044 5251 2209 5321 vobis,

604 5357 653 5405 et
677 5364 765 5404 vos
788 5348 842 5402 in
870 5348 985 5417 ipso
1010 5344 1293 5400 secundum
1315 5342 1541 5414 gratiam
1562 5341 1662 5397 Dei
1694 5344 1877 5411 nostri,
1907 5353 1956 5399 et
1996 5343 2212 5401 Domini

607 5441 739 5498 Iesu
776 5441 990 5497 Christi.
1017 5439 1229 5497 Gaudio
1258 5438 1413 5494 addit
1438 5446 1493 5493 et
1531 5452 1743 5510 preces,
1786 5449 1845 5494 ut
1876 5440 2000 5511 quia
2029 5441 2213 5498 devoti

610 5542 759 5601 sunt,
791 5533 1043 5602 dignetur
1064 5531 1208 5589 Deus
1229 5530 1489 5603 adjuvare
1512 5545 1627 5597 eos,
1660 5544 1714 5585 ut
1747 5530 2036 5602 perﬁciant
2071 5548 2209 5605 opus

681 5660 707 5688 λ
739 5649 819 5705 lta
864 5650 1237 5722 mss._‘plures
1289 5649 1841 5722 potioresquezcdit.
1902 5665 2032 5707 vero
2078 5666 2202 5707 cum

605 5721 733 5851 alii;
762 5735 895 5778 mss.
918 5720 1265 5791 quibusdam,
1292 5720 1495 5795 semper
1519 5720 1811 5781 sentientes.
1846 5722 2021 5778 Minus
2052 5738 2201 5779 com-

606 5810 696 5851 mo
736 5808 787 5851 e.

606 5808 787 5858 moue.

2320 4701 2704 4756 circumcisum
2754 4700 2904 4756 illum
2950 4703 3139 4758 venire
3178 4703 3508 4773 sperandum
3562 4710 3673 4765 est;
3718 4704 3761 4751 ut
3794 4690 3835 4745 sit

2318 4791 2522 4848 Judaeis
2551 4791 2810 4849 credendi
2842 4794 2921 4849 illi
2946 4794 3164 4851 ﬁducia.
3206 4796 3393 4867 Itaque
3419 4812 3544 4852 cum
3572 4783 3835 4851 Thessaloni-

2316 4884 2574 4942 censibus
2625 4885 2820 4941 scribit
2856 4886 3174 4957 Apostolus,
3207 4888 3371 4946 docet
3400 4902 3592 4946 omnes
3638 4888 3683 4943 in
3710 4879 3833 4939 rebu-

2315 4975 2621 5047 juscemodi
2648 4986 2839 5034 cautos
2870 4994 2995 5035 esse
3028 4980 3250 5037 debere.

2392 5069 2577 5143 (Vers.
2634 5068 2687 5135 5,
2722 5069 2804 5143 6.)
2843 5071 3030 5126 Annon
3078 5075 3383 5130 meministis
3432 5076 3571 5149 quod
3612 5089 3683 5127 me
3722 5066 3833 5123 aditi

2316 5163 2461 5234 apud
2489 5178 2578 5216 vos
2595 5175 2799 5235 agente,
2827 5175 2849 5203 ο
2879 5166 2987 5220 [nec
3015 5167 3247 5222 dicebant
3291 5169 3475 5224 vobis?
3504 5168 3573 5224 Et
3606 5182 3723 5223 nunc
3756 5156 3834 5231 quid

2316 5258 2568 5325 detineat,
2592 5259 2733 5314 scitis
2760 5260 2865 5314 :ad
2918 5262 3014 5315 hoc
3062 5272 3119 5316 ut
3148 5264 3399 5319 reveletur
3425 5265 3513 5320 ille
3559 5264 3611 5319 in
3637 5276 3716 5317 suo
3753 5268 3835 5308 ιαπ-

2315 5366 2460 5422 pore.
2521 5351 2639 5405 Hoc
2689 5365 2980 5423 superesse
3034 5353 3188 5423 dicit,
3227 5365 3285 5410 ut
3330 5357 3607 5412 reveletur
3648 5352 3739 5415 ille,
3776 5340 3833 5411 φιλ

2314 5453 2439 5500 ante
2480 5442 2767 5499 Dominum
2800 5456 3063 5501 venturus
3092 5456 3210 5515 est;
3239 5457 3296 5503 ut
3313 5448 3423 5520 jam
3448 5456 3684 5521 speretur
3702 5450 3746 5497 et
3769 5438 3834 5491 DO-

2316 5537 2496 5591 minus
2536 5544 2818 5603 venturus,
2879 5537 3024 5609 quod
3077 5554 3243 5610 supra
3294 5542 3453 5612 quasi
3499 5540 3599 5596 sub
3634 5528 3833 5592 velamine

3379 5656 3522 5727 [ilius
3540 5652 3761 5727 interitus-

2382 5651 2411 5692 δ
2441 5652 2602 5709 Rom.
2637 5653 2806 5722 edim,
2853 5655 3005 5710 homo
3028 5654 3340 5722 iniquitatis,

3124 5721 3393 5785 icebant’ur
3436 5727 3610 5784 vobis?
3650 5721 3709 5778 Et
3742 5726 3831 5771 nunc

2383 5737 2405 5763 ε
2447 5724 2678 5792 Quidam
2717 5741 2871 5791 mss.,
2931 5728 3041 5783 lucc

2306 5796 2448 5853 latet.
2486 5797 2647 5868 Quid,
2670 5805 2776 5854 etc.
