3970 6316
161 323 257 382 457
661 310 1163 370 COMMENTARIA
1204 310 1269 367 IN
1313 311 1532 368 EPIST.
1576 314 1669 368 AD
1709 313 2422 378 TliESSALUNlCENSES
2461 321 2857 378 SECUNDAM.
3314 327 3421 382 458

154 441 312 499 {actus
353 443 430 492 est
459 475 473 500 ,
524 431 712 488 dicens
745 450 759 488 :
789 432 909 487 Nisi
962 433 1155 488 uenerit
1185 433 1403 504 defeetio
1454 434 1708 504 primttnt;
1736 434 1788 496 Α
1887 434 2068 509 (Vers.
2104 440 2194 507 η,
2229 441 2340 512 15.)
2367 440 2480 496 Nos
2510 458 2626 498 vero
2656 444 2896 498 debemus
2921 445 3118 515 gratias
3143 462 3296 516 agere
3318 446 3428 501 Deo

154 549 298 609 quam
350 528 491 602 regni
538 527 766 583 Romani
813 528 1169 585 abolitionem
1221 529 1473 597 superius
1517 527 1717 583 inlelli-
1817 546 2017 603 semper
2042 532 2106 587 de
2128 533 2288 600 vobis,
2320 538 2508 606 fratres
2533 537 2756 590 dilectio
2784 534 3033 604 Domino,
3079 539 3200 607 quia
3227 555 3428 593 assum-

155 628 365 701 gendam
405 623 732 690 memoravi;
769 633 837 678 ut-
883 639 1003 679 cum
1055 622 1342 690 defecerit,
1395 634 1450 680 et
1507 623 1720 680 venerit
1819 623 1918 694 psit
1942 641 2030 680 vos
2060 624 2203 681 Deus
2229 629 2538 698 aprincipio
2560 629 2630 683 ad
2657 629 2897 696 salutem,
2952 631 3009 684 in
3057 631 3430 701 sanctiﬁcatio-

153 723 504 785 antiehristus,
529 730 654 776 tunc
679 720 949 776 adventus
973 720 1189 776 Domini
1218 721 1408 776 venire
1434 720 1711 776 credatur.
1819 733 1934 771 nem
1961 720 2197 791 spiritus,
2229 731 2275 774 et
2304 722 2461 792 ﬁdem
2484 723 2802 787 reritatis,in
2827 740 2981 793 quam
3003 724 3200 779 uocauit
3222 739 3308 778 vos
3337 739 3425 791 per

216 816 386 890 (νει-8.
419 815 496 887 7.)
536 813 674 868 Nam
715 815 1015 886 mysterium
1059 814 1175 884 jam
1225 823 1469 886 operatur
1518 813 1716 883 iniqui-
1821 812 2162 886 Erangelium
2193 826 2426 871 nostrum
2454 817 2509 871 in
2552 818 2948 889 acquisitionem
2987 819 3171 888 gloria:
3213 817 3421 873 Domini

152 911 281 975 tatis,
313 919 502 963 tantum
534 916 586 961 ut
613 908 701 977 qui
730 924 867 961 nunc
891 915 1049 972 tenet,
1077 918 1273 971 teneat,
1297 905 1634 976 quoadusque
1657 905 1720 959 de
1820 910 1986 963 nostri
2012 908 2142 965 Jesu
2188 909 2400 966 Cltristi.
2439 911 2554 967 Hoc
2584 913 2704 967 loco
2735 914 3079 982 prmseietttia
3109 913 3203 968 Dei
3240 929 3420 982 perso

151 1005 306 1063 medio
352 1003 460 1075 ﬁat.
518 1002 834 1075 Mysterium
893 1001 1201 1072 iniquitatis
1249 1018 1278 1055 a
1317 1001 1536 1057 Nerone
1567 1001 1719 1056 ince-
1822 1011 1935 1066 nat,
1971 1003 2096 1069 quia
2129 1004 2231 1059 scit
2261 1005 2503 1059 omnium
2535 1014 2746 1061 mentes
2769 1015 2896 1061 ante
2949 1006 3286 1061 nativitatem
3335 1022 3429 1061 eo-

150 1112 286 1174 ptum
309 1109 411 1167 est,
435 1100 522 1166 qui
549 1099 670 1154 zelo
699 1097 971 1153 idolorum
1000 1099 1284 1168 apostolos
1309 1097 1605 1164 interiecit,
1639 1097 1720 1152 in-
1823 1111 1940 1150 rum
1969 1113 1983 1162 ;
2017 1112 2117 1152 nec
2145 1098 2289 1152 enim
2324 1097 2454 1152 latet
2483 1098 2657 1163 illum,
2694 1099 2783 1169 qui
2813 1098 3074 1154 credituri
3129 1109 3278 1154 sunt.
3340 1100 3426 1155 ld-

146 1196 366 1264 stigante
414 1200 564 1262 patre
593 1205 694 1244 sno
729 1190 968 1255 diabolo,
1005 1204 1177 1258 usigue
1201 1190 1265 1245 ad
1305 1189 1719 1255 Diocletianum,
1823 1191 1970 1246 circo
1999 1208 2027 1245 a
2062 1192 2327 1260 principio
2348 1194 2451 1248 scit
2483 1192 2582 1248 hos
2617 1193 2803 1249 lideles
2833 1194 2968 1260 fore,
3019 1195 3108 1264 qui
3144 1195 3434 1250 credentes

147 1297 197 1343 et
223 1285 508 1340 novissime
537 1283 836 1347 Jttliattutn,
867 1285 955 1353 qtti
1007 1293 1125 1338 arte
1154 1283 1386 1353 quadam
1416 1296 1471 1338 et
1510 1282 1724 1337 sulitili-
1823 1293 2169 1354 augmentum
2203 1286 2328 1340 lidei
2358 1285 2582 1350 iaciunt,
2611 1303 2716 1341 non
2745 1287 3166 1351 detrimentum;
3225 1290 3432 1342 sancti-

145 1387 244 1436 tate
279 1387 503 1448 emptam
555 1376 990 1448 persecutionem
1052 1376 1280 1447 implere
1347 1393 1450 1430 non
1505 1376 1718 1446 potuit;
1828 1377 1968 1430 licati
2024 1377 2167 1432 enim
2212 1395 2311 1450 per
2361 1379 2523 1435 tidem
2551 1380 2796 1436 veritatis
2850 1380 3126 1452 Evangelii
3158 1380 3279 1436 Filii
3309 1381 3431 1439 Dei.

145 1475 255 1546 quia
283 1473 512 1542 desuper
539 1487 865 1528 concessum
907 1488 1012 1526 non
1058 1472 1251 1526 fuerat.
1292 1471 1386 1525 llis
1429 1470 1572 1525 enim
1623 1470 1722 1524 tni-
1827 1478 2183 1546 acquiruntur
2209 1478 2274 1532 ad
2305 1489 2658 1547 augmentum
2687 1480 2875 1550 gloria:
2903 1480 3154 1550 corporis
3203 1479 3433 1543 Christi,

145 1569 318 1628 nistris
340 1569 507 1624 utitur
535 1568 770 1626 Satanas
795 1611 808 1634 ,
841 1577 899 1623 ιιι
925 1568 1144 1622 interim
1176 1567 1278 1622 sub
1310 1566 1465 1622 turba
1491 1565 1722 1621 deorum
1826 1568 1969 1623 sicut
1992 1581 2042 1624 et
2074 1569 2128 1624 itt
2158 1570 2259 1624 alia
2287 1572 2517 1641 epistola
2548 1573 2622 1625 ait
2654 1589 2667 1624 :
2696 1581 2752 1624 ut
2780 1580 3056 1637 crescant,
3087 1571 3284 1642 inquit,
3317 1586 3436 1626 om-

144 1664 204 1720 ad
232 1662 564 1719 seducettdos
619 1661 874 1717 homines
917 1661 1078 1716 unius
1111 1660 1224 1716 veri
1270 1661 1360 1715 Dei
1409 1658 1724 1715 mauil‘esta-
1830 1662 1916 1715 nia
1949 1663 2000 1716 in
2032 1663 2432 1720 incrementum
2467 1665 2564 1720 Dei
2599 1665 2823 1736 (Coloss.
2855 1683 2912 1732 tt,
2948 1667 3065 1738 19).
3096 1667 3436 1735 Quicumque

144 1757 280 1813 tione
307 1756 516 1820 illudat,
550 1756 813 1828 quamdiu
862 1755 1079 1811 steterit
1107 1771 1334 1826 regnum
1391 1755 1722 1820 Romanum,
1830 1756 2000 1822 enim,
2034 1756 2256 1812 deserto
2287 1757 2529 1824 diabolo,
2561 1758 2876 1830 confugiunt
2911 1761 2975 1812 atl
3019 1759 3176 1814 ﬁdem
3209 1759 3439 1825 Christi,

143 1848 238 1906 hoc
267 1858 366 1917 est,
395 1850 535 1922 quod
568 1850 704 1906 dicit
739 1869 752 1904 :
782 1849 956 1905 Donec
979 1851 1043 1903 de.
1070 1851 1237 1903 medio
1268 1851 1382 1919 ﬁat.
1757 1830 1800 1890 Β
1830 1863 2184 1920 augmentum
2211 1854 2418 1909 faciunt
2450 1855 2562 1912 Deo
2590 1855 2643 1909 iu
2657 1870 2887 1926 corpore
2913 1854 3138 1922 Christi,
3168 1857 3258 1927 qui
3289 1857 3441 1926 prius

205 1939 378 2012 (Vers.
413 1942 466 2006 8,
498 1939 582 2012 9.)
624 1938 688 1994 Et
714 1951 835 1994 tunc
865 1939 1170 1994 revelabitur
1192 1940 1281 1994 illc
1306 1941 1536 2010 iniquus,
1578 1957 1727 2010 quem
1830 1946 2073 2004 {ecetam
2099 1949 2512 2004 ἀειιῖιηρηιωη,

140 2033 379 2090 Dominus
403 2032 560 2090 Jesus
600 2035 873 2103 inter/ieiet
901 2036 1088 2106 spiritu
1119 2037 1222 2090 oris
1267 2037 1368 2101 sui,
1411 2047 1457 2089 et
1502 2037 1728 2089 destruet
1905 2041 2084 2110 (Vers.
2117 2042 2230 2114 Η.)
2253 2041 2457 2111 Itaque,
2492 2045 2715 2112 fratres,
2748 2055 2911 2112 state,
2945 2055 2990 2099 et
3017 2055 3183 2100 tenete
3207 2045 3445 2099 traditio-

137 2129 469 2184 illustratione
511 2133 802 2198 praesentia:
847 2145 956 2184 sua!
999 2145 1017 2182 :
1056 2132 1208 2202 cujus
1239 2140 1312 2183 est
1359 2129 1609 2184 adventus
1652 2146 1731 2183 se-
1832 2150 1920 2188 nes
1946 2146 2184 2201 nostras,
2215 2153 2345 2203 quas
2375 2136 2630 2190 didicistis
2658 2138 2761 2190 sive
2791 2155 2880 2206 per
2929 2139 3166 2205 uerbum,
3209 2140 3316 2193 sive
3353 2156 3445 2211 per

140 2224 352 2278 cundum
379 2225 734 2295 operationem
766 2223 982 2279 Satauw
1005 2266 1018 2288 ,
1071 2225 1126 2277 in
1174 2225 1312 2277 ontni
1354 2233 1635 2295 potestate,
1685 2232 1731 2276 et
1833 2227 2102 2297 epistolam
2128 2239 2376 2283 nostram.
2412 2229 2480 2285 Ut
2511 2230 2849 2299 pra~sriettlia
2883 2231 2978 2285 Dei
3010 2242 3227 2286 maneat
3259 2233 3311 2286 itt
3353 2247 3444 2285 sa-

138 2319 287 2390 signis
329 2328 376 2372 et
421 2319 676 2388 portentis
726 2317 1002 2372 mendacii.
1059 2317 1190 2372 Post
1249 2317 1525 2371 delectum
1577 2312 1734 2385 regni
1832 2321 2004 2378 lutem
2037 2323 2278 2388 illorum,
2315 2324 2518 2379 idcirco
2548 2325 2601 2378 itt
2646 2326 2936 2379 traditione
2979 2326 3260 2395 Evangelii
3293 2336 3443 2380 stau-

140 2411 356 2468 “ultumi
395 2414 774 2483 appariturum
825 2411 1208 2467 anticltristum
1255 2411 1409 2477 dicit,
1455 2412 1596 2466 sicut
1621 2427 1734 2466 me-
1835 2415 1964 2470 dum
2013 2433 2077 2472 ac
2109 2418 2570 2487 perseverandum
2605 2431 2826 2482 monet;
2864 2428 2921 2471 ttt
2950 2419 3172 2472 solliciti
3204 2419 3347 2480 sint,
3380 2435 3447 2472 ne

139 2516 396 2562 moratum
440 2513 550 2561 est.
580 2505 890 2561 Novissima
933 2506 1078 2560 enim
1111 2516 1356 2575 tempore
1402 2506 1582 2560 sciens
1612 2504 1732 2558 dia-
1835 2507 2043 2562 desidia
2081 2519 2138 2564 et.
2185 2510 2297 2562 otio
2347 2519 2624 2578 torpentes
2671 2510 2722 2564 itt
2761 2510 3022 2580 operibus
3055 2511 3176 2571 Dei.
3210 2528 3317 2566 non
3351 2514 3446 2566 im-

140 2599 288 2656 bolus
335 2601 631 2657 imminere
675 2600 778 2656 sibi
831 2600 1144 2668 interitum;
1202 2599 1495 2655 deliciente
1551 2606 1734 2652 autem
1837 2601 2024 2670 pleant
2053 2601 2198 2670 quod
2225 2610 2532 2673 C(Pperuut.
2566 2603 2658 2658 Sic
2687 2605 2831 2658 enim
2879 2605 3095 2673 praescit
3141 2606 3366 2661 credere
3395 2614 3455 2661 et

140 2709 300 2765 regno
330 2693 608 2760 Romano,
636 2703 691 2749 et
721 2694 812 2750 ille
851 2693 922 2749 de
973 2694 1130 2750 caelis
1156 2695 1404 2748 mittetur
1450 2693 1735 2757 deorsum,
1839 2708 2000 2763 p0sse
2033 2709 2276 2762 manere,
2309 2695 2353 2748 si
2387 2697 2578 2749 crebra
2610 2695 2989 2751 admonitione
3021 2697 3325 2765 pulsentur.

140 2787 406 2858 projectus
437 2790 490 2844 itt
517 2799 722 2846 terram
755 2788 938 2862 (sicut
969 2788 1172 2842 dictum
1205 2797 1289 2842 est
1327 2788 1381 2841 itt
1407 2786 1738 2858 Apocalypsi
1913 2787 2096 2859 (Vers.
2136 2788 2222 2854 '15,
2253 2785 2366 2845 16.)
2396 2788 2522 2860 Ipse
2563 2800 2731 2844 autent
2781 2789 3040 2844 Dominus
3080 2801 3251 2844 noster
3299 2789 3453 2847 Jesus

138 2880 358 2938 Joannis
380 2882 646 2956 apostoli)
674 2882 999 2938 suborttabit
1020 2882 1122 2937 sibi
1155 2881 1210 2936 itt
1239 2898 1346 2952 qtto
1371 2890 1426 2936 et
1450 2897 1546 2952 per
1575 2895 1740 2950 quem
1839 2879 2076 2936 Christus
2101 2923 2116 2948 ,
2150 2892 2198 2937 et
2229 2881 2370 2937 Deus
2415 2899 2478 2936 ac
2508 2882 2669 2938 Pater
2699 2895 2894 2951 noster,
2927 2885 3012 2956 qui
3043 2885 3226 2940 dilexit
3257 2903 3370 2951 nos,
3401 2897 3452 2940 et

139 2979 283 3049 signa
315 2980 568 3048 quatdam
620 2977 842 3033 virtutis
889 2979 1156 3049 permissu
1193 2976 1326 3048 justi
1383 2977 1475 3031 Dei
1509 2975 1737 3041 iaciens,
1843 2975 1982 3032 dedit
2009 2977 2412 3031 consolationem
2436 2987 2718 3045 aeternam,
2749 2989 2795 3032 et
2825 2996 2966 3049 spem
3015 2980 3202 3034 bonant
3247 2981 3300 3034 in
3328 2998 3453 3050 gra-

136 3085 192 3127 se
217 3074 594 3141 commendet,
625 3083 683 3128 ιιι
710 3072 991 3140 adoretur,
1023 3071 1179 3143 quasi
1223 3073 1296 3126 sit
1341 3071 1500 3126 Deus.
1551 3069 1738 3124 ltnita-
1846 3073 1956 3136 tia;
1987 3071 2281 3127 consulitur
2310 3074 2467 3127 corda
2492 3085 2680 3137 uestra,
2711 3083 2756 3128 et
2782 3074 3013 3129 stabiliat
3045 3076 3099 3128 in
3127 3075 3265 3128 omni
3299 3090 3455 3142 apere

137 3162 276 3222 bitur
297 3167 443 3221 enim
479 3169 674 3235 Dottm,
733 3176 790 3222 ut
843 3167 983 3221 sicut
1034 3165 1204 3221 Filius
1245 3165 1339 3219 Dei
1391 3162 1733 3218 divinitatem
1770 3226 1804 3235 _
1845 3173 1891 3218 et
1919 3163 2070 3218 verba
2111 3164 2264 3220 bona.
2300 3165 2564 3232 Quoniam
2602 3166 2763 3221 Pater
2792 3177 2846 3222 et
2886 3166 3060 3224 Filius
3091 3183 3194 3221 uua
3239 3168 3410 3222 virtus
3437 3209 3452 3230 ,

136 3275 282 3317 snam
311 3262 482 3320 homo
513 3273 674 3318 natus
699 3263 787 3318 vel
816 3261 992 3318 factus
1021 3261 1192 3332 signis
1232 3277 1296 3316 ac
1319 3260 1608 3316 virtutibus
1641 3260 1736 3316 de-
1760 3226 1806 3290 Ο
1843 3276 2059 3329 unaque
2097 3262 2355 3317 divinitus
2398 3273 2450 3318 et
2498 3264 2802 3318 substantia
2846 3273 2964 3330 est,
2995 3261 3120 3317 ideo
3161 3278 3266 3317 non
3299 3263 3454 3318 dubi-

138 3358 494 3424 monstravit;
543 3357 616 3413 ita
643 3367 698 3412 et
728 3358 961 3415 Satanas
993 3357 1044 3410 itt
1079 3354 1303 3412 homine
1352 3355 1655 3426 apparebit,
1683 3364 1740 3410 ut
1845 3357 1978 3409 tavit
2000 3354 2175 3426 primo
2213 3355 2500 3410 Dominum
2530 3368 2776 3411 nosuum
2809 3356 2996 3412 Jesum
3038 3355 3318 3414 Christum
3350 3376 3453 3415 no-

135 3450 426 3508 virtutibus
455 3452 729 3508 mendacii
762 3451 1016 3508 ostendat
1040 3467 1100 3507 se
1152 3451 1349 3517 Deum,
1391 3451 1534 3505 sicut
1576 3465 1740 3520 supra
1843 3448 2078 3516 minare,
2112 3448 2313 3504 deinde
2348 3448 2520 3505 Deum
2559 3449 2775 3506 Patrem
2835 3463 3084 3506 nostrum
3140 3452 3457 3524 dignatione

134 3544 332 3602 dictum
363 3557 470 3603 est.
499 3547 789 3603 Revelatio
831 3561 964 3602 vero
1015 3545 1264 3618 ntyStet-ii
1293 3544 1596 3613 iniquitatis
1626 3544 1742 3599 hinc
1843 3542 1988 3613 ejus,
2035 3558 2141 3599 non
2185 3544 2414 3599 veritate
2461 3552 2670 3600 natura:
2719 3563 2731 3598 :
2779 3548 2870 3616 qui
2933 3545 2985 3600 itt
3013 3557 3220 3600 tantum
3265 3547 3455 3602 dilexit

133 3649 242 3708 est;
268 3657 392 3698 cum
422 3643 579 3698 enim
610 3642 928 3712 apparuerit
953 3640 1332 3706 antichristus,
1365 3649 1739 3711 cognoscetur
1844 3651 1970 3701 MS,
2005 3647 2063 3691 ut
2087 3635 2281 3691 Filium
2309 3651 2466 3691 suum
2490 3638 2647 3694 daret
2680 3655 2777 3708 pro
2809 3638 2968 3693 nobis
2995 3639 3187 3709 (Joan.
3221 3655 3300 3706 III,
3337 3641 3452 3709 lli).

135 3734 248 3806 ipse
276 3753 403 3795 esse
429 3737 596 3810 quasi
635 3753 827 3794 eorum
867 3737 1033 3804 Deus,
1063 3751 1203 3808 quos
1233 3736 1385 3808 prius
1433 3747 1566 3791 nutu
1622 3736 1741 3807 ejus
1845 3727 2014 3783 Deum
2060 3743 2156 3799 ρτο
2210 3729 2558 3797 ﬂuminibus.
2594 3746 2694 3799 PI'O
2745 3730 2920 3786 εθτνίδ
2967 3730 3255 3786 Dominum
3289 3772 3302 3795 ς
3358 3747 3455 3802 pro

132 3839 190 3885 ut
225 3829 359 3887 deos
400 3832 579 3889 coluit
610 3832 824 3902 vulgus,
858 3847 1093 3902 quorum
1141 3831 1212 3886 sit
1254 3831 1374 3900 ipse
1415 3831 1623 3900 primus
1651 3839 1744 3884 aut
1843 3821 2116 3892 adOpIivis
2146 3822 2342 3878 Filium
2382 3839 2608 3889 verum;
2643 3835 2702 3878 ut
2743 3840 2892 3879 mors
2939 3824 3058 3896 ejus
3105 3826 3213 3879 vita
3264 3834 3452 3880 nostra

133 3937 398 3990 summus,
431 3924 585 3998 quod
615 3925 895 3998 signorum
938 3925 1236 3980 virtutibus
1265 3924 1426 3981 faciet
1451 3924 1701 3980 credibilt

1885 3915 1912 3970 it
1933 3956 1947 3982 ,
1970 3925 2026 3971 et
2058 3919 2385 3972 resurrectio
2418 3915 2535 3987 ejus
2561 3916 2876 3987 justiticatio
2933 3925 3152 3984 nostra,
3182 3917 3453 3975 secundus

131 4013 258 4073 ideo
286 4035 426 4076 vero
461 4030 721 4089 portenta
750 4019 1016 4076 mendacii
1044 4018 1202 4085 dixit,
1237 4017 1364 4088 quia
1395 4017 1498 4072 hoc
1546 4031 1604 4073 se
1629 4018 1744 4074 vult
1843 4020 2023 4064 autem
2075 4009 2337 4066 adventus
2383 4009 2501 4081 eius
2552 4010 2767 4082 requies
2794 4012 2916 4066 vitae
2947 4021 3170 4080 nostra),
3199 4021 3255 4068 et
3280 4011 3452 4084 glotia

132 4110 276 4166 credi
303 4127 407 4184 per
430 4112 616 4184 signa,
645 4111 791 4183 quod
835 4127 940 4167 non
969 4121 1084 4178 est;
1110 4124 1169 4166 ut
1193 4109 1428 4182 decipiat
1467 4124 1610 4182 quos
1637 4111 1745 4166 cir-
1843 4105 1897 4160 in
1925 4117 2187 4161 aeternum
2213 4122 2227 4172 ;
2267 4115 2324 4160 ut
2354 4106 2456 4161 ista
2475 4120 2602 4176 spes
2644 4105 2950 4162 consolatio
2974 4107 3047 4163 sit
3098 4108 3449 4180 praesentium

129 4215 528 4263 cumventurus
552 4213 638 4261 est
668 4224 680 4260 :
707 4204 852 4278 quod
883 4205 1092 4261 sanctis
1121 4203 1246 4261 ideo
1280 4202 1599 4275 praedictum
1631 4213 1739 4273 est,
1845 4215 2222 4271 pressurarum
2256 4240 2270 4264 ,
2301 4216 2396 4271 per
2423 4216 2582 4273 quam
2631 4199 2843 4257 fundati
2865 4214 3178 4259 crescerent
3207 4202 3261 4258 itt
3296 4202 3452 4260 bonis

131 4305 190 4352 ut
215 4298 400 4354 sciant
428 4298 566 4370 quid
586 4308 836 4354 caveant.
1843 4296 2098 4366 Operibus
2124 4304 2180 4353 et
2207 4294 2473 4353 doctrina.

200 4390 387 4462 (Vers.
423 4391 546 4464 l0.)
587 4389 656 4446 Et
701 4392 755 4446 in
787 4391 929 4446 omni
955 4390 1170 4463 fallacia
1199 4391 1512 4462 iniquitatis,
1564 4391 1629 4446 iis
1655 4393 1742 4462 qui

132 4497 348 4556 pereunt
373 4504 394 4544 :
421 4504 522 4562 pro
538 4503 596 4542 eo
622 4487 759 4558 quod
781 4486 1111 4541 dilectionem
1147 4486 1372 4540 ueritatis
1413 4502 1514 4540 non
1568 4502 1739 4540 susce-

130 4590 334 4650 perunt,
366 4582 439 4636 ad
483 4581 580 4636 hoc
624 4591 680 4636 ut
723 4581 853 4635 salvi
901 4580 1104 4650 ﬁerent.
1164 4580 1234 4635 lis
1286 4579 1421 4635 dicit
1471 4579 1738 4634 fallaciam
1773 4629 1821 4654 η
1919 4575 2100 4648 (Vers.
2133 4577 2185 4645 l,
2217 4577 2301 4646 2.)
2336 4577 2488 4646 Quod
2518 4577 2776 4644 reliquunt
2807 4587 2905 4647 est,
2935 4581 3143 4650 fratres,
3174 4593 3318 4636 orate
3356 4601 3454 4654 pro

130 4629 334 4650 ,η-πν--τ
367 4629 436 4636 ππ
483 4629 577 4636 --η
627 4629 678 4636 -ν
724 4629 851 4635 mn
901 4629 1104 4650 ,ψη-μ
1164 4629 1232 4635 ---
1289 4629 1420 4635 --νη
2138 4629 2185 4645 η
2221 4629 2299 4646 κγ,
2341 4629 2376 4646 η
2935 4629 3143 4650 ,ηπ-η,
3176 4629 3314 4636 --ηη
3356 4629 3451 4654 ,ην

129 4671 444 4746 iniquitatis
482 4675 858 4745 prodigiorum
891 4674 1010 4743 ejus
1044 4673 1336 4740 prolicere,
1381 4672 1474 4743 qui
1507 4671 1739 4742 perituri
1768 4629 1822 4690 Β
1847 4669 2022 4732 nobis,
2054 4678 2107 4722 ut
2137 4668 2342 4723 verbum
2389 4669 2600 4724 Domini
2633 4682 2808 4724 currat
2851 4682 2898 4724 et
2940 4673 3254 4743 clariﬁcetur
3275 4717 3288 4741 ,
3319 4676 3451 4731 sicut

126 4780 283 4836 sunt;
311 4771 445 4840 quia
469 4770 614 4824 enim
644 4768 890 4824 veritatis
908 4768 1230 4822 cltaritatem
1260 4780 1610 4837 spreverunt,
1643 4781 1739 4836 per
1848 4771 1896 4816 et
1925 4761 2065 4833 apud
2097 4776 2214 4828 vos,
2245 4771 2293 4816 et
2342 4773 2396 4816 ut
2426 4763 2703 4817 liberemur
2732 4761 2794 4816 ab
2821 4763 3133 4835 importunis
3159 4779 3206 4821 et
3232 4784 3451 4838 nequam

127 4875 289 4930 quam
349 4861 562 4918 salvari
618 4869 910 4932 potuerant
971 4859 1236 4930 apostolis
1290 4859 1737 4929 przedicantibus,
1846 4854 2171 4923 hominibus;
2220 4873 2322 4910 non
2355 4857 2491 4910 enim
2540 4859 2772 4912 omniunt
2819 4870 2894 4914 est
2925 4861 3078 4930 ﬁdes.
3124 4862 3200 4917 De
3249 4870 3450 4917 caetero

126 4957 313 5013 traditi
345 4968 483 5014 sunt
506 4957 748 5025 diabolo;
775 4958 1025 5014 nolentes
1052 4957 1198 5013 enim
1220 4958 1443 5022 salvari,
1476 4957 1730 5013 deserun-
1846 4949 2108 5006 orandum
2142 4951 2412 5019 hortatur,
2437 4961 2495 5007 ut
2523 4951 2774 5024 dignetur
2803 4951 2946 5009 Deus
2966 4954 3268 5010 doctrinam
3297 4952 3457 5011 suam

123 5058 211 5108 ιυι·
239 5069 271 5107 a
299 5054 441 5111 Deo,
1849 5042 2170 5113 infatigabili
2199 5059 2360 5099 cursu
2408 5044 2678 5117 dirigere,
2715 5055 2772 5102 et
2819 5047 3200 5102 transfundere
3244 5061 3342 5117 per
3387 5063 3449 5101 os

197 5143 391 5218 (Vers.
430 5145 549 5216 ll.)
577 5147 645 5202 Et
673 5147 870 5202 idcirco
895 5146 1052 5201 mittet
1079 5146 1183 5200 illis
1228 5145 1369 5201 Deus
1392 5147 1742 5214 operationem
1849 5139 2092 5210 Apostoli
2119 5138 2201 5193 sui
2233 5138 2288 5193 in
2318 5154 2476 5194 aures
2498 5139 2857 5206 audientium,
2887 5150 2942 5196 et
2977 5151 3033 5194 ut
3076 5149 3452 5209 compesceret

125 5239 347 5304 erroris,
377 5241 442 5294 in
492 5239 584 5297 hoc
611 5250 669 5295 ut
697 5239 910 5296 credant
956 5239 1248 5305 mendacio;
1306 5251 1557 5309 quatenus
1591 5240 1745 5313 judi-
1846 5241 1902 5290 et
1932 5234 2145 5288 sedaret
2167 5232 2430 5288 malorum
2481 5232 2760 5288 hominum
2808 5231 3105 5288 seditiones
3131 5271 3145 5297 ,
3178 5232 3268 5302 qui
3306 5230 3452 5286 dil‘li-

125 5339 309 5385 centur
341 5346 549 5399 omnes,
589 5333 678 5402 qui
731 5349 833 5386 non
861 5330 1192 5386 crediderunt
1243 5331 1465 5398 veritati,
1499 5331 1589 5385 sed
1619 5347 1744 5386 con-
1847 5325 1985 5382 dunt
2011 5328 2258 5391 veritati,
2284 5335 2339 5382 et
2368 5327 2626 5398 loquendi
2656 5327 2847 5382 liducia
2877 5336 3150 5381 cresceret
3180 5324 3450 5396 Apostolo

123 5435 403 5478 senserunt
432 5425 717 5495 iniquitati.
762 5423 1020 5495 Operatio
1046 5422 1256 5479 erroris
1281 5432 1368 5478 est
1405 5424 1553 5478 falsis
1577 5423 1741 5480 iidem
1849 5421 1917 5476 ad
1944 5421 2063 5490 ejus
2092 5419 2324 5475 fructum
2344 5463 2358 5487 ,
2382 5430 2436 5476 et
2461 5420 2880 5476 conversionem
2913 5417 3232 5473 multorum.

124 5518 511 5584 committere,
549 5520 715 5591 utqui
770 5519 1074 5573 claritatem
1124 5514 1344 5570 luminis
1376 5517 1536 5589 287
1593 5515 1737 5572 diem
1923 5515 2104 5588 (Vers.
2137 5515 2218 5588 ὅ.)
2253 5512 2455 5570 Fidelis
2481 5524 2655 5569 autem
2686 5510 2858 5578 Deus,
2891 5512 2980 5583 qui
3011 5510 3233 5566 stabiliet
3252 5529 3341 5568 eos
3361 5554 3376 5581 ,
3403 5524 3452 5568 et

123 5627 252 5671 esse
303 5615 631 5673 consentire
683 5616 998 5682 noluerunt,
1056 5621 1249 5684 putant
1293 5614 1548 5668 tenebras
1591 5611 1738 5668 diem
1848 5609 2100 5664 custodiet
2141 5625 2172 5660 a
2220 5608 2378 5662 malo.
2411 5605 2673 5674 Quoniam
2705 5605 2852 5660 Deus
2893 5602 3146 5660 ﬁdelibus
3194 5615 3252 5662 et
3294 5607 3452 5663 bona:

123 5703 233 5763 dici
261 5707 600 5772 debere;ut
626 5708 838 5780 possint
869 5705 1211 5778 propensiori
1254 5702 1456 5761 delicto
1479 5705 1561 5761 rei
1589 5706 1738 5773 tacti,
1850 5703 1974 5756 vitae
2023 5701 2333 5756 hominibus
2380 5699 2641 5754 ausilium
2686 5712 2844 5752 suum
2889 5712 2998 5753 non
3042 5697 3355 5754 defuturum
3396 5700 3453 5756 in

122 5795 246 5853 sine
275 5798 728 5856 contradictione
756 5800 1002 5854 damnari
1039 5795 1288 5851 veritatis
1339 5795 1571 5866 inimici,
1623 5799 1743 5852 t’au—
1851 5797 2180 5852 necessitate
2230 5793 2483 5865 promisit
2530 5791 2599 5848 ad
2629 5789 3106 5848 conﬁrmationem
3135 5791 3381 5858 illorum,
3418 5793 3458 5847 ii

126 5897 286 5950 tores
308 5903 510 5950 autem
540 5894 857 5966 iniqttitatis.
1533 5891 1536 5894 ’
1601 5889 1607 5893 ’
1675 5890 1690 5896 ’
1852 5898 2037 5950 autem
2069 5899 2176 5947 tam
2206 5889 2260 5945 itt
2293 5887 2399 5945 ﬁde
2423 5901 2587 5959 quam
2615 5888 2667 5942 in
2695 5901 2861 5958 opere
2894 5887 3074 5944 :emuli
3108 5894 3265 5942 erant
3292 5886 3460 5944 hono-

430 6062 438 6071 ι
476 5989 750 6055 νει-ιω,⁹
803 5990 1003 6056 XVII.

2830 5981 2903 6046 15

2475 4437 2708 4496 CAPUT
2745 4438 2834 4495 Ill.
