3970 6316
515 297 622 368 439

1509 305 1600 364 AD
1637 303 1873 362 OPERA
1911 304 2158 364 SANCTI
2199 303 2526 362 AMBROSII
2565 303 2928 360 APPENDIX.
3711 305 3796 366 ιω

517 441 666 492 rum;
701 423 904 480 idcirco
937 423 1148 478 ﬁdelem
1185 423 1352 480 Deum
1401 421 1536 480 dicit
1563 425 1618 479 in
1649 425 1935 496 promissis
1961 424 2112 498 ejus,
2141 429 2194 489 Α
2219 422 2422 480 diocris
2449 423 2532 478 vel
2565 421 2744 478 tenuis
2773 431 2930 478 erant
2957 419 3284 478 substantia
3331 420 3384 474 in
3413 419 3606 490 plebe;
3647 431 3696 476 ut
3727 421 3798 480 (ιι-

515 515 640 588 quia
677 513 1020 586 providentia
1047 517 1166 582 ejus
1195 525 1344 572 esset
1373 515 1520 572 circa
1551 533 1670 574 eos.

591 607 772 682 (Vers.
799 607 884 682 4.)
911 607 1237 680 Conﬁdimns
1281 619 1454 664 autem
1497 611 1548 664 in
1581 605 1806 666 Domino
1851 609 1918 666 de
1953 609 2120 680 vobis,

520 703 762 774 quoniam
790 719 906 776 qua:
933 703 1272 776 praecepimus
1294 747 1308 772 ,
1341 713 1386 759 et
1420 703 1623 776 facitis,
1662 714 1708 760 et
1740 705 1962 774 facietis.
1997 705 2128 760 Pro-

517 805 640 868 pter
681 795 824 868 quod
897 797 1094 852 mereri
1155 797 1311 866 illos,
1361 805 1416 853 ut
1477 795 1568 853 Dei
1615 795 1934 854 defensione
1981 807 2127 854 totus

517 891 770 962 praestari
821 889 1157 957 conﬁderet;
1211 891 1414 946 idcirco
1461 905 1524 947 ea
1549 908 1668 963 qua:
1701 891 1810 948 illis
1843 890 2128 963 prmeipie-

513 983 599 1040 bat
633 983 684 1038 in
715 985 934 1041 nomine
955 983 1196 1052 Domini,
1226 981 1340 1040 ﬁeri
1365 983 1434 1040 ab
1456 981 1567 1040 illis
1591 994 1646 1042 et
1669 981 1846 1042 futura
1871 1000 1992 1042 esse
2021 999 2128 1040 non

519 1075 754 1134 dubitat.

591 1171 773 1244 (Vers.
809 1171 892 1245 5.)
929 1171 1185 1228 Dominus
1209 1181 1382 1228 autem
1408 1171 1604 1248 dirigat
1635 1173 1794 1228 corda
1821 1179 1986 1228 vestra
2007 1181 2032 1208 ⁸
2075 1173 2131 1226 in

519 1267 798 1323 dilectione
843 1267 974 1335 Dei,
1006 1275 1055 1321 et
1087 1267 1336 1338 patientia
1367 1265 1580 1322 Christi.
1614 1263 1726 1322 lloc
1775 1263 1880 1321 illis
1911 1273 2132 1336 exoptat

517 1377 550 1418 a
591 1361 733 1430 Deo,
765 1361 911 1434 quod
957 1377 1062 1416 non
1097 1361 1322 1434 ambigit
1369 1376 1530 1432 posse
1557 1359 1838 1432 praestari;
1869 1371 1926 1414 ιιι
1957 1360 2010 1414 in
2039 1357 2132 1414 Dei

519 1453 788 1510 charitate
818 1470 914 1510 cor
943 1471 1132 1510 eorum
1167 1453 1458 1526 proliceret
1485 1457 1551 1508 ad
1583 1453 2009 1526 exspectandum
2038 1451 2130 1506 ad-

519 1557 748 1604 ventum
787 1547 1028 1614 Domini,
1057 1547 1085 1585 b
1115 1555 1172 1602 ut
1201 1547 1566 1603 condemnato
1597 1547 1822 1614 stcculo,
1852 1545 2134 1602 desidere-

519 1659 608 1707 tur
640 1649 906 1706 adventus
938 1651 1076 1720 ejus,
1111 1649 1202 1720 qui
1235 1649 1494 1704 saeculum
1531 1649 1680 1703 vicit.

587 1741 772 1816 (Vcrs.
801 1741 894 1814 6.)
947 1739 1326 1796 Deuuntiamus
1394 1749 1566 1796 autem
1609 1737 1778 1804 vobis,
1825 1739 2042 1808 fratres,
2079 1739 2134 1791 in

2225 529 2444 576 scerent
2483 525 2752 590 quatenus
2783 517 3092 574 libertatem
3133 531 3288 573 suam
3337 531 3448 572 non
3501 517 3796 574 amitterent.

2231 609 2382 668 Unde
2411 619 2468 666 et
2495 609 2756 668 Salomon
2781 627 2795 666 :
2827 610 2969 666 Raro
2995 651 3012 676 ,
3055 609 3228 681 inquit
3253 650 3270 676 ,
3319 611 3512 680 inferet
3557 611 3714 678 pedatu
3735 611 3794 664 ad

2228 704 2451 758 amicum
2473 715 2616 758 tuum
2639 745 2656 772 ,
2689 719 2754 758 ne
2779 711 3044 759 saturatas
3081 703 3160 756 tui
3197 702 3368 756 oderit
3389 713 3439 758 te
3481 700 3650 773 (Prov.
3683 717 3792 768 ut,

2231 797 2297 856 17
2319 803 2360 868 ).
2387 799 2486 868 Qui
2509 800 2652 854 enim
2685 798 3000 870 frequenter
3029 798 3098 854 ad
3145 797 3382 852 alienam
3417 811 3648 852 mensam
3687 811 3798 854 oon-

2231 893 2412 960 venit,
2441 893 2554 948 otio
2577 891 2794 950 deditus
2817 891 3074 948 aduletur
3097 907 3326 948 necesse
3351 901 3435 946 est
3465 893 3686 962 pascenti
3705 907 3786 956 se;

2231 1000 2352 1042 cum
2380 985 2569 1056 religio
2595 995 2776 1042 nostra
2807 984 2876 1041 ad
2929 986 3240 1042 libertatem
3289 985 3537 1040 homines
3579 985 3790 1042 advocet.

2235 1078 2470 1152 Ideoque
2496 1080 2542 1136 si
2565 1081 2685 1150 quis
2705 1121 2718 1146 ,
2753 1079 2934 1148 inquit
2963 1121 2978 1146 ,
3007 1079 3338 1134 manducare
3361 1077 3598 1148 spernit,
3647 1089 3798 1134 cesset

2235 1173 2303 1230 ab
2325 1189 2528 1246 apere:
2577 1173 2672 1228 sed
2717 1174 2841 1244 quia
2875 1173 3058 1228 nullus
3103 1173 3222 1228 sine
3263 1172 3388 1228 cibo
3417 1181 3588 1243 potest
3607 1171 3794 1240 vivere,

2237 1267 2330 1324 det
2351 1282 2574 1338 operam
2601 1265 2886 1322 laborandi
2911 1285 2926 1334 ;
2979 1273 3038 1320 ut
3081 1265 3312 1322 arbitrio
3335 1279 3434 1318 suo
3455 1263 3630 1320 vivens
3657 1265 3798 1322 Deum

2237 1363 2412 1436 pos~it
2439 1363 2645 1418 habere
2673 1361 2990 1432 propitiant.

2307 1459 2486 1530 (Vers.
2521 1457 2634 1528 11.)
2665 1455 2966 1510 Audiuimus
2995 1456 3134 1510 enim
3155 1453 3406 1525 quosdam
3423 1455 3672 1510 ambulare
3691 1457 3798 1510 inter

2237 1569 2326 1606 ros
2353 1551 2769 1623 intemperanter,
2797 1549 2929 1604 nihil
2949 1559 3220 1620 operantes
3241 1591 3256 1612 ,
3281 1547 3372 1603 sed
3393 1551 3590 1604 curiose
3605 1558 3782 1620 agentes

2239 1646 2342 1716 Qui
2369 1646 2528 1702 otiosi
2557 1661 2678 1702 esse
2701 1645 3014 1702 desiderant
3031 1686 3044 1710 ,
3077 1643 3128 1699 id
3153 1653 3324 1716 agunt
3343 1655 3600 1714 quatenus
3619 1641 3800 1698 occasio

2241 1749 2520 1806 nascatur,
2553 1755 2660 1812 qua
2691 1739 2970 1796 introitmn
2997 1753 3158 1794 suum
3185 1737 3594 1792 desiderabilem
3635 1735 3804 1792 iaciant

519 1837 724 1891 nomine
753 1831 966 1891 Domini
1000 1837 1161 1891 nostri
1185 1833 1312 1890 Jesu
1340 1834 1559 1902 Christi,
1583 1833 1776 1889 secerni
1799 1851 1886 1888 vos
1909 1833 1970 1886 ab
1993 1831 2132 1886 omni
2163 1838 2210 1898 Β
2237 1832 2487 1888 domibus
2506 1832 2734 1886 divitum
2755 1871 2770 1898 ,
2795 1831 3135 1886 ambulantes
3155 1838 3308 1900 gesta
3333 1839 3384 1884 el
3410 1829 3680 1899 opiniones
3697 1843 3804 1882 ver-

519 1931 681 2004 [i'atre
709 1929 1108 2002 intemperanter
1157 1927 1449 1983 ambulante
1469 1969 1484 1996 ,
1517 1937 1562 1982 et
1593 1945 1694 1982 non
1717 1925 1998 1982 secundum
2027 1935 2132 1978 tra-

518 2025 766 2080 ditionem
785 2067 800 2090 ,
827 2039 986 2089 quam
1035 2023 1302 2096 accepistis
1330 2039 1361 2075 a
1393 2019 1558 2076 nobis.
1587 2019 1852 2090 Quoniam
1885 2019 1936 2073 in
1979 2015 2130 2073 omni

521 2117 681 2188 plebe
731 2133 835 2174 non
870 2131 1064 2173 omnes
1114 2117 1435 2172 obedientt-s
1462 2125 1588 2170 sunt
1636 2113 1804 2168 verbo
1833 2111 2130 2177 doctrinae,

523 2229 632 2269 non
683 2211 838 2284 legis,
871 2211 967 2267 sed
1001 2225 1158 2266 suum
1201 2209 1460 2281 placitum
1485 2217 1536 2264 et
1563 2205 1850 2262 consilium
1897 2219 2134 2276 sequen-

521 2319 640 2375 tes;
673 2319 896 2378 propter
925 2309 1025 2362 lioc
1073 2303 1456 2360 declinandum
1513 2303 1581 2358 ab
1629 2301 1713 2358 his
1756 2301 2021 2374 praecipit,
2073 2309 2132 2353 ut

519 2409 850 2475 cognoscant
875 2411 1049 2458 semet
1081 2403 1229 2472 ipsos
1256 2415 1465 2454 errare.

589 2499 773 2568 (Vers.
807 2493 860 2565 7,
895 2499 947 2560 8,
977 2495 1058 2566 9.)
1093 2493 1116 2548 1
1128 2495 1206 2560 psi
1236 2493 1370 2548 enim
1399 2491 1539 2546 scitis
1569 2491 2002 2562 quemadmodum
2042 2487 2133 2542 de-

521 2591 678 2647 beatis
704 2589 900 2644 imitari
927 2606 1042 2653 nos,
1075 2588 1320 2656 quoniam
1345 2603 1448 2640 non
1481 2585 1880 2656 intemperanter
1911 2583 2132 2636 viximus

519 2687 652 2742 inter
669 2703 778 2750 ros,
807 2701 970 2756 neque
989 2684 1150 2756 gratis
1173 2693 1192 2721 ο
1215 2698 1400 2756 panem
1423 2679 1621 2734 edimus
1662 2697 1691 2732 a
1729 2693 2013 2750 quoquam;
2043 2676 2132 2730 sed

517 2781 569 2834 in
593 2780 766 2834 labore
791 2789 836 2834 et
866 2777 1188 2852 fatigatione,
1207 2777 1372 2848 288
1389 2785 1534 2828 nocte
1559 2773 1740 2844 dieque
1764 2770 2135 2843 aperantes,ad

522 2873 617 2928 hoc
646 2890 707 2926 ne
719 2889 900 2946 graves
923 2887 1150 2926 essemus
1173 2871 1412 2940 cuiquam
1439 2879 1660 2924 vestrum
1691 2883 1708 2922 .'
1739 2883 1840 2920 non
1863 2866 1986 2938 quia
2033 2881 2134 2934 non

524 2965 855 3020 habuerimus
877 2971 1200 3036 potestatem,
1225 2961 1314 3015 sed
1337 2970 1391 3014 ut
1414 2969 1609 3014 nosmet
1639 2959 1777 3030 ipsos
1801 2959 2020 3028 formam
2043 2958 2138 3012 da-

530 3071 704 3112 remus
733 3055 870 3110 robis
893 3057 960 3108 ad
983 3053 1262 3110 imitandos
1286 3070 1398 3108 nos.
1462 3051 1585 3107 Illos
1625 3051 1756 3107 dicit
1783 3067 1886 3106 non
1919 3051 2135 3122 ignaros

529 3151 714 3222 operis
744 3159 798 3205 ct
827 3149 1030 3203 laboris
1059 3147 1172 3214 sui,
1201 3145 1227 3184 ά
1251 3162 1410 3218 quem
1442 3143 1634 3200 sedulo
1682 3145 1829 3200 exitu
1872 3145 2138 3214 Operaha-

2235 1931 2428 1986 borum
2457 1928 2726 1984 subtiliter
2745 1927 3034 1998 colligunt,
3061 1925 3298 1980 scientes
3313 1923 3442 1994 quid
3457 1924 3520 1978 de
3543 1939 3642 1994 quo
3657 1921 3804 1976 velint

2233 2025 2424 2080 audire
2448 2063 2464 2090 ,
2495 2031 2552 2078 ut
2581 2022 2816 2078 libenter
2841 2029 2898 2076 et
2927 2019 3178 2092 requisiti
3219 2027 3532 2090 pascantur.
3571 2017 3708 2086 Quod
3741 2016 3806 2071 la-

2235 2130 2382 2176 ctum
2419 2117 2580 2174 valde
2619 2117 2876 2173 abhorret
2907 2132 2934 2170 a
2966 2115 3255 2186 disciplina
3289 2113 3590 2178 Dominica;
3639 2113 3804 2168 horutl

2235 2217 2378 2270 enim
2408 2221 2596 2270 venter
2623 2213 2766 2270 Deus
2785 2219 2872 2268 est
2893 2252 2908 2279 ,
2939 2213 3026 2282 qui
3057 2209 3199 2268 l‘atda
3229 2225 3364 2266 cura
3389 2207 3680 2268 necessaria
3695 2221 3804 2280 pro-

2235 2307 2440 2364 vident.

2309 2399 2492 2474 (Vers.
2527 2397 2640 2470 12.)
2691 2397 2792 2452 llis
2835 2397 2994 2470 igitur
3041 2397 3126 2468 qui
3154 2395 3512 2470 hujuscemodi
3539 2403 3676 2458 sunt,
3717 2385 3794 2448 dc-

2237 2495 2536 2548 nuutiamus
2559 2534 2571 2556 ,
2601 2503 2648 2546 et
2679 2491 3013 2546 exhortantur
3045 2491 3098 2544 in
3127 2489 3352 2544 Domino
3373 2487 3500 2544 Iesu
3525 2486 3730 2550 Christo,
3749 2497 3794 2540 ut

2237 2609 2356 2646 cum
2387 2593 2556 2664 quiete
2581 2601 2858 2660 oper-antes
2885 2607 3034 2646 suum
3065 2605 3250 2660 partem
3275 2589 3601 2642 manducent.
3647 2583 3706 2640 Et
3739 2583 3807 2637 eis

2239 2687 2450 2743 facilius
2499 2686 2756 2750 suadeat,
2803 2687 3124 2756 interposito
3169 2683 3392 2740 nomine
3447 2679 3650 2738 Domini
3691 2677 3800 2732 lese

2235 2779 2464 2846 Clll‘iSli,
2493 2779 2808 2836 exhortatur
2829 2793 2928 2836 eos
2949 2819 2966 2844 ,
3013 2785 3070 2834 ut
3119 2775 3446 2842 obaudiunt,
3473 2771 3610 2846 quod
3637 2771 3706 2828 eis
3747 2769 3804 2826 sit

2241 2874 2392 2928 utile.

2313 2965 2492 3038 (Vet‘s.
2527 2967 2592 3022 15
2615 3008 2628 3032 ,
2661 2967 2728 3022 H
2755 3007 2770 3030 ,
2809 2963 2925 3036 15.)
2982 2963 3080 3018 Vos
3129 2973 3304 3018 autem
3327 3003 3343 3026 ,
3393 2965 3602 3034 fratres,
3629 2969 3648 2996 ε
3677 2957 3808 3012 nolite

2241 3059 2462 3128 deﬁcere
2485 3059 2538 3114 in
2561 3059 2948 3128 benefaciendo.
2987 3057 3139 3124 Quod
3165 3058 3210 3112 si
3231 3058 3346 3126 quis
3375 3072 3476 3110 non
3507 3053 3662 3108 eludit
3683 3051 3806 3106 certe

2241 3165 2416 3210 nostra
2441 3170 2533 3224 per
2559 3154 2831 3221 epistolam
2855 3193 2871 3220 ,
2911 3151 3048 3208 hunc
3089 3161 3262 3206 notate
3287 3194 3300 3214 ,
3347 3161 3396 3204 et
3431 3149 3584 3204 nolite
3619 3163 3722 3200 runt
3757 3159 3804 3200 et

529 3255 640 3306 tur.
669 3261 736 3300 ne
767 3259 903 3314 pane
933 3241 1200 3314 indigeret
1226 3241 1437 3308 alieno,
1467 3249 1524 3294 ιιι
1547 3239 1852 3310 exemplum
1885 3238 2036 3292 daret
2059 3237 2135 3292 eis

2247 3248 2539 3304 conversari
2565 3288 2580 3312 ,
2627 3258 2680 3301 ut
2731 3246 3012 3302 reuerentia
3061 3243 3454 3314 confundatur:
3493 3253 3540 3298 et
3579 3257 3674 3296 non
3691 3239 3804 3294 velut

530 3339 597 3395 ad
659 3337 980 3395 imitandum
1042 3335 1212 3390 illum.
1273 3333 1459 3406 Neque
1501 3333 1642 3389 enim
1691 3329 2136 3402 reprchcnsibilis

531 3443 679 3492 θεμθι
701 3478 714 3498 .
740 3433 786 3490 si
816 3448 1008 3504 panem
1041 3431 1109 3486 ab
1139 3431 1221 3486 his
1250 3431 1522 3501 reciperet
1548 3425 1614 3484 ad
1647 3427 1894 3498 corporis
1925 3440 2135 3490 curam,

531 3531 620 3599 qui
655 3527 851 3584 animis
876 3527 1092 3581 illorum
1123 3539 1303 3580 escam
1331 3521 1630 3594 spiritalem
1670 3519 1984 3590 prmbehat,
2018 3534 2140 3590 «inte

533 3623 696 3678 etiam
729 3619 947 3691 corpori
983 3617 1449 3674 immortalitatem
1470 3631 1592 3670 cum
1610 3613 1782 3686 gloria
1801 3623 2134 3684 procuraret.

533 3715 684 3772 Tunc
715 3715 917 3772 ctenim
950 3721 1138 3770 exet-ta
1195 3721 1372 3784 potest
1415 3729 1536 3767 esse
1565 3711 1827 3774 libertas,
1885 3707 1930 3764 si
1963 3719 2138 3766 semet

533 3813 711 3884 ipsum
737 3811 859 3882 quis
889 3809 1095 3865 ventris
1126 3824 1288 3864 causa
1320 3819 1411 3863 aut
1441 3806 1832 3878 pecunircnulli
1859 3805 2138 3876 subjiciat,

537 3924 635 3964 suo
661 3925 799 3978 pane
836 3916 1156 3970 contentus;
1193 3903 1427 3958 triaxime
1455 3901 1595 3974 quod
1628 3899 1694 3956 ad
1725 3899 1938 3956 laudem
1968 3899 2140 3970 magis

535 3999 793 4074 proﬁcit,
820 4001 863 4054 si
894 4015 1017 4056 cum
1041 3999 1200 4054 liceat
1219 4041 1232 4064 ,
1260 4007 1315 4053 et
1343 3999 1410 4052 sit
1441 3995 1688 4052 sumendi
1713 4007 1983 4068 potestas,
2010 4009 2142 4050 con-

539 4097 709 4152 tineat
735 4113 746 4146 :
777 4093 864 4150 hic
899 4093 1020 4149 talis
1051 4093 1317 4166 prodesse
1349 4101 1524 4162 potest
1552 4091 1899 4146 audientibus
1931 4104 2028 4156 se;
2065 4105 2142 4146 re-

539 4185 840 4245 verentiam
869 4187 1014 4241 enim
1050 4183 1330 4240 habebunt.
1377 4185 1574 4256 rigoris
1604 4183 1764 4254 hujus
1786 4226 1800 4252 ,
1843 4194 1896 4240 et
1927 4199 1990 4239 ea
2020 4198 2140 4254 qua:

542 4285 611 4341 ab
639 4285 743 4339 hoc
771 4281 1121 4346 mandantur,
1156 4277 1494 4350 prmtcrmitti
1533 4291 1638 4333 non
1671 4287 1942 4349 poterunt.

622 4377 800 4448 (Vers.
833 4373 947 4445 10.)
975 4373 1114 4426 Ναιιι
1139 4389 1255 4428 cum
1286 4389 1508 4426 essemus
1531 4373 1670 4442 apud
1691 4389 1777 4426 vos
1802 4414 1816 4436 ,
1841 4372 1934 4425 hoc
1963 4371 2146 4442 prteri-

546 4471 810 4543 piebantus
833 4469 975 4524 vobis
991 4509 1006 4531 ,
1031 4468 1164 4538 quod
1185 4469 1230 4522 si
1253 4467 1368 4532 quis
1393 4483 1496 4520 non
1521 4469 1623 4522 vult
1645 4467 1873 4538 operari,
1899 4484 1988 4522 nec
2007 4483 2142 4520 man-

548 4565 718 4619 ducet.
748 4561 867 4617 Non
895 4561 1071 4616 solum
1099 4560 1280 4615 verbis
1304 4561 1564 4626 docebat,
1615 4559 1708 4616 sed
1743 4559 2060 4614 hortabatur
2089 4567 2146 4612 et

2243 3342 2510 3396 inimicum
2531 3341 2831 3396 existimetis
2851 3381 2866 3404 ,
2907 3339 2996 3394 sed
3045 3341 3318 3392 admonete
3347 3334 3594 3398 consiliis,
3629 3343 3680 3386 ut
3713 3335 3806 3402 [ro-

2245 3449 2392 3490 trem.
2443 3435 2674 3506 Propter
2699 3435 2843 3506 quod
2891 3436 3144 3506 superius
3195 3444 3632 3502 unuatquemque
3673 3441 3808 3482 suum

2245 3545 2446 3600 panetn
2474 3523 2802 3586 manducare
2825 3529 3026 3584 debere
3059 3527 3346 3598 prmcepit;
3379 3542 3448 3582 no
3477 3519 3806 3592 fertequid:

2245 3620 2462 3676 illorum
2489 3625 2836 3676 occasionem
2870 3620 3153 3691 parcitatis
3199 3627 3255 3674 et
3295 3615 3691 3672 itthumanitatis
3729 3626 3808 3666 ca-

2251 3726 2506 3784 ptarent;
2549 3717 2672 3772 ideo
2699 3721 2882 3772 statim
2917 3716 3188 3786 subiecit:
3227 3713 3330 3768 Vos
3371 3724 3538 3768 autem
3565 3751 3578 3778 ,
3615 3709 3808 3780 fratres.

2246 3810 2406 3866 nolite
2427 3810 2707 3883 defatigari
2732 3809 3126 3882 benefacientes.
3181 3807 3372 3880 Neque
3403 3807 3544 3862 enim
3572 3805 3620 3858 in
3651 3815 3808 3872 rrpre-

2249 3901 2570 3958 hensionem
2623 3902 2804 3966 venit,
2859 3904 2950 3972 qui
3001 3903 3270 3956 humanus
3311 3909 3368 3956 et
3399 3899 3574 3968 largus
3599 3903 3700 3956 est;
3729 3893 3806 3946 sed

2250 3995 2338 4052 hic
2363 3997 2452 4066 qui
2481 4011 2604 4051 cum
2639 3993 2816 4068 possit
2841 3996 3082 4052 laborem
3114 3994 3260 4050 ferre
3283 4035 3297 4060 ,
3329 3993 3384 4048 in
3405 3993 3514 4046 otio
3539 3989 3646 4046 vult
3669 3987 3808 4040 vitam

2248 4105 2430 4162 agere.
2464 4089 2636 4158 Quem
2665 4091 2708 4144 si
2743 4089 2992 4160 epistola:
3019 4089 3316 4144 auctoritas
3347 4100 3454 4142 non
3477 4081 3702 4152 corrigit,
3733 4091 3810 4132 no-

2251 4184 2471 4240 tandum
2489 4181 2632 4240 hunc
2649 4225 2662 4249 .
2687 4193 2741 4240 et
2759 4199 2859 4240 nec
2881 4181 3314 4239 conversandmn
3340 4196 3462 4236 cum
3483 4193 3546 4234 eo
3569 4173 3810 4248 praecipit;

2251 4288 2310 4333 ut
2339 4277 2632 4342 confusus,
2663 4277 2754 4348 qui
2795 4277 2863 4331 ab
2889 4277 3141 4330 omnibus
3171 4271 3430 4338 evitatur,
3471 4271 3738 4340 subiiceret
3763 4281 3808 4318 se

2252 4373 2538 4444 praeceptis
2569 4371 2835 4444 Apostoli.
2891 4370 3045 4440 Quod
3099 4381 3278 4424 tamen
3309 4370 3424 4424 sine
3473 4363 3720 4424 iracundia
3759 4369 3804 4414 et

2252 4467 2578 4522 contumelia
2607 4469 2722 4522 vult
2749 4466 2862 4520 ﬁeri
2887 4509 2903 4534 ,
2936 4475 2988 4518 ιιι
3033 4465 3301 4534 patienter
3327 4463 3622 4518 declinatur
3647 4459 3704 4512 ab
3721 4469 3810 4514 eo;

2255 4561 2328 4618 ita
2361 4565 2540 4616 tamen
2565 4601 2580 4626 ,
2611 4568 2672 4614 ιιι
2699 4561 2742 4614 si
2773 4575 2861 4616 res
2889 4561 3072 4614 tulerit
3097 4559 3242 4630 loqui
3267 4573 3388 4614 curn
3413 4573 3502 4624 eo,
3523 4551 3809 4610 monendum

543 4656 739 4722 lactis;
775 4653 954 4710 idonei
993 4653 1136 4708 enim
1185 4651 1428 4724 magistri
1475 4663 1598 4718 est,
1633 4653 1674 4706 si
1721 4667 1784 4706 ea
1811 4667 1930 4722 qum
1965 4649 2143 4706 verbis
2171 4649 2226 4710 D
2254 4654 2440 4720 illum,
2495 4661 2553 4708 ut
2601 4652 2838 4724 patiatur
2868 4667 2928 4708 se
2955 4652 3188 4722 corripi,
3239 4665 3340 4708 nec
3393 4651 3530 4706 ultra
3579 4655 3810 4718 praecepi:

545 4753 738 4818 docet,
785 4749 1040 4821 operibus
1090 4749 1326 4818 οιριοςιι.
1362 4747 1514 4804 Tunc
1559 4749 1761 4804 etenim
1795 4747 2140 4802 addiscentes

543 4861 672 4901 vera
699 4859 819 4899 cs~e
865 4841 1078 4906 sciunt,
1125 4859 1243 4913 qua:
1287 4841 1546 4908 audiunt,
1593 4841 1636 4896 si
1669 4839 1862 4912 negligi
1895 4839 1986 4894 illa
2033 4855 2140 4894 non

545 4937 836 4995 viderinta
867 4934 1112 4990 doctore.
1177 4935 1431 5003 Quamvis
1480 4933 1624 4990 enim
1677 4933 1970 4990 n'tanileste
2015 4949 2142 4988 vera

544 5039 668 5088 es'sc
701 5045 806 5086 non
839 5027 1176 5099 ignorentur,
1205 5043 1324 5097 qua:
1346 5027 1646 5094 docentur;
1675 5037 1852 5082 tamen
1875 5028 1920 5082 si
1946 5025 2144 5098 negligi

543 5126 810 5197 coeperint
836 5140 863 5177 a
897 5125 1178 5193 magistro,
1203 5115 1426 5176 difﬁcile
1453 5119 1735 5192 proﬁcient
1759 5121 2144 5176 audientibus:

550 5221 720 5292 magis
750 5217 894 5275 enim
928 5231 1093 5289 Opera
1119 5213 1382 5282 snaident,
1438 5231 1596 5284 quam
1655 5215 1840 5270 verba.
1899 5217 2143 5284 Quamo-

549 5313 698 5370 brem
729 5313 936 5385 magnis
968 5309 1203 5384 prartniis
1235 5309 1612 5364 remunerantli
1643 5321 1769 5364 sunt
1793 5352 1808 5376 ,
1849 5309 1940 5378 qui
1969 5309 2144 5380 negli-

547 5409 796 5481 gentibus
825 5403 1098 5480 magistris
1124 5448 1139 5474 ,
1171 5403 1238 5460 de
1268 5401 1398 5458 solis
1427 5403 1607 5459 verbis
1641 5403 1928 5473 proﬁciunt
1948 5411 2056 5458 tant
2089 5403 2142 5460 in

545 5515 713 5574 Opere
741 5519 900 5576 quam
925 5501 976 5557 in
1011 5515 1196 5557 sensu.
1226 5495 1424 5555 Forma
1460 5512 1590 5568 ergo
1636 5506 1748 5552 erat
1781 5495 1876 5564 iis,
1907 5497 2145 5568 qui-me-

539 5675 660 5793 ωδ.
679 5665 838 5752 Rom.
873 5667 1026 5732 edit.,
1055 5667 1110 5720 in
1139 5663 1464 5722 dilectionem
1495 5661 1608 5730 Dei,
1631 5669 1676 5716 et
1698 5663 2124 5735 exspectationem

597 5751 751 5793 tmu.
1689 5753 1698 5762 ο

597 5751 826 5881 tinguit.
857 5827 980 5881 cum
1013 5810 1196 5880 paucis
1225 5825 1384 5876 mss.,
1411 5820 1468 5866 ut
1497 5817 1788 5881 contempto
1814 5805 2021 5864 saeculo.

617 5895 638 5922 υ
679 5875 840 5942 Rom.
871 5875 1027 5952 edin,
1053 5897 1237 5952 panem
1265 5875 1553 5958 accepimus
1575 5899 1607 5938 a
1631 5875 1910 5956 quoquam.

2247 4746 2500 4818 Apostoli
2515 4746 2912 4802 contemnenda
2929 4763 2943 4802 :
2961 4745 3394 4802 lantiliarilatcttt
3413 4757 3618 4814 quoque
3637 4735 3811 4792 tamdiu

2249 4855 2372 4894 cum
2399 4855 2466 4896 eo
2494 4853 2602 4894 non
2635 4841 2832 4894 habere
2857 4879 2872 4904 ,
2913 4837 2930 4876 ί
2964 4837 3220 4910 quamdiu
3250 4835 3547 4892 ohaudicns
3577 4835 3676 4888 [ἱειι.
3697 4827 3810 4884 Nam

2249 4933 2298 4988 si
2320 4934 2385 4990 ad
2409 4933 2744 4990 iracundiam
2771 4933 3452 4998 c0ntumeliislacessatur,
3481 4930 3622 5002 pejor
3638 4941 3688 4981 se
3707 4923 3808 4984 lict;

2255 5030 2571 5085 incilabitur
2600 5029 2744 5086 enim
2773 5029 2839 5084 ad
2869 5031 3305 5096 contentionem,
3339 5035 3396 5083 et
3435 5025 3644 5096 incipiet.
3683 5033 3814 5074 erra-

2257 5136 2369 5182 tum
2393 5140 2552 5180 suum
2583 5125 2724 5182 velle
2753 5123 3049 5180 defendere
3075 5163 3090 5186 ,
3127 5132 3248 5193 post
3296 5129 3477 5174 autem
3525 5117 3810 5173 erubescam

2255 5219 2550 5276 emendare
2571 5235 2664 5287 se;
2693 5236 2760 5276 ne
2781 5219 2921 5292 quod
2947 5221 3098 5292 prius
3123 5218 3454 5288 excusabat,
3489 5223 3664 5288 postea
3679 5206 3812 5268 lateri

2257 5313 2528 5370 videatur.

2329 5406 2508 5480 (Vers.
2541 5405 2655 5476 16.)
2699 5404 2823 5478 Ipse
2845 5415 3019 5461 autent
3049 5404 3186 5460 Deus
3219 5403 3360 5474 pacis
3389 5404 3474 5458 det
3503 5399 3636 5456 uobis
3659 5409 3812 5468 pacem

2253 5517 2453 5574 semper
2479 5501 2534 5556 in
2565 5502 2706 5558 omni
2737 5501 2872 5557 loco.
2905 5499 3156 5556 Dominus
3186 5500 3254 5554 sit
3279 5514 3396 5554 cum
3423 5495 3650 5554 omnibus
3675 5489 3810 5546 vobis.

2248 5661 2334 5792 bat:
2375 5659 2580 5721 Eadem
2613 5663 2744 5722 edit.
2781 5663 2964 5734 Rom.,
2991 5683 3140 5740 quem
3169 5661 3350 5720 sedulo
3379 5659 3616 5719 exercitio
3655 5671 3814 5726 opera-

2331 5751 2414 5792 ur.

2331 5751 2414 5792 ur.

2321 5821 2346 5882 ξ’
2388 5809 2546 5882 Boni.
2583 5807 2746 5882 uidit”
2770 5811 2926 5865 nolite
2951 5809 3231 5882 defetigari
3259 5805 3640 5882 benefactum.

2323 5879 2340 5918 ί
2385 5881 2644 5940 Nonnulli
2663 5897 2822 5952 mss,
2851 5877 3098 5956 quamdiu
3118 5877 3226 5940 non
3255 5879 3498 5940 alcatim
3517 5877 3627 5946 ﬁ“-
