  <div class='ocr_page' id='page_1' title='image "/cluster/home/n/w/nwhite01/storage/ocr_20150623/17/hvd.32044015471329/236.png"; bbox 0 0 3970 6316; ppageno 0'>
   <div class='ocr_carea' id='block_1_1' title="bbox 205 260 3506 340">
    <p class='ocr_par' dir='ltr' id='par_1_1' title="bbox 205 260 3506 340">
     <span class='ocr_line' id='line_1_1' title="bbox 205 260 3506 340; baseline -0.006 0"><span class='ocrx_word' id='word_1_1' title='bbox 205 264 299 340; x_wconf 73' lang='lat' dir='ltr'><strong>tot</strong></span> <span class='ocrx_word' id='word_1_2' title='bbox 823 265 1329 327; x_wconf 75' lang='lat' dir='ltr'><strong>COMMENTARIA</strong></span> <span class='ocrx_word' id='word_1_3' title='bbox 1375 263 1445 324; x_wconf 80' lang='lat' dir='ltr'><strong>tu</strong></span> <span class='ocrx_word' id='word_1_4' title='bbox 1485 263 1706 325; x_wconf 84' lang='lat' dir='ltr'><strong>EPIST.</strong></span> <span class='ocrx_word' id='word_1_5' title='bbox 1749 263 1840 326; x_wconf 69' lang='lat' dir='ltr'><strong>an</strong></span> <span class='ocrx_word' id='word_1_6' title='bbox 1880 260 2290 324; x_wconf 76' lang='lat' dir='ltr'><strong>TlMOTllEUM</strong></span> <span class='ocrx_word' id='word_1_7' title='bbox 2329 261 2622 322; x_wconf 77' lang='lat' dir='ltr'><strong>PRIMAM.</strong></span> <span class='ocrx_word' id='word_1_8' title='bbox 3395 260 3506 320; x_wconf 72' lang='lat'><strong>462</strong></span> 
     </span>
    </p>
   </div>
   <div class='ocr_carea' id='block_1_2' title="bbox 204 379 3507 468">
    <p class='ocr_par' dir='ltr' id='par_1_2' title="bbox 204 379 3507 468">
     <span class='ocr_line' id='line_1_2' title="bbox 204 379 3507 468; baseline -0.003 -20"><span class='ocrx_word' id='word_1_9' title='bbox 204 401 418 468; x_wconf 78' lang='lat' dir='ltr'><strong>Semper</strong></span> <span class='ocrx_word' id='word_1_10' title='bbox 445 389 585 464; x_wconf 92' lang='lat' dir='ltr'><strong>quod</strong></span> <span class='ocrx_word' id='word_1_11' title='bbox 611 404 764 446; x_wconf 86' lang='lat' dir='ltr'><strong>suum</strong></span> <span class='ocrx_word' id='word_1_12' title='bbox 793 397 911 454; x_wconf 85' lang='lat' dir='ltr'><strong>est,</strong></span> <span class='ocrx_word' id='word_1_13' title='bbox 941 387 1085 443; x_wconf 92' lang='lat' dir='ltr'><strong>bono</strong></span> <span class='ocrx_word' id='word_1_14' title='bbox 1108 395 1233 442; x_wconf 78' lang='lat' dir='ltr'><strong>voto</strong></span> <span class='ocrx_word' id='word_1_15' title='bbox 1257 385 1380 440; x_wconf 93' lang='lat' dir='ltr'><strong>illos</strong></span> <span class='ocrx_word' id='word_1_16' title='bbox 1407 383 1775 455; x_wconf 78' lang='lat' dir='ltr'><strong>prosequitur,</strong></span> <span class='ocrx_word' id='word_1_17' title='bbox 1807 386 1857 444; x_wconf 81' lang='grc' dir='ltr'><strong>Α</strong></span> <span class='ocrx_word' id='word_1_18' title='bbox 1884 397 1979 438; x_wconf 88' lang='lat' dir='ltr'><strong>sua</strong></span> <span class='ocrx_word' id='word_1_19' title='bbox 2035 382 2087 437; x_wconf 92' lang='lat' dir='ltr'><strong>in</strong></span> <span class='ocrx_word' id='word_1_20' title='bbox 2123 382 2269 437; x_wconf 84' lang='lat' dir='ltr'><strong>omni</strong></span> <span class='ocrx_word' id='word_1_21' title='bbox 2301 382 2535 452; x_wconf 88' lang='lat' dir='ltr'><strong>epistola</strong></span> <span class='ocrx_word' id='word_1_22' title='bbox 2584 396 2681 438; x_wconf 89' lang='lat' dir='ltr'><strong>sua</strong></span> <span class='ocrx_word' id='word_1_23' title='bbox 2735 379 3121 438; x_wconf 74' lang='lat' dir='ltr'><strong>salutationem</strong></span> <span class='ocrx_word' id='word_1_24' title='bbox 3154 382 3323 458; x_wconf 70' lang='lat'><strong>290</strong></span> <span class='ocrx_word' id='word_1_25' title='bbox 3372 383 3507 439; x_wconf 92' lang='lat' dir='ltr'><strong>sub-</strong></span> 
     </span>
    </p>
   </div>
   <div class='ocr_carea' id='block_1_3' title="bbox 203 475 3503 564">
    <p class='ocr_par' dir='ltr' id='par_1_3' title="bbox 203 475 3503 564">
     <span class='ocr_line' id='line_1_3' title="bbox 203 475 3503 564; baseline -0.004 -19"><span class='ocrx_word' id='word_1_26' title='bbox 203 490 341 564; x_wconf 84' lang='lat' dir='ltr'><strong>quasi</strong></span> <span class='ocrx_word' id='word_1_27' title='bbox 389 485 730 542; x_wconf 84' lang='lat' dir='ltr'><strong>cbarissimos</strong></span> <span class='ocrx_word' id='word_1_28' title='bbox 775 482 948 547; x_wconf 83' lang='lat' dir='ltr'><strong>ﬁlios,</strong></span> <span class='ocrx_word' id='word_1_29' title='bbox 999 493 1195 551; x_wconf 86' lang='lat' dir='ltr'><strong>optans</strong></span> <span class='ocrx_word' id='word_1_30' title='bbox 1241 495 1458 548; x_wconf 85' lang='lat' dir='ltr'><strong>semper</strong></span> <span class='ocrx_word' id='word_1_31' title='bbox 1506 495 1628 535; x_wconf 92' lang='lat' dir='ltr'><strong>cum</strong></span> <span class='ocrx_word' id='word_1_32' title='bbox 1672 478 1777 532; x_wconf 81' lang='lat' dir='ltr'><strong>illis</strong></span> <span class='ocrx_word' id='word_1_33' title='bbox 1884 477 2128 532; x_wconf 83' lang='lat' dir='ltr'><strong>scribere</strong></span> <span class='ocrx_word' id='word_1_34' title='bbox 2160 484 2430 544; x_wconf 88' lang='lat' dir='ltr'><strong>testatur;</strong></span> <span class='ocrx_word' id='word_1_35' title='bbox 2465 485 2522 532; x_wconf 93' lang='lat' dir='ltr'><strong>ut</strong></span> <span class='ocrx_word' id='word_1_36' title='bbox 2552 476 2655 533; x_wconf 88' lang='lat' dir='ltr'><strong>sub</strong></span> <span class='ocrx_word' id='word_1_37' title='bbox 2709 475 2932 532; x_wconf 86' lang='lat' dir='ltr'><strong>nomine</strong></span> <span class='ocrx_word' id='word_1_38' title='bbox 2969 476 3088 545; x_wconf 84' lang='lat' dir='ltr'><strong>ejus</strong></span> <span class='ocrx_word' id='word_1_39' title='bbox 3133 477 3366 547; x_wconf 86' lang='lat' dir='ltr'><strong>epistola</strong></span> <span class='ocrx_word' id='word_1_40' title='bbox 3408 491 3503 531; x_wconf 84' lang='lat' dir='ltr'><strong>ac-</strong></span> 
     </span>
    </p>
   </div>
   <div class='ocr_carea' id='block_1_4' title="bbox 205 570 3502 654">
    <p class='ocr_par' dir='ltr' id='par_1_4' title="bbox 205 570 3502 654">
     <span class='ocr_line' id='line_1_4' title="bbox 205 570 3502 654; baseline -0.004 -16"><span class='ocrx_word' id='word_1_41' title='bbox 205 593 625 654; x_wconf 84' lang='lat' dir='ltr'><strong>pacemmanere,</strong></span> <span class='ocrx_word' id='word_1_42' title='bbox 653 592 771 648; x_wconf 71' lang='lat' dir='ltr'><strong>qua:</strong></span> <span class='ocrx_word' id='word_1_43' title='bbox 793 583 877 630; x_wconf 89' lang='lat' dir='ltr'><strong>est</strong></span> <span class='ocrx_word' id='word_1_44' title='bbox 901 573 1009 629; x_wconf 82' lang='lat' dir='ltr'><strong>dux</strong></span> <span class='ocrx_word' id='word_1_45' title='bbox 1030 573 1094 629; x_wconf 86' lang='lat' dir='ltr'><strong>ad</strong></span> <span class='ocrx_word' id='word_1_46' title='bbox 1122 575 1290 629; x_wconf 82' lang='lat' dir='ltr'><strong>vitam</strong></span> <span class='ocrx_word' id='word_1_47' title='bbox 1308 583 1588 630; x_wconf 77' lang='lat' dir='ltr'><strong>:eternant.</strong></span> <span class='ocrx_word' id='word_1_48' title='bbox 1613 571 1780 643; x_wconf 71' lang='lat'><strong>289</strong></span> <span class='ocrx_word' id='word_1_49' title='bbox 1883 582 2046 642; x_wconf 88' lang='lat' dir='ltr'><strong>cepto</strong></span> <span class='ocrx_word' id='word_1_50' title='bbox 2079 571 2212 627; x_wconf 81' lang='lat' dir='ltr'><strong>ferri</strong></span> <span class='ocrx_word' id='word_1_51' title='bbox 2260 587 2368 628; x_wconf 89' lang='lat' dir='ltr'><strong>non</strong></span> <span class='ocrx_word' id='word_1_52' title='bbox 2402 572 2607 644; x_wconf 85' lang='lat' dir='ltr'><strong>possit,</strong></span> <span class='ocrx_word' id='word_1_53' title='bbox 2661 587 2784 644; x_wconf 79' lang='lat' dir='ltr'><strong>qua:</strong></span> <span class='ocrx_word' id='word_1_54' title='bbox 2817 586 2927 630; x_wconf 88' lang='lat' dir='ltr'><strong>non</strong></span> <span class='ocrx_word' id='word_1_55' title='bbox 2961 570 3124 628; x_wconf 80' lang='lat' dir='ltr'><strong>fuerit</strong></span> <span class='ocrx_word' id='word_1_56' title='bbox 3173 586 3335 627; x_wconf 90' lang='lat' dir='ltr'><strong>manu</strong></span> <span class='ocrx_word' id='word_1_57' title='bbox 3380 570 3502 642; x_wconf 85' lang='lat' dir='ltr'><strong>ejus</strong></span> 
     </span>
    </p>
   </div>
   <div class='ocr_carea' id='block_1_5' title="bbox 204 664 2222 738">
    <p class='ocr_par' dir='ltr' id='par_1_5' title="bbox 204 664 2222 738">
     <span class='ocr_line' id='line_1_5' title="bbox 204 664 2222 738; baseline -0.007 -7"><span class='ocrx_word' id='word_1_58' title='bbox 204 674 325 731; x_wconf 85' lang='lat' dir='ltr'><strong>Cum</strong></span> <span class='ocrx_word' id='word_1_59' title='bbox 357 671 436 729; x_wconf 92' lang='lat' dir='ltr'><strong>his</strong></span> <span class='ocrx_word' id='word_1_60' title='bbox 455 669 596 727; x_wconf 89' lang='lat' dir='ltr'><strong>enim</strong></span> <span class='ocrx_word' id='word_1_61' title='bbox 627 667 889 726; x_wconf 87' lang='lat' dir='ltr'><strong>Dominus</strong></span> <span class='ocrx_word' id='word_1_62' title='bbox 913 681 973 724; x_wconf 83' lang='lat' dir='ltr'><strong>se</strong></span> <span class='ocrx_word' id='word_1_63' title='bbox 995 682 1117 726; x_wconf 89' lang='lat' dir='ltr'><strong>esse</strong></span> <span class='ocrx_word' id='word_1_64' title='bbox 1142 666 1416 738; x_wconf 85' lang='lat' dir='ltr'><strong>promisit,</strong></span> <span class='ocrx_word' id='word_1_65' title='bbox 1455 664 1547 736; x_wconf 91' lang='lat' dir='ltr'><strong>qui</strong></span> <span class='ocrx_word' id='word_1_66' title='bbox 1577 665 1779 720; x_wconf 86' lang='lat' dir='ltr'><strong>iuerint</strong></span> <span class='ocrx_word' id='word_1_67' title='bbox 1883 664 2222 736; x_wconf 82' lang='lat' dir='ltr'><strong>subscripta.</strong></span> 
     </span>
    </p>
   </div>
   <div class='ocr_carea' id='block_1_6' title="bbox 205 755 3504 837">
    <p class='ocr_par' dir='ltr' id='par_1_6' title="bbox 205 755 3504 837">
     <span class='ocr_line' id='line_1_6' title="bbox 205 755 3504 837; baseline -0.003 -17"><span class='ocrx_word' id='word_1_68' title='bbox 205 765 420 837; x_wconf 80' lang='lat' dir='ltr'><strong>paciﬁci.</strong></span> <span class='ocrx_word' id='word_1_69' title='bbox 1952 759 2150 830; x_wconf 80' lang='lat' dir='ltr'><strong>(Vers.</strong></span> <span class='ocrx_word' id='word_1_70' title='bbox 2188 758 2276 816; x_wconf 77' lang='grc'><strong>18.</strong></span> <span class='ocrx_word' id='word_1_71' title='bbox 2305 757 2325 830; x_wconf 89' lang='grc'>)</span> <span class='ocrx_word' id='word_1_72' title='bbox 2359 757 2547 814; x_wconf 84' lang='lat' dir='ltr'><strong>Gratia</strong></span> <span class='ocrx_word' id='word_1_73' title='bbox 2569 757 2782 812; x_wconf 85' lang='lat' dir='ltr'><strong>Domini</strong></span> <span class='ocrx_word' id='word_1_74' title='bbox 2812 759 2976 813; x_wconf 78' lang='lat' dir='ltr'><strong>nostri</strong></span> <span class='ocrx_word' id='word_1_75' title='bbox 3002 757 3129 815; x_wconf 83' lang='lat' dir='ltr'><strong>Jesu</strong></span> <span class='ocrx_word' id='word_1_76' title='bbox 3171 755 3364 814; x_wconf 87' lang='lat' dir='ltr'><strong>Christi</strong></span> <span class='ocrx_word' id='word_1_77' title='bbox 3387 773 3504 810; x_wconf 88' lang='lat' dir='ltr'><strong>cum</strong></span> 
     </span>
    </p>
   </div>
   <div class='ocr_carea' id='block_1_7' title="bbox 267 849 3510 930">
    <p class='ocr_par' dir='ltr' id='par_1_7' title="bbox 267 849 3510 930">
     <span class='ocr_line' id='line_1_7' title="bbox 267 849 3510 930; baseline -0.003 -17"><span class='ocrx_word' id='word_1_78' title='bbox 267 859 285 930; x_wconf 92' lang='lat'>(</span> <span class='ocrx_word' id='word_1_79' title='bbox 309 857 453 914; x_wconf 86' lang='lat' dir='ltr'><strong>Vers.</strong></span> <span class='ocrx_word' id='word_1_80' title='bbox 487 857 573 912; x_wconf 78' lang='lat' dir='ltr'><strong>l7.</strong></span> <span class='ocrx_word' id='word_1_81' title='bbox 598 855 617 928; x_wconf 88' lang='lat'><strong>)</strong></span> <span class='ocrx_word' id='word_1_82' title='bbox 649 855 778 924; x_wconf 84' lang='lat' dir='ltr'><strong>Ipsa</strong></span> <span class='ocrx_word' id='word_1_83' title='bbox 804 855 1048 914; x_wconf 84' lang='lat' dir='ltr'><strong>salutatio</strong></span> <span class='ocrx_word' id='word_1_84' title='bbox 1087 872 1202 910; x_wconf 83' lang='lat' dir='ltr'><strong>mea</strong></span> <span class='ocrx_word' id='word_1_85' title='bbox 1230 872 1392 910; x_wconf 87' lang='lat' dir='ltr'><strong>manu</strong></span> <span class='ocrx_word' id='word_1_86' title='bbox 1433 852 1614 920; x_wconf 87' lang='lat' dir='ltr'><strong>Pauli,</strong></span> <span class='ocrx_word' id='word_1_87' title='bbox 1642 852 1782 924; x_wconf 77' lang='lat' dir='ltr'><strong>quod</strong></span> <span class='ocrx_word' id='word_1_88' title='bbox 1880 855 2119 912; x_wconf 82' lang='lat' dir='ltr'><strong>omnibus</strong></span> <span class='ocrx_word' id='word_1_89' title='bbox 2142 851 2299 909; x_wconf 77' lang='lat' dir='ltr'><strong>vobis.</strong></span> <span class='ocrx_word' id='word_1_90' title='bbox 2321 851 2448 907; x_wconf 83' lang='lat' dir='ltr'><strong>llaec</strong></span> <span class='ocrx_word' id='word_1_91' title='bbox 2461 849 2724 906; x_wconf 91' lang='lat' dir='ltr'><strong>salutatio</strong></span> <span class='ocrx_word' id='word_1_92' title='bbox 2743 866 2902 905; x_wconf 88' lang='lat' dir='ltr'><strong>manu</strong></span> <span class='ocrx_word' id='word_1_93' title='bbox 2925 849 3173 920; x_wconf 76' lang='lat' dir='ltr'><strong>Apostoli</strong></span> <span class='ocrx_word' id='word_1_94' title='bbox 3195 849 3510 920; x_wconf 90' lang='lat' dir='ltr'><strong>conscripta</strong></span> 
     </span>
    </p>
   </div>
   <div class='ocr_carea' id='block_1_8' title="bbox 199 945 3510 1022">
    <p class='ocr_par' dir='ltr' id='par_1_8' title="bbox 199 945 3510 1022">
     <span class='ocr_line' id='line_1_8' title="bbox 199 945 3510 1022; baseline -0.004 -12"><span class='ocrx_word' id='word_1_95' title='bbox 199 961 267 1010; x_wconf 78' lang='lat' dir='ltr'><strong>est</strong></span> <span class='ocrx_word' id='word_1_96' title='bbox 286 951 482 1022; x_wconf 83' lang='lat' dir='ltr'><strong>signant</strong></span> <span class='ocrx_word' id='word_1_97' title='bbox 502 950 556 1006; x_wconf 89' lang='lat' dir='ltr'><strong>in</strong></span> <span class='ocrx_word' id='word_1_98' title='bbox 584 950 724 1004; x_wconf 86' lang='lat' dir='ltr'><strong>omni</strong></span> <span class='ocrx_word' id='word_1_99' title='bbox 750 951 970 1021; x_wconf 83' lang='lat' dir='ltr'><strong>epistola</strong></span> <span class='ocrx_word' id='word_1_100' title='bbox 998 966 1016 1005; x_wconf 88' lang='lat'><strong><em>:</em></strong></span> <span class='ocrx_word' id='word_1_101' title='bbox 1042 951 1116 1004; x_wconf 87' lang='lat' dir='ltr'><strong>ita</strong></span> <span class='ocrx_word' id='word_1_102' title='bbox 1142 949 1328 1004; x_wconf 85' lang='lat' dir='ltr'><strong>scribo.</strong></span> <span class='ocrx_word' id='word_1_103' title='bbox 1358 949 1588 1020; x_wconf 80' lang='lat' dir='ltr'><strong>Propter</strong></span> <span class='ocrx_word' id='word_1_104' title='bbox 1613 948 1782 1003; x_wconf 83' lang='lat' dir='ltr'><strong>inter-</strong></span> <span class='ocrx_word' id='word_1_105' title='bbox 1883 957 2003 1016; x_wconf 90' lang='lat' dir='ltr'><strong>est,</strong></span> <span class='ocrx_word' id='word_1_106' title='bbox 2049 962 2154 1020; x_wconf 82' lang='lat' dir='ltr'><strong>qua</strong></span> <span class='ocrx_word' id='word_1_107' title='bbox 2183 947 2420 1020; x_wconf 76' lang='lat' dir='ltr'><strong>gratiam</strong></span> <span class='ocrx_word' id='word_1_108' title='bbox 2469 946 2687 1004; x_wconf 87' lang='lat' dir='ltr'><strong>Domini</strong></span> <span class='ocrx_word' id='word_1_109' title='bbox 2723 946 2898 1003; x_wconf 84' lang='lat' dir='ltr'><strong>nostri</strong></span> <span class='ocrx_word' id='word_1_110' title='bbox 2929 945 3057 1004; x_wconf 84' lang='lat' dir='ltr'><strong>Jesu</strong></span> <span class='ocrx_word' id='word_1_111' title='bbox 3103 945 3309 1004; x_wconf 87' lang='lat' dir='ltr'><strong>Christi</strong></span> <span class='ocrx_word' id='word_1_112' title='bbox 3356 953 3510 1016; x_wconf 90' lang='lat' dir='ltr'><strong>optat</strong></span> 
     </span>
    </p>
   </div>
   <div class='ocr_carea' id='block_1_9' title="bbox 197 1040 2525 1118">
    <p class='ocr_par' dir='ltr' id='par_1_9' title="bbox 197 1040 2525 1118">
     <span class='ocr_line' id='line_1_9' title="bbox 197 1040 2525 1118; baseline -0.003 -17"><span class='ocrx_word' id='word_1_113' title='bbox 197 1044 344 1118; x_wconf 84' lang='lat' dir='ltr'><strong>polas</strong></span> <span class='ocrx_word' id='word_1_114' title='bbox 362 1053 414 1099; x_wconf 92' lang='lat' dir='ltr'><strong>et</strong></span> <span class='ocrx_word' id='word_1_115' title='bbox 438 1043 844 1101; x_wconf 87' lang='lat' dir='ltr'><strong>adulteratores</strong></span> <span class='ocrx_word' id='word_1_116' title='bbox 865 1043 1280 1114; x_wconf 83' lang='lat' dir='ltr'><strong>Scripturarum</strong></span> <span class='ocrx_word' id='word_1_117' title='bbox 1299 1059 1516 1115; x_wconf 73' lang='lat' dir='ltr'><strong>semper</strong></span> <span class='ocrx_word' id='word_1_118' title='bbox 1539 1058 1598 1098; x_wconf 86' lang='lat' dir='ltr'><strong>se</strong></span> <span class='ocrx_word' id='word_1_119' title='bbox 1625 1058 1787 1098; x_wconf 89' lang='lat' dir='ltr'><strong>manu</strong></span> <span class='ocrx_word' id='word_1_120' title='bbox 1888 1056 2014 1098; x_wconf 90' lang='lat' dir='ltr'><strong>esse</strong></span> <span class='ocrx_word' id='word_1_121' title='bbox 2040 1056 2164 1098; x_wconf 90' lang='lat' dir='ltr'><strong>cum</strong></span> <span class='ocrx_word' id='word_1_122' title='bbox 2196 1041 2298 1098; x_wconf 92' lang='lat' dir='ltr'><strong>eis.</strong></span> <span class='ocrx_word' id='word_1_123' title='bbox 2331 1040 2525 1098; x_wconf 81' lang='lat' dir='ltr'><strong>Amen.</strong></span> 
     </span>
    </p>
   </div>
   <div class='ocr_carea' id='block_1_10' title="bbox 211 1150 596 1172">
    <p class='ocr_par' dir='ltr' id='par_1_10' title="bbox 211 1150 596 1172">
     <span class='ocr_line' id='line_1_10' title="bbox 211 1150 596 1172; baseline -0.005 -4"><span class='ocrx_word' id='word_1_124' title='bbox 211 1150 596 1172; x_wconf 45' lang='lat'><strong>~—</strong></span> 
     </span>
    </p>
   </div>
   <div class='ocr_carea' id='block_1_11' title="bbox 296 1285 3399 1379">
    <p class='ocr_par' dir='ltr' id='par_1_11' title="bbox 296 1285 3399 1379">
     <span class='ocr_line' id='line_1_11' title="bbox 296 1285 3399 1379; baseline -0.001 -3"><span class='ocrx_word' id='word_1_125' title='bbox 296 1289 414 1379; x_wconf 87' lang='lat' dir='ltr'><strong>IN</strong></span> <span class='ocrx_word' id='word_1_126' title='bbox 485 1288 1149 1378; x_wconf 67' lang='lat' dir='ltr'><strong>EPISTULAM</strong></span> <span class='ocrx_word' id='word_1_127' title='bbox 1225 1291 1320 1374; x_wconf 93' lang='lat' dir='ltr'><strong>B.</strong></span> <span class='ocrx_word' id='word_1_128' title='bbox 1402 1285 1755 1374; x_wconf 88' lang='lat' dir='ltr'><strong>PAULI</strong></span> <span class='ocrx_word' id='word_1_129' title='bbox 1828 1292 1988 1375; x_wconf 92' lang='lat' dir='ltr'><strong>AD</strong></span> <span class='ocrx_word' id='word_1_130' title='bbox 2067 1289 2812 1377; x_wconf 86' lang='lat' dir='ltr'><strong>TIMOTHEUM</strong></span> <span class='ocrx_word' id='word_1_131' title='bbox 2888 1291 3399 1376; x_wconf 83' lang='lat' dir='ltr'><strong>PRIMAM.</strong></span> 
     </span>
    </p>
   </div>
   <div class='ocr_carea' id='block_1_12' title="bbox 1674 1453 1996 1470">
    <p class='ocr_par' dir='ltr' id='par_1_12' title="bbox 1674 1453 1996 1470">
     <span class='ocr_line' id='line_1_12' title="bbox 1674 1453 1996 1470; baseline 0 -4"><span class='ocrx_word' id='word_1_132' title='bbox 1674 1453 1996 1470; x_wconf 44' lang='grc' dir='ltr'><strong>ὴ-</strong></span> 
     </span>
    </p>
   </div>
   <div class='ocr_carea' id='block_1_13' title="bbox 681 1569 1273 1648">
    <p class='ocr_par' dir='ltr' id='par_1_13' title="bbox 681 1569 1273 1648">
     <span class='ocr_line' id='line_1_13' title="bbox 681 1569 1273 1648; baseline -0.003 -22"><span class='ocrx_word' id='word_1_133' title='bbox 681 1571 846 1648; x_wconf 73' lang='lat'><strong>239</strong></span> <span class='ocrx_word' id='word_1_134' title='bbox 882 1569 1273 1628; x_wconf 66' lang='lat' dir='ltr'><strong>rnococus.</strong></span> 
     </span>
    </p>
   </div>
   <div class='ocr_carea' id='block_1_14' title="bbox 265 1663 1801 1734">
    <p class='ocr_par' dir='ltr' id='par_1_14' title="bbox 265 1663 1801 1734">
     <span class='ocr_line' id='line_1_14' title="bbox 265 1663 1801 1734; baseline -0.003 -11"><span class='ocrx_word' id='word_1_135' title='bbox 265 1666 580 1724; x_wconf 83' lang='lat' dir='ltr'><strong>Timotheus</strong></span> <span class='ocrx_word' id='word_1_136' title='bbox 607 1665 746 1722; x_wconf 78' lang='lat' dir='ltr'><strong>illius</strong></span> <span class='ocrx_word' id='word_1_137' title='bbox 766 1667 866 1721; x_wconf 80' lang='lat' dir='ltr'><strong>fuit</strong></span> <span class='ocrx_word' id='word_1_138' title='bbox 891 1665 1138 1721; x_wconf 86' lang='lat' dir='ltr'><strong>mulieris</strong></span> <span class='ocrx_word' id='word_1_139' title='bbox 1164 1663 1365 1720; x_wconf 65' lang='lat' dir='ltr'><strong>Jttdtctc</strong></span> <span class='ocrx_word' id='word_1_140' title='bbox 1399 1663 1577 1719; x_wconf 86' lang='lat' dir='ltr'><strong>ﬁdelis</strong></span> <span class='ocrx_word' id='word_1_141' title='bbox 1599 1705 1613 1730; x_wconf 93' lang='lat'><strong>,</strong></span> <span class='ocrx_word' id='word_1_142' title='bbox 1650 1674 1801 1734; x_wconf 89' lang='lat' dir='ltr'><strong>patre</strong></span> 
     </span>
    </p>
   </div>
   <div class='ocr_carea' id='block_1_15' title="bbox 203 1758 1794 1833">
    <p class='ocr_par' dir='ltr' id='par_1_15' title="bbox 203 1758 1794 1833">
     <span class='ocr_line' id='line_1_15' title="bbox 203 1758 1794 1833; baseline -0.007 -12"><span class='ocrx_word' id='word_1_143' title='bbox 203 1762 414 1828; x_wconf 67' lang='lat' dir='ltr'><strong>Grmco,</strong></span> <span class='ocrx_word' id='word_1_144' title='bbox 445 1761 601 1833; x_wconf 75' lang='lat' dir='ltr'><strong>cujus</strong></span> <span class='ocrx_word' id='word_1_145' title='bbox 632 1777 792 1816; x_wconf 71' lang='lat' dir='ltr'><strong>causa</strong></span> <span class='ocrx_word' id='word_1_146' title='bbox 828 1760 1086 1833; x_wconf 75' lang='lat' dir='ltr'><strong>parvulus</strong></span> <span class='ocrx_word' id='word_1_147' title='bbox 1109 1759 1425 1814; x_wconf 83' lang='lat' dir='ltr'><strong>circumcidi</strong></span> <span class='ocrx_word' id='word_1_148' title='bbox 1458 1775 1564 1813; x_wconf 90' lang='lat' dir='ltr'><strong>non</strong></span> <span class='ocrx_word' id='word_1_149' title='bbox 1599 1758 1794 1828; x_wconf 89' lang='lat' dir='ltr'><strong>potttit.</strong></span> 
     </span>
    </p>
   </div>
   <div class='ocr_carea' id='block_1_16' title="bbox 200 1850 1800 1926">
    <p class='ocr_par' dir='ltr' id='par_1_16' title="bbox 200 1850 1800 1926">
     <span class='ocr_line' id='line_1_16' title="bbox 200 1850 1800 1926; baseline -0.003 -19"><span class='ocrx_word' id='word_1_150' title='bbox 200 1855 294 1926; x_wconf 87' lang='lat' dir='ltr'><strong>Qui</strong></span> <span class='ocrx_word' id='word_1_151' title='bbox 321 1854 500 1910; x_wconf 79' lang='lat' dir='ltr'><strong>Studio</strong></span> <span class='ocrx_word' id='word_1_152' title='bbox 526 1855 715 1909; x_wconf 84' lang='lat' dir='ltr'><strong>matris</strong></span> <span class='ocrx_word' id='word_1_153' title='bbox 747 1870 857 1909; x_wconf 73' lang='lat' dir='ltr'><strong>sua:</strong></span> <span class='ocrx_word' id='word_1_154' title='bbox 888 1869 1073 1908; x_wconf 89' lang='lat' dir='ltr'><strong>sacras</strong></span> <span class='ocrx_word' id='word_1_155' title='bbox 1103 1851 1318 1906; x_wconf 82' lang='lat' dir='ltr'><strong>litteras</strong></span> <span class='ocrx_word' id='word_1_156' title='bbox 1347 1850 1571 1918; x_wconf 89' lang='lat' dir='ltr'><strong>didicit,</strong></span> <span class='ocrx_word' id='word_1_157' title='bbox 1604 1850 1800 1920; x_wconf 90' lang='lat' dir='ltr'><strong>quibus</strong></span> 
     </span>
    </p>
   </div>
   <div class='ocr_carea' id='block_1_17' title="bbox 197 1942 1795 2018">
    <p class='ocr_par' dir='ltr' id='par_1_17' title="bbox 197 1942 1795 2018">
     <span class='ocr_line' id='line_1_17' title="bbox 197 1942 1795 2018; baseline -0.005 -14"><span class='ocrx_word' id='word_1_158' title='bbox 197 1963 411 2018; x_wconf 82' lang='lat' dir='ltr'><strong>Operam</strong></span> <span class='ocrx_word' id='word_1_159' title='bbox 432 1947 595 2011; x_wconf 90' lang='lat' dir='ltr'><strong>dans,</strong></span> <span class='ocrx_word' id='word_1_160' title='bbox 616 1948 810 2001; x_wconf 86' lang='lat' dir='ltr'><strong>bonam</strong></span> <span class='ocrx_word' id='word_1_161' title='bbox 827 1947 928 2002; x_wconf 87' lang='lat' dir='ltr'><strong>sibi</strong></span> <span class='ocrx_word' id='word_1_162' title='bbox 946 1946 1114 2000; x_wconf 90' lang='lat' dir='ltr'><strong>vitam</strong></span> <span class='ocrx_word' id='word_1_163' title='bbox 1131 1945 1363 2000; x_wconf 75' lang='lat' dir='ltr'><strong>instituit</strong></span> <span class='ocrx_word' id='word_1_164' title='bbox 1383 1942 1529 2016; x_wconf 80' lang='lat' dir='ltr'><strong>(Art.</strong></span> <span class='ocrx_word' id='word_1_165' title='bbox 1555 1959 1667 2008; x_wconf 76' lang='lat' dir='ltr'><strong>xw,</strong></span> <span class='ocrx_word' id='word_1_166' title='bbox 1702 1942 1795 2010; x_wconf 83' lang='grc'><strong>5).</strong></span> 
     </span>
    </p>
   </div>
   <div class='ocr_carea' id='block_1_18' title="bbox 199 2037 1798 2112">
    <p class='ocr_par' dir='ltr' id='par_1_18' title="bbox 199 2037 1798 2112">
     <span class='ocr_line' id='line_1_18' title="bbox 199 2037 1798 2112; baseline -0.002 -16"><span class='ocrx_word' id='word_1_167' title='bbox 199 2039 342 2096; x_wconf 84' lang='lat' dir='ltr'><strong>lluuc</strong></span> <span class='ocrx_word' id='word_1_168' title='bbox 388 2041 691 2112; x_wconf 85' lang='lat' dir='ltr'><strong>Apostolus</strong></span> <span class='ocrx_word' id='word_1_169' title='bbox 738 2057 863 2096; x_wconf 84' lang='lat' dir='ltr'><strong>cum</strong></span> <span class='ocrx_word' id='word_1_170' title='bbox 923 2040 1186 2096; x_wconf 81' lang='lat' dir='ltr'><strong>voluisset</strong></span> <span class='ocrx_word' id='word_1_171' title='bbox 1235 2054 1550 2104; x_wconf 89' lang='lat' dir='ltr'><strong>assumere,</strong></span> <span class='ocrx_word' id='word_1_172' title='bbox 1619 2037 1798 2093; x_wconf 88' lang='lat' dir='ltr'><strong>sciens</strong></span> 
     </span>
    </p>
   </div>
   <div class='ocr_carea' id='block_1_19' title="bbox 197 2133 1797 2205">
    <p class='ocr_par' dir='ltr' id='par_1_19' title="bbox 197 2133 1797 2205">
     <span class='ocr_line' id='line_1_19' title="bbox 197 2133 1797 2205; baseline -0.001 -16"><span class='ocrx_word' id='word_1_173' title='bbox 197 2135 446 2192; x_wconf 85' lang='lat' dir='ltr'><strong>idoneum</strong></span> <span class='ocrx_word' id='word_1_174' title='bbox 501 2135 617 2190; x_wconf 85' lang='lat' dir='ltr'><strong>fore</strong></span> <span class='ocrx_word' id='word_1_175' title='bbox 663 2135 1100 2205; x_wconf 89' lang='lat' dir='ltr'><strong>dispensatorem</strong></span> <span class='ocrx_word' id='word_1_176' title='bbox 1149 2134 1479 2203; x_wconf 62' lang='lat' dir='ltr'><strong>evangelicae</strong></span> <span class='ocrx_word' id='word_1_177' title='bbox 1516 2133 1797 2197; x_wconf 69' lang='lat' dir='ltr'><strong>veritatis,</strong></span> 
     </span>
    </p>
   </div>
   <div class='ocr_carea' id='block_1_20' title="bbox 198 2225 1796 2299">
    <p class='ocr_par' dir='ltr' id='par_1_20' title="bbox 198 2225 1796 2299">
     <span class='ocr_line' id='line_1_20' title="bbox 198 2225 1796 2299; baseline -0.003 -15"><span class='ocrx_word' id='word_1_178' title='bbox 198 2243 354 2284; x_wconf 83' lang='lat' dir='ltr'><strong>causa</strong></span> <span class='ocrx_word' id='word_1_179' title='bbox 393 2227 710 2285; x_wconf 67' lang='grc' dir='ltr'><strong>,ιηὼῐξυῑιιιιι</strong></span> <span class='ocrx_word' id='word_1_180' title='bbox 742 2230 1058 2299; x_wconf 88' lang='lat' dir='ltr'><strong>compulsus</strong></span> <span class='ocrx_word' id='word_1_181' title='bbox 1087 2237 1172 2282; x_wconf 61' lang='grc' dir='ltr'><strong>«νει</strong></span> <span class='ocrx_word' id='word_1_182' title='bbox 1207 2225 1606 2282; x_wconf 83' lang='lat' dir='ltr'><strong>circumcidere</strong></span> <span class='ocrx_word' id='word_1_183' title='bbox 1635 2243 1758 2281; x_wconf 86' lang='lat' dir='ltr'><strong>eum</strong></span> <span class='ocrx_word' id='word_1_184' title='bbox 1783 2270 1796 2293; x_wconf 93' lang='lat'><strong>,</strong></span> 
     </span>
    </p>
   </div>
   <div class='ocr_carea' id='block_1_21' title="bbox 200 2319 1802 2393">
    <p class='ocr_par' dir='ltr' id='par_1_21' title="bbox 200 2319 1802 2393">
     <span class='ocr_line' id='line_1_21' title="bbox 200 2319 1802 2393; baseline -0.004 -16"><span class='ocrx_word' id='word_1_185' title='bbox 200 2323 526 2379; x_wconf 83' lang='lat' dir='ltr'><strong>instantibus</strong></span> <span class='ocrx_word' id='word_1_186' title='bbox 554 2324 669 2386; x_wconf 84' lang='lat' dir='ltr'><strong>eis,</strong></span> <span class='ocrx_word' id='word_1_187' title='bbox 702 2330 761 2378; x_wconf 91' lang='lat' dir='ltr'><strong>ttt</strong></span> <span class='ocrx_word' id='word_1_188' title='bbox 783 2322 877 2393; x_wconf 88' lang='lat' dir='ltr'><strong>qui</strong></span> <span class='ocrx_word' id='word_1_189' title='bbox 906 2332 1080 2378; x_wconf 90' lang='lat' dir='ltr'><strong>matre</strong></span> <span class='ocrx_word' id='word_1_190' title='bbox 1104 2322 1288 2378; x_wconf 64' lang='lat' dir='ltr'><strong>Judsea</strong></span> <span class='ocrx_word' id='word_1_191' title='bbox 1322 2329 1482 2377; x_wconf 89' lang='lat' dir='ltr'><strong>natus</strong></span> <span class='ocrx_word' id='word_1_192' title='bbox 1506 2334 1685 2388; x_wconf 83' lang='lat' dir='ltr'><strong>esset,</strong></span> <span class='ocrx_word' id='word_1_193' title='bbox 1722 2319 1802 2373; x_wconf 85' lang='lat' dir='ltr'><strong>itt-</strong></span> 
     </span>
    </p>
   </div>
   <div class='ocr_carea' id='block_1_22' title="bbox 197 2416 1799 2488">
    <p class='ocr_par' dir='ltr' id='par_1_22' title="bbox 197 2416 1799 2488">
     <span class='ocr_line' id='line_1_22' title="bbox 197 2416 1799 2488; baseline -0.002 -14"><span class='ocrx_word' id='word_1_194' title='bbox 197 2417 555 2474; x_wconf 81' lang='lat' dir='ltr'><strong>circuntcisns</strong></span> <span class='ocrx_word' id='word_1_195' title='bbox 605 2419 811 2473; x_wconf 86' lang='lat' dir='ltr'><strong>assumi</strong></span> <span class='ocrx_word' id='word_1_196' title='bbox 866 2434 972 2473; x_wconf 90' lang='lat' dir='ltr'><strong>non</strong></span> <span class='ocrx_word' id='word_1_197' title='bbox 1027 2418 1256 2474; x_wconf 88' lang='lat' dir='ltr'><strong>deberet</strong></span> <span class='ocrx_word' id='word_1_198' title='bbox 1306 2416 1372 2472; x_wconf 89' lang='lat' dir='ltr'><strong>ad</strong></span> <span class='ocrx_word' id='word_1_199' title='bbox 1422 2416 1799 2488; x_wconf 79' lang='lat' dir='ltr'><strong>tttagisterium</strong></span> 
     </span>
    </p>
   </div>
   <div class='ocr_carea' id='block_1_23' title="bbox 201 2510 1798 2582">
    <p class='ocr_par' dir='ltr' id='par_1_23' title="bbox 201 2510 1798 2582">
     <span class='ocr_line' id='line_1_23' title="bbox 201 2510 1798 2582; baseline -0.003 -17"><span class='ocrx_word' id='word_1_200' title='bbox 201 2521 414 2582; x_wconf 87' lang='lat' dir='ltr'><strong>pr0pter</strong></span> <span class='ocrx_word' id='word_1_201' title='bbox 435 2511 812 2567; x_wconf 87' lang='lat' dir='ltr'><strong>testimonium</strong></span> <span class='ocrx_word' id='word_1_202' title='bbox 838 2512 1073 2582; x_wconf 78' lang='lat' dir='ltr'><strong>generis.</strong></span> <span class='ocrx_word' id='word_1_203' title='bbox 1099 2510 1252 2566; x_wconf 90' lang='lat' dir='ltr'><strong>llune</strong></span> <span class='ocrx_word' id='word_1_204' title='bbox 1274 2527 1404 2581; x_wconf 83' lang='lat' dir='ltr'><strong>ergo</strong></span> <span class='ocrx_word' id='word_1_205' title='bbox 1422 2511 1532 2581; x_wconf 79' lang='lat' dir='ltr'><strong>jam</strong></span> <span class='ocrx_word' id='word_1_206' title='bbox 1557 2521 1798 2565; x_wconf 88' lang='lat' dir='ltr'><strong>creatum</strong></span> 
     </span>
    </p>
   </div>
   <div class='ocr_carea' id='block_1_24' title="bbox 199 2601 1804 2677">
    <p class='ocr_par' dir='ltr' id='par_1_24' title="bbox 199 2601 1804 2677">
     <span class='ocr_line' id='line_1_24' title="bbox 199 2601 1804 2677; baseline -0.001 -19"><span class='ocrx_word' id='word_1_207' title='bbox 199 2604 511 2676; x_wconf 74' lang='lat' dir='ltr'><strong>episcopum</strong></span> <span class='ocrx_word' id='word_1_208' title='bbox 547 2605 768 2659; x_wconf 88' lang='lat' dir='ltr'><strong>instruit</strong></span> <span class='ocrx_word' id='word_1_209' title='bbox 808 2621 902 2675; x_wconf 89' lang='lat' dir='ltr'><strong>per</strong></span> <span class='ocrx_word' id='word_1_210' title='bbox 933 2604 1222 2677; x_wconf 83' lang='lat' dir='ltr'><strong>epistolam</strong></span> <span class='ocrx_word' id='word_1_211' title='bbox 1255 2602 1530 2674; x_wconf 91' lang='lat' dir='ltr'><strong>quomodo</strong></span> <span class='ocrx_word' id='word_1_212' title='bbox 1577 2601 1804 2658; x_wconf 86' lang='lat' dir='ltr'><strong>deberet</strong></span> 
     </span>
    </p>
   </div>
   <div class='ocr_carea' id='block_1_25' title="bbox 200 2695 816 2756">
    <p class='ocr_par' dir='ltr' id='par_1_25' title="bbox 200 2695 816 2756">
     <span class='ocr_line' id='line_1_25' title="bbox 200 2695 816 2756; baseline -0.003 -4"><span class='ocrx_word' id='word_1_213' title='bbox 200 2695 510 2756; x_wconf 82' lang='lat' dir='ltr'><strong>Ecclesiam</strong></span> <span class='ocrx_word' id='word_1_214' title='bbox 539 2697 816 2752; x_wconf 87' lang='lat' dir='ltr'><strong>ordinare.</strong></span> 
     </span>
    </p>
   </div>
   <div class='ocr_carea' id='block_1_26' title="bbox 718 2786 1280 2846">
    <p class='ocr_par' dir='ltr' id='par_1_26' title="bbox 718 2786 1280 2846">
     <span class='ocr_line' id='line_1_26' title="bbox 718 2786 1280 2846; baseline 0.004 -3"><span class='ocrx_word' id='word_1_215' title='bbox 718 2786 946 2844; x_wconf 72' lang='lat' dir='ltr'><strong>CAPUT</strong></span> <span class='ocrx_word' id='word_1_216' title='bbox 987 2787 1280 2846; x_wconf 82' lang='lat' dir='ltr'><strong>PRIMUM.</strong></span> 
     </span>
    </p>
   </div>
   <div class='ocr_carea' id='block_1_27' title="bbox 267 2881 1802 2958">
    <p class='ocr_par' dir='ltr' id='par_1_27' title="bbox 267 2881 1802 2958">
     <span class='ocr_line' id='line_1_27' title="bbox 267 2881 1802 2958; baseline -0.001 -18"><span class='ocrx_word' id='word_1_217' title='bbox 267 2883 462 2958; x_wconf 73' lang='lat' dir='ltr'><strong>(Vcrs.</strong></span> <span class='ocrx_word' id='word_1_218' title='bbox 503 2883 556 2952; x_wconf 76' lang='lat' dir='ltr'><strong>i,</strong></span> <span class='ocrx_word' id='word_1_219' title='bbox 587 2882 642 2938; x_wconf 71' lang='lat'><strong>2.</strong></span> <span class='ocrx_word' id='word_1_220' title='bbox 668 2883 686 2956; x_wconf 96' lang='lat'>)</span> <span class='ocrx_word' id='word_1_221' title='bbox 719 2881 924 2938; x_wconf 81' lang='lat' dir='ltr'><strong>Paulus</strong></span> <span class='ocrx_word' id='word_1_222' title='bbox 953 2885 1223 2954; x_wconf 83' lang='lat' dir='ltr'><strong>apostolus</strong></span> <span class='ocrx_word' id='word_1_223' title='bbox 1253 2881 1443 2939; x_wconf 80' lang='lat' dir='ltr'><strong>Citriin</strong></span> <span class='ocrx_word' id='word_1_224' title='bbox 1468 2882 1594 2940; x_wconf 85' lang='lat' dir='ltr'><strong>Jesu</strong></span> <span class='ocrx_word' id='word_1_225' title='bbox 1617 2901 1802 2939; x_wconf 79' lang='lat' dir='ltr'><strong>secun-</strong></span> 
     </span>
    </p>
   </div>
   <div class='ocr_carea' id='block_1_28' title="bbox 1827 1565 3514 1642">
    <p class='ocr_par' dir='ltr' id='par_1_28' title="bbox 1827 1565 3514 1642">
     <span class='ocr_line' id='line_1_28' title="bbox 1827 1565 3514 1642; baseline 0.004 -18"><span class='ocrx_word' id='word_1_226' title='bbox 1827 1571 1877 1630; x_wconf 91' lang='lat' dir='ltr'><strong>B</strong></span> <span class='ocrx_word' id='word_1_227' title='bbox 1903 1569 2153 1624; x_wconf 90' lang='lat' dir='ltr'><strong>consueti</strong></span> <span class='ocrx_word' id='word_1_228' title='bbox 2180 1577 2308 1624; x_wconf 88' lang='lat' dir='ltr'><strong>sunt</strong></span> <span class='ocrx_word' id='word_1_229' title='bbox 2321 1565 2495 1625; x_wconf 82' lang='lat' dir='ltr'><strong>Judaei</strong></span> <span class='ocrx_word' id='word_1_230' title='bbox 2519 1567 2588 1626; x_wconf 90' lang='lat' dir='ltr'><strong>de</strong></span> <span class='ocrx_word' id='word_1_231' title='bbox 2604 1570 2964 1641; x_wconf 77' lang='lat' dir='ltr'><strong>generatione</strong></span> <span class='ocrx_word' id='word_1_232' title='bbox 2978 1585 3200 1627; x_wconf 87' lang='lat' dir='ltr'><strong>suarum</strong></span> <span class='ocrx_word' id='word_1_233' title='bbox 3219 1572 3514 1642; x_wconf 79' lang='lat' dir='ltr'><strong>originum,</strong></span> 
     </span>
    </p>
   </div>
   <div class='ocr_carea' id='block_1_29' title="bbox 1905 1662 3521 1737">
    <p class='ocr_par' dir='ltr' id='par_1_29' title="bbox 1905 1662 3521 1737">
     <span class='ocr_line' id='line_1_29' title="bbox 1905 1662 3521 1737; baseline 0.006 -21"><span class='ocrx_word' id='word_1_234' title='bbox 1905 1662 1972 1717; x_wconf 86' lang='lat' dir='ltr'><strong>de</strong></span> <span class='ocrx_word' id='word_1_235' title='bbox 2001 1663 2309 1728; x_wconf 84' lang='lat' dir='ltr'><strong>Abraham,</strong></span> <span class='ocrx_word' id='word_1_236' title='bbox 2345 1674 2400 1721; x_wconf 90' lang='lat' dir='ltr'><strong>et</strong></span> <span class='ocrx_word' id='word_1_237' title='bbox 2426 1664 2614 1732; x_wconf 84' lang='lat' dir='ltr'><strong>Isaac,</strong></span> <span class='ocrx_word' id='word_1_238' title='bbox 2646 1674 2696 1722; x_wconf 91' lang='lat' dir='ltr'><strong>et</strong></span> <span class='ocrx_word' id='word_1_239' title='bbox 2732 1669 2950 1722; x_wconf 73' lang='lat' dir='ltr'><strong>cmteris</strong></span> <span class='ocrx_word' id='word_1_240' title='bbox 2981 1668 3338 1737; x_wconf 86' lang='lat' dir='ltr'><strong>patriarehis,</strong></span> <span class='ocrx_word' id='word_1_241' title='bbox 3368 1680 3422 1724; x_wconf 88' lang='lat' dir='ltr'><strong>et</strong></span> <span class='ocrx_word' id='word_1_242' title='bbox 3451 1670 3521 1726; x_wconf 86' lang='lat' dir='ltr'><strong>de</strong></span> 
     </span>
    </p>
   </div>
   <div class='ocr_carea' id='block_1_30' title="bbox 1905 1757 3523 1830">
    <p class='ocr_par' dir='ltr' id='par_1_30' title="bbox 1905 1757 3523 1830">
     <span class='ocr_line' id='line_1_30' title="bbox 1905 1757 3523 1830; baseline 0.004 -19"><span class='ocrx_word' id='word_1_243' title='bbox 1905 1757 2349 1822; x_wconf 86' lang='lat' dir='ltr'><strong>circumcisione,</strong></span> <span class='ocrx_word' id='word_1_244' title='bbox 2404 1765 2460 1814; x_wconf 86' lang='lat' dir='ltr'><strong>et</strong></span> <span class='ocrx_word' id='word_1_245' title='bbox 2509 1757 2592 1814; x_wconf 91' lang='lat' dir='ltr'><strong>bis</strong></span> <span class='ocrx_word' id='word_1_246' title='bbox 2647 1775 2770 1830; x_wconf 77' lang='lat' dir='ltr'><strong>quae</strong></span> <span class='ocrx_word' id='word_1_247' title='bbox 2825 1769 3014 1830; x_wconf 88' lang='lat' dir='ltr'><strong>postea</strong></span> <span class='ocrx_word' id='word_1_248' title='bbox 3071 1761 3272 1816; x_wconf 88' lang='lat' dir='ltr'><strong>tradita</strong></span> <span class='ocrx_word' id='word_1_249' title='bbox 3327 1773 3453 1817; x_wconf 90' lang='lat' dir='ltr'><strong>sunt</strong></span> <span class='ocrx_word' id='word_1_250' title='bbox 3489 1779 3523 1818; x_wconf 86' lang='lat' dir='ltr'><strong>a</strong></span> 
     </span>
    </p>
   </div>
   <div class='ocr_carea' id='block_1_31' title="bbox 1901 1848 3521 1925">
    <p class='ocr_par' dir='ltr' id='par_1_31' title="bbox 1901 1848 3521 1925">
     <span class='ocr_line' id='line_1_31' title="bbox 1901 1848 3521 1925; baseline 0.004 -21"><span class='ocrx_word' id='word_1_251' title='bbox 1901 1848 2126 1920; x_wconf 80' lang='lat' dir='ltr'><strong>Moyse;</strong></span> <span class='ocrx_word' id='word_1_252' title='bbox 2162 1865 2230 1906; x_wconf 91' lang='lat' dir='ltr'><strong>ne</strong></span> <span class='ocrx_word' id='word_1_253' title='bbox 2272 1851 2810 1907; x_wconf 79' lang='lat' dir='ltr'><strong>circumvenirentur</strong></span> <span class='ocrx_word' id='word_1_254' title='bbox 2846 1853 2912 1908; x_wconf 90' lang='lat' dir='ltr'><strong>ad</strong></span> <span class='ocrx_word' id='word_1_255' title='bbox 2941 1853 3060 1910; x_wconf 73' lang='lat' dir='ltr'><strong>bare</strong></span> <span class='ocrx_word' id='word_1_256' title='bbox 3103 1854 3367 1922; x_wconf 88' lang='lat' dir='ltr'><strong>colenda,</strong></span> <span class='ocrx_word' id='word_1_257' title='bbox 3398 1871 3521 1925; x_wconf 70' lang='lat' dir='ltr'><strong>quae</strong></span> 
     </span>
    </p>
   </div>
   <div class='ocr_carea' id='block_1_32' title="bbox 1902 1943 3527 2018">
    <p class='ocr_par' dir='ltr' id='par_1_32' title="bbox 1902 1943 3527 2018">
     <span class='ocr_line' id='line_1_32' title="bbox 1902 1943 3527 2018; baseline 0.003 -20"><span class='ocrx_word' id='word_1_258' title='bbox 1902 1944 2198 1999; x_wconf 88' lang='lat' dir='ltr'><strong>carnaliter</strong></span> <span class='ocrx_word' id='word_1_259' title='bbox 2236 1945 2358 1999; x_wconf 88' lang='lat' dir='ltr'><strong>data</strong></span> <span class='ocrx_word' id='word_1_260' title='bbox 2407 1943 2646 2000; x_wconf 82' lang='lat' dir='ltr'><strong>fuerant.</strong></span> <span class='ocrx_word' id='word_1_261' title='bbox 2679 1945 2819 2014; x_wconf 86' lang='lat' dir='ltr'><strong>Quid</strong></span> <span class='ocrx_word' id='word_1_262' title='bbox 2864 1947 3009 2002; x_wconf 90' lang='lat' dir='ltr'><strong>enim</strong></span> <span class='ocrx_word' id='word_1_263' title='bbox 3058 1963 3196 2018; x_wconf 89' lang='lat' dir='ltr'><strong>opus</strong></span> <span class='ocrx_word' id='word_1_264' title='bbox 3228 1957 3314 2003; x_wconf 88' lang='lat' dir='ltr'><strong>est</strong></span> <span class='ocrx_word' id='word_1_265' title='bbox 3353 1963 3527 2018; x_wconf 87' lang='lat' dir='ltr'><strong>gene—</strong></span> 
     </span>
    </p>
   </div>
   <div class='ocr_carea' id='block_1_33' title="bbox 1905 2038 3517 2111">
    <p class='ocr_par' dir='ltr' id='par_1_33' title="bbox 1905 2038 3517 2111">
     <span class='ocr_line' id='line_1_33' title="bbox 1905 2038 3517 2111; baseline 0.002 -20"><span class='ocrx_word' id='word_1_266' title='bbox 1905 2039 2205 2105; x_wconf 89' lang='lat' dir='ltr'><strong>rationum,</strong></span> <span class='ocrx_word' id='word_1_267' title='bbox 2239 2051 2375 2108; x_wconf 87' lang='lat' dir='ltr'><strong>quas</strong></span> <span class='ocrx_word' id='word_1_268' title='bbox 2401 2046 2617 2093; x_wconf 87' lang='lat' dir='ltr'><strong>constat</strong></span> <span class='ocrx_word' id='word_1_269' title='bbox 2647 2054 2770 2092; x_wconf 85' lang='lat' dir='ltr'><strong>esse</strong></span> <span class='ocrx_word' id='word_1_270' title='bbox 2801 2038 3041 2095; x_wconf 81' lang='lat' dir='ltr'><strong>inﬁnitas</strong></span> <span class='ocrx_word' id='word_1_271' title='bbox 3075 2055 3171 2111; x_wconf 82' lang='lat' dir='ltr'><strong>per</strong></span> <span class='ocrx_word' id='word_1_272' title='bbox 3198 2041 3479 2096; x_wconf 84' lang='lat' dir='ltr'><strong>traducem</strong></span> <span class='ocrx_word' id='word_1_273' title='bbox 3503 2084 3517 2108; x_wconf 94' lang='lat'><strong>,</strong></span> 
     </span>
    </p>
   </div>
   <div class='ocr_carea' id='block_1_34' title="bbox 1903 2133 3523 2205">
    <p class='ocr_par' dir='ltr' id='par_1_34' title="bbox 1903 2133 3523 2205">
     <span class='ocr_line' id='line_1_34' title="bbox 1903 2133 3523 2205; baseline 0.004 -19"><span class='ocrx_word' id='word_1_274' title='bbox 1903 2135 2079 2189; x_wconf 82' lang='lat' dir='ltr'><strong>facere</strong></span> <span class='ocrx_word' id='word_1_275' title='bbox 2111 2133 2473 2200; x_wconf 90' lang='lat' dir='ltr'><strong>mentionem,</strong></span> <span class='ocrx_word' id='word_1_276' title='bbox 2518 2143 2573 2188; x_wconf 89' lang='lat' dir='ltr'><strong>et</strong></span> <span class='ocrx_word' id='word_1_277' title='bbox 2611 2133 2741 2204; x_wconf 88' lang='lat' dir='ltr'><strong>quid</strong></span> <span class='ocrx_word' id='word_1_278' title='bbox 2790 2144 2844 2189; x_wconf 90' lang='lat' dir='ltr'><strong>et</strong></span> <span class='ocrx_word' id='word_1_279' title='bbox 2882 2145 3155 2205; x_wconf 89' lang='lat' dir='ltr'><strong>quatenus</strong></span> <span class='ocrx_word' id='word_1_280' title='bbox 3201 2135 3404 2190; x_wconf 79' lang='lat' dir='ltr'><strong>factum</strong></span> <span class='ocrx_word' id='word_1_281' title='bbox 3437 2147 3523 2192; x_wconf 86' lang='lat' dir='ltr'><strong>est</strong></span> 
     </span>
    </p>
   </div>
   <div class='ocr_carea' id='block_1_35' title="bbox 1903 2226 3525 2300">
    <p class='ocr_par' dir='ltr' id='par_1_35' title="bbox 1903 2226 3525 2300">
     <span class='ocr_line' id='line_1_35' title="bbox 1903 2226 3525 2300; baseline 0.003 -21"><span class='ocrx_word' id='word_1_282' title='bbox 1903 2226 2005 2281; x_wconf 91' lang='lat' dir='ltr'><strong>sub</strong></span> <span class='ocrx_word' id='word_1_283' title='bbox 2032 2241 2362 2296; x_wconf 90' lang='lat' dir='ltr'><strong>unoquoque</strong></span> <span class='ocrx_word' id='word_1_284' title='bbox 2390 2240 2587 2281; x_wconf 89' lang='lat' dir='ltr'><strong>eorum</strong></span> <span class='ocrx_word' id='word_1_285' title='bbox 2619 2235 2708 2288; x_wconf 82' lang='lat' dir='ltr'><strong>:et</strong></span> <span class='ocrx_word' id='word_1_286' title='bbox 2733 2243 2840 2282; x_wconf 89' lang='lat' dir='ltr'><strong>non</strong></span> <span class='ocrx_word' id='word_1_287' title='bbox 2867 2230 3051 2298; x_wconf 85' lang='lat' dir='ltr'><strong>potius</strong></span> <span class='ocrx_word' id='word_1_288' title='bbox 3073 2230 3402 2300; x_wconf 87' lang='lat' dir='ltr'><strong>compendio</strong></span> <span class='ocrx_word' id='word_1_289' title='bbox 3427 2244 3525 2300; x_wconf 86' lang='lat' dir='ltr'><strong>per</strong></span> 
     </span>
    </p>
   </div>
   <div class='ocr_carea' id='block_1_36' title="bbox 1904 2317 3523 2391">
    <p class='ocr_par' dir='ltr' id='par_1_36' title="bbox 1904 2317 3523 2391">
     <span class='ocr_line' id='line_1_36' title="bbox 1904 2317 3523 2391; baseline 0.004 -19"><span class='ocrx_word' id='word_1_290' title='bbox 1904 2317 2065 2374; x_wconf 81' lang='lat' dir='ltr'><strong>ﬁdem</strong></span> <span class='ocrx_word' id='word_1_291' title='bbox 2090 2317 2321 2373; x_wconf 86' lang='lat' dir='ltr'><strong>salutem</strong></span> <span class='ocrx_word' id='word_1_292' title='bbox 2341 2319 2625 2388; x_wconf 55' lang='lat' dir='ltr'><strong>quaerere?</strong></span> <span class='ocrx_word' id='word_1_293' title='bbox 2646 2319 2775 2375; x_wconf 88' lang='lat' dir='ltr'><strong>Inde</strong></span> <span class='ocrx_word' id='word_1_294' title='bbox 2799 2321 2943 2376; x_wconf 89' lang='lat' dir='ltr'><strong>enim</strong></span> <span class='ocrx_word' id='word_1_295' title='bbox 2969 2323 3303 2391; x_wconf 80' lang='lat' dir='ltr'><strong>quaestiones</strong></span> <span class='ocrx_word' id='word_1_296' title='bbox 3327 2324 3523 2378; x_wconf 90' lang='lat' dir='ltr'><strong>oriun-</strong></span> 
     </span>
    </p>
   </div>
   <div class='ocr_carea' id='block_1_37' title="bbox 1905 2412 3524 2489">
    <p class='ocr_par' dir='ltr' id='par_1_37' title="bbox 1905 2412 3524 2489">
     <span class='ocr_line' id='line_1_37' title="bbox 1905 2412 3524 2489; baseline 0.004 -21"><span class='ocrx_word' id='word_1_297' title='bbox 1905 2421 2026 2480; x_wconf 88' lang='lat' dir='ltr'><strong>tur,</strong></span> <span class='ocrx_word' id='word_1_298' title='bbox 2056 2428 2179 2470; x_wconf 91' lang='lat' dir='ltr'><strong>cum</strong></span> <span class='ocrx_word' id='word_1_299' title='bbox 2209 2412 2372 2484; x_wconf 89' lang='lat' dir='ltr'><strong>quid,</strong></span> <span class='ocrx_word' id='word_1_300' title='bbox 2407 2424 2463 2469; x_wconf 90' lang='lat' dir='ltr'><strong>et</strong></span> <span class='ocrx_word' id='word_1_301' title='bbox 2503 2414 2756 2484; x_wconf 88' lang='lat' dir='ltr'><strong>quando,</strong></span> <span class='ocrx_word' id='word_1_302' title='bbox 2809 2425 2864 2470; x_wconf 91' lang='lat' dir='ltr'><strong>et</strong></span> <span class='ocrx_word' id='word_1_303' title='bbox 2906 2417 3212 2485; x_wconf 88' lang='lat' dir='ltr'><strong>quomodo,</strong></span> <span class='ocrx_word' id='word_1_304' title='bbox 3261 2426 3317 2472; x_wconf 92' lang='lat' dir='ltr'><strong>et</strong></span> <span class='ocrx_word' id='word_1_305' title='bbox 3348 2434 3524 2489; x_wconf 87' lang='lat' dir='ltr'><strong>quare</strong></span> 
     </span>
    </p>
   </div>
   <div class='ocr_carea' id='block_1_38' title="bbox 1903 2507 3411 2580">
    <p class='ocr_par' dir='ltr' id='par_1_38' title="bbox 1903 2507 3411 2580">
     <span class='ocr_line' id='line_1_38' title="bbox 1903 2507 3411 2580; baseline 0.003 -18"><span class='ocrx_word' id='word_1_306' title='bbox 1903 2507 2104 2562; x_wconf 80' lang='lat' dir='ltr'><strong>factum</strong></span> <span class='ocrx_word' id='word_1_307' title='bbox 2138 2518 2243 2570; x_wconf 84' lang='lat' dir='ltr'><strong>est,</strong></span> <span class='ocrx_word' id='word_1_308' title='bbox 2279 2516 2544 2563; x_wconf 90' lang='lat' dir='ltr'><strong>tractatur</strong></span> <span class='ocrx_word' id='word_1_309' title='bbox 2579 2527 2590 2561; x_wconf 91' lang='lat'><strong>:</strong></span> <span class='ocrx_word' id='word_1_310' title='bbox 2621 2525 2740 2578; x_wconf 79' lang='lat' dir='ltr'><strong>qua:</strong></span> <span class='ocrx_word' id='word_1_311' title='bbox 2775 2525 2863 2566; x_wconf 83' lang='lat' dir='ltr'><strong>res</strong></span> <span class='ocrx_word' id='word_1_312' title='bbox 2895 2511 3125 2580; x_wconf 85' lang='lat' dir='ltr'><strong>impedit</strong></span> <span class='ocrx_word' id='word_1_313' title='bbox 3152 2512 3411 2566; x_wconf 87' lang='lat' dir='ltr'><strong>salutem.</strong></span> 
     </span>
    </p>
   </div>
   <div class='ocr_carea' id='block_1_39' title="bbox 1976 2601 3530 2676">
    <p class='ocr_par' dir='ltr' id='par_1_39' title="bbox 1976 2601 3530 2676">
     <span class='ocr_line' id='line_1_39' title="bbox 1976 2601 3530 2676; baseline 0.005 -18"><span class='ocrx_word' id='word_1_314' title='bbox 1976 2601 1995 2672; x_wconf 90' lang='lat'>(</span> <span class='ocrx_word' id='word_1_315' title='bbox 2018 2601 2178 2658; x_wconf 76' lang='lat' dir='ltr'><strong>Vers.</strong></span> <span class='ocrx_word' id='word_1_316' title='bbox 2209 2603 2264 2668; x_wconf 81' lang='lat'><strong>5,</strong></span> <span class='ocrx_word' id='word_1_317' title='bbox 2297 2603 2352 2670; x_wconf 88' lang='lat'><strong>6,</strong></span> <span class='ocrx_word' id='word_1_318' title='bbox 2386 2602 2438 2656; x_wconf 91' lang='lat'><strong>7.</strong></span> <span class='ocrx_word' id='word_1_319' title='bbox 2464 2602 2484 2673; x_wconf 97' lang='lat'>)</span> <span class='ocrx_word' id='word_1_320' title='bbox 2521 2603 2660 2657; x_wconf 84' lang='lat' dir='ltr'><strong>Nam</strong></span> <span class='ocrx_word' id='word_1_321' title='bbox 2685 2605 2810 2676; x_wconf 87' lang='lat' dir='ltr'><strong>ﬁnis</strong></span> <span class='ocrx_word' id='word_1_322' title='bbox 2833 2608 3081 2676; x_wconf 69' lang='lat' dir='ltr'><strong>pra&#39;cepti</strong></span> <span class='ocrx_word' id='word_1_323' title='bbox 3106 2617 3181 2662; x_wconf 87' lang='lat' dir='ltr'><strong>est</strong></span> <span class='ocrx_word' id='word_1_324' title='bbox 3202 2607 3433 2664; x_wconf 86' lang='lat' dir='ltr'><strong>c/tarilas</strong></span> <span class='ocrx_word' id='word_1_325' title='bbox 3464 2609 3530 2665; x_wconf 83' lang='lat' dir='ltr'><strong>de</strong></span> 
     </span>
    </p>
   </div>
   <div class='ocr_carea' id='block_1_40' title="bbox 1906 2696 3528 2772">
    <p class='ocr_par' dir='ltr' id='par_1_40' title="bbox 1906 2696 3528 2772">
     <span class='ocr_line' id='line_1_40' title="bbox 1906 2696 3528 2772; baseline 0.004 -23"><span class='ocrx_word' id='word_1_326' title='bbox 1906 2696 2062 2750; x_wconf 83' lang='lat' dir='ltr'><strong>corde</strong></span> <span class='ocrx_word' id='word_1_327' title='bbox 2093 2712 2246 2764; x_wconf 84' lang='lat' dir='ltr'><strong>puro,</strong></span> <span class='ocrx_word' id='word_1_328' title='bbox 2294 2705 2344 2751; x_wconf 81' lang='lat' dir='ltr'><strong>et</strong></span> <span class='ocrx_word' id='word_1_329' title='bbox 2374 2697 2696 2751; x_wconf 84' lang='lat' dir='ltr'><strong>conscientia</strong></span> <span class='ocrx_word' id='word_1_330' title='bbox 2747 2697 2903 2764; x_wconf 89' lang='lat' dir='ltr'><strong>bona,</strong></span> <span class='ocrx_word' id='word_1_331' title='bbox 2945 2710 2991 2753; x_wconf 83' lang='lat' dir='ltr'><strong>et</strong></span> <span class='ocrx_word' id='word_1_332' title='bbox 3023 2701 3129 2768; x_wconf 97' lang='lat' dir='ltr'><strong>ﬁde</strong></span> <span class='ocrx_word' id='word_1_333' title='bbox 3170 2717 3271 2755; x_wconf 88' lang='lat' dir='ltr'><strong>non</strong></span> <span class='ocrx_word' id='word_1_334' title='bbox 3319 2703 3460 2772; x_wconf 87' lang='lat' dir='ltr'><strong>ﬁcta,</strong></span> <span class='ocrx_word' id='word_1_335' title='bbox 3495 2720 3528 2756; x_wconf 91' lang='lat' dir='ltr'><strong>a</strong></span> 
     </span>
    </p>
   </div>
   <div class='ocr_carea' id='block_1_41' title="bbox 1907 2787 3525 2865">
    <p class='ocr_par' dir='ltr' id='par_1_41' title="bbox 1907 2787 3525 2865">
     <span class='ocr_line' id='line_1_41' title="bbox 1907 2787 3525 2865; baseline 0.005 -24"><span class='ocrx_word' id='word_1_336' title='bbox 1907 2787 2089 2860; x_wconf 89' lang='lat' dir='ltr'><strong>quibus</strong></span> <span class='ocrx_word' id='word_1_337' title='bbox 2110 2788 2325 2859; x_wconf 86' lang='lat' dir='ltr'><strong>quidam</strong></span> <span class='ocrx_word' id='word_1_338' title='bbox 2346 2789 2666 2857; x_wconf 69' lang='lat' dir='ltr'><strong>aberrantes,</strong></span> <span class='ocrx_word' id='word_1_339' title='bbox 2687 2793 3051 2847; x_wconf 85' lang='lat' dir='ltr'><strong>conversisunt</strong></span> <span class='ocrx_word' id='word_1_340' title='bbox 3073 2795 3124 2848; x_wconf 88' lang='lat' dir='ltr'><strong>in</strong></span> <span class='ocrx_word' id='word_1_341' title='bbox 3146 2795 3525 2865; x_wconf 79' lang='lat' dir='ltr'><strong>raniloquium,</strong></span> 
     </span>
    </p>
   </div>
   <div class='ocr_carea' id='block_1_42' title="bbox 1909 2881 3531 2956">
    <p class='ocr_par' dir='ltr' id='par_1_42' title="bbox 1909 2881 3531 2956">
     <span class='ocr_line' id='line_1_42' title="bbox 1909 2881 3531 2956; baseline 0.004 -21"><span class='ocrx_word' id='word_1_342' title='bbox 1909 2883 2133 2936; x_wconf 70' lang='lat' dir='ltr'><strong>colentes</strong></span> <span class='ocrx_word' id='word_1_343' title='bbox 2179 2898 2285 2938; x_wconf 83' lang='lat' dir='ltr'><strong>esse</strong></span> <span class='ocrx_word' id='word_1_344' title='bbox 2327 2881 2480 2954; x_wconf 84' lang='lat' dir='ltr'><strong>Legis</strong></span> <span class='ocrx_word' id='word_1_345' title='bbox 2531 2882 2790 2950; x_wconf 87' lang='lat' dir='ltr'><strong>doctores,</strong></span> <span class='ocrx_word' id='word_1_346' title='bbox 2832 2900 2933 2939; x_wconf 89' lang='lat' dir='ltr'><strong>non</strong></span> <span class='ocrx_word' id='word_1_347' title='bbox 2976 2885 3320 2956; x_wconf 85' lang='lat' dir='ltr'><strong>inte/ligentes</strong></span> <span class='ocrx_word' id='word_1_348' title='bbox 3365 2904 3531 2955; x_wconf 82' lang='lat' dir='ltr'><strong>neque</strong></span> 
     </span>
    </p>
   </div>
   <div class='ocr_carea' id='block_1_43' title="bbox 203 2975 3533 3049">
    <p class='ocr_par' dir='ltr' id='par_1_43' title="bbox 203 2975 3533 3049">
     <span class='ocr_line' id='line_1_43' title="bbox 203 2975 3533 3049; baseline 0.002 -18"><span class='ocrx_word' id='word_1_349' title='bbox 203 2978 320 3033; x_wconf 87' lang='lat' dir='ltr'><strong>dum</strong></span> <span class='ocrx_word' id='word_1_350' title='bbox 362 2978 641 3049; x_wconf 86' lang='lat' dir='ltr'><strong>imperium</strong></span> <span class='ocrx_word' id='word_1_351' title='bbox 672 2975 771 3031; x_wconf 87' lang='lat' dir='ltr'><strong>Dei</strong></span> <span class='ocrx_word' id='word_1_352' title='bbox 817 2977 1105 3033; x_wconf 78' lang='lat' dir='ltr'><strong>Saluatoris</strong></span> <span class='ocrx_word' id='word_1_353' title='bbox 1137 2979 1322 3043; x_wconf 85' lang='lat' dir='ltr'><strong>nostri,</strong></span> <span class='ocrx_word' id='word_1_354' title='bbox 1361 2988 1408 3033; x_wconf 88' lang='lat' dir='ltr'><strong>et</strong></span> <span class='ocrx_word' id='word_1_355' title='bbox 1456 2977 1651 3033; x_wconf 81' lang='lat' dir='ltr'><strong>Christi</strong></span> <span class='ocrx_word' id='word_1_356' title='bbox 1680 2977 1807 3034; x_wconf 77' lang='lat' dir='ltr'><strong>Iesu</strong></span> <span class='ocrx_word' id='word_1_357' title='bbox 1835 2975 1877 3038; x_wconf 91' lang='lat' dir='ltr'><strong>C</strong></span> <span class='ocrx_word' id='word_1_358' title='bbox 1911 2993 2026 3048; x_wconf 71' lang='lat' dir='ltr'><strong>qua:</strong></span> <span class='ocrx_word' id='word_1_359' title='bbox 2057 2979 2258 3044; x_wconf 89' lang='lat' dir='ltr'><strong>dicunt,</strong></span> <span class='ocrx_word' id='word_1_360' title='bbox 2293 2995 2454 3046; x_wconf 87' lang='lat' dir='ltr'><strong>neque</strong></span> <span class='ocrx_word' id='word_1_361' title='bbox 2480 2978 2544 3032; x_wconf 89' lang='lat' dir='ltr'><strong>de</strong></span> <span class='ocrx_word' id='word_1_362' title='bbox 2578 2980 2765 3047; x_wconf 81' lang='lat' dir='ltr'><strong>quibus</strong></span> <span class='ocrx_word' id='word_1_363' title='bbox 2792 2980 3082 3049; x_wconf 77' lang='lat' dir='ltr'><strong>afﬁrmant.</strong></span> <span class='ocrx_word' id='word_1_364' title='bbox 3117 2983 3383 3048; x_wconf 78' lang='lat' dir='ltr'><strong>Quoniam</strong></span> <span class='ocrx_word' id='word_1_365' title='bbox 3413 3000 3533 3038; x_wconf 85' lang='lat' dir='ltr'><strong>om-</strong></span> 
     </span>
    </p>
   </div>
   <div class='ocr_carea' id='block_1_44' title="bbox 201 3070 1806 3145">
    <p class='ocr_par' dir='ltr' id='par_1_44' title="bbox 201 3070 1806 3145">
     <span class='ocr_line' id='line_1_44' title="bbox 201 3070 1806 3145; baseline 0.001 -19"><span class='ocrx_word' id='word_1_366' title='bbox 201 3073 304 3144; x_wconf 82' lang='lat' dir='ltr'><strong>spei</strong></span> <span class='ocrx_word' id='word_1_367' title='bbox 339 3084 567 3140; x_wconf 79' lang='lat' dir='ltr'><strong>nostrtc,</strong></span> <span class='ocrx_word' id='word_1_368' title='bbox 605 3070 872 3126; x_wconf 81' lang='lat' dir='ltr'><strong>Timotheo</strong></span> <span class='ocrx_word' id='word_1_369' title='bbox 915 3088 1160 3145; x_wconf 79' lang='lat' dir='ltr'><strong>germano</strong></span> <span class='ocrx_word' id='word_1_370' title='bbox 1189 3071 1300 3142; x_wconf 76' lang='lat' dir='ltr'><strong>{ilio</strong></span> <span class='ocrx_word' id='word_1_371' title='bbox 1330 3072 1383 3125; x_wconf 87' lang='lat' dir='ltr'><strong>in</strong></span> <span class='ocrx_word' id='word_1_372' title='bbox 1427 3071 1552 3142; x_wconf 75' lang='lat' dir='ltr'><strong>ﬁde.</strong></span> <span class='ocrx_word' id='word_1_373' title='bbox 1590 3071 1806 3144; x_wconf 82' lang='lat' dir='ltr'><strong>Gratia,</strong></span> 
     </span>
    </p>
   </div>
   <div class='ocr_carea' id='block_1_45' title="bbox 202 3163 1810 3236">
    <p class='ocr_par' dir='ltr' id='par_1_45' title="bbox 202 3163 1810 3236">
     <span class='ocr_line' id='line_1_45' title="bbox 202 3163 1810 3236; baseline 0.002 -17"><span class='ocrx_word' id='word_1_374' title='bbox 202 3167 596 3232; x_wconf 84' lang='lat' dir='ltr'><strong>misericordia,</strong></span> <span class='ocrx_word' id='word_1_375' title='bbox 644 3175 691 3221; x_wconf 88' lang='lat' dir='ltr'><strong>et</strong></span> <span class='ocrx_word' id='word_1_376' title='bbox 733 3183 837 3236; x_wconf 74' lang='lat' dir='ltr'><strong>pax</strong></span> <span class='ocrx_word' id='word_1_377' title='bbox 865 3183 896 3221; x_wconf 91' lang='lat' dir='ltr'><strong>a</strong></span> <span class='ocrx_word' id='word_1_378' title='bbox 927 3163 1038 3220; x_wconf 84' lang='lat' dir='ltr'><strong>Deo</strong></span> <span class='ocrx_word' id='word_1_379' title='bbox 1079 3164 1242 3220; x_wconf 88' lang='lat' dir='ltr'><strong>Patre</strong></span> <span class='ocrx_word' id='word_1_380' title='bbox 1271 3176 1477 3231; x_wconf 90' lang='lat' dir='ltr'><strong>nostro,</strong></span> <span class='ocrx_word' id='word_1_381' title='bbox 1520 3178 1567 3220; x_wconf 86' lang='lat' dir='ltr'><strong>et</strong></span> <span class='ocrx_word' id='word_1_382' title='bbox 1604 3166 1810 3222; x_wconf 84' lang='lat' dir='ltr'><strong>Christo</strong></span> 
     </span>
    </p>
   </div>
   <div class='ocr_carea' id='block_1_46' title="bbox 200 3258 1812 3331">
    <p class='ocr_par' dir='ltr' id='par_1_46' title="bbox 200 3258 1812 3331">
     <span class='ocr_line' id='line_1_46' title="bbox 200 3258 1812 3331; baseline 0.001 -17"><span class='ocrx_word' id='word_1_383' title='bbox 200 3258 322 3316; x_wconf 84' lang='lat' dir='ltr'><strong>Jesu</strong></span> <span class='ocrx_word' id='word_1_384' title='bbox 345 3259 574 3316; x_wconf 88' lang='lat' dir='ltr'><strong>Domino</strong></span> <span class='ocrx_word' id='word_1_385' title='bbox 597 3270 790 3314; x_wconf 90' lang='lat' dir='ltr'><strong>nostro.</strong></span> <span class='ocrx_word' id='word_1_386' title='bbox 816 3258 993 3315; x_wconf 81' lang='lat' dir='ltr'><strong>Patris</strong></span> <span class='ocrx_word' id='word_1_387' title='bbox 1015 3269 1068 3314; x_wconf 92' lang='lat' dir='ltr'><strong>et</strong></span> <span class='ocrx_word' id='word_1_388' title='bbox 1091 3258 1210 3314; x_wconf 85' lang='lat' dir='ltr'><strong>Filii</strong></span> <span class='ocrx_word' id='word_1_389' title='bbox 1243 3259 1473 3330; x_wconf 89' lang='lat' dir='ltr'><strong>imperio</strong></span> <span class='ocrx_word' id='word_1_390' title='bbox 1501 3262 1812 3331; x_wconf 80' lang='lat' dir='ltr'><strong>apostolum</strong></span> 
     </span>
    </p>
   </div>
   <div class='ocr_carea' id='block_1_47' title="bbox 202 3352 1814 3419">
    <p class='ocr_par' dir='ltr' id='par_1_47' title="bbox 202 3352 1814 3419">
     <span class='ocr_line' id='line_1_47' title="bbox 202 3352 1814 3419; baseline -0.002 -10"><span class='ocrx_word' id='word_1_391' title='bbox 202 3367 260 3409; x_wconf 89' lang='lat' dir='ltr'><strong>se</strong></span> <span class='ocrx_word' id='word_1_392' title='bbox 311 3355 521 3410; x_wconf 77' lang='lat' dir='ltr'><strong>factum</strong></span> <span class='ocrx_word' id='word_1_393' title='bbox 570 3353 844 3419; x_wconf 76' lang='lat' dir='ltr'><strong>ostendit,</strong></span> <span class='ocrx_word' id='word_1_394' title='bbox 901 3363 959 3408; x_wconf 91' lang='lat' dir='ltr'><strong>ut</strong></span> <span class='ocrx_word' id='word_1_395' title='bbox 1004 3352 1057 3407; x_wconf 88' lang='lat' dir='ltr'><strong>itt</strong></span> <span class='ocrx_word' id='word_1_396' title='bbox 1091 3352 1204 3408; x_wconf 92' lang='lat' dir='ltr'><strong>Deo</strong></span> <span class='ocrx_word' id='word_1_397' title='bbox 1238 3352 1399 3407; x_wconf 82' lang='lat' dir='ltr'><strong>Patre</strong></span> <span class='ocrx_word' id='word_1_398' title='bbox 1446 3354 1710 3419; x_wconf 88' lang='lat' dir='ltr'><strong>salutem,</strong></span> <span class='ocrx_word' id='word_1_399' title='bbox 1759 3359 1814 3405; x_wconf 79' lang='lat' dir='ltr'><strong>et</strong></span> 
     </span>
    </p>
   </div>
   <div class='ocr_carea' id='block_1_48' title="bbox 199 3443 1814 3517">
    <p class='ocr_par' dir='ltr' id='par_1_48' title="bbox 199 3443 1814 3517">
     <span class='ocr_line' id='line_1_48' title="bbox 199 3443 1814 3517; baseline 0 -14"><span class='ocrx_word' id='word_1_400' title='bbox 199 3443 419 3503; x_wconf 89' lang='lat' dir='ltr'><strong>Christo</strong></span> <span class='ocrx_word' id='word_1_401' title='bbox 449 3446 600 3504; x_wconf 88' lang='lat' dir='ltr'><strong>Filio</strong></span> <span class='ocrx_word' id='word_1_402' title='bbox 650 3447 770 3516; x_wconf 88' lang='lat' dir='ltr'><strong>ejus</strong></span> <span class='ocrx_word' id='word_1_403' title='bbox 813 3460 966 3516; x_wconf 88' lang='lat' dir='ltr'><strong>spem</strong></span> <span class='ocrx_word' id='word_1_404' title='bbox 1001 3445 1364 3514; x_wconf 70' lang='lat' dir='ltr'><strong>prazdicaret;</strong></span> <span class='ocrx_word' id='word_1_405' title='bbox 1400 3454 1458 3500; x_wconf 90' lang='lat' dir='ltr'><strong>ut</strong></span> <span class='ocrx_word' id='word_1_406' title='bbox 1496 3447 1619 3517; x_wconf 88' lang='lat' dir='ltr'><strong>quia</strong></span> <span class='ocrx_word' id='word_1_407' title='bbox 1652 3462 1814 3503; x_wconf 90' lang='lat' dir='ltr'><strong>nemo</strong></span> 
     </span>
    </p>
   </div>
   <div class='ocr_carea' id='block_1_49' title="bbox 204 3537 1815 3612">
    <p class='ocr_par' dir='ltr' id='par_1_49' title="bbox 204 3537 1815 3612">
     <span class='ocr_line' id='line_1_49' title="bbox 204 3537 1815 3612; baseline -0.001 -18"><span class='ocrx_word' id='word_1_408' title='bbox 204 3551 358 3612; x_wconf 87' lang='lat' dir='ltr'><strong>negat</strong></span> <span class='ocrx_word' id='word_1_409' title='bbox 388 3541 626 3596; x_wconf 90' lang='lat' dir='ltr'><strong>salutem</strong></span> <span class='ocrx_word' id='word_1_410' title='bbox 663 3555 784 3596; x_wconf 87' lang='lat' dir='ltr'><strong>esse</strong></span> <span class='ocrx_word' id='word_1_411' title='bbox 815 3539 866 3593; x_wconf 93' lang='lat' dir='ltr'><strong>in</strong></span> <span class='ocrx_word' id='word_1_412' title='bbox 900 3538 1045 3603; x_wconf 86' lang='lat' dir='ltr'><strong>Deo,</strong></span> <span class='ocrx_word' id='word_1_413' title='bbox 1093 3554 1194 3593; x_wconf 91' lang='lat' dir='ltr'><strong>nec</strong></span> <span class='ocrx_word' id='word_1_414' title='bbox 1221 3537 1507 3609; x_wconf 86' lang='lat' dir='ltr'><strong>quisquam</strong></span> <span class='ocrx_word' id='word_1_415' title='bbox 1537 3537 1815 3595; x_wconf 87' lang='lat' dir='ltr'><strong>dubitaret</strong></span> 
     </span>
    </p>
   </div>
   <div class='ocr_carea' id='block_1_50' title="bbox 203 3630 1813 3704">
    <p class='ocr_par' dir='ltr' id='par_1_50' title="bbox 203 3630 1813 3704">
     <span class='ocr_line' id='line_1_50' title="bbox 203 3630 1813 3704; baseline -0.001 -16"><span class='ocrx_word' id='word_1_416' title='bbox 203 3646 351 3704; x_wconf 88' lang='lat' dir='ltr'><strong>spem</strong></span> <span class='ocrx_word' id='word_1_417' title='bbox 374 3647 506 3689; x_wconf 90' lang='lat' dir='ltr'><strong>esse</strong></span> <span class='ocrx_word' id='word_1_418' title='bbox 535 3632 591 3687; x_wconf 91' lang='lat' dir='ltr'><strong>in</strong></span> <span class='ocrx_word' id='word_1_419' title='bbox 622 3630 843 3686; x_wconf 87' lang='lat' dir='ltr'><strong>Christo</strong></span> <span class='ocrx_word' id='word_1_420' title='bbox 871 3631 1000 3687; x_wconf 84' lang='lat' dir='ltr'><strong>Jesu</strong></span> <span class='ocrx_word' id='word_1_421' title='bbox 1021 3673 1034 3697; x_wconf 94' lang='lat'><strong>,</strong></span> <span class='ocrx_word' id='word_1_422' title='bbox 1086 3646 1247 3701; x_wconf 92' lang='lat' dir='ltr'><strong>quem</strong></span> <span class='ocrx_word' id='word_1_423' title='bbox 1281 3646 1310 3685; x_wconf 90' lang='lat' dir='ltr'><strong>a</strong></span> <span class='ocrx_word' id='word_1_424' title='bbox 1346 3632 1576 3686; x_wconf 91' lang='lat' dir='ltr'><strong>mortuis</strong></span> <span class='ocrx_word' id='word_1_425' title='bbox 1603 3632 1813 3687; x_wconf 82' lang='lat' dir='ltr'><strong>excita-</strong></span> 
     </span>
    </p>
   </div>
   <div class='ocr_carea' id='block_1_51' title="bbox 201 3723 1816 3797">
    <p class='ocr_par' dir='ltr' id='par_1_51' title="bbox 201 3723 1816 3797">
     <span class='ocr_line' id='line_1_51' title="bbox 201 3723 1816 3797; baseline 0.001 -17"><span class='ocrx_word' id='word_1_426' title='bbox 201 3734 315 3782; x_wconf 89' lang='lat' dir='ltr'><strong>tum</strong></span> <span class='ocrx_word' id='word_1_427' title='bbox 335 3771 351 3797; x_wconf 93' lang='lat'><strong>,</strong></span> <span class='ocrx_word' id='word_1_428' title='bbox 375 3726 699 3796; x_wconf 83' lang='lat' dir='ltr'><strong>exemplum</strong></span> <span class='ocrx_word' id='word_1_429' title='bbox 725 3724 887 3796; x_wconf 86' lang='lat' dir='ltr'><strong>hujus</strong></span> <span class='ocrx_word' id='word_1_430' title='bbox 908 3724 1025 3794; x_wconf 88' lang='lat' dir='ltr'><strong>spei</strong></span> <span class='ocrx_word' id='word_1_431' title='bbox 1047 3723 1266 3779; x_wconf 83' lang='lat' dir='ltr'><strong>dedisse</strong></span> <span class='ocrx_word' id='word_1_432' title='bbox 1292 3734 1670 3795; x_wconf 80' lang='lat' dir='ltr'><strong>cognosceret.</strong></span> <span class='ocrx_word' id='word_1_433' title='bbox 1702 3725 1816 3782; x_wconf 92' lang='lat' dir='ltr'><strong>Iloc</strong></span> 
     </span>
    </p>
   </div>
   <div class='ocr_carea' id='block_1_52' title="bbox 205 3817 1817 3886">
    <p class='ocr_par' dir='ltr' id='par_1_52' title="bbox 205 3817 1817 3886">
     <span class='ocr_line' id='line_1_52' title="bbox 205 3817 1817 3886; baseline 0 -11"><span class='ocrx_word' id='word_1_434' title='bbox 205 3820 366 3877; x_wconf 86' lang='lat' dir='ltr'><strong>modo</strong></span> <span class='ocrx_word' id='word_1_435' title='bbox 418 3819 620 3878; x_wconf 89' lang='lat' dir='ltr'><strong>scribit</strong></span> <span class='ocrx_word' id='word_1_436' title='bbox 662 3817 984 3886; x_wconf 80' lang='lat' dir='ltr'><strong>Timotheo,</strong></span> <span class='ocrx_word' id='word_1_437' title='bbox 1038 3829 1097 3872; x_wconf 92' lang='lat' dir='ltr'><strong>ut</strong></span> <span class='ocrx_word' id='word_1_438' title='bbox 1150 3832 1378 3873; x_wconf 88' lang='lat' dir='ltr'><strong>securus</strong></span> <span class='ocrx_word' id='word_1_439' title='bbox 1424 3828 1573 3873; x_wconf 91' lang='lat' dir='ltr'><strong>esset</strong></span> <span class='ocrx_word' id='word_1_440' title='bbox 1603 3819 1669 3873; x_wconf 88' lang='lat' dir='ltr'><strong>dc</strong></span> <span class='ocrx_word' id='word_1_441' title='bbox 1718 3833 1817 3875; x_wconf 88' lang='lat' dir='ltr'><strong>sua</strong></span> 
     </span>
    </p>
   </div>
   <div class='ocr_carea' id='block_1_53' title="bbox 206 3908 1819 3984">
    <p class='ocr_par' dir='ltr' id='par_1_53' title="bbox 206 3908 1819 3984">
     <span class='ocr_line' id='line_1_53' title="bbox 206 3908 1819 3984; baseline -0.002 -16"><span class='ocrx_word' id='word_1_442' title='bbox 206 3913 560 3969; x_wconf 87' lang='lat' dir='ltr'><strong>ordinatione</strong></span> <span class='ocrx_word' id='word_1_443' title='bbox 584 3928 598 3980; x_wconf 93' lang='lat'><strong>;</strong></span> <span class='ocrx_word' id='word_1_444' title='bbox 631 3912 756 3984; x_wconf 89' lang='lat' dir='ltr'><strong>quia</strong></span> <span class='ocrx_word' id='word_1_445' title='bbox 785 3911 1018 3980; x_wconf 89' lang='lat' dir='ltr'><strong>imperio</strong></span> <span class='ocrx_word' id='word_1_446' title='bbox 1047 3909 1229 3965; x_wconf 89' lang='lat' dir='ltr'><strong>Patris</strong></span> <span class='ocrx_word' id='word_1_447' title='bbox 1259 3919 1314 3964; x_wconf 90' lang='lat' dir='ltr'><strong>et</strong></span> <span class='ocrx_word' id='word_1_448' title='bbox 1344 3908 1470 3964; x_wconf 87' lang='lat' dir='ltr'><strong>Filii</strong></span> <span class='ocrx_word' id='word_1_449' title='bbox 1498 3911 1708 3965; x_wconf 89' lang='lat' dir='ltr'><strong>electus</strong></span> <span class='ocrx_word' id='word_1_450' title='bbox 1733 3918 1819 3965; x_wconf 86' lang='lat' dir='ltr'><strong>est</strong></span> 
     </span>
    </p>
   </div>
   <div class='ocr_carea' id='block_1_54' title="bbox 205 4003 1815 4075">
    <p class='ocr_par' dir='ltr' id='par_1_54' title="bbox 205 4003 1815 4075">
     <span class='ocr_line' id='line_1_54' title="bbox 205 4003 1815 4075; baseline 0 -13"><span class='ocrx_word' id='word_1_451' title='bbox 205 4006 272 4063; x_wconf 81' lang='lat' dir='ltr'><strong>ad</strong></span> <span class='ocrx_word' id='word_1_452' title='bbox 299 4006 640 4064; x_wconf 86' lang='lat' dir='ltr'><strong>docendum.</strong></span> <span class='ocrx_word' id='word_1_453' title='bbox 679 4007 852 4075; x_wconf 87' lang='lat' dir='ltr'><strong>Quem</strong></span> <span class='ocrx_word' id='word_1_454' title='bbox 879 4020 1067 4060; x_wconf 83' lang='lat' dir='ltr'><strong>verum</strong></span> <span class='ocrx_word' id='word_1_455' title='bbox 1111 4003 1279 4059; x_wconf 80' lang='lat' dir='ltr'><strong>lilium</strong></span> <span class='ocrx_word' id='word_1_456' title='bbox 1312 4005 1584 4074; x_wconf 77' lang='lat' dir='ltr'><strong>appellat,</strong></span> <span class='ocrx_word' id='word_1_457' title='bbox 1637 4008 1732 4061; x_wconf 87' lang='lat' dir='ltr'><strong>sed</strong></span> <span class='ocrx_word' id='word_1_458' title='bbox 1762 4004 1815 4062; x_wconf 89' lang='lat' dir='ltr'><strong>in</strong></span> 
     </span>
    </p>
   </div>
   <div class='ocr_carea' id='block_1_55' title="bbox 205 4099 1816 4168">
    <p class='ocr_par' dir='ltr' id='par_1_55' title="bbox 205 4099 1816 4168">
     <span class='ocr_line' id='line_1_55' title="bbox 205 4099 1816 4168; baseline -0.002 -10"><span class='ocrx_word' id='word_1_459' title='bbox 205 4101 314 4160; x_wconf 76' lang='lat' dir='ltr'><strong>ﬁde</strong></span> <span class='ocrx_word' id='word_1_460' title='bbox 335 4145 350 4168; x_wconf 92' lang='lat'><strong>,</strong></span> <span class='ocrx_word' id='word_1_461' title='bbox 389 4103 537 4159; x_wconf 85' lang='lat' dir='ltr'><strong>sicut</strong></span> <span class='ocrx_word' id='word_1_462' title='bbox 563 4101 695 4156; x_wconf 91' lang='lat' dir='ltr'><strong>dicit</strong></span> <span class='ocrx_word' id='word_1_463' title='bbox 721 4103 788 4155; x_wconf 86' lang='lat' dir='ltr'><strong>ad</strong></span> <span class='ocrx_word' id='word_1_464' title='bbox 820 4099 1178 4156; x_wconf 85' lang='lat' dir='ltr'><strong>Corinthios:</strong></span> <span class='ocrx_word' id='word_1_465' title='bbox 1212 4099 1275 4154; x_wconf 89' lang='lat' dir='ltr'><strong>In</strong></span> <span class='ocrx_word' id='word_1_466' title='bbox 1305 4099 1508 4156; x_wconf 78' lang='lat' dir='ltr'><strong>Christo</strong></span> <span class='ocrx_word' id='word_1_467' title='bbox 1535 4099 1695 4165; x_wconf 81' lang='lat' dir='ltr'><strong>Jesu,</strong></span> <span class='ocrx_word' id='word_1_468' title='bbox 1730 4102 1816 4156; x_wconf 86' lang='lat' dir='ltr'><strong>itt-</strong></span> 
     </span>
    </p>
   </div>
   <div class='ocr_carea' id='block_1_56' title="bbox 206 4192 1813 4269">
    <p class='ocr_par' dir='ltr' id='par_1_56' title="bbox 206 4192 1813 4269">
     <span class='ocr_line' id='line_1_56' title="bbox 206 4192 1813 4269; baseline -0.002 -18"><span class='ocrx_word' id='word_1_469' title='bbox 206 4198 353 4269; x_wconf 87' lang='lat' dir='ltr'><strong>quit,</strong></span> <span class='ocrx_word' id='word_1_470' title='bbox 387 4214 482 4269; x_wconf 87' lang='lat' dir='ltr'><strong>per</strong></span> <span class='ocrx_word' id='word_1_471' title='bbox 510 4195 853 4267; x_wconf 87' lang='lat' dir='ltr'><strong>Evangelium</strong></span> <span class='ocrx_word' id='word_1_472' title='bbox 900 4210 995 4266; x_wconf 86' lang='lat' dir='ltr'><strong>ego</strong></span> <span class='ocrx_word' id='word_1_473' title='bbox 1029 4210 1115 4248; x_wconf 75' lang='lat' dir='ltr'><strong>t&#39;os</strong></span> <span class='ocrx_word' id='word_1_474' title='bbox 1144 4196 1298 4266; x_wconf 83' lang='lat' dir='ltr'><strong>genui</strong></span> <span class='ocrx_word' id='word_1_475' title='bbox 1331 4194 1390 4264; x_wconf 92' lang='grc' dir='ltr'>(ι</span> <span class='ocrx_word' id='word_1_476' title='bbox 1418 4192 1537 4249; x_wconf 89' lang='lat' dir='ltr'><strong>Cor.</strong></span> <span class='ocrx_word' id='word_1_477' title='bbox 1574 4210 1646 4257; x_wconf 79' lang='lat' dir='ltr'><strong>tv,</strong></span> <span class='ocrx_word' id='word_1_478' title='bbox 1684 4193 1749 4248; x_wconf 82' lang='grc'><strong>15</strong></span> <span class='ocrx_word' id='word_1_479' title='bbox 1773 4194 1813 4265; x_wconf 90' lang='grc'><strong>).</strong></span> 
     </span>
    </p>
   </div>
   <div class='ocr_carea' id='block_1_57' title="bbox 207 4288 1815 4363">
    <p class='ocr_par' dir='ltr' id='par_1_57' title="bbox 207 4288 1815 4363">
     <span class='ocr_line' id='line_1_57' title="bbox 207 4288 1815 4363; baseline -0.002 -16"><span class='ocrx_word' id='word_1_480' title='bbox 207 4289 335 4349; x_wconf 67' lang='lat' dir='ltr'><strong>“me</strong></span> <span class='ocrx_word' id='word_1_481' title='bbox 355 4309 490 4348; x_wconf 85' lang='lat' dir='ltr'><strong>vera</strong></span> <span class='ocrx_word' id='word_1_482' title='bbox 518 4303 572 4347; x_wconf 93' lang='lat' dir='ltr'><strong>et</strong></span> <span class='ocrx_word' id='word_1_483' title='bbox 591 4292 750 4347; x_wconf 74' lang='lat' dir='ltr'><strong>firma</strong></span> <span class='ocrx_word' id='word_1_484' title='bbox 771 4288 1054 4363; x_wconf 80' lang='lat' dir='ltr'><strong>generatio</strong></span> <span class='ocrx_word' id='word_1_485' title='bbox 1072 4299 1156 4344; x_wconf 91' lang='lat' dir='ltr'><strong>est</strong></span> <span class='ocrx_word' id='word_1_486' title='bbox 1174 4331 1186 4355; x_wconf 93' lang='lat'><strong>,</strong></span> <span class='ocrx_word' id='word_1_487' title='bbox 1210 4305 1328 4360; x_wconf 70' lang='lat' dir='ltr'><strong>qum</strong></span> <span class='ocrx_word' id='word_1_488' title='bbox 1345 4290 1517 4346; x_wconf 92' lang='lat' dir='ltr'><strong>nescit</strong></span> <span class='ocrx_word' id='word_1_489' title='bbox 1538 4305 1815 4355; x_wconf 88' lang='lat' dir='ltr'><strong>occasum,</strong></span> 
     </span>
    </p>
   </div>
   <div class='ocr_carea' id='block_1_58' title="bbox 1913 3072 3525 3144">
    <p class='ocr_par' dir='ltr' id='par_1_58' title="bbox 1913 3072 3525 3144">
     <span class='ocr_line' id='line_1_58' title="bbox 1913 3072 3525 3144; baseline 0.002 -16"><span class='ocrx_word' id='word_1_490' title='bbox 1913 3074 2063 3129; x_wconf 91' lang='lat' dir='ltr'><strong>nium</strong></span> <span class='ocrx_word' id='word_1_491' title='bbox 2097 3073 2271 3144; x_wconf 82' lang='lat' dir='ltr'><strong>major</strong></span> <span class='ocrx_word' id='word_1_492' title='bbox 2296 3083 2380 3130; x_wconf 89' lang='lat' dir='ltr'><strong>est</strong></span> <span class='ocrx_word' id='word_1_493' title='bbox 2406 3072 2680 3141; x_wconf 89' lang='lat' dir='ltr'><strong>charilas,</strong></span> <span class='ocrx_word' id='word_1_494' title='bbox 2719 3075 2856 3130; x_wconf 90' lang='lat' dir='ltr'><strong>hanc</strong></span> <span class='ocrx_word' id='word_1_495' title='bbox 2889 3074 3052 3130; x_wconf 85' lang='lat' dir='ltr'><strong>linem</strong></span> <span class='ocrx_word' id='word_1_496' title='bbox 3094 3091 3217 3132; x_wconf 65' lang='lat' dir='ltr'><strong>esse</strong></span> <span class='ocrx_word' id='word_1_497' title='bbox 3249 3077 3421 3143; x_wconf 85' lang='lat' dir='ltr'><strong>dixit,</strong></span> <span class='ocrx_word' id='word_1_498' title='bbox 3471 3079 3525 3132; x_wconf 88' lang='lat' dir='ltr'><strong>id</strong></span> 
     </span>
    </p>
   </div>
   <div class='ocr_carea' id='block_1_59' title="bbox 1914 3167 3530 3242">
    <p class='ocr_par' dir='ltr' id='par_1_59' title="bbox 1914 3167 3530 3242">
     <span class='ocr_line' id='line_1_59' title="bbox 1914 3167 3530 3242; baseline 0.001 -18"><span class='ocrx_word' id='word_1_499' title='bbox 1914 3180 2018 3235; x_wconf 91' lang='lat' dir='ltr'><strong>est,</strong></span> <span class='ocrx_word' id='word_1_500' title='bbox 2038 3167 2386 3238; x_wconf 77' lang='lat' dir='ltr'><strong>perfectionis</strong></span> <span class='ocrx_word' id='word_1_501' title='bbox 2400 3168 2953 3233; x_wconf 86' lang='lat' dir='ltr'><strong>consummationem,</strong></span> <span class='ocrx_word' id='word_1_502' title='bbox 2970 3170 3211 3226; x_wconf 90' lang='lat' dir='ltr'><strong>omnium</strong></span> <span class='ocrx_word' id='word_1_503' title='bbox 3231 3180 3530 3242; x_wconf 53' lang='lat' dir='ltr'><strong>praerepto-</strong></span> 
     </span>
    </p>
   </div>
   <div class='ocr_carea' id='block_1_60' title="bbox 1914 3262 3523 3332">
    <p class='ocr_par' dir='ltr' id='par_1_60' title="bbox 1914 3262 3523 3332">
     <span class='ocr_line' id='line_1_60' title="bbox 1914 3262 3523 3332; baseline 0.002 -15"><span class='ocrx_word' id='word_1_504' title='bbox 1914 3278 2068 3327; x_wconf 87' lang='lat' dir='ltr'><strong>rum;</strong></span> <span class='ocrx_word' id='word_1_505' title='bbox 2101 3262 2145 3316; x_wconf 87' lang='lat' dir='ltr'><strong>si</strong></span> <span class='ocrx_word' id='word_1_506' title='bbox 2177 3272 2355 3316; x_wconf 87' lang='lat' dir='ltr'><strong>tamen</strong></span> <span class='ocrx_word' id='word_1_507' title='bbox 2381 3263 2638 3320; x_wconf 52' lang='lat' dir='ltr'><strong>exxorde</strong></span> <span class='ocrx_word' id='word_1_508' title='bbox 2658 3277 2792 3332; x_wconf 87' lang='lat' dir='ltr'><strong>puro</strong></span> <span class='ocrx_word' id='word_1_509' title='bbox 2821 3262 2894 3317; x_wconf 83' lang='lat' dir='ltr'><strong>sit</strong></span> <span class='ocrx_word' id='word_1_510' title='bbox 2924 3263 3136 3318; x_wconf 90' lang='lat' dir='ltr'><strong>etbona</strong></span> <span class='ocrx_word' id='word_1_511' title='bbox 3156 3266 3523 3321; x_wconf 89' lang='lat' dir='ltr'><strong>conscientia.</strong></span> 
     </span>
    </p>
   </div>
   <div class='ocr_carea' id='block_1_61' title="bbox 1915 3341 3532 3428">
    <p class='ocr_par' dir='ltr' id='par_1_61' title="bbox 1915 3341 3532 3428">
     <span class='ocr_line' id='line_1_61' title="bbox 1915 3341 3532 3428; baseline 0.004 -16"><span class='ocrx_word' id='word_1_512' title='bbox 1915 3356 2058 3412; x_wconf 72' lang='lat' dir='ltr'><strong>Vera</strong></span> <span class='ocrx_word' id='word_1_513' title='bbox 2092 3356 2237 3412; x_wconf 92' lang='lat' dir='ltr'><strong>enim</strong></span> <span class='ocrx_word' id='word_1_514' title='bbox 2269 3341 2512 3411; x_wconf 88' lang='lat' dir='ltr'><strong>ebaritas</strong></span> <span class='ocrx_word' id='word_1_515' title='bbox 2543 3374 2649 3411; x_wconf 94' lang='lat' dir='ltr'><strong>non</strong></span> <span class='ocrx_word' id='word_1_516' title='bbox 2700 3367 2883 3428; x_wconf 76' lang='lat' dir='ltr'><strong>potest</strong></span> <span class='ocrx_word' id='word_1_517' title='bbox 2918 3360 3112 3413; x_wconf 86' lang='lat' dir='ltr'><strong>malam</strong></span> <span class='ocrx_word' id='word_1_518' title='bbox 3169 3363 3337 3414; x_wconf 81' lang='lat' dir='ltr'><strong>vitam</strong></span> <span class='ocrx_word' id='word_1_519' title='bbox 3367 3403 3379 3426; x_wconf 95' lang='lat'><strong>,</strong></span> <span class='ocrx_word' id='word_1_520' title='bbox 3429 3377 3532 3418; x_wconf 88' lang='lat' dir='ltr'><strong>nec</strong></span> 
     </span>
    </p>
   </div>
   <div class='ocr_carea' id='block_1_62' title="bbox 1919 3448 3526 3524">
    <p class='ocr_par' dir='ltr' id='par_1_62' title="bbox 1919 3448 3526 3524">
     <span class='ocr_line' id='line_1_62' title="bbox 1919 3448 3526 3524; baseline 0.004 -20"><span class='ocrx_word' id='word_1_521' title='bbox 1919 3449 2232 3504; x_wconf 84' lang='lat' dir='ltr'><strong>simulatam</strong></span> <span class='ocrx_word' id='word_1_522' title='bbox 2262 3448 2422 3503; x_wconf 76' lang='lat' dir='ltr'><strong>[idem</strong></span> <span class='ocrx_word' id='word_1_523' title='bbox 2449 3449 2656 3505; x_wconf 86' lang='lat' dir='ltr'><strong>habere</strong></span> <span class='ocrx_word' id='word_1_524' title='bbox 2677 3491 2692 3515; x_wconf 90' lang='lat'><strong>,</strong></span> <span class='ocrx_word' id='word_1_525' title='bbox 2720 3450 2991 3519; x_wconf 86' lang='lat' dir='ltr'><strong>inquibus</strong></span> <span class='ocrx_word' id='word_1_526' title='bbox 3015 3454 3192 3508; x_wconf 89' lang='lat' dir='ltr'><strong>omnis</strong></span> <span class='ocrx_word' id='word_1_527' title='bbox 3207 3453 3314 3507; x_wconf 76' lang='lat' dir='ltr'><strong>Lex</strong></span> <span class='ocrx_word' id='word_1_528' title='bbox 3333 3455 3526 3524; x_wconf 77' lang='lat' dir='ltr'><strong>imple-</strong></span> 
     </span>
    </p>
   </div>
   <div class='ocr_carea' id='block_1_63' title="bbox 1918 3539 3526 3612">
    <p class='ocr_par' dir='ltr' id='par_1_63' title="bbox 1918 3539 3526 3612">
     <span class='ocr_line' id='line_1_63' title="bbox 1918 3539 3526 3612; baseline 0.004 -17"><span class='ocrx_word' id='word_1_529' title='bbox 1918 3550 2004 3595; x_wconf 88' lang='lat' dir='ltr'><strong>tur</strong></span> <span class='ocrx_word' id='word_1_530' title='bbox 2048 3550 2102 3595; x_wconf 92' lang='lat' dir='ltr'><strong>et</strong></span> <span class='ocrx_word' id='word_1_531' title='bbox 2148 3539 2436 3608; x_wconf 63' lang='lat' dir='ltr'><strong>Protibelaz</strong></span> <span class='ocrx_word' id='word_1_532' title='bbox 2477 3539 2706 3612; x_wconf 83' lang='lat' dir='ltr'><strong>(Matth.</strong></span> <span class='ocrx_word' id='word_1_533' title='bbox 2751 3557 2848 3604; x_wconf 84' lang='lat' dir='ltr'><strong>vn,</strong></span> <span class='ocrx_word' id='word_1_534' title='bbox 2899 3541 3028 3611; x_wconf 78' lang='grc'><strong>12).</strong></span> <span class='ocrx_word' id='word_1_535' title='bbox 3062 3545 3292 3610; x_wconf 79' lang='lat' dir='ltr'><strong>Quidam</strong></span> <span class='ocrx_word' id='word_1_536' title='bbox 3342 3557 3526 3602; x_wconf 89' lang='lat' dir='ltr'><strong>antem</strong></span> 
     </span>
    </p>
   </div>
   <div class='ocr_carea' id='block_1_64' title="bbox 1916 3629 3525 3705">
    <p class='ocr_par' dir='ltr' id='par_1_64' title="bbox 1916 3629 3525 3705">
     <span class='ocr_line' id='line_1_64' title="bbox 1916 3629 3525 3705; baseline 0.002 -18"><span class='ocrx_word' id='word_1_537' title='bbox 1916 3630 2230 3687; x_wconf 64' lang='lat' dir='ltr'><strong>ludat-orum</strong></span> <span class='ocrx_word' id='word_1_538' title='bbox 2265 3631 2581 3703; x_wconf 77' lang='lat' dir='ltr'><strong>mysterium</strong></span> <span class='ocrx_word' id='word_1_539' title='bbox 2617 3629 2775 3702; x_wconf 86' lang='lat' dir='ltr'><strong>Legis</strong></span> <span class='ocrx_word' id='word_1_540' title='bbox 2806 3633 3121 3702; x_wconf 80' lang='lat' dir='ltr'><strong>ignorantes</strong></span> <span class='ocrx_word' id='word_1_541' title='bbox 3145 3643 3200 3688; x_wconf 78' lang='lat' dir='ltr'><strong>et</strong></span> <span class='ocrx_word' id='word_1_542' title='bbox 3225 3639 3525 3705; x_wconf 86' lang='lat' dir='ltr'><strong>propheta-</strong></span> 
     </span>
    </p>
   </div>
   <div class='ocr_carea' id='block_1_65' title="bbox 1917 3722 3528 3796">
    <p class='ocr_par' dir='ltr' id='par_1_65' title="bbox 1917 3722 3528 3796">
     <span class='ocr_line' id='line_1_65' title="bbox 1917 3722 3528 3796; baseline 0.002 -18"><span class='ocrx_word' id='word_1_543' title='bbox 1917 3739 2036 3778; x_wconf 84' lang='lat' dir='ltr'><strong>rum</strong></span> <span class='ocrx_word' id='word_1_544' title='bbox 2057 3765 2070 3788; x_wconf 95' lang='lat'><strong>,</strong></span> <span class='ocrx_word' id='word_1_545' title='bbox 2099 3725 2222 3792; x_wconf 86' lang='lat' dir='ltr'><strong>quia</strong></span> <span class='ocrx_word' id='word_1_546' title='bbox 2254 3738 2427 3793; x_wconf 82' lang='lat' dir='ltr'><strong>usque</strong></span> <span class='ocrx_word' id='word_1_547' title='bbox 2451 3722 2516 3776; x_wconf 86' lang='lat' dir='ltr'><strong>ad</strong></span> <span class='ocrx_word' id='word_1_548' title='bbox 2544 3722 2822 3777; x_wconf 88' lang='lat' dir='ltr'><strong>Christum</strong></span> <span class='ocrx_word' id='word_1_549' title='bbox 2843 3726 3108 3778; x_wconf 80' lang='lat' dir='ltr'><strong>servanda</strong></span> <span class='ocrx_word' id='word_1_550' title='bbox 3125 3734 3256 3780; x_wconf 86' lang='lat' dir='ltr'><strong>sunt</strong></span> <span class='ocrx_word' id='word_1_551' title='bbox 3288 3728 3482 3782; x_wconf 86' lang='lat' dir='ltr'><strong>tradita</strong></span> <span class='ocrx_word' id='word_1_552' title='bbox 3512 3746 3528 3796; x_wconf 83' lang='lat'><strong>;</strong></span> 
     </span>
    </p>
   </div>
   <div class='ocr_carea' id='block_1_66' title="bbox 1919 3816 3528 3893">
    <p class='ocr_par' dir='ltr' id='par_1_66' title="bbox 1919 3816 3528 3893">
     <span class='ocr_line' id='line_1_66' title="bbox 1919 3816 3528 3893; baseline 0.005 -21"><span class='ocrx_word' id='word_1_553' title='bbox 1919 3825 2241 3872; x_wconf 82' lang='lat' dir='ltr'><strong>erraverunt</strong></span> <span class='ocrx_word' id='word_1_554' title='bbox 2261 3825 2535 3887; x_wconf 88' lang='lat' dir='ltr'><strong>putantes,</strong></span> <span class='ocrx_word' id='word_1_555' title='bbox 2560 3816 2856 3886; x_wconf 63' lang='lat' dir='ltr'><strong>praedicam</strong></span> <span class='ocrx_word' id='word_1_556' title='bbox 2873 3817 3112 3882; x_wconf 85' lang='lat' dir='ltr'><strong>Christo,</strong></span> <span class='ocrx_word' id='word_1_557' title='bbox 3133 3821 3295 3875; x_wconf 90' lang='lat' dir='ltr'><strong>etiam</strong></span> <span class='ocrx_word' id='word_1_558' title='bbox 3325 3821 3528 3893; x_wconf 82' lang='lat' dir='ltr'><strong>Legem</strong></span> 
     </span>
    </p>
   </div>
   <div class='ocr_carea' id='block_1_67' title="bbox 1922 3910 3537 3986">
    <p class='ocr_par' dir='ltr' id='par_1_67' title="bbox 1922 3910 3537 3986">
     <span class='ocr_line' id='line_1_67' title="bbox 1922 3910 3537 3986; baseline 0.006 -21"><span class='ocrx_word' id='word_1_559' title='bbox 1922 3914 2084 3986; x_wconf 75' lang='lat'><strong>290</strong></span> <span class='ocrx_word' id='word_1_560' title='bbox 2129 3913 2395 3967; x_wconf 77' lang='lat' dir='ltr'><strong>laetorum</strong></span> <span class='ocrx_word' id='word_1_561' title='bbox 2441 3910 2494 3966; x_wconf 88' lang='lat' dir='ltr'><strong>itt</strong></span> <span class='ocrx_word' id='word_1_562' title='bbox 2545 3913 2885 3978; x_wconf 90' lang='lat' dir='ltr'><strong>ncomeniis,</strong></span> <span class='ocrx_word' id='word_1_563' title='bbox 2933 3923 2986 3969; x_wconf 87' lang='lat' dir='ltr'><strong>et</strong></span> <span class='ocrx_word' id='word_1_564' title='bbox 3016 3915 3436 3973; x_wconf 88' lang='lat' dir='ltr'><strong>circumcisione</strong></span> <span class='ocrx_word' id='word_1_565' title='bbox 3478 3926 3537 3973; x_wconf 88' lang='lat' dir='ltr'><strong>et</strong></span> 
     </span>
    </p>
   </div>
   <div class='ocr_carea' id='block_1_68' title="bbox 1919 4005 3532 4066">
    <p class='ocr_par' dir='ltr' id='par_1_68' title="bbox 1919 4005 3532 4066">
     <span class='ocr_line' id='line_1_68' title="bbox 1919 4005 3532 4066; baseline 0.002 -2"><span class='ocrx_word' id='word_1_566' title='bbox 1919 4010 2062 4064; x_wconf 85' lang='lat' dir='ltr'><strong>escis</strong></span> <span class='ocrx_word' id='word_1_567' title='bbox 2091 4006 2474 4063; x_wconf 88' lang='lat' dir='ltr'><strong>discernendis</strong></span> <span class='ocrx_word' id='word_1_568' title='bbox 2503 4008 2708 4061; x_wconf 80' lang='lat' dir='ltr'><strong>servari</strong></span> <span class='ocrx_word' id='word_1_569' title='bbox 2741 4005 2964 4062; x_wconf 88' lang='lat' dir='ltr'><strong>debere.</strong></span> <span class='ocrx_word' id='word_1_570' title='bbox 2999 4005 3210 4063; x_wconf 85' lang='lat' dir='ltr'><strong>Idcirco</strong></span> <span class='ocrx_word' id='word_1_571' title='bbox 3235 4009 3286 4065; x_wconf 89' lang='lat' dir='ltr'><strong>in</strong></span> <span class='ocrx_word' id='word_1_572' title='bbox 3319 4011 3532 4066; x_wconf 73' lang='lat' dir='ltr'><strong>vanilo-</strong></span> 
     </span>
    </p>
   </div>
   <div class='ocr_carea' id='block_1_69' title="bbox 1920 4100 3526 4175">
    <p class='ocr_par' dir='ltr' id='par_1_69' title="bbox 1920 4100 3526 4175">
     <span class='ocr_line' id='line_1_69' title="bbox 1920 4100 3526 4175; baseline 0.004 -19"><span class='ocrx_word' id='word_1_573' title='bbox 1920 4101 2105 4173; x_wconf 91' lang='lat' dir='ltr'><strong>quium</strong></span> <span class='ocrx_word' id='word_1_574' title='bbox 2133 4100 2265 4156; x_wconf 89' lang='lat' dir='ltr'><strong>dicit</strong></span> <span class='ocrx_word' id='word_1_575' title='bbox 2291 4115 2388 4157; x_wconf 88' lang='lat' dir='ltr'><strong>eos</strong></span> <span class='ocrx_word' id='word_1_576' title='bbox 2432 4115 2768 4168; x_wconf 84' lang='lat' dir='ltr'><strong>conversos;</strong></span> <span class='ocrx_word' id='word_1_577' title='bbox 2827 4103 2950 4173; x_wconf 92' lang='lat' dir='ltr'><strong>quia</strong></span> <span class='ocrx_word' id='word_1_578' title='bbox 2992 4103 3248 4160; x_wconf 85' lang='lat' dir='ltr'><strong>volebant</strong></span> <span class='ocrx_word' id='word_1_579' title='bbox 3287 4105 3526 4175; x_wconf 88' lang='lat' dir='ltr'><strong>docere,</strong></span> 
     </span>
    </p>
   </div>
   <div class='ocr_carea' id='block_1_70' title="bbox 1921 4197 2406 4270">
    <p class='ocr_par' dir='ltr' id='par_1_70' title="bbox 1921 4197 2406 4270">
     <span class='ocr_line' id='line_1_70' title="bbox 1921 4197 2406 4270; baseline 0 -19"><span class='ocrx_word' id='word_1_580' title='bbox 1921 4213 2042 4270; x_wconf 74' lang='lat' dir='ltr'><strong>quze</strong></span> <span class='ocrx_word' id='word_1_581' title='bbox 2065 4197 2406 4268; x_wconf 82' lang='lat' dir='ltr'><strong>ignorabant.</strong></span> 
     </span>
    </p>
   </div>
   <div class='ocr_carea' id='block_1_71' title="bbox 1997 4289 3537 4363">
    <p class='ocr_par' dir='ltr' id='par_1_71' title="bbox 1997 4289 3537 4363">
     <span class='ocr_line' id='line_1_71' title="bbox 1997 4289 3537 4363; baseline 0.002 -17"><span class='ocrx_word' id='word_1_582' title='bbox 1997 4293 2187 4363; x_wconf 70' lang='lat' dir='ltr'><strong>(Vers.</strong></span> <span class='ocrx_word' id='word_1_583' title='bbox 2219 4292 2370 4347; x_wconf 84' lang='lat' dir='ltr'><strong>8—H.</strong></span> <span class='ocrx_word' id='word_1_584' title='bbox 2397 4292 2416 4361; x_wconf 92' lang='lat'><strong>)</strong></span> <span class='ocrx_word' id='word_1_585' title='bbox 2451 4290 2660 4346; x_wconf 81' lang='lat' dir='ltr'><strong>Scimus</strong></span> <span class='ocrx_word' id='word_1_586' title='bbox 2688 4299 2858 4343; x_wconf 87' lang='lat' dir='ltr'><strong>autem</strong></span> <span class='ocrx_word' id='word_1_587' title='bbox 2879 4291 3004 4360; x_wconf 83' lang='lat' dir='ltr'><strong>quia</strong></span> <span class='ocrx_word' id='word_1_588' title='bbox 3033 4291 3164 4346; x_wconf 89' lang='lat' dir='ltr'><strong>bona</strong></span> <span class='ocrx_word' id='word_1_589' title='bbox 3192 4301 3265 4346; x_wconf 86' lang='lat' dir='ltr'><strong>est</strong></span> <span class='ocrx_word' id='word_1_590' title='bbox 3319 4289 3458 4360; x_wconf 72' lang='lat' dir='ltr'><strong>Lex;</strong></span> <span class='ocrx_word' id='word_1_591' title='bbox 3489 4294 3537 4349; x_wconf 78' lang='lat' dir='ltr'><strong>si</strong></span> 
     </span>
    </p>
   </div>
   <div class='ocr_carea' id='block_1_72' title="bbox 204 4366 3536 4458">
    <p class='ocr_par' dir='ltr' id='par_1_72' title="bbox 204 4366 3536 4458">
     <span class='ocr_line' id='line_1_72' title="bbox 204 4366 3536 4458; baseline 0 -18"><span class='ocrx_word' id='word_1_592' title='bbox 204 4366 384 4443; x_wconf 60' lang='lat' dir='ltr'><strong>nescit</strong></span> <span class='ocrx_word' id='word_1_593' title='bbox 403 4385 630 4442; x_wconf 89' lang='lat' dir='ltr'><strong>morbos</strong></span> <span class='ocrx_word' id='word_1_594' title='bbox 651 4395 705 4440; x_wconf 91' lang='lat' dir='ltr'><strong>et</strong></span> <span class='ocrx_word' id='word_1_595' title='bbox 732 4384 1099 4456; x_wconf 86' lang='lat' dir='ltr'><strong>peStilentiam</strong></span> <span class='ocrx_word' id='word_1_596' title='bbox 1120 4425 1133 4447; x_wconf 91' lang='lat'><strong>,</strong></span> <span class='ocrx_word' id='word_1_597' title='bbox 1159 4392 1210 4437; x_wconf 91' lang='lat' dir='ltr'><strong>et</strong></span> <span class='ocrx_word' id='word_1_598' title='bbox 1235 4399 1354 4454; x_wconf 71' lang='lat' dir='ltr'><strong>qua:</strong></span> <span class='ocrx_word' id='word_1_599' title='bbox 1379 4385 1589 4452; x_wconf 83' lang='lat' dir='ltr'><strong>ignorat</strong></span> <span class='ocrx_word' id='word_1_600' title='bbox 1622 4382 1817 4438; x_wconf 83' lang='lat' dir='ltr'><strong>famem</strong></span> <span class='ocrx_word' id='word_1_601' title='bbox 1846 4379 1899 4439; x_wconf 94' lang='lat' dir='ltr'><strong>D</strong></span> <span class='ocrx_word' id='word_1_602' title='bbox 1925 4387 2037 4455; x_wconf 87' lang='lat' dir='ltr'><strong>quis</strong></span> <span class='ocrx_word' id='word_1_603' title='bbox 2063 4402 2122 4438; x_wconf 90' lang='lat' dir='ltr'><strong>ea</strong></span> <span class='ocrx_word' id='word_1_604' title='bbox 2146 4383 2374 4454; x_wconf 84' lang='lat' dir='ltr'><strong>legitime</strong></span> <span class='ocrx_word' id='word_1_605' title='bbox 2399 4392 2596 4448; x_wconf 84' lang='lat' dir='ltr'><strong>utatur,</strong></span> <span class='ocrx_word' id='word_1_606' title='bbox 2617 4391 2811 4435; x_wconf 87' lang='lat' dir='ltr'><strong>certum</strong></span> <span class='ocrx_word' id='word_1_607' title='bbox 2829 4381 3017 4437; x_wconf 85' lang='lat' dir='ltr'><strong>habens</strong></span> <span class='ocrx_word' id='word_1_608' title='bbox 3034 4385 3128 4438; x_wconf 89' lang='lat' dir='ltr'><strong>hoc</strong></span> <span class='ocrx_word' id='word_1_609' title='bbox 3146 4384 3536 4458; x_wconf 80' lang='lat' dir='ltr'><strong>quodjustolea:</strong></span> 
     </span>
    </p>
   </div>
   <div class='ocr_carea' id='block_1_73' title="bbox 210 4475 1820 4546">
    <p class='ocr_par' dir='ltr' id='par_1_73' title="bbox 210 4475 1820 4546">
     <span class='ocr_line' id='line_1_73' title="bbox 210 4475 1820 4546; baseline -0.003 -10"><span class='ocrx_word' id='word_1_610' title='bbox 210 4488 264 4536; x_wconf 87' lang='lat' dir='ltr'><strong>et</strong></span> <span class='ocrx_word' id='word_1_611' title='bbox 293 4481 445 4535; x_wconf 88' lang='lat' dir='ltr'><strong>sitim</strong></span> <span class='ocrx_word' id='word_1_612' title='bbox 478 4487 538 4533; x_wconf 72' lang='grc' dir='ltr'><strong>ια</strong></span> <span class='ocrx_word' id='word_1_613' title='bbox 558 4478 749 4535; x_wconf 88' lang='lat' dir='ltr'><strong>didicit</strong></span> <span class='ocrx_word' id='word_1_614' title='bbox 775 4487 955 4533; x_wconf 89' lang='lat' dir='ltr'><strong>autem</strong></span> <span class='ocrx_word' id='word_1_615' title='bbox 986 4477 1038 4532; x_wconf 92' lang='lat' dir='ltr'><strong>in</strong></span> <span class='ocrx_word' id='word_1_616' title='bbox 1066 4492 1237 4546; x_wconf 86' lang='lat' dir='ltr'><strong>regno</strong></span> <span class='ocrx_word' id='word_1_617' title='bbox 1265 4475 1364 4531; x_wconf 75' lang='lat' dir='ltr'><strong>Dei</strong></span> <span class='ocrx_word' id='word_1_618' title='bbox 1388 4477 1588 4531; x_wconf 90' lang='lat' dir='ltr'><strong>nullius</strong></span> <span class='ocrx_word' id='word_1_619' title='bbox 1618 4491 1778 4546; x_wconf 82' lang='lat' dir='ltr'><strong>egere</strong></span> <span class='ocrx_word' id='word_1_620' title='bbox 1805 4493 1820 4543; x_wconf 90' lang='lat'><strong>;</strong></span> 
     </span>
    </p>
   </div>
   <div class='ocr_carea' id='block_1_74' title="bbox 212 4570 1818 4642">
    <p class='ocr_par' dir='ltr' id='par_1_74' title="bbox 212 4570 1818 4642">
     <span class='ocr_line' id='line_1_74' title="bbox 212 4570 1818 4642; baseline 0 -16"><span class='ocrx_word' id='word_1_621' title='bbox 212 4573 335 4642; x_wconf 89' lang='lat' dir='ltr'><strong>quia</strong></span> <span class='ocrx_word' id='word_1_622' title='bbox 391 4572 573 4630; x_wconf 81' lang='lat' dir='ltr'><strong>futura</strong></span> <span class='ocrx_word' id='word_1_623' title='bbox 621 4581 704 4628; x_wconf 90' lang='lat' dir='ltr'><strong>est</strong></span> <span class='ocrx_word' id='word_1_624' title='bbox 747 4572 894 4627; x_wconf 92' lang='lat' dir='ltr'><strong>dono</strong></span> <span class='ocrx_word' id='word_1_625' title='bbox 931 4570 1029 4626; x_wconf 85' lang='lat' dir='ltr'><strong>Dei</strong></span> <span class='ocrx_word' id='word_1_626' title='bbox 1078 4572 1462 4626; x_wconf 87' lang='lat' dir='ltr'><strong>immortalitas</strong></span> <span class='ocrx_word' id='word_1_627' title='bbox 1491 4572 1729 4642; x_wconf 84' lang='lat' dir='ltr'><strong>gloriosa</strong></span> <span class='ocrx_word' id='word_1_628' title='bbox 1763 4573 1818 4626; x_wconf 88' lang='lat' dir='ltr'><strong>in</strong></span> 
     </span>
    </p>
   </div>
   <div class='ocr_carea' id='block_1_75' title="bbox 214 4664 1823 4740">
    <p class='ocr_par' dir='ltr' id='par_1_75' title="bbox 214 4664 1823 4740">
     <span class='ocr_line' id='line_1_75' title="bbox 214 4664 1823 4740; baseline -0.002 -17"><span class='ocrx_word' id='word_1_629' title='bbox 214 4681 393 4740; x_wconf 80' lang='lat' dir='ltr'><strong>regno</strong></span> <span class='ocrx_word' id='word_1_630' title='bbox 423 4667 526 4724; x_wconf 87' lang='lat' dir='ltr'><strong>Dei</strong></span> <span class='ocrx_word' id='word_1_631' title='bbox 559 4676 615 4724; x_wconf 89' lang='lat' dir='ltr'><strong>et</strong></span> <span class='ocrx_word' id='word_1_632' title='bbox 656 4665 857 4722; x_wconf 76' lang='lat' dir='ltr'><strong>Christi</strong></span> <span class='ocrx_word' id='word_1_633' title='bbox 883 4708 898 4733; x_wconf 95' lang='lat'><strong>,</strong></span> <span class='ocrx_word' id='word_1_634' title='bbox 943 4681 1172 4736; x_wconf 90' lang='lat' dir='ltr'><strong>quorum</strong></span> <span class='ocrx_word' id='word_1_635' title='bbox 1207 4667 1470 4736; x_wconf 84' lang='lat' dir='ltr'><strong>gratiam,</strong></span> <span class='ocrx_word' id='word_1_636' title='bbox 1507 4664 1823 4722; x_wconf 86' lang='lat' dir='ltr'><strong>miscricor-</strong></span> 
     </span>
    </p>
   </div>
   <div class='ocr_carea' id='block_1_76' title="bbox 218 4759 1507 4831">
    <p class='ocr_par' dir='ltr' id='par_1_76' title="bbox 218 4759 1507 4831">
     <span class='ocr_line' id='line_1_76' title="bbox 218 4759 1507 4831; baseline -0.003 -15"><span class='ocrx_word' id='word_1_637' title='bbox 218 4759 365 4821; x_wconf 86' lang='lat' dir='ltr'><strong>diam</strong></span> <span class='ocrx_word' id='word_1_638' title='bbox 385 4803 402 4831; x_wconf 95' lang='lat'><strong>,</strong></span> <span class='ocrx_word' id='word_1_639' title='bbox 434 4771 489 4818; x_wconf 92' lang='lat' dir='ltr'><strong>et</strong></span> <span class='ocrx_word' id='word_1_640' title='bbox 520 4774 705 4830; x_wconf 77' lang='lat' dir='ltr'><strong>pacem</strong></span> <span class='ocrx_word' id='word_1_641' title='bbox 733 4769 954 4830; x_wconf 82' lang='lat' dir='ltr'><strong>exoptat</strong></span> <span class='ocrx_word' id='word_1_642' title='bbox 985 4775 1105 4812; x_wconf 89' lang='lat' dir='ltr'><strong>cum</strong></span> <span class='ocrx_word' id='word_1_643' title='bbox 1133 4760 1238 4813; x_wconf 90' lang='lat' dir='ltr'><strong>isto</strong></span> <span class='ocrx_word' id='word_1_644' title='bbox 1267 4774 1507 4813; x_wconf 86' lang='lat' dir='ltr'><strong>manere.</strong></span> 
     </span>
    </p>
   </div>
   <div class='ocr_carea' id='block_1_77' title="bbox 290 4848 1824 4928">
    <p class='ocr_par' dir='ltr' id='par_1_77' title="bbox 290 4848 1824 4928">
     <span class='ocr_line' id='line_1_77' title="bbox 290 4848 1824 4928; baseline -0.002 -21"><span class='ocrx_word' id='word_1_645' title='bbox 290 4855 311 4928; x_wconf 92' lang='lat'><strong>(</strong></span> <span class='ocrx_word' id='word_1_646' title='bbox 339 4855 499 4910; x_wconf 84' lang='lat' dir='ltr'><strong>Vers.</strong></span> <span class='ocrx_word' id='word_1_647' title='bbox 527 4854 587 4920; x_wconf 77' lang='grc'><strong>5,</strong></span> <span class='ocrx_word' id='word_1_648' title='bbox 613 4854 669 4908; x_wconf 65' lang='grc'><strong>4.</strong></span> <span class='ocrx_word' id='word_1_649' title='bbox 693 4852 713 4926; x_wconf 91' lang='grc'><strong>)</strong></span> <span class='ocrx_word' id='word_1_650' title='bbox 748 4851 894 4908; x_wconf 88' lang='lat' dir='ltr'><strong>Sicut</strong></span> <span class='ocrx_word' id='word_1_651' title='bbox 924 4853 1101 4925; x_wconf 83' lang='lat' dir='ltr'><strong>regavi</strong></span> <span class='ocrx_word' id='word_1_652' title='bbox 1131 4863 1178 4907; x_wconf 88' lang='lat' dir='ltr'><strong>te</strong></span> <span class='ocrx_word' id='word_1_653' title='bbox 1209 4855 1567 4905; x_wconf 84' lang='lat' dir='ltr'><strong>subremanere</strong></span> <span class='ocrx_word' id='word_1_654' title='bbox 1596 4848 1824 4922; x_wconf 84' lang='lat' dir='ltr'><strong>Ephesi,</strong></span> 
     </span>
    </p>
   </div>
   <div class='ocr_carea' id='block_1_78' title="bbox 220 4944 1830 5013">
    <p class='ocr_par' dir='ltr' id='par_1_78' title="bbox 220 4944 1830 5013">
     <span class='ocr_line' id='line_1_78' title="bbox 220 4944 1830 5013; baseline -0.004 -10"><span class='ocrx_word' id='word_1_655' title='bbox 220 4963 336 5003; x_wconf 77' lang='lat' dir='ltr'><strong>cum</strong></span> <span class='ocrx_word' id='word_1_656' title='bbox 356 4947 492 5002; x_wconf 82' lang='lat' dir='ltr'><strong>irent</strong></span> <span class='ocrx_word' id='word_1_657' title='bbox 517 4947 568 5001; x_wconf 88' lang='lat' dir='ltr'><strong>in</strong></span> <span class='ocrx_word' id='word_1_658' title='bbox 603 4945 998 5010; x_wconf 71' lang='lat' dir='ltr'><strong>Macedoniam,</strong></span> <span class='ocrx_word' id='word_1_659' title='bbox 1035 4954 1088 4998; x_wconf 89' lang='lat' dir='ltr'><strong>ut</strong></span> <span class='ocrx_word' id='word_1_660' title='bbox 1112 4945 1376 4999; x_wconf 77' lang='lat' dir='ltr'><strong>denunties</strong></span> <span class='ocrx_word' id='word_1_661' title='bbox 1403 4944 1732 5013; x_wconf 81' lang='lat' dir='ltr'><strong>quibusdam,</strong></span> <span class='ocrx_word' id='word_1_662' title='bbox 1768 4959 1830 4996; x_wconf 86' lang='lat' dir='ltr'><strong>ne</strong></span> 
     </span>
    </p>
   </div>
   <div class='ocr_carea' id='block_1_79' title="bbox 220 5037 1833 5112">
    <p class='ocr_par' dir='ltr' id='par_1_79' title="bbox 220 5037 1833 5112">
     <span class='ocr_line' id='line_1_79' title="bbox 220 5037 1833 5112; baseline -0.003 -15"><span class='ocrx_word' id='word_1_663' title='bbox 220 5043 374 5097; x_wconf 80' lang='lat' dir='ltr'><strong>aliter</strong></span> <span class='ocrx_word' id='word_1_664' title='bbox 404 5041 664 5110; x_wconf 81' lang='lat' dir='ltr'><strong>docerent,</strong></span> <span class='ocrx_word' id='word_1_665' title='bbox 722 5057 843 5095; x_wconf 77' lang='lat' dir='ltr'><strong>neve</strong></span> <span class='ocrx_word' id='word_1_666' title='bbox 882 5040 1152 5094; x_wconf 85' lang='lat' dir='ltr'><strong>intendant</strong></span> <span class='ocrx_word' id='word_1_667' title='bbox 1193 5039 1383 5106; x_wconf 77' lang='lat' dir='ltr'><strong>fabulis</strong></span> <span class='ocrx_word' id='word_1_668' title='bbox 1434 5047 1482 5093; x_wconf 87' lang='lat' dir='ltr'><strong>et</strong></span> <span class='ocrx_word' id='word_1_669' title='bbox 1520 5037 1833 5112; x_wconf 83' lang='lat' dir='ltr'><strong>genenlogiis</strong></span> 
     </span>
    </p>
   </div>
   <div class='ocr_carea' id='block_1_80' title="bbox 220 5132 1835 5207">
    <p class='ocr_par' dir='ltr' id='par_1_80' title="bbox 220 5132 1835 5207">
     <span class='ocr_line' id='line_1_80' title="bbox 220 5132 1835 5207; baseline -0.004 -16"><span class='ocrx_word' id='word_1_670' title='bbox 220 5133 469 5203; x_wconf 84' lang='lat' dir='ltr'><strong>inﬁnitis,</strong></span> <span class='ocrx_word' id='word_1_671' title='bbox 489 5152 603 5207; x_wconf 73' lang='lat' dir='ltr'><strong>qua:</strong></span> <span class='ocrx_word' id='word_1_672' title='bbox 624 5137 930 5205; x_wconf 66' lang='lat' dir='ltr'><strong>quaestiottes</strong></span> <span class='ocrx_word' id='word_1_673' title='bbox 949 5143 1193 5204; x_wconf 80' lang='lat' dir='ltr'><strong>pra&#39;stant</strong></span> <span class='ocrx_word' id='word_1_674' title='bbox 1214 5136 1398 5201; x_wconf 84' lang='lat' dir='ltr'><strong>magis,</strong></span> <span class='ocrx_word' id='word_1_675' title='bbox 1426 5150 1579 5204; x_wconf 84' lang='lat' dir='ltr'><strong>quant</strong></span> <span class='ocrx_word' id='word_1_676' title='bbox 1599 5132 1835 5200; x_wconf 73' lang='lat' dir='ltr'><strong>cedi/ica-</strong></span> 
     </span>
    </p>
   </div>
   <div class='ocr_carea' id='block_1_81' title="bbox 223 5224 1833 5301">
    <p class='ocr_par' dir='ltr' id='par_1_81' title="bbox 223 5224 1833 5301">
     <span class='ocr_line' id='line_1_81' title="bbox 223 5224 1833 5301; baseline -0.002 -17"><span class='ocrx_word' id='word_1_677' title='bbox 223 5230 416 5284; x_wconf 86' lang='lat' dir='ltr'><strong>tionem</strong></span> <span class='ocrx_word' id='word_1_678' title='bbox 449 5226 562 5296; x_wconf 89' lang='lat' dir='ltr'><strong>Dei,</strong></span> <span class='ocrx_word' id='word_1_679' title='bbox 597 5244 712 5301; x_wconf 76' lang='lat' dir='ltr'><strong>qua:</strong></span> <span class='ocrx_word' id='word_1_680' title='bbox 750 5239 823 5283; x_wconf 88' lang='lat' dir='ltr'><strong>est</strong></span> <span class='ocrx_word' id='word_1_681' title='bbox 855 5227 1073 5294; x_wconf 88' lang='lat' dir='ltr'><strong>inﬁde;</strong></span> <span class='ocrx_word' id='word_1_682' title='bbox 1103 5228 1174 5280; x_wconf 88' lang='lat' dir='ltr'><strong>ita</strong></span> <span class='ocrx_word' id='word_1_683' title='bbox 1205 5227 1382 5296; x_wconf 78' lang='lat' dir='ltr'><strong>facito.</strong></span> <span class='ocrx_word' id='word_1_684' title='bbox 1418 5224 1590 5279; x_wconf 84' lang='lat' dir='ltr'><strong>Filius</strong></span> <span class='ocrx_word' id='word_1_685' title='bbox 1617 5242 1645 5279; x_wconf 87' lang='lat' dir='ltr'><strong>a</strong></span> <span class='ocrx_word' id='word_1_686' title='bbox 1682 5236 1833 5294; x_wconf 87' lang='lat' dir='ltr'><strong>patre</strong></span> 
     </span>
    </p>
   </div>
   <div class='ocr_carea' id='block_1_82' title="bbox 226 5319 1832 5396">
    <p class='ocr_par' dir='ltr' id='par_1_82' title="bbox 226 5319 1832 5396">
     <span class='ocr_line' id='line_1_82' title="bbox 226 5319 1832 5396; baseline -0.005 -17"><span class='ocrx_word' id='word_1_687' title='bbox 226 5325 411 5396; x_wconf 83' lang='lat' dir='ltr'><strong>rogari</strong></span> <span class='ocrx_word' id='word_1_688' title='bbox 444 5339 550 5380; x_wconf 89' lang='lat' dir='ltr'><strong>non</strong></span> <span class='ocrx_word' id='word_1_689' title='bbox 583 5325 805 5390; x_wconf 90' lang='lat' dir='ltr'><strong>debuit;</strong></span> <span class='ocrx_word' id='word_1_690' title='bbox 840 5322 936 5378; x_wconf 91' lang='lat' dir='ltr'><strong>sed</strong></span> <span class='ocrx_word' id='word_1_691' title='bbox 967 5332 1200 5392; x_wconf 89' lang='lat' dir='ltr'><strong>propter</strong></span> <span class='ocrx_word' id='word_1_692' title='bbox 1229 5320 1514 5374; x_wconf 85' lang='lat' dir='ltr'><strong>chatitatis</strong></span> <span class='ocrx_word' id='word_1_693' title='bbox 1546 5319 1832 5386; x_wconf 76' lang='lat' dir='ltr'><strong>allectum,</strong></span> 
     </span>
    </p>
   </div>
   <div class='ocr_carea' id='block_1_83' title="bbox 227 5414 1841 5479">
    <p class='ocr_par' dir='ltr' id='par_1_83' title="bbox 227 5414 1841 5479">
     <span class='ocr_line' id='line_1_83' title="bbox 227 5414 1841 5479; baseline -0.004 -5"><span class='ocrx_word' id='word_1_694' title='bbox 227 5427 282 5474; x_wconf 88' lang='lat' dir='ltr'><strong>et</strong></span> <span class='ocrx_word' id='word_1_695' title='bbox 321 5429 383 5474; x_wconf 93' lang='lat' dir='ltr'><strong>ut</strong></span> <span class='ocrx_word' id='word_1_696' title='bbox 426 5418 506 5473; x_wconf 87' lang='lat' dir='ltr'><strong>illi</strong></span> <span class='ocrx_word' id='word_1_697' title='bbox 553 5417 781 5474; x_wconf 76' lang='lat' dir='ltr'><strong>formam</strong></span> <span class='ocrx_word' id='word_1_698' title='bbox 829 5416 1150 5471; x_wconf 89' lang='lat' dir='ltr'><strong>humilitatis</strong></span> <span class='ocrx_word' id='word_1_699' title='bbox 1195 5415 1539 5479; x_wconf 88' lang='lat' dir='ltr'><strong>ostenderet,</strong></span> <span class='ocrx_word' id='word_1_700' title='bbox 1585 5414 1841 5469; x_wconf 90' lang='lat' dir='ltr'><strong>obsecrat</strong></span> 
     </span>
    </p>
   </div>
   <div class='ocr_carea' id='block_1_84' title="bbox 227 5507 1840 5586">
    <p class='ocr_par' dir='ltr' id='par_1_84' title="bbox 227 5507 1840 5586">
     <span class='ocr_line' id='line_1_84' title="bbox 227 5507 1840 5586; baseline -0.005 -17"><span class='ocrx_word' id='word_1_701' title='bbox 227 5512 528 5586; x_wconf 87' lang='lat' dir='ltr'><strong>episcopus</strong></span> <span class='ocrx_word' id='word_1_702' title='bbox 557 5515 944 5584; x_wconf 90' lang='lat' dir='ltr'><strong>coepiscopum</strong></span> <span class='ocrx_word' id='word_1_703' title='bbox 987 5525 1143 5567; x_wconf 91' lang='lat' dir='ltr'><strong>suum</strong></span> <span class='ocrx_word' id='word_1_704' title='bbox 1165 5553 1178 5578; x_wconf 98' lang='lat'><strong>,</strong></span> <span class='ocrx_word' id='word_1_705' title='bbox 1209 5526 1277 5566; x_wconf 90' lang='lat' dir='ltr'><strong>ne</strong></span> <span class='ocrx_word' id='word_1_706' title='bbox 1310 5519 1585 5580; x_wconf 89' lang='lat' dir='ltr'><strong>pateretur</strong></span> <span class='ocrx_word' id='word_1_707' title='bbox 1621 5507 1840 5563; x_wconf 74' lang='lat' dir='ltr'><strong>Judtcos</strong></span> 
     </span>
    </p>
   </div>
   <div class='ocr_carea' id='block_1_85' title="bbox 232 5604 1840 5680">
    <p class='ocr_par' dir='ltr' id='par_1_85' title="bbox 232 5604 1840 5680">
     <span class='ocr_line' id='line_1_85' title="bbox 232 5604 1840 5680; baseline -0.004 -18"><span class='ocrx_word' id='word_1_708' title='bbox 232 5605 400 5664; x_wconf 89' lang='lat' dir='ltr'><strong>aliter</strong></span> <span class='ocrx_word' id='word_1_709' title='bbox 456 5608 742 5680; x_wconf 82' lang='lat' dir='ltr'><strong>pepulum,</strong></span> <span class='ocrx_word' id='word_1_710' title='bbox 801 5622 963 5679; x_wconf 91' lang='lat' dir='ltr'><strong>quam</strong></span> <span class='ocrx_word' id='word_1_711' title='bbox 1030 5607 1098 5662; x_wconf 90' lang='lat' dir='ltr'><strong>ab</strong></span> <span class='ocrx_word' id='word_1_712' title='bbox 1167 5606 1431 5676; x_wconf 79' lang='lat' dir='ltr'><strong>Apostolo</strong></span> <span class='ocrx_word' id='word_1_713' title='bbox 1489 5604 1840 5668; x_wconf 87' lang='lat' dir='ltr'><strong>tradebatur,</strong></span> 
     </span>
    </p>
   </div>
   <div class='ocr_carea' id='block_1_86' title="bbox 234 5699 1843 5769">
    <p class='ocr_par' dir='ltr' id='par_1_86' title="bbox 234 5699 1843 5769">
     <span class='ocr_line' id='line_1_86' title="bbox 234 5699 1843 5769; baseline -0.001 -16"><span class='ocrx_word' id='word_1_714' title='bbox 234 5699 481 5766; x_wconf 88' lang='lat' dir='ltr'><strong>docere;</strong></span> <span class='ocrx_word' id='word_1_715' title='bbox 541 5718 606 5758; x_wconf 90' lang='lat' dir='ltr'><strong>ne</strong></span> <span class='ocrx_word' id='word_1_716' title='bbox 668 5702 1073 5758; x_wconf 81' lang='lat' dir='ltr'><strong>oblectarcntur</strong></span> <span class='ocrx_word' id='word_1_717' title='bbox 1131 5700 1364 5764; x_wconf 75' lang='lat' dir='ltr'><strong>fabulis,</strong></span> <span class='ocrx_word' id='word_1_718' title='bbox 1425 5714 1558 5769; x_wconf 87' lang='lat' dir='ltr'><strong>quas</strong></span> <span class='ocrx_word' id='word_1_719' title='bbox 1620 5712 1843 5752; x_wconf 88' lang='lat' dir='ltr'><strong>narrare</strong></span> 
     </span>
    </p>
   </div>
   <div class='ocr_carea' id='block_1_87' title="bbox 1926 4477 3538 4550">
    <p class='ocr_par' dir='ltr' id='par_1_87' title="bbox 1926 4477 3538 4550">
     <span class='ocr_line' id='line_1_87' title="bbox 1926 4477 3538 4550; baseline 0.002 -16"><span class='ocrx_word' id='word_1_720' title='bbox 1926 4497 2028 4535; x_wconf 89' lang='lat' dir='ltr'><strong>non</strong></span> <span class='ocrx_word' id='word_1_721' title='bbox 2055 4490 2126 4534; x_wconf 87' lang='lat' dir='ltr'><strong>est</strong></span> <span class='ocrx_word' id='word_1_722' title='bbox 2152 4481 2340 4550; x_wconf 86' lang='lat' dir='ltr'><strong>posita,</strong></span> <span class='ocrx_word' id='word_1_723' title='bbox 2365 4477 2455 4533; x_wconf 85' lang='lat' dir='ltr'><strong>sed</strong></span> <span class='ocrx_word' id='word_1_724' title='bbox 2482 4478 2693 4548; x_wconf 84' lang='lat' dir='ltr'><strong>injustis</strong></span> <span class='ocrx_word' id='word_1_725' title='bbox 2719 4488 2766 4530; x_wconf 88' lang='lat' dir='ltr'><strong>et</strong></span> <span class='ocrx_word' id='word_1_726' title='bbox 2791 4477 3256 4548; x_wconf 84' lang='lat' dir='ltr'><strong>inobsequenlibus,</strong></span> <span class='ocrx_word' id='word_1_727' title='bbox 3283 4481 3458 4549; x_wconf 87' lang='lat' dir='ltr'><strong>impiis</strong></span> <span class='ocrx_word' id='word_1_728' title='bbox 3487 4492 3538 4539; x_wconf 82' lang='lat' dir='ltr'><strong>et</strong></span> 
     </span>
    </p>
   </div>
   <div class='ocr_carea' id='block_1_88' title="bbox 1926 4571 3539 4646">
    <p class='ocr_par' dir='ltr' id='par_1_88' title="bbox 1926 4571 3539 4646">
     <span class='ocr_line' id='line_1_88' title="bbox 1926 4571 3539 4646; baseline 0 -16"><span class='ocrx_word' id='word_1_729' title='bbox 1926 4574 2305 4646; x_wconf 77' lang='lat' dir='ltr'><strong>peccatoribus,</strong></span> <span class='ocrx_word' id='word_1_730' title='bbox 2339 4572 2565 4626; x_wconf 84' lang='lat' dir='ltr'><strong>scelestis</strong></span> <span class='ocrx_word' id='word_1_731' title='bbox 2593 4581 2639 4625; x_wconf 85' lang='lat' dir='ltr'><strong>et</strong></span> <span class='ocrx_word' id='word_1_732' title='bbox 2671 4571 2926 4640; x_wconf 78' lang='lat' dir='ltr'><strong>profanis,</strong></span> <span class='ocrx_word' id='word_1_733' title='bbox 2973 4574 3248 4645; x_wconf 79' lang='lat' dir='ltr'><strong>parricidis</strong></span> <span class='ocrx_word' id='word_1_734' title='bbox 3276 4585 3324 4628; x_wconf 90' lang='lat' dir='ltr'><strong>et</strong></span> <span class='ocrx_word' id='word_1_735' title='bbox 3357 4576 3539 4630; x_wconf 86' lang='lat' dir='ltr'><strong>matri-</strong></span> 
     </span>
    </p>
   </div>
   <div class='ocr_carea' id='block_1_89' title="bbox 1926 4663 3539 4741">
    <p class='ocr_par' dir='ltr' id='par_1_89' title="bbox 1926 4663 3539 4741">
     <span class='ocr_line' id='line_1_89' title="bbox 1926 4663 3539 4741; baseline 0 -18"><span class='ocrx_word' id='word_1_736' title='bbox 1926 4671 2080 4734; x_wconf 86' lang='lat' dir='ltr'><strong>cidis,</strong></span> <span class='ocrx_word' id='word_1_737' title='bbox 2113 4665 2536 4741; x_wconf 82' lang='lat' dir='ltr'><strong>fornicatoribus,</strong></span> <span class='ocrx_word' id='word_1_738' title='bbox 2571 4663 2870 4732; x_wconf 85' lang='lat' dir='ltr'><strong>homicidis,</strong></span> <span class='ocrx_word' id='word_1_739' title='bbox 2913 4668 3259 4721; x_wconf 85' lang='lat' dir='ltr'><strong>masculorum</strong></span> <span class='ocrx_word' id='word_1_740' title='bbox 3291 4667 3539 4723; x_wconf 75' lang='lat' dir='ltr'><strong>concubi-</strong></span> 
     </span>
    </p>
   </div>
   <div class='ocr_carea' id='block_1_90' title="bbox 1931 4757 3538 4834">
    <p class='ocr_par' dir='ltr' id='par_1_90' title="bbox 1931 4757 3538 4834">
     <span class='ocr_line' id='line_1_90' title="bbox 1931 4757 3538 4834; baseline -0.001 -16"><span class='ocrx_word' id='word_1_741' title='bbox 1931 4765 2148 4829; x_wconf 88' lang='lat' dir='ltr'><strong>toribas,</strong></span> <span class='ocrx_word' id='word_1_742' title='bbox 2198 4761 2492 4834; x_wconf 84' lang='lat' dir='ltr'><strong>plagiariis,</strong></span> <span class='ocrx_word' id='word_1_743' title='bbox 2534 4757 2892 4825; x_wconf 84' lang='lat' dir='ltr'><strong>mendacibus,</strong></span> <span class='ocrx_word' id='word_1_744' title='bbox 2927 4760 3194 4828; x_wconf 85' lang='lat' dir='ltr'><strong>periuris:</strong></span> <span class='ocrx_word' id='word_1_745' title='bbox 3230 4772 3277 4815; x_wconf 89' lang='lat' dir='ltr'><strong>et</strong></span> <span class='ocrx_word' id='word_1_746' title='bbox 3324 4764 3368 4816; x_wconf 83' lang='lat' dir='ltr'><strong>si</strong></span> <span class='ocrx_word' id='word_1_747' title='bbox 3411 4762 3538 4833; x_wconf 84' lang='lat' dir='ltr'><strong>quid</strong></span> 
     </span>
    </p>
   </div>
   <div class='ocr_carea' id='block_1_91' title="bbox 1929 4854 3539 4922">
    <p class='ocr_par' dir='ltr' id='par_1_91' title="bbox 1929 4854 3539 4922">
     <span class='ocr_line' id='line_1_91' title="bbox 1929 4854 3539 4922; baseline 0.001 -11"><span class='ocrx_word' id='word_1_748' title='bbox 1929 4858 2076 4911; x_wconf 88' lang='lat' dir='ltr'><strong>aliud</strong></span> <span class='ocrx_word' id='word_1_749' title='bbox 2120 4873 2260 4911; x_wconf 78' lang='lat' dir='ltr'><strong>same</strong></span> <span class='ocrx_word' id='word_1_750' title='bbox 2305 4854 2557 4910; x_wconf 70' lang='lat' dir='ltr'><strong>doctrinm</strong></span> <span class='ocrx_word' id='word_1_751' title='bbox 2605 4855 2928 4922; x_wconf 85' lang='lat' dir='ltr'><strong>adversatur,</strong></span> <span class='ocrx_word' id='word_1_752' title='bbox 2978 4873 3094 4921; x_wconf 78' lang='lat' dir='ltr'><strong>qua:</strong></span> <span class='ocrx_word' id='word_1_753' title='bbox 3139 4868 3213 4913; x_wconf 87' lang='lat' dir='ltr'><strong>est</strong></span> <span class='ocrx_word' id='word_1_754' title='bbox 3258 4859 3539 4913; x_wconf 82' lang='lat' dir='ltr'><strong>secundant</strong></span> 
     </span>
    </p>
   </div>
   <div class='ocr_carea' id='block_1_92' title="bbox 1935 4946 3533 5021">
    <p class='ocr_par' dir='ltr' id='par_1_92' title="bbox 1935 4946 3533 5021">
     <span class='ocr_line' id='line_1_92' title="bbox 1935 4946 3533 5021; baseline 0.003 -19"><span class='ocrx_word' id='word_1_755' title='bbox 1935 4948 2273 5021; x_wconf 78' lang='lat' dir='ltr'><strong>Erangelium</strong></span> <span class='ocrx_word' id='word_1_756' title='bbox 2318 4949 2498 5018; x_wconf 78' lang='lat' dir='ltr'><strong>gloria:</strong></span> <span class='ocrx_word' id='word_1_757' title='bbox 2531 4947 2663 5000; x_wconf 86' lang='lat' dir='ltr'><strong>beati</strong></span> <span class='ocrx_word' id='word_1_758' title='bbox 2691 4946 2807 5010; x_wconf 83' lang='lat' dir='ltr'><strong>Dei,</strong></span> <span class='ocrx_word' id='word_1_759' title='bbox 2832 4948 2972 5018; x_wconf 82' lang='lat' dir='ltr'><strong>quod</strong></span> <span class='ocrx_word' id='word_1_760' title='bbox 3003 4952 3251 5003; x_wconf 85' lang='lat' dir='ltr'><strong>creditum</strong></span> <span class='ocrx_word' id='word_1_761' title='bbox 3279 4960 3352 5004; x_wconf 83' lang='lat' dir='ltr'><strong>est</strong></span> <span class='ocrx_word' id='word_1_762' title='bbox 3382 4952 3533 5006; x_wconf 87' lang='lat' dir='ltr'><strong>mihi.</strong></span> 
     </span>
    </p>
   </div>
   <div class='ocr_carea' id='block_1_93' title="bbox 1934 5042 3542 5114">
    <p class='ocr_par' dir='ltr' id='par_1_93' title="bbox 1934 5042 3542 5114">
     <span class='ocr_line' id='line_1_93' title="bbox 1934 5042 3542 5114; baseline 0.003 -16"><span class='ocrx_word' id='word_1_763' title='bbox 1934 5042 2140 5098; x_wconf 81' lang='lat' dir='ltr'><strong>Bonam</strong></span> <span class='ocrx_word' id='word_1_764' title='bbox 2169 5057 2292 5097; x_wconf 72' lang='lat' dir='ltr'><strong>esse</strong></span> <span class='ocrx_word' id='word_1_765' title='bbox 2337 5044 2535 5112; x_wconf 80' lang='lat' dir='ltr'><strong>legem,</strong></span> <span class='ocrx_word' id='word_1_766' title='bbox 2572 5055 2691 5109; x_wconf 73' lang='lat' dir='ltr'><strong>qua:</strong></span> <span class='ocrx_word' id='word_1_767' title='bbox 2721 5056 2817 5111; x_wconf 81' lang='lat' dir='ltr'><strong>per</strong></span> <span class='ocrx_word' id='word_1_768' title='bbox 2862 5043 3084 5114; x_wconf 81' lang='lat' dir='ltr'><strong>Moysen</strong></span> <span class='ocrx_word' id='word_1_769' title='bbox 3117 5043 3240 5097; x_wconf 89' lang='lat' dir='ltr'><strong>data</strong></span> <span class='ocrx_word' id='word_1_770' title='bbox 3281 5053 3396 5110; x_wconf 88' lang='lat' dir='ltr'><strong>est,</strong></span> <span class='ocrx_word' id='word_1_771' title='bbox 3431 5062 3542 5103; x_wconf 88' lang='lat' dir='ltr'><strong>non</strong></span> 
     </span>
    </p>
   </div>
   <div class='ocr_carea' id='block_1_94' title="bbox 1939 5133 3540 5206">
    <p class='ocr_par' dir='ltr' id='par_1_94' title="bbox 1939 5133 3540 5206">
     <span class='ocr_line' id='line_1_94' title="bbox 1939 5133 3540 5206; baseline 0.002 -16"><span class='ocrx_word' id='word_1_772' title='bbox 1939 5145 2132 5206; x_wconf 88' lang='lat' dir='ltr'><strong>negat;</strong></span> <span class='ocrx_word' id='word_1_773' title='bbox 2158 5136 2230 5189; x_wconf 89' lang='lat' dir='ltr'><strong>ita</strong></span> <span class='ocrx_word' id='word_1_774' title='bbox 2257 5143 2475 5199; x_wconf 90' lang='lat' dir='ltr'><strong>tamen,</strong></span> <span class='ocrx_word' id='word_1_775' title='bbox 2499 5145 2551 5187; x_wconf 88' lang='lat' dir='ltr'><strong>ut</strong></span> <span class='ocrx_word' id='word_1_776' title='bbox 2575 5147 2772 5187; x_wconf 84' lang='lat' dir='ltr'><strong>sensus</strong></span> <span class='ocrx_word' id='word_1_777' title='bbox 2791 5133 2906 5203; x_wconf 89' lang='lat' dir='ltr'><strong>ejus</strong></span> <span class='ocrx_word' id='word_1_778' title='bbox 2930 5135 3136 5188; x_wconf 91' lang='lat' dir='ltr'><strong>sciatur</strong></span> <span class='ocrx_word' id='word_1_779' title='bbox 3155 5178 3167 5198; x_wconf 96' lang='lat'><strong>,</strong></span> <span class='ocrx_word' id='word_1_780' title='bbox 3193 5137 3540 5203; x_wconf 88' lang='lat' dir='ltr'><strong>etqttomodo</strong></span> 
     </span>
    </p>
   </div>
   <div class='ocr_carea' id='block_1_95' title="bbox 1940 5224 3542 5302">
    <p class='ocr_par' dir='ltr' id='par_1_95' title="bbox 1940 5224 3542 5302">
     <span class='ocr_line' id='line_1_95' title="bbox 1940 5224 3542 5302; baseline 0 -19"><span class='ocrx_word' id='word_1_781' title='bbox 1940 5229 2060 5283; x_wconf 89' lang='lat' dir='ltr'><strong>data</strong></span> <span class='ocrx_word' id='word_1_782' title='bbox 2095 5237 2212 5292; x_wconf 90' lang='lat' dir='ltr'><strong>est,</strong></span> <span class='ocrx_word' id='word_1_783' title='bbox 2247 5228 2564 5296; x_wconf 73' lang='lat' dir='ltr'><strong>accipiatur.</strong></span> <span class='ocrx_word' id='word_1_784' title='bbox 2599 5224 2696 5278; x_wconf 89' lang='lat' dir='ltr'><strong>llic</strong></span> <span class='ocrx_word' id='word_1_785' title='bbox 2737 5227 2882 5281; x_wconf 91' lang='lat' dir='ltr'><strong>enim</strong></span> <span class='ocrx_word' id='word_1_786' title='bbox 2929 5225 3030 5280; x_wconf 92' lang='lat' dir='ltr'><strong>scit</strong></span> <span class='ocrx_word' id='word_1_787' title='bbox 3075 5226 3272 5295; x_wconf 72' lang='lat' dir='ltr'><strong>Legem</strong></span> <span class='ocrx_word' id='word_1_788' title='bbox 3303 5269 3315 5291; x_wconf 92' lang='lat'><strong>,</strong></span> <span class='ocrx_word' id='word_1_789' title='bbox 3350 5238 3404 5283; x_wconf 88' lang='lat' dir='ltr'><strong>et</strong></span> <span class='ocrx_word' id='word_1_790' title='bbox 3433 5247 3542 5302; x_wconf 84' lang='lat' dir='ltr'><strong>qua</strong></span> 
     </span>
    </p>
   </div>
   <div class='ocr_carea' id='block_1_96' title="bbox 1938 5315 3544 5389">
    <p class='ocr_par' dir='ltr' id='par_1_96' title="bbox 1938 5315 3544 5389">
     <span class='ocr_line' id='line_1_96' title="bbox 1938 5315 3544 5389; baseline 0.001 -15"><span class='ocrx_word' id='word_1_791' title='bbox 1938 5335 2098 5374; x_wconf 89' lang='lat' dir='ltr'><strong>causa</strong></span> <span class='ocrx_word' id='word_1_792' title='bbox 2132 5318 2254 5373; x_wconf 88' lang='lat' dir='ltr'><strong>data</strong></span> <span class='ocrx_word' id='word_1_793' title='bbox 2282 5318 2386 5385; x_wconf 87' lang='lat' dir='ltr'><strong>sit,</strong></span> <span class='ocrx_word' id='word_1_794' title='bbox 2407 5319 2496 5386; x_wconf 89' lang='lat' dir='ltr'><strong>qtti</strong></span> <span class='ocrx_word' id='word_1_795' title='bbox 2520 5359 2534 5384; x_wconf 88' lang='lat'><strong>,</strong></span> <span class='ocrx_word' id='word_1_796' title='bbox 2565 5319 2864 5389; x_wconf 82' lang='lat' dir='ltr'><strong>praedican</strong></span> <span class='ocrx_word' id='word_1_797' title='bbox 2883 5315 3100 5371; x_wconf 87' lang='lat' dir='ltr'><strong>Christo</strong></span> <span class='ocrx_word' id='word_1_798' title='bbox 3125 5360 3138 5382; x_wconf 94' lang='lat'><strong>,</strong></span> <span class='ocrx_word' id='word_1_799' title='bbox 3158 5317 3368 5375; x_wconf 87' lang='lat' dir='ltr'><strong>deserit</strong></span> <span class='ocrx_word' id='word_1_800' title='bbox 3395 5323 3544 5382; x_wconf 88' lang='lat' dir='ltr'><strong>illam</strong></span> 
     </span>
    </p>
   </div>
   <div class='ocr_carea' id='block_1_97' title="bbox 1940 5409 3547 5484">
    <p class='ocr_par' dir='ltr' id='par_1_97' title="bbox 1940 5409 3547 5484">
     <span class='ocr_line' id='line_1_97' title="bbox 1940 5409 3547 5484; baseline 0.004 -18"><span class='ocrx_word' id='word_1_801' title='bbox 1940 5429 2006 5470; x_wconf 83' lang='lat' dir='ltr'><strong>ex</strong></span> <span class='ocrx_word' id='word_1_802' title='bbox 2038 5423 2225 5484; x_wconf 87' lang='lat' dir='ltr'><strong>parte,</strong></span> <span class='ocrx_word' id='word_1_803' title='bbox 2261 5428 2363 5483; x_wconf 88' lang='lat' dir='ltr'><strong>qua</strong></span> <span class='ocrx_word' id='word_1_804' title='bbox 2392 5412 2475 5466; x_wconf 80' lang='lat' dir='ltr'><strong>lex</strong></span> <span class='ocrx_word' id='word_1_805' title='bbox 2509 5411 2772 5467; x_wconf 84' lang='lat' dir='ltr'><strong>factorum</strong></span> <span class='ocrx_word' id='word_1_806' title='bbox 2802 5409 3108 5481; x_wconf 77' lang='lat' dir='ltr'><strong>appellatur</strong></span> <span class='ocrx_word' id='word_1_807' title='bbox 3135 5429 3148 5465; x_wconf 92' lang='lat'><strong>:</strong></span> <span class='ocrx_word' id='word_1_808' title='bbox 3181 5412 3330 5468; x_wconf 87' lang='lat' dir='ltr'><strong>circa</strong></span> <span class='ocrx_word' id='word_1_809' title='bbox 3371 5415 3547 5475; x_wconf 90' lang='lat' dir='ltr'><strong>dilec-</strong></span> 
     </span>
    </p>
   </div>
   <div class='ocr_carea' id='block_1_98' title="bbox 1941 5505 3551 5570">
    <p class='ocr_par' dir='ltr' id='par_1_98' title="bbox 1941 5505 3551 5570">
     <span class='ocr_line' id='line_1_98' title="bbox 1941 5505 3551 5570; baseline 0.003 -7"><span class='ocrx_word' id='word_1_810' title='bbox 1941 5509 2148 5563; x_wconf 85' lang='lat' dir='ltr'><strong>tionem</strong></span> <span class='ocrx_word' id='word_1_811' title='bbox 2187 5518 2371 5562; x_wconf 89' lang='lat' dir='ltr'><strong>autem</strong></span> <span class='ocrx_word' id='word_1_812' title='bbox 2409 5505 2505 5561; x_wconf 89' lang='lat' dir='ltr'><strong>Dei</strong></span> <span class='ocrx_word' id='word_1_813' title='bbox 2535 5505 2707 5561; x_wconf 89' lang='lat' dir='ltr'><strong>utitur</strong></span> <span class='ocrx_word' id='word_1_814' title='bbox 2747 5519 2808 5560; x_wconf 91' lang='lat' dir='ltr'><strong>ea</strong></span> <span class='ocrx_word' id='word_1_815' title='bbox 2832 5547 2846 5570; x_wconf 94' lang='lat'><strong>,</strong></span> <span class='ocrx_word' id='word_1_816' title='bbox 2877 5519 3130 5559; x_wconf 91' lang='lat' dir='ltr'><strong>asserens</strong></span> <span class='ocrx_word' id='word_1_817' title='bbox 3177 5518 3232 5561; x_wconf 87' lang='lat' dir='ltr'><strong>et</strong></span> <span class='ocrx_word' id='word_1_818' title='bbox 3262 5507 3551 5569; x_wconf 72' lang='lat' dir='ltr'><strong>affirmans</strong></span> 
     </span>
    </p>
   </div>
   <div class='ocr_carea' id='block_1_99' title="bbox 1946 5595 3554 5671">
    <p class='ocr_par' dir='ltr' id='par_1_99' title="bbox 1946 5595 3554 5671">
     <span class='ocr_line' id='line_1_99' title="bbox 1946 5595 3554 5671; baseline 0.002 -17"><span class='ocrx_word' id='word_1_819' title='bbox 1946 5616 2064 5671; x_wconf 65' lang='lat' dir='ltr'><strong>quae</strong></span> <span class='ocrx_word' id='word_1_820' title='bbox 2096 5615 2124 5655; x_wconf 89' lang='lat' dir='ltr'><strong>a</strong></span> <span class='ocrx_word' id='word_1_821' title='bbox 2155 5600 2441 5655; x_wconf 87' lang='lat' dir='ltr'><strong>Salvatore</strong></span> <span class='ocrx_word' id='word_1_822' title='bbox 2459 5597 2599 5652; x_wconf 89' lang='lat' dir='ltr'><strong>dicta</strong></span> <span class='ocrx_word' id='word_1_823' title='bbox 2627 5605 2754 5651; x_wconf 88' lang='lat' dir='ltr'><strong>sunt</strong></span> <span class='ocrx_word' id='word_1_824' title='bbox 2783 5595 2836 5650; x_wconf 89' lang='lat' dir='ltr'><strong>in</strong></span> <span class='ocrx_word' id='word_1_825' title='bbox 2870 5595 3013 5667; x_wconf 81' lang='lat' dir='ltr'><strong>Lege</strong></span> <span class='ocrx_word' id='word_1_826' title='bbox 3038 5607 3089 5652; x_wconf 89' lang='lat' dir='ltr'><strong>ct</strong></span> <span class='ocrx_word' id='word_1_827' title='bbox 3117 5599 3429 5671; x_wconf 87' lang='lat' dir='ltr'><strong>prophetis.</strong></span> <span class='ocrx_word' id='word_1_828' title='bbox 3456 5602 3554 5658; x_wconf 86' lang='lat' dir='ltr'><strong>llic</strong></span> 
     </span>
    </p>
   </div>
   <div class='ocr_carea' id='block_1_100' title="bbox 1949 5689 3558 5765">
    <p class='ocr_par' dir='ltr' id='par_1_100' title="bbox 1949 5689 3558 5765">
     <span class='ocr_line' id='line_1_100' title="bbox 1949 5689 3558 5765; baseline 0.002 -17"><span class='ocrx_word' id='word_1_829' title='bbox 1949 5695 2093 5748; x_wconf 81' lang='lat' dir='ltr'><strong>enini</strong></span> <span class='ocrx_word' id='word_1_830' title='bbox 2129 5693 2371 5764; x_wconf 73' lang='lat' dir='ltr'><strong>legitime</strong></span> <span class='ocrx_word' id='word_1_831' title='bbox 2404 5691 2574 5747; x_wconf 88' lang='lat' dir='ltr'><strong>utitur</strong></span> <span class='ocrx_word' id='word_1_832' title='bbox 2598 5689 2741 5761; x_wconf 87' lang='lat' dir='ltr'><strong>Lege</strong></span> <span class='ocrx_word' id='word_1_833' title='bbox 2767 5733 2778 5756; x_wconf 94' lang='lat'><strong>,</strong></span> <span class='ocrx_word' id='word_1_834' title='bbox 2807 5691 2897 5761; x_wconf 88' lang='lat' dir='ltr'><strong>qui</strong></span> <span class='ocrx_word' id='word_1_835' title='bbox 2931 5693 3443 5762; x_wconf 88' lang='lat' dir='ltr'><strong>potestdiscernere</strong></span> <span class='ocrx_word' id='word_1_836' title='bbox 3468 5711 3558 5765; x_wconf 83' lang='lat' dir='ltr'><strong>ea,</strong></span> 
     </span>
    </p>
   </div>
   <div class='ocr_carea' id='block_1_101' title="bbox 312 5835 2032 5910">
    <p class='ocr_par' dir='ltr' id='par_1_101' title="bbox 312 5835 2032 5910">
     <span class='ocr_line' id='line_1_101' title="bbox 312 5835 2032 5910; baseline -0.006 -11"><span class='ocrx_word' id='word_1_837' title='bbox 312 5850 340 5880; x_wconf 73' lang='lat'><strong>°</strong></span> <span class='ocrx_word' id='word_1_838' title='bbox 382 5843 544 5899; x_wconf 76' lang='lat' dir='ltr'><strong>Rom.</strong></span> <span class='ocrx_word' id='word_1_839' title='bbox 576 5843 732 5910; x_wconf 74' lang='lat' dir='ltr'><strong>cdiL,</strong></span> <span class='ocrx_word' id='word_1_840' title='bbox 759 5841 861 5908; x_wconf 86' lang='lat' dir='ltr'><strong>Qui</strong></span> <span class='ocrx_word' id='word_1_841' title='bbox 885 5842 1018 5897; x_wconf 81' lang='lat' dir='ltr'><strong>enini</strong></span> <span class='ocrx_word' id='word_1_842' title='bbox 1054 5852 1170 5895; x_wconf 86' lang='lat' dir='ltr'><strong>sunt</strong></span> <span class='ocrx_word' id='word_1_843' title='bbox 1209 5841 1264 5895; x_wconf 89' lang='lat' dir='ltr'><strong>in</strong></span> <span class='ocrx_word' id='word_1_844' title='bbox 1302 5855 1457 5910; x_wconf 85' lang='lat' dir='ltr'><strong>regno</strong></span> <span class='ocrx_word' id='word_1_845' title='bbox 1497 5837 1613 5904; x_wconf 83' lang='lat' dir='ltr'><strong>Dei,</strong></span> <span class='ocrx_word' id='word_1_846' title='bbox 1645 5835 1841 5891; x_wconf 82' lang='lat' dir='ltr'><strong>nulli-us</strong></span> <span class='ocrx_word' id='word_1_847' title='bbox 1867 5841 2032 5908; x_wconf 83' lang='lat' dir='ltr'><strong>egent.</strong></span> 
     </span>
    </p>
   </div>
  </div>
