3970 6316
538 289 646 345 465

1467 281 1560 340 AD
1595 277 1829 338 OPERA
1875 275 2124 337 SANCTI
2161 277 2490 336 AMBROSII
2531 278 2898 336 APPENDIX.

3677 289 3750 348 ιθι

533 422 654 480 qua:
685 403 750 459 ad
785 409 998 470 tempus
1021 401 1142 454 data
1170 409 1329 466 sunt,
1360 401 1428 455 ab
1453 399 1522 456 iis
1541 415 1660 470 qua:
1679 407 1940 468 perpetua
1965 406 2130 452 sunt:
2167 402 2206 460 Α
2239 395 2338 460 illi,
2379 397 2432 452 in
2472 397 2628 453 vitam
2677 408 2944 454 wternam.
2993 396 3132 467 Quid
3179 407 3290 453 tam
3335 407 3559 470 gratum,
3593 412 3754 478 tamque

531 511 588 556 et
625 512 744 568 qnze
775 495 842 550 ad
885 492 1087 549 Christi
1135 492 1410 562 pertinent
1454 503 1858 548 sacramentum
1883 533 1896 550 .
1931 489 2140 545 servari

527 596 641 666 jam
685 594 738 646 in
788 590 1029 644 futurum
1074 601 1183 642 non
1216 597 1504 656 oportere,
1539 584 1696 656 quasi
1729 593 1990 639 venturus
2018 597 2138 636 cre-

529 688 690 744 datur
710 728 723 751 ,
755 684 845 756 qui
870 682 982 752 jam
1017 680 1188 738 venit.
1224 680 1280 736 Si
1311 693 1443 749 ergo
1474 678 1655 733 omnia
1687 677 1821 732 locis
1849 675 1963 730 suis
1994 675 2138 729 acci-

524 785 775 855 piantur,
797 781 936 835 bona
953 788 1076 834 sunt
1094 794 1106 829 :
1126 777 1169 832 si
1190 773 1482 846 quominus
1501 816 1516 841 ,
1538 772 1678 828 mala
1695 778 1861 827 erunt
1883 782 2138 840 perverse

523 874 840 940 asserenti;
895 885 1123 944 peccare
1168 881 1250 926 est
1305 870 1476 932 enim,
1526 880 1870 937 nnaqna-que
1911 865 2136 920 minime

525 971 663 1026 locis
705 969 820 1024 suis
861 979 1166 1038 exponere.
1201 963 1480 1018 Prteterea
1517 962 1640 1034 quia
1670 959 1834 1030 jnslis
1861 959 1979 1029 lege
2023 973 2132 1014 non

519 1080 660 1137 opus
690 1073 798 1132 est,
833 1062 885 1118 id
909 1073 1014 1128 est,
1041 1061 1108 1114 iis
1139 1059 1230 1130 qui
1261 1069 1484 1128 accepta
1518 1056 1848 1113 remissione
1875 1065 2131 1126 peccato-

513 1177 638 1218 rum
667 1157 946 1228 iustificati
974 1165 1096 1211 sunt
1125 1171 1139 1221 ;
1173 1170 1243 1209 ne
1273 1153 1380 1224 jam
1411 1153 1598 1206 vivant
1627 1151 1729 1206 sub
1761 1149 1927 1219 Lege,
1959 1163 1990 1202 a
2024 1163 2130 1218 qua

514 1255 734 1312 liberali
757 1261 888 1310 sunt
907 1251 1053 1306 dono
1075 1250 1165 1306 Dei
1189 1264 1287 1318 per
1305 1246 1466 1302 ﬁdem
1490 1243 1692 1302 Chrisﬁ
1716 1261 1729 1309 ;
1754 1253 1816 1298 ut
1835 1243 1902 1298 de
1923 1249 2130 1298 caetero

513 1359 734 1407 servata
791 1348 912 1418 lege
966 1355 1197 1409 naturze,
1247 1357 1368 1412 qua:
1421 1339 1703 1396 Creatoris
1755 1337 2124 1408 cognitionem

511 1443 732 1515 recipit,
755 1453 810 1498 et
834 1456 942 1495 non
970 1453 1195 1510 peccare
1213 1436 1464 1492 hortator
1483 1451 1497 1500 ;
1517 1431 1712 1504 judicii
1729 1431 1875 1486 diem
1895 1444 2128 1500 exspec-

512 1548 654 1604 tent,
681 1539 735 1591 in
763 1535 1022 1606 qnojusti
1054 1529 1438 1588 remnnerandi
1467 1538 1617 1596 sunt,
1650 1527 2019 1583 cusmdientes
2045 1525 2122 1579 le-

511 1651 636 1708 gem
662 1632 990 1696 naturalem,
1015 1645 1176 1700 quam
1201 1627 1250 1684 si
1276 1626 1572 1680 humanum
1605 1639 1778 1695 genus
1801 1623 1994 1677 ducem
2018 1620 2121 1676 sibi

508 1727 814 1792 habuisset,
846 1725 932 1780 lex
963 1723 1013 1776 in
1049 1721 1247 1776 litteris
1277 1735 1373 1788 per
1403 1718 1620 1789 Moysen
1649 1715 1774 1770 data
1809 1729 1915 1768 non
1951 1721 2118 1768 esset.

2237 486 2557 558 jucundum,
2591 507 2750 563 quam
2805 491 3184 562 peccatoribus
3213 490 3588 564 indulgentiam
3615 503 3756 567 pradi-

2237 583 2410 636 care?
2434 583 2568 650 Quis
2597 584 2742 638 enim
2765 587 2885 640 sine
2913 595 3136 655 peccato
3159 595 3262 650 est,
3292 597 3350 641 ut
3367 587 3470 644 hoc
3495 606 3660 648 lllllllllS
3680 612 3755 653 non

2237 689 2360 732 cum
2391 675 2540 732 omni
2585 680 2882 750 gratiarum
2927 679 3142 735 actione
3171 683 3455 750 suscipiat,
3487 684 3629 740 Deam
3665 703 3757 744 auc-

2237 776 2410 825 torem
2459 769 2618 840 hujus
2647 771 2968 842 praeferens,
3025 782 3080 828 et
3124 775 3444 832 collaudans
3489 778 3536 833 in
3561 779 3757 839 Christo:

2233 863 2326 932 qui
2359 875 2416 917 ut
2443 865 2718 920 hominem
2752 869 2990 936 peccatis
3015 867 3281 934 ablueret,
3312 871 3382 926 de
3426 872 3761 934 cmlestiliusad

2235 963 2452 1012 terrena
2479 957 2840 1026 descendens,
2871 959 2901 999 δ
2931 977 3152 1018 carnem
3193 965 3403 1032 peccati
3442 969 3662 1040 accepit:
3685 981 3762 1026 ter-

2229 1052 2381 1107 renis
2408 1069 2468 1108 se
2497 1056 2806 1123 admiscuit,
2839 1065 2896 1111 nt
2925 1073 3048 1112 eum
3081 1059 3364 1117 cmlestem
3384 1060 3606 1120 efﬁceret
3633 1067 3763 1123 :mnri

2231 1159 2294 1202 se
2323 1161 2512 1216 passus
2538 1159 2646 1212 est,
2698 1161 2752 1204 ut
2781 1151 2934 1206 illum
2965 1153 3124 1206 morti
3152 1164 3368 1209 erutum
3411 1157 3640 1226 paradiso
3677 1161 3764 1216 red-

2229 1237 2384 1294 deret
2411 1241 2775 1298 immortalem
2799 1243 2822 1296 ?
2847 1244 2981 1312 Quis
3005 1243 3120 1300 [nec
3143 1245 3408 1303 beneﬁcia
3431 1265 3534 1305 non
3561 1251 3606 1304 in
3631 1253 3765 1310 inlini-

2230 1342 2341 1389 tum
2373 1337 2620 1402 extollat,
2671 1355 2792 1408 qum
2823 1339 2964 1394 Deus
2997 1341 3249 1410 pra-stitit
3295 1341 3522 1413 homini,
3565 1346 3766 1406 Dominus

2226 1442 2411 1492 servo,
2452 1427 2720 1486 Conditor
2764 1443 3074 1500 creaturae;
3107 1445 3168 1490 ut
3213 1435 3335 1505 plus
3365 1449 3510 1494 esset
3549 1439 3698 1496 adhuc
3727 1443 3765 1498 iu

2225 1517 2507 1576 beneﬁciis
2535 1521 2805 1588 Immanis,
2839 1541 3003 1596 quam
3031 1541 3156 1581 cum
3183 1527 3330 1596 fecit,
3361 1546 3480 1599 qua!
3507 1546 3602 1586 non
3629 1543 3764 1600 erant,

2225 1621 2580 1684 posteaquam
2615 1613 2764 1670 l'ecnt.
2791 1615 3008 1672 Etenim
3035 1619 3334 1676 derelictus
3363 1622 3432 1676 ab
3461 1623 3560 1684 bis,
3590 1633 3638 1678 et
3670 1641 3765 1680 coa-

2227 1712 2484 1775 trmplus,
2518 1717 2573 1761 et
2599 1710 2947 1764 contumeliis
2974 1714 3268 1782 appetitus,
3289 1714 3496 1770 addidit
3522 1716 3583 1770 ad
3613 1717 3768 1774 benefi-

507 1823 619 1880 Sed
661 1789 1154 1892 quia-contemptui
1197 1815 1356 1868 ducta
1388 1823 1492 1878 est,
1524 1811 1676 1882 quasi
1725 1809 1928 1863 nullius
1971 1817 2118 1862 esset
2147 1789 2192 1850 Β
2223 1799 2304 1892 (fit!
2335 1815 2440 1852 om:
2471 1801 2790 1871 requisitos,
2815 1814 2870 1858 ιιι
2893 1806 3102 1876 gratior
3123 1815 3290 1874 esset,
3315 1818 3370 1863 et
3395 1811 3516 1880 plus
3533 1811 3768 1880 pra-loreu-

504 1915 852 1972 auctoritatis
877 1952 892 1976 ,
916 1911 1196 1980 Scriptura
1231 1911 1448 1962 lirmata
1478 1913 1562 1960 est
1585 1921 1600 1970 ;
1627 1915 1682 1956 ut
1707 1905 1943 1958 sciretur
1971 1900 2117 1972 quod

499 2008 772 2067 servanda
802 2017 989 2071 esset,
1021 2013 1077 2059 et
1110 2011 1334 2073 propter
1373 2011 1588 2068 tempus
1618 2011 1884 2066 przesens,
1917 2005 1967 2049 ct
1992 1994 2114 2065 quia

495 2103 866 2174 requisiturus
907 2105 994 2154 est
1045 2097 1100 2151 in
1143 2095 1419 2159 lulnrnm,
1453 2093 1542 2160 qui
1595 2091 1742 2144 illam
1793 2087 2053 2152 ﬁrmavit,
2086 2103 2114 2140 a

497 2199 698 2270 quibus
727 2195 997 2265 neglecta,
1031 2201 1085 2246 et
1111 2205 1142 2245 a
1173 2189 1376 2262 quibus
1403 2195 1620 2242 servata
1653 2196 1758 2240 est.
1795 2185 1980 2252 Itaque
2006 2197 2112 2238 non

491 2293 677 2352 solum
713 2299 937 2361 propter
969 2286 1142 2363 malos
1182 2292 1336 2339 actus
1366 2289 1422 2337 et
1453 2282 1582 2335 vitia
1611 2278 1882 2349 corporis,
1915 2277 2110 2347 Legem

493 2385 824 2443 datamdicit
843 2423 856 2446 ,
878 2383 974 2437 sed
1001 2390 1054 2435 ct
1077 2387 1301 2450 propter
1319 2375 1625 2447 perﬁdiam,
1651 2389 1756 2444 qua
1776 2373 2114 2440 spernebmt

492 2481 847 2546 Creatorem;
895 2487 953 2532 ut
997 2475 1136 2531 bene
1186 2473 1372 2529 vivere
1415 2469 1762 2526 addiscerent
1812 2475 1869 2522 et
1907 2465 2111 2536 gratias

491 2583 719 2646 agerent
749 2569 1062 2628 Conditori.

569 2667 770 2740 (Vers.
809 2665 900 2731 4‘2,
961 2663 1050 2728 i3,
1111 2657 1245 2732 14.)
1290 2657 1356 2712 Ει
1409 2657 1609 2730 gratias
1655 2671 1754 2726 ago
1803 2655 1870 2720 ei,
1902 2655 1992 2726 qui
2029 2672 2108 2711 me

490 2759 800 2832 confortauit
832 2758 883 2810 in
909 2755 1118 2810 Christo
1139 2750 1265 2806 Jrsu
1290 2750 1514 2804 Domino
1545 2759 1740 2814 nostra,
1758 2749 1879 2816 quia
1901 2747 2108 2817 ﬁdelem

489 2871 572 2910 me
618 2851 912 2913 aestimavit,
949 2865 1143 2919 ponens
1176 2863 1254 2901 me
1297 2845 1352 2898 in
1401 2843 1772 2909 ministerium,
1805 2843 1930 2912 quia
1959 2843 2106 2914 prius

488 2964 632 3003 eram
659 2945 1014 3014 blasphemus,
1053 2952 1098 2994 et
1133 2947 1446 3007 persecutor,
1477 2946 1525 2991 et
1557 2935 1982 2998 contumeliosus,
2015 2934 2106 2988 sed

489 3037 906 3095 misericordiam
955 3045 1258 3088 consecutus
1326 3045 1477 3094 sum;
1519 3031 1644 3100 quia
1692 3029 1939 3100 ignorans
2001 3029 2102 3100 feci

487 3131 724 3190 nondum
751 3130 984 3183 credens.
1012 3123 1471 3198 Superabundauit
1497 3133 1670 3176 autem
1693 3123 1862 3194 gratia
1886 3120 2099 3176 Domini

2217 1891 2342 1958 dus,
2389 1893 2518 1948 dum
2563 1904 2800 1964 reparat,
2844 1913 3007 1967 quam
3043 1913 3164 1953 cum
3215 1899 3376 1964 fecit;
3411 1913 3468 1956 ut
3511 1903 3769 1959 o~trnderet

2217 2002 2386 2041 unum
2443 2005 2504 2043 se
2555 2005 2698 2056 esse,
2747 1991 2838 2062 qui
2897 1993 3011 2047 lucc
3059 1995 3244 2048 omnia
3295 1998 3492 2066 possit.
3529 1996 3674 2069 igitur
3711 1997 3768 2052 sic

2215 2077 2468 2136 Christus
2499 2082 2812 2150 pra-sidiam
2843 2085 2966 2139 tulit
2997 2087 3226 2155 homini,
3261 2101 3314 2142 ut
3351 2090 3633 2159 puritatem
3655 2107 3771 2148 suam

2215 2187 2324 2227 non
2371 2175 2625 2236 violaret.
2673 2192 2771 2231 nec
2815 2176 3095 2234 amitteret
3145 2191 3496 2250 potestatem.
3541 2183 3770 2239 llomim-m

2213 2268 2360 2324 enim
2389 2285 2449 2324 se
2479 2271 2623 2326 nasci
2669 2271 2860 2335 voluit,
2915 2289 3010 2342 pro
3051 2285 3203 2331 certo
3235 2275 3444 2332 habens
3475 2280 3643 2333 carnis
3667 2295 3768 2336 con-

2213 2367 2358 2415 tactu
2388 2377 2449 2416 se
2479 2363 2701 2418 minimc
2740 2363 2978 2421 violari:
3025 2370 3438 2425 convcrsalirni
3489 2373 3772 2430 humaurese

2213 2453 2450 2518 miscuit,
2471 2457 2650 2512 sciens
2669 2459 2906 2525 peccatis
2925 2475 2983 2514 se
3007 2463 3284 2532 corrumpi
3305 2481 3410 2518 non
3429 2479 3589 2534 posse
3609 2483 3620 2519 :
3638 2465 3770 2521 occidi

2209 2561 2272 2602 se
2297 2563 2491 2618 passus
2521 2561 2624 2616 est,
2659 2567 2762 2606 non
2795 2553 3014 2608 nescius
3037 2565 3268 2612 mortem
3291 2558 3394 2613 sibi
3421 2558 3673 2614 dominari
3693 2575 3770 2616 non

2210 2653 2392 2708 posse,
2424 2640 2518 2696 sed
2551 2658 2668 2697 eam
2709 2659 2806 2698 sua
2859 2647 3169 2715 opprimere
3211 2659 3506 2721 poteSIate.
3542 2652 3654 2708 llam
3675 2667 3771 2724 ergo

2207 2735 2400 2804 gessit,
2437 2745 2494 2790 ut
2531 2741 2712 2793 omnia
2751 2754 2812 2794 se
2845 2756 3006 2810 posse
3043 2743 3293 2799 doceret.
3347 2745 3636 2802 llnmilitas
3661 2745 3770 2801 esito

2206 2831 2308 2886 ista
2351 2847 2456 2888 nOn
2487 2833 2552 2887 ad
2598 2834 3012 2894 diminutionem
3043 2841 3162 2909 ejus
3205 2839 3444 2910 proﬁcit,
3477 2845 3570 2898 sed
3607 2842 3665 2896 ad
3685 2841 3772 2912 glo-

2206 2923 2384 2979 riam:
2416 2912 2618 2982 etnon
2665 2927 2840 2983 solum
2887 2930 3027 2998 ejus,
3069 2947 3261 2988 verum
3312 2934 3482 2989 etiam
3536 2939 3582 2990 in
3633 2935 3769 3003 ipsum

2204 3018 2550 3074 credentium
2579 3036 2594 3086 ;
2618 3019 2856 3092 dignitas
2877 3033 2960 3078 est
2991 3025 3136 3078 enim
3159 3041 3378 3082 servum
3403 3043 3533 3082 es-e
3557 3029 3768 3098 palemis.

2203 3109 2336 3167 Cum
2379 3123 2506 3168 ante
2552 3114 2874 3185 Apostolum
2909 3117 3062 3172 multi
3097 3120 3288 3188 utique
3324 3121 3678 3177 credidissent
3697 3120 3770 3176 lu-

490 3227 654 3280 nostri
682 3241 799 3279 cum
829 3223 931 3286 ﬁde
975 3232 1021 3275 et
1051 3184 1346 3284 dilectione,
1377 3234 1494 3286 qua:
1521 3227 1594 3271 est
1625 3217 1678 3270 in
1709 3214 1916 3272 Christo
1945 3213 2096 3270 Iesu.
2125 3184 2170 3246 Ο
2203 3205 2448 3262 decorum
2502 3225 2569 3264 ex
2617 3209 2706 3276 iis,
2763 3213 2852 3281 qui
2886 3213 3063 3280 ipsum
3115 3214 3407 3271 Dominum
3453 3218 3770 3283 occiderunt;

483 3321 717 3391 Propter
745 3319 888 3390 quod
919 3316 1101 3372 omnis
1147 3313 1463 3368 incredulus
1511 3311 1881 3366 inﬁrmitatem
1931 3309 2100 3365 animi

485 3417 714 3484 patitur,
755 3410 1094 3466 constrictus
1116 3405 1322 3460 carnali
1353 3404 1589 3468 ratione,
1624 3419 1691 3458 ne
1722 3401 1913 3458 credat
1938 3402 2101 3472 spiri-

483 3507 574 3560 tali
604 3523 618 3572 ;
647 3504 855 3560 idcirco
885 3519 942 3558 se
971 3499 1192 3556 Christo
1221 3498 1426 3570 gratias
1453 3496 1586 3554 dicit
1626 3512 1814 3568 agere,
1847 3495 1972 3567 quia
2005 3511 2100 3565 ap-

485 3596 740 3670 parentia
772 3592 1075 3665 majeslatis
1118 3607 1232 3646 sua:
1277 3589 1706 3645 imbecillitatem
1753 3588 1953 3644 mentis
1979 3587 2100 3656 ejus

477 3693 800 3758 roboravit;
856 3691 986 3759 quia
1016 3685 1352 3759 impossibile
1397 3684 1619 3755 putabat
1665 3699 1812 3751 esse,
1858 3682 2000 3753 quod
2031 3683 2098 3740 de

483 3787 700 3845 Domini
731 3792 1001 3856 potestate
1029 3824 1043 3848 ,
1077 3793 1128 3836 et
1150 3781 1369 3852 gemina
1399 3780 1710 3842 nativitate,
1739 3787 1794 3834 et
1823 3793 2100 3833 resurrec-

481 3883 655 3950 tione,
695 3889 750 3936 ct
780 3895 878 3950 spe
906 3877 1328 3950 praedicabatur.
1362 3876 1730 3930 Conﬁrmatus
1759 3883 1942 3930 autem
1974 3873 2098 3928 talis

483 3977 633 4032 visus
663 3985 770 4042 est,
796 3974 886 4044 qui
911 3972 1106 4042 dignus
1126 3980 1275 4026 esset
1302 3985 1366 4024 ac
1393 3978 1578 4039 posset
1604 3983 1729 4024 esse
1749 3968 2099 4036 dispensator

489 4066 820 4124 sacramenti
837 4064 1104 4120 Dominici
1131 4079 1147 4126 ;
1173 4073 1230 4117 ut
1251 4078 1313 4117 ea
1335 4077 1462 4117 vera
1492 4078 1588 4131 per
1612 4049 1808 4132 Legem
1833 4063 2096 4128 ﬁrmaret,

484 4180 607 4234 quzn
639 4161 790 4232 prius
833 4173 1020 4213 amore
1057 4156 1218 4226 Legis
1242 4156 1583 4211 incredibilia
1607 4154 1910 4224 judicabat,
1955 4163 2013 4211 et
2041 4156 2093 4208 in

481 4253 958 4328 persecutionibus
1011 4251 1296 4322 gauderet,
1353 4265 1489 4322 quas
1535 4250 1683 4320 prius
1747 4251 1901 4320 quasi
1946 4249 2095 4319 juste

481 4346 834 4405 credentibus
889 4343 1185 4416 inferebat,
1235 4341 1430 4396 dolens
1480 4342 1607 4411 quia
1657 4341 1884 4404 fecerat,
1939 4341 2096 4398 lmtns

479 4443 607 4514 quia
643 4439 966 4510 patiebatur.
1003 4437 1232 4491 Tantam
1265 4437 1414 4491 enim
1438 4451 1590 4505 spem
1622 4436 1890 4492 didicerat
1921 4437 1974 4491 in
2002 4452 2090 4506 eo,

482 4549 645 4606 quem
675 4542 800 4586 ante
839 4530 1111 4600 negabat;
1162 4538 1222 4584 ut
1259 4529 1386 4598 plus
1426 4529 1689 4600 gauderet
1727 4529 1778 4584 in
1811 4529 2088 4599 patiendo,

479 4641 644 4698 quam
677 4623 828 4694 prius
852 4623 1222 4677 exsultaverat
1264 4620 1317 4674 in
1350 4620 1754 4692 persequendo.
1795 4619 1912 4676 Non
1942 4621 2088 4678 enim

483 4718 692 4774 malitia
722 4719 823 4772 hoc
865 4715 1081 4786 agebat,
1131 4715 1225 4768 sed
1281 4728 1496 4779 errore,
1548 4714 1632 4768 cui
1673 4711 1836 4768 facile
1883 4723 2086 4785 potest,

483 4829 608 4870 cum
643 4810 940 4883 resipiscit,
973 4805 1202 4880 ignosci."
1256 4809 1358 4876 Qui
1387 4817 1568 4862 autem
1615 4809 1718 4862 scit
1767 4823 1894 4862 vera
1938 4824 2082 4878 esse,

481 4923 602 4980 qua:
631 4915 829 4976 negat;
865 4903 954 4958 hic
985 4918 1091 4958 non
1119 4917 1305 4957 errore
1339 4901 1438 4954 hoc
1462 4902 1593 4971 agit,
1627 4900 1721 4956 sed
1751 4901 2085 4958 malevolen-

483 5001 578 5060 tia,
612 4999 771 5068 hujus
818 4995 1122 5052 incurabile
1147 4995 1344 5050 vulnus
1371 5004 1487 5058 est;
1529 4993 1728 5048 inVidia
1759 4995 1902 5048 enim
1936 5009 2086 5051 com-

481 5097 703 5166 pellitur
732 5093 927 5148 l'alsnm
960 5093 1259 5162 appellare,
1291 5089 1435 5160 quod
1464 5089 1568 5144 scit
1589 5104 1794 5143 verum.

554 5193 573 5259 ί
605 5190 758 5245 Vers.
793 5187 878 5250 15.
933 5184 1067 5258 16.)
1109 5185 1380 5239 Ilumanus
1411 5199 1602 5244 sermo,
1632 5192 1680 5236 et
1726 5184 1864 5236 omni
1893 5200 2082 5255 accep-

481 5285 621 5338 tione
647 5281 860 5355 dignus,
890 5281 1012 5351 quia
1043 5276 1278 5333 Christus
1310 5278 1469 5350 291
1497 5274 1654 5331 Iesus
1685 5277 1816 5330 venit
1849 5277 1902 5331 in
1951 5279 2088 5331 hunc

479 5375 728 5429 mundum
757 5381 1050 5444 peccatores
1080 5371 1247 5425 salvos
1279 5373 1470 5441 facere,
1500 5385 1718 5439 quorum
1749 5369 1944 5438 primus
1969 5387 2083 5424 sum

479 5484 593 5538 ego.
626 5467 731 5522 Sed
759 5467 876 5521 ideo
903 5453 1310 5521 misericordiam
1335 5475 1642 5518 consecutus
1671 5481 1806 5530 sum,
1839 5475 1896 5518 ut
1923 5465 1976 5520 in
2006 5483 2084 5520 me

477 5563 646 5632 prima
658 5561 944 5615 ostenderet
959 5560 1195 5616 Christus
1217 5558 1369 5614 Iesus
1383 5578 1411 5613 ο
1421 5577 1586 5614 ornem
1603 5560 2082 5628 magnanimitatem

471 5665 520 5708 et
548 5651 853 5722 patientiam
883 5659 908 5688 ⁸
931 5655 998 5706 ad
1021 5654 1312 5724 exemplum
1339 5669 1537 5718 eorum,
1565 5655 1654 5724 qui
1686 5652 1934 5706 credituri
1959 5663 2081 5708 sentt

541 5799 562 5823 -"
607 5788 766 5843 Rom.
793 5787 926 5842 edit.
945 5785 1034 5840 hic
1057 5795 1112 5840 et
1138 5787 1301 5848 infra,
1329 5787 1398 5841 ad
1435 5787 1858 5854 informationem
1872 5803 2067 5844 eorum.

2202 3299 2498 3372 Apostolus
2531 3316 2713 3364 tamen
2744 3317 2801 3363 ut
2843 3325 2904 3365 se
2953 3309 3235 3378 humiliet,
3281 3313 3464 3369 adhuc
3508 3313 3688 3369 dolens
3721 3310 3772 3366 de

2202 3409 2300 3450 sua
2335 3398 2742 3464 incredulitate,
2777 3402 3014 3473 primum
3067 3420 3125 3460 se
3165 3405 3412 3460 omnium
3472 3405 3770 3476 peccantium

2204 3503 2379 3546 vocat.
2403 3492 2670 3560 Quoniam
2699 3495 2843 3550 enim
2868 3513 2979 3567 pra:
3003 3499 3221 3554 caeteris
3246 3510 3598 3558 sacramento
3625 3515 3677 3554 se
3701 3499 3772 3552 im-

2203 3585 2317 3641 buit
2343 3588 2668 3652 Salvatoris,
2703 3595 2927 3663 pr-Opius
2967 3594 3036 3648 ad
3084 3595 3534 3666 cognoscendam
3567 3593 3772 3666 magniﬁ-

2201 3683 2436 3738 centiam
2470 3687 2588 3752 ejus
2615 3687 2904 3747 accedens.
2929 3699 3150 3744 accusat
3178 3703 3238 3744 se
3267 3688 3464 3761 magis,
3488 3691 3578 3757 qui
3604 3699 3772 3744 tantum

2201 3777 2326 3832 boui
2361 3778 2516 3834 tarde
2545 3782 2786 3849 agnovit,
2823 3797 2925 3836 nec
2957 3781 3119 3846 ultro,
3155 3782 3250 3836 sed
3283 3783 3660 3840 misericordia
3683 3781 3773 3850 ejus

2200 3883 2540 3945 prazventus,
2575 3882 2635 3930 ut
2667 3876 2782 3946 ipse
2807 3877 2962 3931 testis
2984 3887 3127 3932 esset
3148 3876 3458 3934 divinitatis
3481 3879 3620 3948 ejus,
3645 3889 3770 3948 quem

2201 3967 2351 4036 prius
2369 3975 2428 4020 ut
2451 3966 2728 4024 hominem
2747 3977 3020 4024 mortuum
3037 3971 3362 4026 aestimabat.
3389 3970 3524 4026 Haec
3537 3969 3772 4026 accusatio

2200 4059 2317 4129 ejus
2369 4069 2473 4127 est,
2533 4061 2650 4115 laus
2701 4078 2834 4118 vero
2885 4063 3206 4128 Salvatoris,
3237 4065 3328 4135 qni
3374 4066 3443 4120 ad
3495 4065 3772 4135 exemplum

2197 4163 2520 4208 caeterorum
2546 4155 2888 4211 credentium
2921 4165 3334 4228 persequentem
3381 4172 3446 4216 se
3495 4159 3700 4214 vocavit
3719 4153 3769 4210 ad

2195 4249 2422 4318 gratiam
2449 4264 2464 4314 ;
2494 4258 2552 4303 ut
2573 4265 2674 4320 per
2697 4250 3016 4322 patientiam
3039 4266 3195 4306 suam
3217 4261 3274 4308 et
3297 4253 3770 4322 magnanimitatem

2196 4338 2250 4394 in
2274 4355 2340 4395 eo
2371 4340 2686 4398 ostenderet
2715 4344 2956 4410 caeteris,
2984 4343 3075 4414 qui
3107 4343 3328 4399 inimico
3357 4353 3472 4398 tam
3507 4340 3770 4398 benecolus

2197 4435 2490 4502 exstiterit,
2521 4437 2697 4508 qualis
2725 4445 2868 4491 esset
2901 4436 3118 4491 futurus
3146 4436 3213 4491 ad
3245 4452 3308 4494 se
3351 4435 3768 4494 decurrentibus.

2269 4529 2451 4599 (Vers.
2473 4530 2584 4604 l7.)
2603 4531 2732 4603 Regi
2753 4542 2923 4586 autem
2945 4533 3254 4586 surculorum
3281 4532 3574 4586 immortali
3601 4543 3646 4586 et
3667 4527 3770 4583 iuti-

2195 4621 2333 4676 sibili
2356 4665 2369 4689 ,
2399 4626 2497 4679 soli
2533 4625 2642 4680 Deo
2667 4625 2835 4679 honor
2872 4635 2919 4680 et
2946 4624 3115 4697 gloria
3151 4626 3206 4680 in
3229 4627 3426 4681 stet-uta
3455 4627 3764 4684 seculorum.

2197 4729 2364 4768 amen.
2400 4716 2524 4771 llaec
2547 4716 2612 4772 ad
2637 4717 2732 4772 Dei
2762 4716 2940 4771 Patris
2969 4732 3264 4788 personam
3295 4719 3612 4789 pertinent,
3633 4727 3767 4788 quem

2194 4804 2562 4866 immortalem
2589 4810 2712 4866 ideo
2733 4809 2915 4866 solum
2942 4821 2997 4868 et
3025 4811 3355 4868 iuvisibilem
3378 4813 3646 4884 appellat,
3667 4807 3770 4880 quia

2193 4903 2373 4957 omnis
2411 4903 2795 4962 immortalitas
2852 4907 2920 4961 ab
2965 4906 3086 4976 ipso
3113 4917 3220 4970 est,
3255 4915 3314 4961 nt
3345 4907 3448 4976 ipsi
3477 4907 3584 4962 soli
3626 4899 3769 4973 magis

2192 5007 2471 5066 competat
2495 4998 2550 5054 in
2592 4999 2829 5055 veritate
2854 5016 2868 5066 ;
2895 5000 3021 5070 quia
3044 4999 3293 5070 quisquis
3323 4999 3656 5056 immortalis
3683 5003 3765 5060 est,

2193 5103 2298 5143 non
2330 5106 2362 5145 a
2390 5109 2448 5148 se
2486 5095 2625 5148 hanc
2651 5094 2836 5162 habet,
2873 5095 2970 5150 sed
3002 5095 3071 5150 ab
3099 5095 3210 5151 illo.
3244 5095 3426 5152 Simili
3455 5095 3622 5152 modo
3653 5092 3765 5150 etin

2189 5179 2486 5254 Et'angelio
2515 5187 2730 5256 legitur,
2773 5187 2992 5244 dicente
3040 5187 3272 5244 Domino
3305 5206 3320 5244 :
3359 5189 3502 5258 Quia
3543 5207 3684 5244 nemo
3707 5195 3766 5241 est

2187 5276 2374 5344 bonus,
2407 5281 2508 5335 nisi
2529 5299 2661 5336 unus
2691 5282 2831 5337 Deus
2864 5281 3062 5355 (Marc.
3113 5299 3170 5350 ι,
3197 5283 3307 5355 18).
3344 5283 3409 5338 Et
3435 5285 3639 5340 iterum
3669 5283 3762 5351 ipse

2184 5373 2364 5428 dicit:
2414 5374 2593 5431 Bonus
2639 5379 2796 5433 homo
2849 5379 2915 5434 de
2963 5378 3096 5432 bona
3137 5379 3381 5436 thesauro
3421 5379 3626 5449 profert
3653 5379 3762 5430 bona

2185 5466 2400 5538 (Matth.
2422 5486 2516 5538 sn,
2539 5470 2651 5542 35).
2675 5471 2847 5527 Nemo
2873 5483 3052 5528 tamen
3102 5472 3208 5527 nisi
3261 5487 3404 5526 unus
3443 5471 3596 5526 Deus
3615 5470 3762 5524 bonus

2179 5573 2296 5629 est;
2323 5567 2448 5636 quia
2481 5568 2598 5636 ipse
2627 5567 2748 5622 fons
2780 5569 3040 5626 bonitatis
3083 5577 3188 5632 est,
3217 5581 3284 5622 ex
3323 5581 3434 5638 quo
3476 5564 3662 5622 caueri
3687 5576 3762 5632 po-

2178 5664 2381 5728 tantur,
2410 5669 2467 5716 ut
2495 5662 2624 5718 boni
2647 5663 2777 5719 sint.
2801 5662 2923 5734 Ipse
2945 5672 3030 5720 est
3052 5672 3108 5720 et
3129 5661 3420 5720 invisibilis
3441 5663 3594 5721 solus
3619 5661 3756 5726 Deus,

531 5859 558 5899 δ
604 5859 806 5916 Eadem
838 5857 998 5914 Rom.
1025 5857 1184 5927 edit.,
1215 5858 1610 5916 similitudinem
1639 5860 1812 5916 carnis
1839 5860 2036 5932 pecudi
2066 5861 2282 5934 accepit.
