3970 6316
229 327 336 388 465

983 329 1485 390 COMMENTARIA
1529 331 1596 388 ΙΝ
1635 330 1857 390 EPIS'I‘.
1901 329 1994 389 AD
2036 330 2441 392 TIMOTHEUM
2486 333 2772 392 PRIMAM.

3413 333 3518 392 M6

226 447 350 516 quia
382 447 514 502 nulli
543 462 796 518 ttmquam
830 447 979 504 visus
1008 457 1130 512 est;
1161 449 1344 502 omnia
1388 449 1533 503 enint
1574 449 1682 520 agit
1711 463 1808 519 per
1836 461 1884 522 Α
1912 461 2087 501 omnes
2127 451 2358 504 homines
2387 451 2495 506 rult
2530 453 2700 506 salvos
2730 451 2877 521 fieri,
2907 462 2954 508 et
2977 453 3029 507 in
3052 453 3365 527 agnitionem
3391 454 3523 509 veri-

227 539 449 608 Filium,
497 557 654 606 quem
680 541 882 595 idcirco
907 543 1076 596 visum
1103 541 1364 608 dicimus;
1391 549 1450 596 ut
1479 542 1602 596 licet
1635 541 1796 596 aliter

224 639 436 705 ‘quam
476 643 582 697 est,
619 638 943 703 apparuisse
995 646 1173 690 tamen
1227 636 1376 690 illum
1419 635 1805 704 signiﬁcemus.

219 726 703 784 Honorilicentiam
728 744 854 800 ergo
877 740 926 783 et
952 730 1176 799 gloriam
1200 729 1312 785 Deo
1335 729 1481 784 Patri
1506 731 1556 782 in
1578 730 1807 785 veritate

218 823 554 894 pronuntiat,
587 824 738 894 cujus
773 827 973 894 pietate
999 834 1052 880 et
1090 825 1430 896 providentia
1463 824 1717 880 Christus
1739 823 1807 879 Ii-

213 901 423 972 beravit
457 927 770 988 peceatores
795 934 862 974 ex
888 931 1082 973 morte.

283 1011 464 1082 (Vers.
492 1012 578 1079 18,
604 1013 831 1083 19,20.)
863 1013 976 1068 Hoc.
1003 1024 1317 1084 prwceptunt
1349 1017 1650 1069 continendo
1684 1015 1800 1080 tibi,

211 1105 289 1176 ﬁli
313 1105 600 1168 Timotheo,
631 1110 912 1162 secundant
944 1112 1290 1180 prwcedentes
1313 1128 1468 1175 super
1499 1121 1547 1164 te
1577 1112 1802 1181 prophe-

208 1200 326 1266 tias,
376 1213 433 1256 ttt
475 1202 665 1257 milites
698 1204 751 1256 in
777 1204 882 1258 illis
910 1203 1095 1258 bonam
1125 1205 1386 1270 militiam,
1422 1206 1614 1260 habens
1643 1205 1799 1271 [idem

207 1305 252 1350 et
279 1312 468 1368 puram
485 1299 875 1366 conscientiam,
899 1317 1054 1370 quam
1077 1299 1287 1370 quidant
1311 1299 1636 1369 repellentes,
1662 1300 1800 1352 circa

205 1392 361 1461 fidem
403 1395 844 1464 naufragaverunt
881 1410 900 1449 :
947 1411 1014 1449 ea:
1055 1395 1238 1464 quibus
1274 1405 1353 1449 est
1406 1392 1726 1464 Hymenaeus
1747 1403 1798 1447 et

208 1485 520 1545 Alexander.
551 1502 681 1554 quos
709 1487 907 1542 tradidi
937 1487 1173 1552 Satanaz,
1221 1497 1273 1541 ut
1306 1488 1510 1540 discant
1551 1505 1652 1542 non
1684 1487 1797 1541 bla-

203 1577 494 1648 sphemare.
539 1577 836 1648 Postquam
883 1579 975 1635 Dei
1020 1581 1198 1635 l’atris
1227 1589 1283 1635 et
1310 1579 1507 1635 Christi
1534 1579 1795 1650 Filiiejus

200 1685 318 1741 quae
365 1679 420 1726 et
465 1681 666 1742 quanta
709 1673 970 1729 beneﬁcia
1012 1675 1120 1728 sint
1147 1675 1293 1729 circa
1338 1685 1662 1745 peccatores
1695 1674 1792 1727 ho-

203 1765 374 1819 mines
411 1769 773 1830 memoravit,
819 1767 910 1838 qui
936 1783 1056 1822 eum
1109 1777 1290 1824 essent
1330 1766 1628 1838 puniendi,
1681 1783 1789 1822 non

1913 542 2034 595 tatis
2070 543 2260 596 venire.
2304 544 2429 598 llzee
2459 547 2642 616 regula
2672 547 3043 603 ecclesiastica
3084 559 3203 613 est,
3253 549 3448 604 tradita
3488 565 3521 604 a

1914 633 2176 705 magistro
2218 636 2498 706 gentium,
2534 655 2638 708 qua
2686 648 2911 695 utuntur
2947 641 3263 698 sacerdotes
3301 643 3475 698 noswi
3499 685 3516 708 ,

1911 737 1968 782 ut
2005 744 2101 798 pro
2132 730 2387 784 omnibus
2450 733 2789 802 supplicent,
2839 736 3197 806 deprecantes
3229 753 3330 808 pro
3367 737 3515 810 regi-

1909 821 2012 878 bus
2053 823 2211 892 hujus
2247 825 2463 890 sarculi;
2502 837 2558 879 ut
2597 826 2870 897 subjectas
2907 828 3136 884 habeant
3189 842 3416 901 gentes,
3459 841 3519 887 ιιι

1907 915 1959 969 in
2013 931 2145 986 pace
2201 917 2400 986 positi,
2448 920 2498 973 in
2562 920 2952 990 tranquillitate
2994 924 3194 978 mentis
3230 931 3286 978 et
3327 925 3514 995 quiete

1909 1009 2021 1064 Deo
2082 1019 2273 1065 nostro
2319 1012 2527 1066 servire
2577 1015 2871 1080 possimus.
2921 1017 3155 1070 Orantes
3199 1018 3364 1072 etiam
3414 1033 3513 1086 pro

1904 1107 2003 1175 iis,
2030 1108 2227 1178 quibus
2266 1108 2519 1163 sublimis
2557 1119 2800 1179 potestas
2827 1121 2911 1165 est
2948 1111 3188 1176 credita;
3215 1122 3273 1167 ut
3311 1112 3365 1167 in
3397 1113 3508 1182 jus-

1904 1201 2018 1256 titia
2061 1214 2117 1256 ct
2160 1203 2388 1257 veritate
2427 1203 2734 1273 gubernent
2769 1204 3198 1274 rempublicam,
3241 1207 3505 1278 suppedi-

1901 1302 2049 1350 tante
2093 1311 2273 1350 rerum
2331 1295 2696 1363 abundantia,
2750 1307 2806 1352 ut
2857 1312 3034 1352 anima
3093 1299 3510 1369 perturbatione

1897 1388 2182 1443 seditionis
2208 1430 2220 1452 ,
2259 1388 2516 1444 succedat
2560 1389 2780 1455 ltetitia;
2831 1389 2984 1461 panis
3023 1393 3172 1446 enim
3221 1390 3514 1446 conﬁrmat

1895 1496 2013 1550 eor,
2041 1490 2096 1536 et
2119 1481 2301 1537 vinum
2336 1483 2575 1538 lzl'lillcat
2606 1493 2842 1539 mentem
2876 1483 3050 1558 (Psal.
3083 1500 3197 1550 CIII,
3230 1485 3343 1555 16).
3373 1484 3510 1539 Pos-

1896 1576 2132 1631 tulantes
2158 1592 2287 1631 vero
2314 1593 2411 1646 pro
2455 1577 2553 1644 iis,
2586 1577 2675 1647 qui
2708 1576 2762 1631 in
2797 1579 3128 1632 necessitate
3158 1579 3307 1632 varia
3347 1588 3509 1643 sunt;

1895 1677 1953 1722 ut
1993 1669 2137 1724 eruti
2166 1679 2220 1723 et
2255 1669 2499 1734 liberati,
2547 1671 2712 1724 Deum
2751 1669 3068 1724 collaudent
3107 1672 3507 1726 incolumitatis

1889 1772 2194 1817 auctorem.
2222 1762 2542 1819 Referentes
2569 1779 2785 1836 quoque
2805 1764 3105 1834 gratiarum
3133 1766 3380 1820 actiones
3409 1781 3512 1834 pro

197 1859 371 1915 solum
403 1861 617 1931 ignovit
647 1865 765 1927 eis;
797 1863 890 1917 sed
918 1875 969 1918 et
990 1864 1332 1933 justiﬁeavit,
1354 1874 1407 1917 et
1434 1863 1485 1917 in
1513 1863 1654 1918 ﬁlios
1681 1864 1786 1919 sibi

1898 1853 1990 1922 iis,
2035 1871 2158 1922 qua:
2203 1856 2360 1910 nobis
2390 1856 2637 1926 quotidie
2676 1857 2768 1911 Dei
2805 1857 3142 1926 providentia
3177 1867 3512 1928 pra‘stantur

195 1951 515 2021 adoptavit:
569 1970 677 2025 quo
728 1955 919 2011 ordine
968 1956 1226 2026 papulum
1276 1955 1562 2026 disciplina
1610 1957 1789 2012 eccle-

193 2047 414 2104 siastica
454 2048 745 2111 imbueret.
791 2050 844 2104 in
896 2050 1155 2120 subjectis
1202 2053 1483 2114 osmndit,
1537 2067 1786 2107 commo-

193 2156 322 2196 nens
355 2153 413 2196 ut
457 2159 668 2197 memor
696 2142 982 2198 electionis
1011 2159 1123 2199 suto
1170 2155 1394 2200 sanctus
1441 2144 1786 2210 'l‘imotht-us,

191 2230 242 2286 id
272 2231 338 2286 ad
382 2233 529 2303 quod
581 2234 999 2304 prazdestiuatus
1047 2245 1166 2303 est,
1221 2237 1464 2310 impleat.
1499 2238 1789 2294 Prtt'desti-

192 2334 342 2378 natus
363 2335 449 2379 est
464 2325 616 2381 enim
633 2370 648 2392 ,
665 2327 886 2397 quando
899 2328 964 2382 ad
991 2327 1094 2383 hoc
1109 2333 1175 2382 ab
1189 2330 1453 2401 Apostolo
1475 2345 1788 2402 assumptus

188 2427 288 2482 est,
335 2427 394 2472 ιιι
431 2419 813 2487 ordinaretur,
847 2422 1044 2494 dignus
1079 2423 1356 2493 judicatus
1410 2425 1625 2481 futurus
1671 2429 1784 2498 epi-

185 2526 404 2582 seopus,
443 2525 505 2570 tit
529 2515 785 2586 impleret
825 2517 1074 2572 militiam
1107 2520 1476 2591 evangelicam
1515 2521 1568 2576 in
1604 2521 1708 2578 lide
1735 2532 1789 2578 et

183 2619 310 2676 pura
337 2609 702 2676 conscientia;
728 2612 819 2681 qui
852 2613 996 2667 enim
1019 2613 1254 2669 lideliter
1272 2614 1453 2683 docet,
1473 2632 1580 2671 non
1608 2626 1785 2686 potest

187 2701 377 2756 malam
403 2702 610 2758 habere
641 2705 1060 2763 conscientiam.
1091 2707 1243 2761 Tunc
1271 2709 1416 2763 enim
1446 2709 1604 2764 tidem
1633 2712 1784 2765 exhi-

184 2793 268 2847 bet
290 2795 696 2864 prardieationis
710 2814 847 2866 sum,
861 2801 902 2853 si
918 2815 975 2855 se
992 2801 1153 2873 292
1167 2801 1431 2857 abstineat
1450 2821 1476 2856 a
1495 2805 1786 2860 contrariis

184 2889 476 2955 omnibus;
527 2892 651 2961 quia
696 2895 951 2965 eseuiplo
989 2898 1258 2951 bonorum
1307 2913 1538 2968 cperunt
1587 2901 1784 2956 multos

184 2981 396 3040 lacessit
423 2987 494 3040 ad
523 2987 935 3053 credulitatem,
967 2989 1193 3046 ﬁdentes
1223 2992 1289 3047 de
1313 3008 1410 3063 spe
1444 2996 1785 3064 pra'dicalio-

186 3078 297 3142 nis;
331 3097 457 3135 nam
512 3083 600 3153 qui
634 3083 792 3137 tidem
826 3086 1066 3154 spernit,
1100 3088 1284 3154 procul
1320 3088 1485 3143 dubio
1517 3091 1672 3144 malte
1702 3102 1784 3146 est

183 3175 559 3230 conscientia-.
612 3178 720 3231 Aut
773 3177 919 3231 enim
974 3179 1256 3250 hypocrita
1299 3182 1649 3252 pra-dicatur,
1692 3193 1785 3239 aut

1891 1949 1959 2004 ad
2016 1950 2212 2016 vitam;
2267 1962 2326 2004 ut
2381 1954 2432 2004 in
2495 1951 2580 2006 bis
2639 1952 2893 2004 omnibus
2942 1951 3106 2006 Pater
3167 1951 3512 2008 collaudetur

1893 2043 2037 2098 Deus
2060 2086 2074 2110 ,
2105 2060 2171 2098 ex
2203 2060 2310 2114 quo
2347 2055 2475 2098 sunt
2508 2046 2689 2099 omnia
2717 2045 2763 2114 (Ι
2788 2041 2910 2102 Cor.
2942 2060 3067 2110 vut,
3096 2043 3150 2115 6)
3187 2062 3200 2098 :
3236 2055 3290 2100 et
3331 2043 3506 2102 Filius

1890 2136 2007 2206 ejus
2043 2178 2058 2203 ,
2112 2153 2207 2207 per
2263 2153 2421 2207 quem
2479 2148 2605 2192 sunt
2671 2139 2890 2202 omnia;
2960 2147 3018 2190 ut
3073 2138 3269 2208 50pitis
3317 2139 3502 2192 omni-

1892 2229 2023 2293 bus,
2074 2248 2194 2300 qua:
2242 2231 2367 2286 huic
2427 2233 2656 2302 imperio
2707 2233 2901 2287 infesta
2957 2245 3008 2286 et
3059 2232 3277 2288 inimica
3327 2244 3490 2296 sunt,

1891 2321 1943 2376 in
1998 2324 2192 2378 allectu
2239 2325 2452 2392 pietatis
2503 2336 2558 2380 et
2607 2326 2876 2380 castitatis
2923 2325 3034 2380 Deo
3069 2326 3276 2381 servire
3329 2330 3504 2397 possi-

1891 2431 2044 2483 mus;
2101 2418 2437 2488 perturbatio
2481 2422 2624 2474 enim
2667 2429 2722 2474 et
2760 2419 3048 2490 captivitas
3090 2436 3189 2476 nec
3237 2421 3499 2492 pietatem

1889 2519 2119 2572 servat.
2184 2526 2283 2566 nec
2343 2512 2676 2567 castitatem.
2748 2511 2900 2585 Unde
2957 2512 3102 2567 enim
3173 2515 3292 2584 pius
3327 2556 3341 2580 ,
3403 2516 3497 2584 qui

1890 2605 2065 2660 nudus
2114 2605 2255 2660 est?
2292 2617 2314 2644 ε
2363 2614 2418 2661 et
2456 2606 2598 2661 unde
2641 2615 2856 2674 castus,
2910 2605 3000 2660 ubi
3052 2609 3337 2677 potestatis
3381 2622 3499 2663 sua:

1891 2711 1996 2751 non
2057 2698 2200 2752 est?
2270 2699 2337 2754 Ut
2384 2698 2501 2753 haec
2559 2713 2690 2768 ergo
2750 2699 2958 2753 servati
3034 2701 3276 2768 possint,
3342 2701 3500 2770 quies

1890 2793 2194 2846 necessaria
2239 2802 2366 2858 est;
2430 2803 2488 2848 ut
2553 2794 2746 2863 placita
2800 2795 2912 2850 Deo
2973 2795 3274 2850 reddantur
3329 2797 3496 2852 obse-

1889 2889 2057 2956 quia,
2115 2887 2206 2955 qui
2269 2903 2459 2944 omnes
2521 2888 2771 2944 homines
2819 2889 3002 2944 salvos
3053 2891 3170 2944 vult
3231 2890 3382 2959 ﬁeri,
3439 2906 3495 2950 et

1887 2994 2218 3052 cognoscere
2246 2983 2551 3037 veritatem.
2587 2981 2714 3038 Ηιεε
2749 2994 2858 3051 est,
2891 2985 3094 3052 inquit,
3130 2986 3232 3040 rita
3259 2997 3452 3042 (eterna
3478 3035 3492 3056 ,

1889 3083 1944 3126 ut
1997 3087 2305 3145 cognoscant
2355 3086 2403 3131 te
2433 3078 2600 3130 solum
2624 3093 2799 3130 verum
2847 3078 3016 3132 L‘eum
3045 3120 3058 3144 ,
3111 3088 3158 3132 et
3204 3096 3354 3150 quem
3396 3083 3497 3135 nti-

1887 3168 1999 3222 sisti
2063 3168 2243 3223 Jesum
2307 3169 2569 3224 Christum
2619 3169 2819 3242 (Joan.
2868 3188 3007 3238 xvn,
3070 3172 3174 3242 5).
3231 3172 3286 3229 Si
3350 3173 3495 3230 Deus

184 3279 402 3334 apertus
468 3269 863 3337 blaSphemus,
938 3270 1082 3326 sicut
1145 3286 1300 3328 erant
1353 3275 1678 3346 Hymenaeus
1726 3288 1781 3333 et

1898 3261 2108 3330 utique,
2166 3265 2255 3334 qui
2313 3266 2659 3334 omnipotens
2708 3265 2946 3330 dicitur,
2996 3282 3190 3322 omnes
3244 3267 3497 3326 homines

186 3357 520 3425 Alexander,
545 3362 634 3432 qui
659 3362 979 3420 deserentes
1018 3365 1178 3420 lidcm
1211 3368 1452 3437 naufragi
1479 3369 1602 3424 lacti
1635 3381 1784 3438 sunt,

184 3451 232 3506 id
260 3462 362 3518 εει,
389 3454 524 3509 nudi
553 3455 804 3523 veritate,
836 3469 928 3512 aut
959 3459 1159 3528 privati
1185 3463 1316 3515 vita.
1357 3461 1496 3530 Quid
1529 3474 1612 3519 est
1636 3467 1781 3520 enim

187 3547 381 3602 veritas
400 3590 414 3613 ,
441 3547 546 3602 nisi
569 3550 713 3603 vita?
737 3549 887 3616 Quos
909 3552 1200 3608 tradidisse
1223 3568 1284 3607 se
1313 3555 1444 3609 dicit
1468 3557 1705 3623 Satanae,
1725 3567 1789 3613 ut

185 3643 609 3699 emendarentur
626 3660 788 3700 causa
814 3647 1187 3716 blaspbetnize.
1208 3649 1454 3703 Tratlitio
1467 3661 1646 3706 autem
1670 3652 1785 3710 lucc

193 3744 292 3799 est,
325 3737 454 3804 quia
488 3749 795 3792 connuotus
826 3740 1121 3809 Apostolus
1168 3741 1523 3809 ιιίεειιιιειηίἰε
1569 3760 1782 3811 eorum,

186 3832 518 3885 sententiam
551 3833 777 3900 protulit
816 3837 867 3888 in
905 3851 1000 3889 eos
1037 3853 1048 3890 :
1085 3836 1338 3891 diabolus
1379 3847 1559 3893 autem
1592 3842 1683 3910 qui
1718 3841 1783 3895 ad

189 3917 289 3976 hoc
315 3931 539 3992 paratus
568 3934 668 3989 est,
703 3937 762 3981 ut
790 3927 1050 3984 adverSos
1075 3944 1102 3982 a
1139 3929 1250 3984 Deo
1269 3932 1500 3998 accipiat
1527 3933 1577 3987 in
1604 3945 1788 4002 potes-

187 4021 368 4083 tatem,
401 4018 591 4072 audita
615 4023 910 4088 sententia,
938 4008 1397 4092 corripitcosfut
1422 4026 1787 4097 intelligerent

188 4107 286 4164 hac
311 4125 480 4165 causa
513 4127 572 4166 se
599 4113 776 4181 poenis
816 4114 1068 4185 astringi,
1091 4118 1214 4184 quia
1246 4117 1779 4184 blaSphemaverant.

190 4199 321 4259 Ilinc
346 4216 454 4268 εει,
474 4205 616 4259 unde
642 4205 692 4259 in
723 4207 1016 4277 Evangelia
1037 4211 1241 4263 dictum
1268 4221 1347 4264 est
1383 4213 1524 4265 inter
1554 4221 1782 4268 ca‘tera:

177 4297 288 4365 jant
338 4301 449 4354 noli
507 4317 720 4366 peccare
749 4343 764 4367 ,
819 4318 882 4356 nc
926 4303 1049 4368 quid
1101 4305 1192 4358 tibi
1251 4305 1477 4360 deterius
1525 4308 1788 4377 cantingat

172 4384 368 4461 '(Joan.
414 4409 478 4461 ν,
534 4393 654 4462 14),
705 4396 1006 4450 ostendens
1047 4413 1211 4452 causa
1252 4401 1458 4468 peccati
1493 4400 1786 4470 aliquando

189 4483 533 4541 inﬁrmitates
587 4488 773 4542 inferri
825 4489 1176 4558 corporibus.
1226 4490 1295 4546 Et
1357 4493 1483 4561 quia
1533 4493 1787 4548 ministro

189 4577 408 4635 diabolo
458 4582 628 4645 liunt,
684 4580 984 4636 declaravit
1049 4584 1349 4648 Dominus,
1411 4584 1604 4641 dicens
1644 4587 1788 4642 inter

1885 3545 2016 3601 dicit
2060 3546 2253 3601 Petrus
2299 3551 2578 3617 apostolus
2637 3569 2650 3605 :

1887 3355 2067 3410 salvos
2109 3359 2219 3411 vult
2264 3357 2412 3420 ﬁeri.
2453 3374 2562 3413 non
2605 3360 2864 3428 impletur
2905 3360 3021 3429 ejus
3068 3360 3358 3417 voluntas?
3386 3361 3493 3418 Sed

1887 3449 1943 3504 in
2001 3453 2148 3505 omni
2193 3452 2467 3508 locutione
2513 3469 2708 3510 sensus
2758 3463 2814 3509 et
2864 3455 3108 3511 conditio
3150 3455 3316 3521 latet;
3350 3459 3496 3512 unde

2717 3551 2904 3605 Omnis
2954 3551 3232 3622 Scriptura
3291 3553 3496 3623 indiget

1888 3638 2338 3708 interpretatione
2383 3641 2452 3710 (ll
2511 3643 2655 3698 Petr.
2700 3659 2766 3710 ll,
2817 3643 2932 3714 20).
2990 3645 3114 3702 Vult
3161 3645 3306 3702 enim
3351 3648 3496 3704 Deus

1886 3744 2079 3786 omnes
2126 3731 2377 3786 homines
2423 3735 2604 3789 salvos
2650 3736 2761 3791 lieri
2791 3777 2805 3799 ,
2863 3736 2958 3790 sed
3010 3738 3056 3792 si
3109 3739 3372 3795 accedant
3420 3743 3491 3796 ad

1885 3839 2043 3889 eum;
2093 3840 2197 3878 non
2241 3825 2385 3879 enim
2440 3825 2518 3880 sic
2568 3827 2656 3882 vul
2686 3869 2698 3888 .
2752 3837 2806 3881 ut
2856 3827 3110 3884 nolentes
3159 3831 3488 3886 salventur:

1887 3916 1981 3970 sed
2030 3917 2143 3971 vult
2203 3918 2326 3972 illos
2360 3919 2599 3985 salvari,
2648 3920 2692 3974 si
2733 3930 2788 3974 et.
2835 3922 2934 3990 ipsi
2978 3922 3166 3977 velint.
3202 3923 3332 3980 Nam
3380 3927 3491 3980 uti-

1885 4027 1991 4082 que
2016 4012 2106 4083 qui
2149 4011 2322 4082 legem
2366 4013 2620 4067 omnibus
2659 4012 2806 4067 dedit
2829 4056 2844 4076 ,
2876 4015 3082 4068 nullum
3113 4018 3329 4084 excepit
3354 4033 3382 4071 a
3406 4033 3496 4073 sa-

1888 4107 2016 4162 lute.
2043 4105 2317 4176 Numquid
2351 4107 2596 4162 medicus
2624 4124 2730 4162 non
2765 4109 2973 4163 idcirco
3006 4111 3258 4179 proponit
3288 4111 3340 4166 io
3392 4128 3493 4182 pu-

1887 4200 2030 4256 blico
2050 4244 2064 4267 ,
2094 4210 2150 4254 tit
2180 4215 2371 4256 omnes
2412 4217 2472 4256 se
2511 4203 2767 4258 Ostendat
2794 4203 2934 4258 velle
2965 4204 3206 4268 salvare;
3240 4204 3283 4258 si
3314 4213 3496 4262 tamen

1887 4297 1954 4351 ab
1988 4299 2148 4366 aegris
2194 4297 2536 4369 requiratur?
2585 4297 2702 4353 Non
2744 4308 2828 4353 est
2857 4299 3000 4353 enim
3051 4314 3176 4353 vera
3219 4298 3405 4364 salus,
3446 4300 3495 4355 si

1889 4393 2094 4448 nolenti
2136 4395 2407 4448 tribuatur
2450 4411 2462 4446 :
2512 4409 2612 4450 nec
2645 4393 2880 4462 gaudere
2929 4401 3106 4461 potest
3137 4392 3187 4447 in
3234 4405 3494 4466 percepta

1887 4487 2210 4556 Salute,qui
2257 4489 2490 4548 invitus.
2543 4489 2586 4542 si
2621 4498 2802 4543 tamen
2858 4499 3038 4558 potest
3091 4489 3248 4554 ﬁeri,
3285 4491 3500 4556 accepit

1891 4581 2258 4648 medicinam;
2294 4591 2352 4636 ut
2398 4599 2503 4636 non
2536 4581 2710 4637 dicam
2753 4583 2878 4652 quia
2923 4583 3208 4639 medicina:
3237 4584 3492 4640 ellectum

191 4674 354 4726 multa
382 4692 396 4726 :
433 4672 560 4727 lltec
608 4685 782 4729 autem
812 4692 927 4729 cum
957 4675 1023 4728 sit
1052 4677 1165 4746 ﬁlia
1189 4676 1436 4742 Abrahw,
1481 4694 1635 4746 quam
1666 4679 1784 4732 alli-
1813 4662 1862 4722 Ι)
1890 4673 2090 4730 habere
2114 4693 2219 4730 non
2251 4683 2426 4744 potest
2453 4718 2467 4742 ,
2501 4675 2605 4730 nisi
2629 4677 2693 4728 ad
2729 4677 2876 4731 illam
2900 4692 3045 4748 :cger
3071 4678 3311 4732 animum
3343 4694 3498 4736 com-

191 4780 394 4837 gaverat
419 4769 647 4824 Satanas
674 4771 855 4826 decem
871 4782 916 4825 et
939 4781 1053 4826 octo
1076 4772 1248 4833 annis.
1278 4789 1381 4826 non
1406 4773 1635 4842 apartuit
1658 4775 1785 4828 solvi

191 4874 222 4911 α
250 4861 453 4917 vinculo
474 4863 556 4918 die
571 4864 769 4918 sabbati
800 4862 956 4937 (Luc.
991 4879 1108 4927 χιιι,
1133 4864 1261 4936 16)ἳ

817 4955 1044 5012 CAPUT
1085 4955 1150 5012 ll.

266 5050 448 5121 (Vers.
481 5051 621 5124 1-4.)
656 5052 954 5108 Exhortare
974 5051 1001 5090 ι’
1023 5067 1144 5124 ergo
1167 5053 1394 5124 primum
1425 5053 1654 5106 omnium
1677 5053 1792 5121 fieri

195 5143 589 5211 deprecationes,
610 5148 888 5211 orationes,
909 5147 1300 5212 postulationes,
1320 5148 1605 5218 gratiarum
1631 5148 1796 5200 actio-

197 5256 280 5294 nes
309 5258 404 5312 pro
423 5241 655 5296 omnibus
674 5241 987 5319 hominibus,
1011 5258 1103 5310 pro
1131 5243 1354 5312 regibus,
1379 5251 1427 5295 et
1451 5257 1543 5307 pro
1563 5243 1796 5295 omnibus

197 5333 282 5400 qui
302 5334 356 5387 in
372 5336 656 5389 sublimiori
688 5334 804 5389 loco
835 5335 990 5404 positi
1011 5345 1162 5398 sunt;
1197 5345 1252 5388 ut
1289 5335 1548 5403 placidant
1580 5344 1628 5388 et
1657 5335 1801 5404 quie-

199 5433 300 5478 tam
315 5428 466 5480 vitam
487 5429 800 5500 degamusin
822 5429 962 5482 omni
983 5428 1170 5498 pietate
1190 5438 1237 5482 et
1260 5429 1511 5482 castitate.
1533 5426 1650 5482 Hoc
1672 5428 1807 5482 enim

203 5516 388 5573 bonum
414 5530 486 5576 est
519 5532 566 5576 et
597 5532 862 5592 acceptum
888 5538 1062 5577 corant
1088 5521 1311 5576 salutari
1339 5531 1515 5576 nostro
1547 5519 1688 5588 Deo,
1722 5524 1807 5593 qui

276 5662 301 5732 ξι
342 5654 704 5732 Edit,_omiies
734 5671 797 5712 ac
827 5673 959 5732 mss.
978 5730 990 5732 _
1009 5656 1282 5732 nonnulli,
1315 5673 1468 5732 quam
1495 5669 1592 5723 est,
1637 5677 1801 5732 appa-

207 5725 590 5800 ruisset:illum
619 5738 784 5800 tamen
819 5730 1190 5800 signiﬁcemus.
1219 5725 1336 5784 Non
1367 5729 1497 5783 satis
1524 5725 1690 5786 recte.

280 5795 306 5835 ιι
349 5797 502 5872 llom.
526 5795 979 5872 edit.,Exhortor
1007 5819 1148 5872 ergo.
1176 5803 1244 5856 Et
1275 5799 1438 5866 inira,
1470 5812 1525 5857 ut
1549 5804 1807 5871 tranquil-

211 5868 320 5922 lam
343 5879 394 5923 et
417 5871 638 5938 quietam
659 5871 818 5926 vitam

1895 4769 2238 4832 modavetit;
2283 4769 2406 4838 quia
2446 4769 2559 4822 ha-c
2587 4767 2855 4824 medicina
2897 4786 3003 4824 non
3043 4781 3124 4826 est
3161 4772 3496 4842 corporalis,

1896 4861 1990 4917 sed
2028 4861 2322 4932 spiritalis,
2355 4861 2382 4897 ά
2411 4877 2531 4931 quae
2573 4877 2748 4932 neque
2793 4860 2975 4916 dubiis
3027 4862 3271 4933 prolicit,
3321 4877 3502 4933 neque

1899 4954 2104 5009 invitis.
2136 4952 2296 5009 Fides
2319 4964 2401 5009 est
2433 4954 2578 5009 enim
2602 4996 2616 5016 ,
2642 4969 2764 5024 qua:
2794 4954 2888 5009 dat
2913 4955 3176 5022 salutem,
3212 4969 3370 5024 quam
3397 4955 3505 5010 nisi

1901 5064 2053 5102 mens
2098 5057 2206 5101 tota
2253 5048 2557 5115 susceperit
2603 5047 2918 5115 voluntate,
2983 5065 3088 5102 non
3139 5048 3314 5102 solum
3364 5046 3503 5102 nihil

1903 5139 2174 5208 proderit,
2200 5140 2293 5194 sed
2315 5149 2370 5196 et
2403 5139 2602 5196 oberit.
2633 5139 2785 5196 Fidei
2809 5140 3012 5196 etenim
3041 5139 3212 5207 gratia
3242 5139 3380 5193 hanc
3409 5141 3506 5193 ba-

1906 5233 1994 5287 bet
2034 5242 2394 5301 potestatetn:
2453 5243 2515 5288 ut
2567 5231 2782 5290 devotis
2821 5233 2922 5288 sibi
2963 5232 3199 5286 divinam
3249 5231 3505 5290 infundat

1906 5327 2215 5391 medelam;
2274 5325 2546 5381 indevotis
2594 5341 2725 5382 vero
2765 5326 3012 5380 conterat
3055 5324 3340 5389 morbum,
3404 5340 3507 5396 per

1905 5440 2068 5497 quem
2095 5431 2242 5480 totus
2268 5423 2430 5478 homo
2457 5423 2710 5478 intereat.

1980 5517 2162 5594 (Vers.
2198 5518 2280 5589 5.)
2326 5517 2476 5574 Unus
2507 5518 2644 5573 enim
2686 5516 2863 5585 Deus,
2897 5525 2948 5570 et
2972 5531 3108 5571 unus
3137 5515 3393 5571 mediator
3417 5515 3519 5573 Dei

1987 5667 2009 5742 ξ
2054 5655 2175 5712 Vet.
2233 5655 2371 5712 edit.
2419 5670 2482 5710 ac
2526 5667 2661 5710 mss.
2711 5653 2944 5726 aliquot,
2990 5655 3222 5728 etj’unde
3269 5657 3517 5726 castitas,

1914 5729 2257 5875 ιἠὸῘξ-ἷέξὰρπῃ
2292 5806 2412 5875 _vet.
2458 5795 2592 5875 edit.
2645 5806 2862 5875 et__mss.
2900 5801 3168 5873 nonnulli,
3200 5817 3318 5875 qua:
3363 5811 3524 5870 neque

1918 5871 2089 5926 dubiis
2118 5869 2349 5939 proﬁcit,
2381 5884 2544 5938 neque
2565 5869 2774 5925 invidis.
