3970 6316
493 356 602 414 ιθτ

1453 343 1544 401 AD
1583 341 1820 400 OPERA
1859 337 2108 398 SANCTI
2147 333 2472 396 AMBROS“
2513 333 2883 395 APPENDIX.
3657 335 3736 394 468

486 485 536 534 et
563 475 828 532 hantinum
843 473 997 529 homo
1023 469 1262 526 Christus
1285 465 1466 524 Iesus.
1495 465 1590 522 Dei
1617 475 1672 522 et
1701 463 1906 524 Christi
1937 477 2099 519 unam
2129 463 2175 522 Α
2207 482 2364 538 rem?
2411 489 2616 552 quanio
2661 477 2834 546 magis
2864 485 3054 530 auctor
3105 473 3282 542 Deus,
3331 473 3418 544 qui
3451 485 3626 542 corpus
3647 487 3670 528 α
3695 489 3738 530 se

486 569 764 642 significat
805 582 928 624 esse
961 565 1294 620 voluntatem
1333 561 1386 618 in
1428 557 1708 616 salvandis
1743 557 2058 613 hominibus
2083 598 2099 622 ,

489 665 634 722 unde
659 663 830 718 Deum
861 661 1112 726 Patrem,
1144 655 1268 730 quia
1292 655 1360 712 ab
1393 655 1513 726 ipso
1543 663 1628 710 est
1660 651 1840 707 omnis
1863 651 2103 706 auctori-

485 767 606 826 tas,
643 771 810 812 unum
843 769 968 810 esse
1000 753 1220 820 fatetur,
1253 761 1308 808 et
1335 765 1500 806 unum
1533 747 1892 804 mediatorem
1920 745 2015 801 Dei
2045 755 2102 801 et

487 851 772 909 hominum
800 850 1078 906 Christum
1104 847 1312 904 :eSum.
1341 846 1534 900 Missus
1563 843 1709 898 enim
1739 839 1902 916 293
1938 855 1966 895 a
1997 839 2099 894 Pa-

487 956 574 1004 tre
599 945 775 1002 factus
801 944 1011 1000 arbiter
1033 939 1407 1000 reconciliavit
1435 939 1600 994 Deunt
1633 947 1685 992 et
1709 935 1986 1000 homines,
2011 950 2100 989 rc-

483 1039 776 1096 l'ormando
806 1053 902 1094 eos
935 1036 1004 1092 ad
1033 1035 1365 1107 agnitionem
1391 1035 1542 1102 ejus;
1569 1041 1592 1068 ει
1626 1031 1748 1101 quia
1777 1031 1923 1084 enim
1955 1045 2098 1084 unus

485 1147 574 1194 est
605 1137 768 1191 Pater
797 1143 852 1189 et
893 1132 1069 1188 Filius
1091 1175 1106 1200 ,
1144 1148 1249 1186 non
1289 1145 1556 1200 persona,
1587 1125 1684 1184 sed
1729 1123 2096 1180 indifferentia

483 1239 726 1294 naturai;
760 1237 818 1282 ut
846 1227 1055 1286 arbiter
1076 1235 1222 1280 esset
1249 1224 1346 1278 Dei
1378 1233 1430 1278 et
1455 1221 1734 1277 hominum
1763 1218 1938 1274 Filius
1962 1217 2092 1284 Dei,

483 1335 768 1396 assumpta
796 1339 996 1392 carne,
1021 1321 1186 1378 homo
1219 1329 1379 1376 natus
1403 1329 1518 1384 est;
1547 1327 1608 1372 ut
1631 1316 1897 1372 mediator
1919 1313 2014 1369 Dei
2042 1321 2099 1368 et

483 1417 776 1474 hominum
812 1425 962 1472 esset
1003 1415 1170 1469 homo
1209 1413 1464 1468 Christus
1503 1409 1700 1478 Jesus,
1747 1407 1800 1464 id
1831 1416 1946 1472 est,
1989 1421 2096 1461 non

486 1513 610 1570 sine
652 1513 968 1578 divinitate;
997 1511 1124 1583 quia
1159 1511 1214 1565 in
1247 1509 1358 1566 Deo
1389 1507 1556 1564 homo
1589 1517 1740 1572 erat,
1777 1513 1833 1560 et
1865 1505 2010 1560 Deus
2040 1501 2094 1558 in

487 1607 718 1662 homine
761 1623 776 1659 :
816 1614 874 1662 et
911 1613 972 1660 ut
1015 1619 1088 1660 ex
1135 1613 1372 1672 utroque
1417 1609 1566 1656 esset
1615 1597 1906 1664 mediator,
1947 1603 2004 1650 ct
2042 1603 2100 1650 ut

489 1713 782 1770 utrumque
807 1699 1228 1764 reconciliaret,
1255 1697 1308 1752 in
1330 1711 1390 1750 se
1417 1695 1654 1766 primunt
1677 1691 1778 1746 hoc
1809 1691 1953 1744 fecit.
1979 1687 2096 1744 Non

487 1793 634 1850 enim
661 1799 880 1862 poterat
903 1791 1168 1846 unitatem
1201 1789 1294 1844 Dei
1321 1786 1668 1850 custodiens,
1703 1782 1972 1838 mediator
1997 1779 2098 1835 Dei

489 1895 544 1942 et
575 1885 861 1940 hominum
889 1885 1107 1948 vocari,
1131 1882 1286 1954 quasi
1319 1882 1460 1936 alius
1483 1885 1628 1934 esset
1661 1879 1836 1942 Deus,
1869 1875 1960 1946 qui
1983 1874 2096 1930 dis-
2131 1869 2179 1928 B

487 1979 762 2036 sidentem
794 1978 1074 2032 hominem
1102 1993 1130 2031 a
1162 1977 1276 2032 Deo
1305 1975 1356 2029 in
1385 1975 1618 2044 gratiam
1649 1979 1934 2026 revocaret
1963 1989 1975 2025 :
2007 1969 2102 2024 sed

489 2075 658 2128 homo
684 2071 780 2140 qui
804 2073 974 2144 legem
1005 2061 1184 2125 datam
1217 2085 1323 2124 non
1351 2067 1676 2139 pra-teriret,
1703 2065 1875 2119 factus
1901 2073 1984 2119 est
2015 2079 2102 2118 ar-

485 2165 636 2220 biter
661 2165 805 2218 inter
831 2179 958 2218 eum
987 2165 1074 2232 qui
1113 2161 1390 2234 peccavit,
1423 2169 1479 2216 et
1509 2162 1654 2214 inter
1676 2159 1825 2213 illum
1851 2157 1941 2226 qui
1973 2171 2104 2227 pec-

484 2271 615 2314 care
658 2257 982 2328 ignorabat;
1024 2263 1084 2310 ut
1119 2256 1206 2310 hic
1239 2255 1580 2326 ignosceret,
1611 2261 1666 2308 et
1699 2251 1864 2306 homo
1897 2249 1968 2306 de
1999 2265 2102 2306 ca:-

487 2360 610 2406 tero
637 2351 690 2406 in
721 2350 818 2406 Dei
847 2349 953 2405 ﬁde
985 2357 1254 2403 maneret.

560 2443 812 2513 (Vers.6,
832 2441 912 2513 7.)
939 2442 1040 2510 Qui
1063 2439 1206 2494 dedit
1226 2439 1556 2510 semetipsum
1579 2435 1980 2506 redemptionem
2005 2451 2102 2506 pro

489 2536 748 2604 omnibus,
775 2540 928 2610 cujus
951 2535 1304 2590 testimonium
1331 2533 1644 2606 temporibus
1665 2531 1774 2586 suis
1797 2531 1976 2585 datum
2002 2539 2098 2598 est,

486 2631 542 2684 in
571 2647 673 2700 quo
707 2631 906 2702 positus
933 2645 1051 2684 sum
1074 2643 1167 2700 ego
1195 2627 1509 2696 prwdicator
1541 2635 1586 2679 et
1635 2623 1904 2694 apostolus
1939 2621 2098 2695 (veri-

492 2735 650 2779 tatem
682 2727 822 2790 dico,
847 2741 950 2778 non
982 2723 1249 2792 mentior),
1283 2722 1530 2794 magister
1559 2721 1787 2794 gentium
1826 2719 1878 2772 in
1922 2718 2027 2788 [ide
2055 2727 2102 2772 et

488 2821 728 2876 ueritate.
762 2819 1032 2888 Quoniam
1067 2819 1233 2872 homo
1281 2817 1668 2874 reconciliatus
1697 2815 1833 2880 Deo,
1859 2814 1970 2884 jam
2005 2813 2120 2874 οι)-³

491 2916 692 2970 noxius
717 2926 836 2970 erat
867 2915 1032 2968 morti
1065 2912 1326 2978 infernae;
1359 2921 1416 2968 ut
1443 2911 1508 2964 ad
1537 2911 1704 2965 ltcum
1732 2909 1822 2964 cui
1852 2907 2102 2964 reconci-

491 3007 654 3062 liatus
683 3019 825 3072 erat,
859 3017 1046 3078 posset
1071 3005 1402 3072 ascendere,
1435 3004 1689 3062 Salvator
1721 3011 1782 3058 ut
1810 3001 2096 3058 arbitrium

497 3117 661 3158 suum
706 3102 774 3156 ad
824 3101 1078 3156 elfectum
1133 3099 1494 3170 prrtluceret,
1529 3099 1666 3154 mori
1699 3113 1758 3155 se
1787 3113 1977 3170 passus
2017 3105 2104 3152 est

493 3207 684 3252 contra
733 3195 852 3266 jus;
899 3205 957 3250 ut
989 3194 1330 3250 descendens
1374 3193 1444 3250 ad
1489 3195 1724 3260 inferos,
1757 3202 1990 3248 mortem
2030 3189 2100 3247 de

2203 576 2438 632 liberum
2473 575 2700 640 factum,
2735 571 3036 642 obligatum
3070 568 3306 623 metallis
3335 567 3506 622 videt!
3535 567 3646 622 Nam
3669 569 3742 624 bu-

2203 670 2352 724 milis
2395 668 2614 724 habitus
2655 667 2812 722 bona:
2841 661 3172 736 professioni
3201 661 3480 734 congruit,
3521 669 3572 716 ut
3611 661 3745 730 possit

2203 779 2314 818 non
2348 761 2495 816 aliud
2541 759 2828 828 mstimari,
2861 774 3024 830 quam
3056 757 3302 812 cernitur
3337 775 3348 810 :
3383 771 3498 824 qua:
3533 765 3683 810 autem
3706 753 3746 812 ltI

2204 853 2370 910 domo
2401 853 2498 908 Dei
2531 868 2654 908 cmn
2689 865 2888 924 pompa
2919 865 2980 905 se
3007 848 3220 905 mavult
3253 847 3448 914 videri,
3481 847 3577 902 non
3605 849 3750 918 utique

2205 957 2430 1018 propter
2477 948 2681 1014 Deum,
2737 947 2833 1002 sed
2879 957 3106 1018 propter
3155 944 3409 1000 homines
3454 945 3752 1014 consequitur

2205 1039 2349 1110 quod
2383 1039 2528 1106 vult,
2564 1049 2623 1093 ut
2641 1039 2884 1110 gloriosa
2918 1037 3193 1105 videatur,
3225 1036 3360 1093 nihil
3386 1047 3706 1092 consecutura
3729 1052 3750 1092 ιι

2205 1133 2338 1198 Deo,
2377 1131 2478 1188 nisi
2515 1131 2808 1188 maculam.
2843 1131 3063 1202 Quanto
3097 1131 3242 1186 enim
3285 1129 3588 1186 hominibus
3612 1129 3754 1200 Splen-

2203 1225 2330 1280 ditla
2361 1225 2598 1290 videtur,
2639 1235 2792 1279 tanta
2823 1223 2996 1294 magis
3025 1223 3330 1296 despicitur
3359 1239 3388 1278 a
3417 1221 3546 1278 Deo.

2276 1323 2456 1396 (Vers.
2495 1323 2581 1388 ll,
2613 1321 2726 1392 19..)
2761 1319 2956 1376 Mulier
2997 1323 3050 1376 in
3087 1321 3292 1375 silentio
3329 1319 3492 1374 discat
3515 1333 3618 1372 cum
3651 1317 3758 1374 ataui

2201 1416 2538 1492 subjectione.
2569 1413 2710 1470 Nam
2741 1415 2926 1470 docere
2973 1415 3182 1470 mulieri
3209 1429 3310 1468 non
3357 1413 3662 1484 permittitur,
3690 1425 3758 1465 προ

2201 1529 2302 1582 que
2332 1511 2594 1566 dominari
2643 1517 2696 1566 in
2729 1511 2918 1572 virum,
2949 1511 3042 1564 sed
3069 1527 3178 1564 esse
3206 1509 3260 1563 in
3289 1507 3516 1562 silentio.
3555 1505 3656 1562 Non
3691 1519 3757 1562 sa-

2201 1605 2316 1660 lum
2365 1603 2610 1658 habitum
2669 1601 2932 1656 humilem
2981 1601 3182 1657 habere
3231 1599 3438 1656 debere
3483 1599 3753 1666 mulierem,

2200 1719 2388 1758 verum
2419 1703 2586 1756 etiam
2619 1701 3008 1756 auctoritatem
3041 1699 3090 1755 ei
3123 1697 3530 1769 denegandam,
3564 1693 3758 1768 etsabji-

2199 1795 2450 1851 ciendam
2499 1793 2748 1866 praecipit
2783 1793 2940 1860 viro;
2977 1801 3035 1848 ut
3063 1805 3170 1846 tam
3203 1791 3396 1848 habitu
3417 1833 3432 1858 ,
3458 1805 3608 1862 quam
3633 1787 3754 1844 obse-

2205 1891 2350 1964 quiis
2392 1889 2493 1944 sub
2533 1899 2810 1961 potestate
2832 1889 2902 1944 sit
2925 1887 3048 1952 viri,
3075 1903 3137 1943 ex
3172 1901 3280 1958 quo
3325 1887 3490 1942 trahit
3517 1885 3756 1958 originem.

2277 1983 2457 2056 (Vers.
2497 1983 2586 2048 i3,
2622 1981 2711 2046 14,
2747 1979 2860 2053 t5.)
2887 1979 3052 2036 Adam
3076 1983 3210 2036 enim
3237 1981 3438 2053 primus
3479 1987 3658 2035 creatus
3687 1985 3756 2042 est,

2207 2077 2398 2134 deinde
2427 2075 2536 2132 Eva
2564 2093 2583 2132 :
2615 2085 2662 2132 et
2692 2075 2860 2130 Adam
2889 2093 2991 2128 non
3019 2083 3094 2128 est
3126 2074 3400 2140 seductus,
3433 2073 3609 2126 mulier
3629 2081 3758 2126 autalt

2204 2173 2418 2228 seducta
2445 2171 2585 2242 facta
2611 2179 2684 2226 est
2711 2171 2760 2224 in
2791 2169 3220 2240 prazvaricatioue
3248 2167 3404 2238 (Gen.
3439 2183 3488 2232 ι,
3513 2165 3617 2234 ‘27).
3639 2163 3760 2220 Salra

2205 2277 2378 2321 autem
2425 2267 2518 2320 erit
2565 2282 2654 2336 per
2697 2265 2926 2336 ﬁliorum
2957 2263 3372 2332 generationem,
3407 2262 3454 2314 si
3483 2257 3694 2314 manserit
3719 2257 3758 2311 iu

2207 2359 2311 2430 ﬁde
2339 2371 2386 2414 et
2407 2361 2701 2428 dilectione,
2748 2369 2794 2413 et
2835 2357 3178 2414 sanctimonia
3217 2373 3331 2410 cum
3361 2355 3602 2428 pudicitia
3627 2351 3752 2420 (Gut.

2205 2471 2298 2522 ιιι,
2331 2455 2422 2526 6).
2459 2451 2688 2510 Przefert
2715 2453 2892 2507 virum
2923 2449 3158 2517 mulieri,
3183 2457 3410 2522 promer
3432 2447 3574 2520 quod
3599 2447 3760 2518 primus

2206 2557 2426 2604 creatus
2455 2557 2570 2612 est;
2625 2555 2682 2600 ut
2714 2543 2947 2600 inferior
2970 2543 3045 2598 sit
3093 2542 3310 2606 mulier,
3335 2541 3458 2614 quia
3490 2548 3606 2612 post
3625 2539 3760 2592 virum

2205 2650 2262 2696 et
2287 2656 2354 2696 ex
2387 2641 2504 2694 viro
2527 2651 2712 2694 creata
2744 2647 2848 2693 est.
2879 2635 3088 2708 Adjicit
3117 2645 3174 2691 et
3199 2635 3372 2700 aliud,
3407 2635 3532 2705 quia
3563 2631 3761 2688 diabolus

2207 2753 2316 2790 non
2347 2734 2520 2788 virum
2553 2731 2790 2798 seduxit,
2849 2731 2946 2788 sed
2997 2731 3320 2796 mulierem;
3359 2729 3444 2784 vir
3487 2739 3652 2784 autem
3692 2741 3761 2794 rer

2205 2829 2494 2886 mulierem
2527 2827 2792 2899 deceptus
2837 2835 2960 2882 est:
2991 2839 3054 2880 ac
3093 2841 3192 2896 per
3239 2823 3342 2879 hoc
3387 2823 3534 2880 nulla
3567 2821 3636 2877 illi
3665 2837 3764 2876 con-

2205 2921 2450 2978 cedenda
2495 2921 2727 2976 audacia
2762 2929 2878 2984 est,
2913 2917 3008 2974 sed
3037 2935 3158 2973 csse
3184 2915 3346 2972 (it‘bt'l
3379 2917 3428 2971 iu
3475 2915 3758 2972 humilitate:

2207 3017 2334 3090 quia
2365 3032 2462 3086 per
2491 3015 2635 3070 illam
2661 3029 2812 3068 mors
2839 3014 3062 3067 intravit
3092 3012 3142 3065 in
3181 3009 3472 3065 mundum.
3509 3009 3652 3064 Sall-tt
3673 3007 3758 3068 erit,

2171 3107 2400 3178 inquit,
2438 3123 2531 3178 per
2573 3103 2804 3176 ﬁliorum
2855 3103 3276 3175 generationem;
3319 3103 3362 3156 si
3408 3111 3571 3155 tamen
3611 3101 3652 3152 in
3689 3097 3762 3166 ﬁde

2206 3199 2480 3266 manserit,
2514 3207 2562 3254 et
2596 3197 2880 3264 eharitate,
2917 3205 2964 3250 et
2997 3213 3130 3267 pura
3163 3197 3288 3248 vita.
3331 3193 3442 3248 llos
3486 3193 3620 3248 enim
3659 3189 3762 3244 lilios

493 3290 780 3358 impietate
813 3305 974 3358 quam
1003 3289 1056 3344 in
1087 3304 1154 3344 eo
1185 3293 1464 3360 gesserat,
1493 3287 1810 3352 damnaret,
1837 3285 2096 3342 auferens
2127 3259 2172 3322 (ἶ
2204 3295 2358 3360 dicit,
2393 3291 2486 3364 qui
2519 3301 2913 3363 regeneratum
2943 3305 3044 3360 per
3075 3289 3238 3344 ﬁdem
3273 3285 3513 3352 Christi;
3547 3285 3654 3358 quia
3675 3285 3708 3334 si
3725 3281 3762 3336 in

495 3385 578 3439 eis
604 3401 742 3454 quos
769 3385 1020 3450 tenebat;
1053 3393 1113 3439 ut
1139 3384 1206 3438 de
1233 3391 1435 3438 cmtero
1463 3384 1712 3454 quisquis
1733 3383 1946 3453 signum
1977 3381 2098 3448 ejus

493 3476 742 3543 haberet,
773 3477 841 3532 ab
871 3493 934 3532 ea
969 3478 1142 3532 teneri
1169 3493 1276 3532 non
1312 3485 1516 3546 posset.
1542 3475 1710 3544 Cujus
1737 3475 1814 3530 rei
1847 3472 2096 3529 testimo-

497 3571 646 3624 nium
705 3581 953 3640 tempore
979 3586 1086 3638 quo
1119 3571 1446 3636 resurrexit,
1479 3567 1758 3634 ostendit;
1793 3565 2100 3624 destructio

491 3665 638 3718 enim
666 3665 857 3720 mortis
883 3665 1213 3720 resurrectio
1241 3673 1585 3719 mortuorum
1609 3671 1712 3716 est.
1742 3661 1914 3730 Quam
1941 3676 2098 3730 spem

496 3759 700 3814 missus
729 3769 812 3814 cst
844 3758 935 3813 hic
961 3759 1261 3827 Apostolus
1291 3759 1536 3828 gentium
1577 3753 1900 3825 przedieare,
1933 3759 1994 3807 ut
2032 3753 2102 3810 ab

493 3867 562 3908 eo
596 3853 876 3908 discerent
903 3867 1024 3921 qum
1062 3865 1188 3922 spes
1219 3859 1366 3906 esset
1395 3851 1446 3904 in
1475 3849 1731 3914 Christo;
1783 3847 1910 3902 hinc
1950 3847 2096 3902 enim

489 3945 667 4002 dictus
698 3955 783 4000 est
815 3942 1097 4013 magister,
1143 3951 1200 3998 ut
1233 3941 1394 3996 fidem
1429 3941 1655 3997 doceret
1679 3949 1730 3994 et
1787 3938 2096 3996 veritatem.

569 4037 752 4110 (Vers.
785 4035 870 4108 8.)
911 4036 1040 4090 Volo
1089 4037 1263 4106 itaque
1309 4052 1464 4090 orare
1505 4036 1645 4088 uiros
1685 4033 1740 4114 i.n
1787 4033 2098 4102 ontniloco,

492 4134 719 4188 levantes
750 4139 963 4186 sanctus
989 4145 1173 4184 manus
1199 4131 1308 4184 siue
1339 4130 1418 4182 ira
1439 4139 1487 4183 et
1509 4127 1907 4200 disceptatione.
1943 4127 2101 4183 Paci-

493 4225 657 4281 lieum
687 4225 932 4279 animum
967 4233 1148 4278 monet
1173 4223 1226 4278 in
1257 4221 1508 4278 oratione
1549 4235 1671 4276 esse
1693 4219 1926 4288 debere;
1953 4229 2011 4274 ut
2034 4217 2100 4275 ad

491 4317 744 4374 ell'ectnm
771 4316 1070 4373 deducatur
1093 4315 1306 4382 oratio;
1333 4321 1534 4368 sancte
1563 4315 1706 4368 enim
1729 4327 1926 4368 manus
1950 4319 2100 4378 sunt,

495 4409 717 4482 quando
753 4425 853 4466 cor
883 4408 1150 4466 mundum
1183 4417 1290 4464 est.
1341 4407 1432 4466 Sic
1464 4417 1644 4462 tamen
1689 4409 1740 4462 in
1787 4405 1934 4462 omni
1981 4407 2102 4463 loco

493 4503 762 4560 orandum
789 4503 1036 4574 praecipit
1059 4543 1074 4570 ,
1111 4513 1166 4556 ut
1189 4511 1508 4572 competens
1551 4499 1705 4556 locus
1738 4499 2098 4572 intelligatur,

493 4611 605 4654 non
657 4597 846 4668 utique
900 4599 1214 4668 importuno
1268 4605 1361 4650 aut
1417 4593 1642 4650 sordido
1691 4593 1848 4661 loco;
1899 4593 2101 4664 quippe

491 4703 616 4746 cum
675 4661 1280 4761 prohibeat-Dominus
1335 4687 1496 4760 vulgo
1561 4701 1773 4742 orare:
1831 4661 1927 4740 sed
1997 4661 2179 4741 hocD

494 4794 732 4852 monet,
777 4801 846 4840 ne
902 4785 956 4838 in
1015 4783 1134 4840 sola
1189 4779 1438 4839 Ecclesia
1507 4787 1766 4852 putarent
1827 4779 2095 4836 orandum

493 4879 712 4954 (Matth.
743 4895 819 4945 Vl,
855 4880 910 4942 5.
940 4877 1022 4952 6.)

566 4976 751 5047 (Vers.
781 4973 837 5040 9,
869 4971 984 5045 10.)
1014 4972 1270 5028 Similiter
1295 4981 1342 5028 et
1373 4971 1613 5026 mulieres
1642 4971 1698 5026 in
1730 4971 1910 5026 habitu
1956 4969 2098 5026 ordi-

491 5079 644 5137 nato,
677 5085 794 5124 cum
822 5065 1134 5122 uerecundia
1155 5075 1200 5119 et
1221 5066 1499 5135 pudicitia,
1525 5075 1766 5120 ornantes
1790 5063 2094 5136 semetipsos

489 5181 592 5220 non
621 5163 770 5220 tortis
802 5161 1051 5224 crinibus,
1076 5169 1166 5214 aut
1199 5175 1348 5224 auro,
1383 5169 1475 5214 aut
1501 5157 1822 5230 margaritis,
1849 5167 1936 5212 aut
1965 5165 2098 5212 veste

499 5256 728 5326 pretiosa
757 5271 776 5310 :
806 5255 928 5322 sed,
970 5252 1111 5326 quod
1140 5251 1284 5308 decet
1314 5251 1558 5306 mulieres
1599 5251 1896 5320 proﬁtentes
1935 5251 2100 5324 pieta-

506 5361 629 5410 tem,
663 5365 752 5416 per
777 5365 932 5419 opera
964 5348 1118 5402 bona.
1153 5345 1352 5400 llutnili
1405 5343 1590 5398 habitu
1637 5345 1892 5398 mulieres
1939 5359 2096 5398 orare

499 5438 706 5494 debere
735 5445 953 5504 monet,
993 5455 1100 5492 non
1133 5438 1186 5490 in
1213 5437 1515 5506 jactantia;
1551 5435 1642 5508 qui
1689 5435 1833 5490 enim
1859 5433 1973 5490 vult
2003 5452 2098 5490 au-

499 5531 628 5596 diri,
658 5531 920 5587 inclinare
949 5547 1008 5586 se
1039 5527 1228 5598 debet,
1257 5542 1438 5586 amora
1469 5547 1496 5583 a
1528 5545 1588 5585 se
1625 5543 1852 5600 pompa;
1892 5537 1950 5584 nt
1991 5531 2095 5584 mi-

493 5621 852 5680 sericordiam
883 5624 978 5678 Del
1031 5635 1312 5694 provocet.
1365 5623 1600 5680 Habitus
1637 5623 1782 5676 enim
1827 5624 2098 5693 superbus

493 5733 594 5774 nec
627 5719 904 5787 impetrat,
934 5731 1036 5772 nec
1063 5727 1210 5772 recta
1247 5719 1314 5774 de
1345 5733 1406 5774 se
1435 5717 1564 5772 facit
1591 5716 1762 5770 credi.
1789 5715 1922 5786 Quis
1950 5717 2096 5771 enim

491 5811 842 5882 prudentium
873 5809 1149 5882 jactanter
1176 5819 1428 5866 ornatam
1477 5809 1760 5866 mulierem
1811 5824 1920 5866 non
1967 5809 2098 5867 bor-

2203 3389 2554 3462 generatione
2584 3403 2680 3442 sua
2712 3385 2766 3440 hi
2809 3383 3276 3455 perseveraverint
3298 3425 3312 3448 ,
3344 3397 3466 3435 cttm
3503 3379 3580 3434 his
3607 3377 3762 3431 liber:-

2205 3483 2352 3537 bitur
2383 3479 2582 3535 mulier
2615 3491 2910 3546 resurgens
2940 3492 3006 3532 ex
3035 3475 3288 3536 mortuis,
3311 3489 3420 3528 non
3449 3471 3588 3544 quod
3613 3465 3762 3522 abillis

2199 3573 2549 3638 liberabitur,
2571 3569 2736 3644 294
2757 3569 2848 3625 sed
2873 3583 2968 3640 per
2992 3569 3208 3622 illorum
3229 3565 3657 3638 generationem;
3673 3571 3760 3612 nam

2203 3685 2328 3724 cum
2357 3667 2620 3727 credunt,
2653 3665 2744 3734 qui
2777 3663 3036 3717 destinati
3070 3669 3196 3716 sunt
3229 3661 3280 3715 in
3316 3663 3484 3715 vitam
3516 3665 3761 3720 att-rnatu,

2203 3763 2522 3836 pervenitur
2551 3759 2617 3814 ad
2666 3757 3121 3814 resurrectionem
3174 3771 3238 3811 ex
3289 3755 3552 3820 mortuis,
3603 3759 3650 3806 et
3693 3749 3761 3802 lict

2205 3859 2375 3920 salva,
2407 3853 2764 3913 credentibus
2791 3853 2921 3920 illis,
2955 3861 3010 3908 et
3049 3853 3216 3906 vitam
3243 3859 3450 3905 castam
3498 3845 3758 3920 agentibus.

2205 3951 2436 4008 Tamdiu
2467 3949 2610 4006 enim
2642 3948 2975 4004 resurrectio
2997 3959 3264 4016 suspensa
3291 3955 3392 4011 est,
3417 3941 3660 4015 quamdiu
3677 3949 3760 3992 out-

2205 4065 2303 4106 nes
2329 4045 2561 4104 credant
2589 4041 2966 4117 przedestinati
2989 4041 3056 4097 ad
3083 4041 3341 4097 salutem.

2831 4177 3060 4236 CAPUT
3101 4177 3188 4234 IIl.

2279 4319 2460 4392 (Vers.
2495 4317 2576 4390 l.)
2613 4315 2887 4372 Humanus
2935 4330 3102 4370 sermo
3139 4314 3229 4369 :si
3285 4311 3401 4385 quis
3449 4313 3756 4384 epist-epulum

2206 4411 2507 4478 desiderat,
2537 4409 2729 4464 bonum
2778 4425 2906 4481 opus
2947 4409 3229 4462 desiderat.
3279 4405 3544 4476 Quoniam
3593 4403 3759 4472 cpisco-

2207 4523 2332 4580 pum
2361 4505 2523 4563 bona:
2553 4503 2676 4560 vitae
2703 4519 2825 4560 esse
2855 4513 3095 4576 oportet,
3141 4502 3342 4557 idcirco
3388 4501 3482 4573 qui
3526 4499 3760 4570 episcopa-

2207 4613 2318 4658 tttm
2346 4602 2518 4672 cupit,
2539 4601 2739 4656 bonum
2765 4613 2903 4670 opus
2925 4597 3218 4654 desiderat.
3245 4597 3360 4652 lluc
3391 4595 3534 4652 enim
3551 4591 3753 4662 cupiens,

2207 4697 2406 4752 bonam
2438 4696 2604 4749 vitam
2645 4701 2904 4764 appetere
2933 4691 3178 4754 videtur;
3211 4689 3256 4745 si
3287 4699 3468 4744 tamen
3507 4701 3605 4742 non
3629 4677 3758 4737 abiis

2207 4789 2475 4854 declinet,
2505 4803 2628 4861 quae
2659 4789 2712 4842 in
2745 4787 3008 4858 subjectis
3034 4785 3326 4852 habentur,
3377 4797 3446 4838 ne
3485 4779 3756 4840 ambitione,

2205 4893 2296 4938 aut
2327 4882 2605 4938 desiderio
2631 4879 2874 4950 pecunia:
2904 4879 3008 4935 hoc
3035 4877 3214 4950 egisse
3241 4877 3510 4932 videatur.

2281 4975 2464 5048 (Vers.
2490 4972 2572 5046 2.)
2605 4974 2820 5044 Oportet
2860 4973 2996 5026 enim
3039 4972 3340 5042 episwpum
3383 4958 3758 5038 irrepreltensibi-

2205 5069 2304 5125 lem
2336 5085 2462 5125 esse.
2497 5067 2683 5136 Qualis
2712 5065 3004 5137 episcopus
3026 5063 3225 5119 debeat
3250 5077 3397 5130 esse,
3427 5058 3756 5117 describittlll

2207 5177 2369 5218 nemo
2406 5161 2782 5232 episcopatum
2829 5165 3051 5228 appetat
3093 5155 3198 5211 nisi
3231 5153 3402 5210 fuerit
3431 5153 3584 5220 fidus,
3615 5157 3664 5206 et
3687 5145 3754 5216 qui

2207 5255 2276 5311 ab
2305 5253 2558 5309 omnibus
2587 5251 2881 5308 conlrariis
2924 5251 3205 5306 abstinere
3236 5265 3296 5305 se
3335 5253 3535 5320 possit;
3581 5257 3632 5301 ιιι
3673 5253 3752 5296 non

2209 5348 2460 5420 indignus
2493 5347 2562 5403 sit
2601 5361 2696 5401 sua
2751 5343 3113 5416 professione.
3170 5341 3340 5396 Unius
3391 5341 3564 5396 uxoris
3601 5337 3749 5390 ritual.

2205 5441 2462 5510 Quamvis
2494 5439 2793 5495 secundam
2839 5451 3067 5492 nuntcro
3099 5451 3326 5491 uxorem
3355 5451 3463 5490 non
3489 5435 3556 5490 sit
3595 5430 3753 5486 habere

2207 5531 2572 5604 prohibitum;
2617 5541 2676 5587 ut
2706 5541 2885 5588 tamen
2915 5531 3036 5601 quis
3079 5529 3275 5600 dignus
3323 5529 3390 5584 ad
3421 5525 3748 5600 episcopatum

2203 5627 2298 5690 sit,
2322 5629 2486 5683 etiam
2511 5627 2660 5682 licita
2681 5627 2842 5682 debet
2869 5640 3134 5696 spernere
3167 5633 3391 5695 propter
3409 5619 3747 5678 sublimitatem

2205 5721 2377 5791 ipsius
2413 5720 2650 5782 ordinis;
2695 5721 2818 5789 quia
2859 5717 3074 5774 caeteris
3103 5717 3300 5774 melior
3331 5716 3494 5774 debet
3515 5727 3646 5770 esse.
3679 5701 3748 5776 qui

2200 5813 2430 5885 cupidus
2455 5823 2540 5870 est
2567 5811 2718 5870 sedis
2747 5811 2914 5867 illius.

551 5937 576 5966 ι
607 5929 764 5984 Rom.
791 5927 951 5996 edit.,
974 5926 1096 6000 quia
1115 5927 1251 5984 enim
1272 5943 1434 5982 unum
1455 5936 1559 5994 est;
1580 5934 1792 5983 eteterte
1810 5941 1873 5986 ac
1892 5941 2077 5985 mss...
2120 5945 2252 5984 unus
2279 5939 2374 5998 est,
2398 5928 2588 6002 supple
2618 5927 2783 5984 Deus.
