3970 6316
149 309 248 370 469

214 429 386 502 (Vere.
419 427 471 494 5,
492 425 571 499 4.)
595 423 856 487 Sobrium,
887 425 1152 494 pudicum,
1183 422 1468 476 ‘ornatun
1493 463 1507 488 ,
1533 419 1713 487 bospi-
1746 426 1788 483 Α

147 523 311 586 talem,
344 517 635 583 docibilem,
669 533 770 570 non
799 515 1075 570 obnoxium
1108 516 1266 580 vino;
1299 531 1401 567 non
1433 514 1726 567 verberato-

145 631 263 676 rcm,
293 613 378 666 sed
398 611 718 676 modulum;
750 625 852 663 non
874 610 1176 682 litigiosum,
1203 624 1306 660 non
1336 623 1576 678 asperum
1596 623 1614 671 ;
1638 606 1728 660 sed

146 709 342 761 domum
372 721 518 760 suam
541 704 663 758 bene
706 712 981 774 regentem,
1013 702 1151 771 filios
1193 700 1458 755 habentem
1495 699 1729 754 subditos

143 817 248 854 cum
283 799 421 854 omni
455 801 708 852 castitate.
742 796 934 851 Talem
970 795 1244 849 hominem
1275 793 1366 865 qui
1398 794 1515 848 bare
1543 804 1731 848 custo-

141 894 275 958 diat,
303 909 421 965 quze
447 904 731 948 enumerat
765 893 933 955 bona,
987 891 1167 944 creari
1198 889 1332 944 dicit
1369 888 1571 944 debere
1615 888 1732 958 epi-

140 1003 372 1058 scopum.
402 988 527 1042 Haec
557 987 702 1040 enim
735 986 884 1056 signa
909 994 1035 1038 sunt
1065 984 1348 1054 dignitatis
1377 982 1728 1051 episcopalis.

142 1081 194 1138 Si
224 1093 397 1136 autem
429 1082 551 1152 quis
577 1080 786 1150 potiora
819 1086 1082 1145 sectatus,
1107 1087 1160 1132 et
1184 1092 1385 1147 corpus
1413 1087 1465 1132 et
1492 1081 1728 1131 animam

141 1188 284 1232 suam
342 1174 452 1228 Deo
495 1172 791 1233 dicaverit,
845 1187 913 1225 ne
971 1187 1031 1226 se
1073 1171 1295 1239 copulet
1347 1171 1730 1236 matrimonio;

142 1275 285 1322 tanto
323 1265 492 1337 magis
521 1266 739 1336 dignior
769 1264 879 1319 iiet.
927 1264 1056 1319 ideo
1098 1265 1243 1319 enim
1279 1263 1596 1319 inferiorem
1639 1279 1734 1335 po-

139 1360 273 1425 suit,
306 1367 363 1412 ut
401 1357 471 1412 de
503 1359 712 1427 potiore
743 1374 904 1413 nemo
931 1358 1224 1414 dubitaret.

203 1450 377 1522 (Vers.
415 1451 493 1521 ὃ.)
526 1451 588 1505 Si
613 1453 728 1522 quis
782 1460 954 1506 autem
989 1450 1169 1504 domui
1225 1465 1334 1504 suta
1374 1465 1594 1518 praeisse
1634 1467 1719 1505 ne-

137 1546 242 1612 scit,
269 1546 520 1612 quomodo
543 1543 798 1599 Ecclesiae
818 1543 916 1600 Dei
942 1546 1268 1620 diligentiam
1291 1543 1593 1600 adhibebit?
1624 1545 1737 1600 Ma-

139 1636 381 1693 nifestum
411 1647 497 1694 est
526 1641 654 1709 quia
684 1649 817 1693 tunc
845 1648 1031 1709 potest
1059 1639 1288 1694 idoneus
1317 1651 1499 1694 rector
1525 1640 1737 1697 iuturus

141 1733 368 1803 probari,
402 1733 447 1787 si
494 1735 643 1804 prius
669 1733 891 1789 domum
926 1748 1079 1788 suam
1113 1745 1264 1790 recte
1298 1733 1730 1804 gubernaverit;

841 299 1352 364 COMMENTARIA
1388 299 1454 360 tu
1497 268 1732 358 ιιριθτξ
1759 299 1850 357 AD
1889 298 2300 358 TiiiOTiiEUii
2341 299 2629 358 PiiiiiAM.

3325 301 3432 357 470

1895 419 2074 484 (Vers.
2119 419 2172 485 8,
2225 418 2278 486 9,
2319 421 2427 491 i0.)
2477 418 2737 475 Diaconos
2793 421 2911 490 pari
2973 419 3128 474 modo
3177 420 3432 492 pudicas,

1831 530 1932 566 non
1964 512 2239 585 bilingues,
2291 529 2392 566 non
2422 515 2540 567 vino
2580 516 2742 570 multo
2774 515 2997 578 deditos,
3053 531 3152 569 non
3197 513 3436 584 turpibus

1833 606 1991 660 lucris
2019 615 2284 670 vacantes,
2319 607 2560 660 habentes
2590 612 2889 678 mysterium
2914 609 3036 678 ﬁdei
3075 607 3128 660 in
3168 609 3436 661 conscien-

1831 702 1901 756 tia
1929 718 2081 772 pura.
2120 700 2186 755 Et
2213 700 2267 754 hi
2297 712 2466 754 autem
2498 702 2779 772 probentur
2811 707 3070 771 primum,
3121 712 3169 758 et
3225 704 3298 757 sic
3341 704 3436 757 nti-

1831 799 2048 852 nistrent
2075 798 2184 850 sine
2228 795 2459 850 crimine.
2512 796 2612 864 Qui
2643 805 2790 849 tanta
2834 796 2974 850 circa
3025 795 3288 852 diaconos
3334 795 3437 852 eii-

1830 891 2037 964 gendos
2072 888 2341 961 prtccipit,
2374 903 2510 956 quos
2543 898 2761 943 cou~tat
2788 890 3073 944 ministros
3101 906 3225 945 esse
3257 905 3438 945 sacer-

1833 984 2051 1047 dotum;
2078 983 2265 1054 quales
2303 982 2424 1036 vult
2468 996 2591 1036 esse
2637 982 2959 1052 episcopos,
2996 981 3098 1036 nisi
3143 981 3284 1037 sicut
3325 982 3441 1052 ipse

1832 1075 1928 1142 ait,
1955 1073 2501 1146 irreprchensibilcs,
2529 1075 2744 1143 negotia
2779 1073 3013 1144 publica,
3049 1075 3229 1144 tnt‘pia
3271 1084 3322 1127 et
3355 1073 3437 1127 vi.

1835 1171 1904 1225 lia
1931 1171 2079 1227 lucra
2106 1186 2213 1224 non
2240 1167 2548 1223 habentes?
2595 1168 2757 1240 295
2800 1167 2912 1223 Scit
2940 1169 3084 1222 enim
3119 1167 3242 1223 ideo
3273 1182 3440 1238 nego-

1835 1266 1982 1331 tiari,
2028 1275 2084 1319 ut
2115 1265 2333 1334 capiant
2361 1264 2535 1328 lucra,
2583 1279 2682 1316 nec
2713 1261 2856 1316 aliud
2913 1264 3241 1332 proiitenlur
3277 1277 3438 1333 quam

1833 1368 2051 1431 gerunt.
2073 1357 2274 1427 Turpia
2299 1367 2478 1411 autem
2511 1356 2660 1410 lucra
2683 1355 2798 1410 haec
2829 1355 2961 1410 dicit
2990 1369 3131 1421 esse,
3159 1355 3203 1408 si
3234 1354 3335 1409 sub
3356 1353 3442 1424 pia

1835 1454 2178 1524 professione
2205 1451 2508 1524 quaestibus
2530 1451 2849 1517 studeatur;
2880 1451 3055 1521 turpis
3078 1448 3221 1505 enim
3247 1449 3442 1519 deprc-

1837 1548 2113 1614 henditur,
2147 1564 2268 1603 cum
2296 1563 2356 1602 se
2387 1562 2580 1618 purum
2625 1554 2888 1601 ostentet.
2943 1544 3071 1599 Post
3119 1543 3435 1614 episcopum

1838 1650 2019 1696 tamen
2048 1638 2073 1676 ί¹
2101 1641 2420 1696 diaconatus
2465 1639 2870 1695 ordinationem
2923 1636 3178 1707 subjecit.
3227 1635 3440 1704 Quare,

1838 1737 1940 1791 nisi
1969 1737 2092 1806 quia
2121 1735 2364 1806 episcopi
2417 1743 2470 1790 et
2512 1733 2820 1804 presbyteri
2856 1747 2959 1786 una
3001 1729 3274 1785 ordinatio
3325 1729 3446 1783 est?

140 1837 220 1907 qui
251 1836 389 1891 enim
417 1836 470 1891 in
502 1835 742 1890 minimis
773 1835 954 1892 ﬁdelis
983 1843 1088 1901 est,
1131 1845 1184 1891 et
1208 1835 1260 1889 in
1294 1833 1507 1905 magnis
1554 1832 1730 1889 iideiis
1762 1830 1810 1890 B
1837 1831 2078 1902 Uterque
2129 1831 2275 1886 enim
2326 1829 2585 1885 sacerdos
2616 1837 2729 1895 est,
2757 1827 2850 1883 sed
2901 1825 3193 1896 episcopus
3238 1821 3446 1895 primus

141 1939 214 1984 cst
245 1928 397 1998 (Luc.
426 1945 541 1994 xvr,
568 1930 680 2000 i0.)

205 2024 381 2096 (Vera.
409 2023 490 2095 8.)
515 2023 640 2078 Non
666 2024 1005 2096 neaphytum,
1040 2041 1102 2079 ne
1122 2024 1176 2078 in
1201 2023 1495 2094 superbiam
1526 2022 1723 2088 elatus,

139 2118 187 2172 in
204 2119 457 2189 judicium
487 2120 687 2174 incidat
713 2120 933 2175 diaboli.
984 2119 1184 2175 Verum
1213 2128 1296 2175 est
1326 2119 1450 2190 quia
1483 2117 1648 2172 rudes
1681 2118 1734 2172 in

143 2209 238 2265 ilde
264 2211 438 2266 solent
463 2212 655 2266 extolli
686 2211 940 2282 superbia
963 2255 976 2276 ,
1013 2212 1249 2267 maxime
1273 2211 1316 2265 si
1348 2208 1623 2281 accipiant
1651 2225 1742 2263 or-

143 2301 345 2370 dinem;
377 2305 621 2361 novitate
646 2306 788 2360 cuim
815 2317 868 2361 et
896 2314 1172 2378 potestate
1201 2305 1439 2368 iniiatur,
1467 2303 1742 2360 arbitrans

144 2415 198 2455 se
225 2415 332 2469 prae
362 2401 584 2456 ueteris
616 2400 946 2470 digniorem.
979 2400 1186 2456 Videris
1211 2399 1354 2455 cnim
1387 2397 1570 2470 primo
1602 2414 1747 2454 anno

144 2494 430 2548 nativitatis
455 2493 718 2548 collatum
746 2493 800 2549 in
830 2509 888 2550 se
923 2493 1224 2559 honorem,
1260 2504 1415 2559 putat
1439 2509 1546 2548 non
1567 2493 1741 2565 magis

143 2587 202 2640 ad
226 2603 399 2654 suum,
432 2587 530 2644 sed
583 2587 650 2642 ad
699 2589 934 2643 aliorum
977 2589 1282 2660 proiectum
1328 2605 1388 2644 se
1437 2599 1732 2658 vocatum,

146 2681 287 2748 quasi
321 2680 651 2736 bencilcium
683 2681 934 2752 religioni
964 2681 1057 2737 det
1083 2683 1287 2753 magis,
1320 2697 1481 2754 quam
1509 2683 1742 2754 accipiat

148 2772 210 2826 ab
231 2789 320 2839 ea;
357 2789 450 2844 per
483 2790 647 2845 quam
683 2789 799 2830 rem
823 2775 1020 2840 elatus,
1043 2774 1071 2813 δ
1092 2775 1324 2830 incurrit
1350 2774 1606 2845 laqueum
1631 2774 1743 2829 dia-

149 2867 276 2922 boli.
309 2869 530 2925 Inventa
565 2869 712 2926 enim
756 2869 1046 2926 occasione
1083 2871 1358 2939 superbia:
1390 2870 1559 2936 illius,
1589 2870 1744 2925 Sata-

150 2977 238 3016 nas
279 2965 584 3036 prteclp'itat
632 2981 780 3021 eum.
816 2963 1055 3036 ideoque
1087 2967 1140 3020 in
1165 2965 1461 3022 Salonmne
1500 2965 1742 3037 legitur:

154 3053 388 3127 Superbia
421 3057 565 3112 Deus
606 3059 800 3113 resistit
850 3057 1036 3128 (Prov.
1085 3073 1183 3125 ιιι,
1227 3057 1343 3130 54).
1388 3057 1546 3114 Unde
1594 3066 1651 3112 ct
1696 3057 1747 3112 in

156 3147 251 3201 alia
279 3151 511 3220 epistola
546 3149 686 3206 idem
723 3151 1013 3221 Apostolus
1045 3151 1120 3205 ait
1170 3170 1182 3207 :
1237 3150 1340 3218 Qui
1367 3167 1419 3205 se
1461 3161 1607 3221 putat
1641 3166 1747 3206 esse

1843 1937 1959 1993 est;
1986 1937 2044 1980 ut
2085 1924 2265 1980 omnis
2295 1925 2586 1995 episcopus
2635 1922 2925 1996 presbyter
2964 1921 3070 1989 sit,
3112 1935 3222 1976 non
3267 1931 3446 1974 tamen

1843 2023 2022 2077 omnis
2051 2021 2343 2094 presbyter
2365 2019 2654 2090 episcopus
2680 2034 2695 2083 ;
2726 2017 2815 2073 hic
2845 2017 2990 2073 enim
3021 2016 3318 2086 episcopus
3343 2022 3450 2078 est,

1843 2115 1934 2186 qui
1988 2113 2133 2169 inter
2184 2114 2536 2184 presbyteros
2579 2113 2786 2182 primus
2818 2119 2922 2166 est.
2975 2110 3220 2179 Denique
3265 2107 3453 2163 Timo-

1845 2209 2028 2264 theum
2064 2208 2442 2279 presbyterum
2485 2207 2796 2260 ordinatum
2847 2202 3156 2273 significat:
3196 2199 3290 2256 sed
3322 2202 3446 2270 quia

1844 2313 1968 2358 ante
2000 2317 2057 2357 se
2085 2303 2319 2356 alterum
2351 2315 2457 2354 non
2492 2298 2747 2365 habebat,
2781 2297 3074 2369 episcopus
3105 2306 3247 2352 erat.
3291 2294 3450 2351 Unde

1845 2407 1902 2455 et
1959 2394 2420 2468 quemadmodum
2478 2395 2800 2466 episc0pum
2865 2391 3120 2457 ordinet,
3173 2388 3453 2453 ostendit;

1848 2508 2023 2564 neque
2053 2492 2199 2547 enim
2249 2489 2331 2546 fas
2384 2500 2501 2545 erat
2560 2497 2649 2545 aut
2701 2489 2940 2550 licebat.
2978 2495 3040 2542 ut
3087 2484 3318 2542 inferior
3363 2499 3451 2539 or-

1846 2587 2062 2642 dinaret
2095 2584 2390 2655 majorem;
2423 2599 2585 2639 nemo
2611 2582 2757 2639 enim
2784 2581 3004 2649 tribuit,
3035 2579 3180 2653 quod
3213 2594 3320 2634 non
3347 2593 3440 2632 aco

1847 2680 2010 2751 cepit.

1924 2774 2106 2847 (Vcrs.
2141 2772 2255 2846 ii.)
2289 2771 2538 2827 Mulieres
2565 2771 2807 2827 similiter
2835 2771 3075 2843 pudicas,
3102 2785 3205 2823 non
3235 2767 3452 2823 studen-

1849 2878 1920 2923 tes
1952 2866 2249 2931 discordiae,
2298 2867 2388 2922 sed
2432 2866 2651 2929 sobrias,
2705 2865 2886 2936 ﬁdeles
2923 2865 2976 2918 in
3007 2863 3268 2917 omnibus.
3314 2859 3451 2927 Quia

1849 2972 2094 3018 sanctum
2125 2961 2372 3032 praecipit
2400 2961 2578 3017 creari
2607 2961 2949 3030 episc0pum,
2984 2957 3212 3028 adaeque
3253 2964 3310 3011 et
3337 2953 3455 3009 dia-

1851 3071 2071 3120 conum,
2125 3071 2233 3110 non
2284 3056 2469 3127 utique
2521 3055 2795 3126 diSpurem
2845 3051 2964 3106 vult
3018 3065 3140 3106 esse
3197 3049 3454 3120 plebem;

1852 3152 2053 3223 quippe
2100 3165 2221 3204 cum
2257 3149 2402 3204 dicat
2441 3147 2710 3203 Dominus
2742 3164 2755 3200 :
2807 3145 2994 3201 Sancti
3025 3153 3216 3210 estote;
3244 3143 3365 3212 quia
3410 3151 3458 3196 et

155 3241 363 3313 aliquid,
397 3258 515 3297 cum
547 3242 682 3297 nihil
709 3244 805 3307 sit,
831 3260 886 3298 se
917 3245 1086 3316 ipsum
1110 3243 1306 3296 seducit
1338 3242 1535 3316 (Calai.
1564 3259 1638 3308 vt,
1663 3241 1740 3315 '5).
1773 3237 1818 3300 C
1853 3262 1944 3317 ego
1975 3254 2182 3298 sanctus
2211 3258 2326 3297 sum
2370 3241 2553 3314 (Leuit.
2606 3257 2718 3306 tux,
2753 3238 2832 3312 Ξ).
2870 3239 3103 3309 ideoque
3134 3238 3299 3294 etiam
3340 3249 3459 3290 mu-

161 3332 221 3388 Et
249 3336 510 3392 Dominus
531 3353 550 3390 :
577 3336 682 3404 Qui
707 3353 780 3402 se,
813 3336 1010 3407 inquit,
1039 3335 1360 3401 exaltarerit,
1394 3335 1751 3390 humiliabitnr

160 3426 301 3498 (Luc.
334 3445 442 3493 ιιι,
476 3429 593 3500 ii).

226 3521 402 3594 (Vers.
438 3523 520 3594 7.)
562 3522 777 3591 Oportet
809 3531 978 3577 autem
1005 3533 1051 3577 et
1078 3524 1225 3576 illum
1259 3523 1612 3577 testimonium
1659 3521 1752 3574 ha-

164 3613 266 3668 bere
292 3615 481 3669 bonum
503 3617 569 3669 ab
595 3615 682 3680 iis,
716 3615 804 3684 qui
833 3617 960 3686 {oris
989 3625 1128 3668 sunt.
1154 3616 1384 3670 Sensum
1415 3615 1755 3670 Dominicum

162 3718 404 3775 secutus,
441 3709 520 3763 ait
565 3718 823 3777 oportere
872 3708 1111 3763 futurum
1152 3708 1469 3779 episcopum
1499 3707 1756 3762 testimo-

168 3797 306 3854 nium
337 3800 541 3858 bouutn
578 3801 781 3856 habere
803 3800 871 3855 ab
893 3801 1204 3866 extraneis;
1235 3803 1359 3872 quia
1391 3801 1481 3872 qui
1510 3801 1564 3855 in
1600 3801 1757 3855 ιιιΙιιΙ-

167 3890 262 3944 mis
285 3892 467 3948 ﬁdelis
492 3901 602 3960 est,
650 3905 706 3948 et
752 3895 806 3948 iu
839 3896 1072 3966 magnis,
1106 3896 1247 3951 sicut
1288 3896 1424 3950 dicit
1471 3897 1756 3952 Dominus.

170 3980 235 4036 Et
256 3983 302 4041 si
328 3984 380 4040 in
402 3986 594 4042 alieno
619 3997 640 4026 ε
668 4001 976 4043 mammona
1021 3989 1212 4045 tidt'eles
1243 4006 1350 4044 non
1374 3989 1569 4056 fuistis,
1615 3989 1760 4061 quod

172 4089 408 4134 ventrum
433 4090 544 4147 est,
572 4081 696 4152 quis
717 4083 868 4137 dabit
904 4084 1095 4139 vobis?
1124 4085 1190 4141 Ut
1216 4084 1304 4141 hic
1326 4086 1416 4156 qui
1445 4086 1497 4140 in
1527 4087 1761 4141 munda-

177 4173 254 4226 nis
285 4175 446 4230 rebus
474 4185 532 4231 et
570 4179 988 4234 conversatione
1036 4179 1268 4235 humana
1315 4180 1490 4236 ildelis
1538 4182 1764 4238 minime

177 4263 461 4335 invenitur,
488 4267 714 4324 dubium
747 4286 853 4326 non
876 4273 947 4328 sit
973 4273 1096 4343 quia
1126 4274 1257 4329 etin
1297 4274 1499 4330 divinis
1533 4275 1764 4331 idoneus

177 4377 278 4416 non
322 4365 425 4419 erit
460 4384 473 4419 :
508 4365 554 4419 si
606 4374 790 4419 autem
838 4365 1152 4423 hominibus
1207 4368 1366 4424 iidem
1414 4369 1767 4440 exhibuerit,

183 4454 346 4510 multo
384 4458 558 4528 magis
598 4457 731 4513 Deo.
771 4459 854 4513 Ne
879 4463 930 4513 in
959 4461 1293 4532 opprobrium
1320 4462 1540 4528 incidat,
1588 4472 1637 4515 ct
1685 4462 1766 4516 la-

180 4560 353 4613 quem
382 4548 599 4606 diaboli.
627 4549 682 4606 Si
713 4551 964 4607 timorem
1011 4552 1108 4606 Dei
1153 4563 1278 4608 ante
1314 4553 1504 4608 oculos
1534 4567 1642 4608 non
1676 4555 1771 4609 ha-

1855 3337 2040 3404 iieres,
2089 3351 2210 3407 qum
2258 3333 2550 3389 inferiores
2589 3333 2866 3395 videntur,
2911 3331 3032 3387 sine
3081 3329 3313 3386 crimine
3344 3325 3463 3381 vult

1855 3444 2011 3495 esse;
2039 3438 2091 3483 ut
2125 3426 2326 3482 nmnda
2356 3427 2428 3481 sit
2452 3425 2696 3482 Ecclesia
2722 3425 2835 3480 Dei.
2859 3423 2966 3479 Sed
2992 3422 3349 3494 Catapbrygae
3372 3435 3462 3477 er-

1858 3526 1997 3580 roris
2030 3521 2377 3579 occasionem
2408 3530 2712 3592 captantes,
2747 3529 2973 3590 propter
3013 3517 3157 3590 quod
3192 3523 3315 3588 post
3343 3515 3464 3570 dia-

1859 3632 2030 3673 conos
2053 3617 2312 3670 mulieres
2342 3615 2657 3686 alloquitur,
2691 3614 2855 3669 etiam
2888 3613 3035 3682 ipsas
3069 3610 3333 3667 diaconas
3371 3623 3465 3663 or-

1862 3710 2034 3765 dinari
2082 3709 2286 3764 debere
2324 3723 2458 3762 vana
2492 3705 2920 3779 przesumptione
2950 3703 3288 3768 defendunt;
3339 3716 3465 3756 cum

1863 3802 2038 3858 sciant
2062 3800 2340 3873 apostolos
2370 3809 2578 3871 septem
2614 3798 2874 3854 diaconos
2901 3797 3153 3869 elegisse.
3190 3791 3464 3866 Numquid

1863 3897 2009 3952 nulla
2043 3894 2242 3950 mulier
2270 3905 2397 3948 tunc
2429 3891 2620 3950 idonea
2648 3896 2868 3947 inventa
2900 3899 3006 3955 est,
3040 3905 3166 3944 cum
3197 3887 3343 3943 inter
3369 3902 3470 3940 un-

1864 3990 2039 4047 decim
2084 3987 2361 4060 apostolos
2401 3996 2619 4041 sanctas
2662 3985 2925 4040 mulieres
2962 3983 3131 4038 fuisse
3174 3979 3467 4052 legamus?

1867 4086 1974 4143 Sed
2008 4093 2065 4139 ut
2095 4082 2332 4139 basretici
2365 4083 2606 4137 animum
2637 4096 2792 4136 suum
2823 4077 3032 4140 verbis,
3063 4092 3169 4130 non
3201 4089 3366 4130 sensu
3392 4073 3471 4129 le-

1865 4181 1948 4253 gis
1975 4190 2226 4234 astruere
2255 4177 2566 4242 videantur,
2597 4173 2849 4246 Apostoii
2890 4170 3073 4227 verbis
3101 4178 3290 4226 contra
3339 4182 3434 4222 seu
3453 4196 3468 4209 -

1868 4291 1988 4332 sum
2021 4275 2270 4329 nituntur
2294 4271 2573 4342 Apostoii;
2605 4279 2663 4324 ut
2687 4285 2808 4322 cum
2841 4268 2932 4323 ille
2960 4265 3244 4321 mulierem
3283 4262 3336 4316 in
3371 4261 3471 4316 iic-

1869 4368 2036 4423 clesia
2069 4368 2121 4422 in
2153 4366 2374 4421 silentio
2403 4379 2524 4421 esse
2552 4364 2752 4419 debere
2781 4361 3081 4432 praecipiat,
3115 4359 3190 4414 illi
3218 4372 3249 4413 e
3280 4362 3471 4412 contra

1871 4463 2032 4518 etiam
2061 4461 2440 4515 auctoritatem
2485 4458 2537 4512 in
2569 4453 2817 4512 Ecclesia
2851 4455 3126 4510 vindicent
3157 4449 3472 4507 ministerii.

1946 4555 2128 4627 (Vers.
2156 4553 2244 4621 12,
2268 4553 2381 4625 i5.)
2408 4552 2660 4606 Diacones
2682 4551 2783 4604 sint
2806 4549 2960 4603 unius
2983 4547 3164 4602 uxoris
3190 4545 3309 4613 uiri,
3338 4543 3476 4614 ﬁlios

183 4637 348 4696 interit
394 4644 706 4714 episcopus,
755 4648 988 4716 tempori
1040 4647 1212 4717 magis
1263 4661 1325 4703 se
1368 4648 1727 4705 commodans
1752 4692 1768 4718 ,
1798 4641 1852 4704 Ι)
1880 4650 2003 4704 bene
2022 4656 2275 4718 regentes,
2300 4654 2347 4701 et
2372 4644 2551 4698 domas
2575 4644 2851 4713 proprias;
2874 4640 2960 4711 qui
2983 4639 3119 4693 enim
3148 4636 3274 4692 bene
3298 4635 3484 4688 minis-

185 4730 324 4794 hnnc
365 4739 521 4806 quasi
571 4738 845 4794 inﬁdelem
889 4749 945 4796 et
985 4740 1517 4811 pseudupropbetam
1565 4741 1772 4797 deserit

187 4824 344 4897 Deus,
375 4841 431 4886 et
457 4830 722 4888 deformis
743 4833 1016 4888 videbitur
1046 4833 1301 4888 omnibus
1335 4842 1390 4887 et
1427 4835 1770 4900 maculosus;

188 4920 307 4988 quia
337 4923 499 4980 aliter
526 4923 658 4982 facit
684 4965 700 4992 ,
725 4941 886 4996 quam
921 4925 1201 4996 pra-dicat,
1223 4924 1404 4982 verbis
1427 4927 1541 4980 suis
1568 4926 1682 4997 ipse
1713 4941 1775 4983 se

190 5025 474 5082 accusans,
516 5017 642 5090 quia
692 5018 986 5087 damnatus
1035 5027 1120 5074 est
1168 5020 1316 5090 gregi
1345 5019 1598 5084 Satanae;
1641 5029 1772 5074 tunc

193 5105 332 5162 enim
363 5124 484 5162 vera
512 5123 572 5166 se
601 5112 793 5180 probat
816 5111 1140 5180 prardieare,
1172 5113 1218 5168 si
1251 5128 1316 5167 ea
1341 5123 1578 5168 conetur
1603 5124 1655 5168 et
1687 5127 1782 5183 go-

195 5211 332 5258 rere.
357 5199 540 5272 Magna
565 5218 694 5274 ergo
715 5220 843 5261 cura
875 5206 1161 5276 eligendus
1190 5217 1296 5270 est,
1321 5207 1410 5276 qui
1435 5206 1654 5261 domum
1684 5207 1779 5264 Dei

197 5292 483 5364 regendam
513 5297 745 5367 accipit;
778 5297 826 5356 si
873 5299 1018 5354 enim
1075 5297 1414 5353 terrestrium
1455 5313 1638 5355 rerum
1671 5299 1784 5356 dis-

201 5396 508 5532 pensatores
531 5389 710 5450 idonei
741 5389 1024 5460 quaerendi
1053 5399 1212 5458 sunt,
1235 5400 1441 5460 quanto
1469 5393 1641 5463 magis
1671 5406 1784 5450 cm-

221 5481 450 5532 ostium!

221 5481 450 5540 ostium!

278 5665 522 5724 “Eadem
561 5668 720 5724 Rom.
773 5667 937 5735 edit.,
997 5668 1369 5739 compositum,
1433 5668 1780 5740 hospitalem,

206 5751 378 5813 aptum
423 5740 488 5793 ad
537 5740 944 5798 docendum.....
994 5758 1096 5795 non
1147 5741 1460 5813 litigiosum,
1509 5758 1609 5796 non
1647 5741 1794 5810 cupi-

211 5809 530 5941 dug'iiadem
557 5884 685 5942 edit.
723 5884 907 5956 Rom,
931 5885 1150 5942 incurrit
1169 5884 1438 5954 judicium
1465 5883 1680 5940 diaboli.

1880 4743 2145 4806 traverint,
2187 4739 2406 4812 gradum
2451 4738 2640 4792 bonum
2683 4735 2780 4791 sibi
2827 4733 3121 4804 acquirunt,
3170 4740 3218 4786 et
3266 4729 3480 4783 multum

1885 4836 2126 4906 ﬁduciam
2146 4835 2197 4886 in
2216 4832 2340 4902 ﬁde,
2360 4846 2474 4902 qna!
2495 4830 2640 4883 estin
2663 4827 2869 4883 Christo
2889 4823 3037 4882 Iesu.
3058 4825 3135 4880 Ea
3158 4839 3278 4895 qum
3299 4822 3483 4876 minus

1882 4927 2098 4982 dixerat
2138 4927 2206 4978 de
2254 4922 2596 4978 ordinatione
2637 4920 2981 4984 diaconatus,
3034 4930 3183 4972 nunc
3227 4911 3484 4983 subjecit.

1883 5020 2138 5079 Ostendit
2181 5019 2346 5075 etiam
2393 5017 2539 5086 ipsos
2588 5015 2746 5071 unius
2795 5014 2984 5069 uxoris
3028 5011 3180 5066 viros
3231 5021 3352 5063 esse
3391 5004 3490 5060 de-

1888 5117 2056 5182 bere;
2089 5123 2146 5169 ut
2178 5114 2228 5168 hi
2269 5111 2335 5167 ad
2371 5109 2735 5166 ministerium
2784 5108 2879 5164 Dei
2927 5106 3224 5176 eligantur,
3250 5099 3341 5171 qui
3381 5111 3492 5152 non

1891 5214 2022 5264 sunt
2050 5206 2257 5278 egressi
2299 5204 2654 5260 constitutum
2704 5200 2820 5256 Dei.
2863 5194 3081 5253 liomlni
3131 5192 3275 5249 enim
3327 5203 3488 5246 unam

1894 5316 2121 5358 uxorem
2150 5299 2398 5355 decrevit
2445 5298 2607 5360 Deus,
2642 5309 2764 5351 cum
2808 5307 2913 5364 qua
2956 5287 3351 5351 benedicatur;
3401 5299 3499 5341 ne-

1893 5413 1983 5451 mo
2028 5395 2174 5450 enim
2221 5409 2344 5448 cum
2395 5391 2632 5448 secunda
2683 5385 3045 5444 benedicitur.
3108 5380 3210 5448 Qui
3259 5381 3303 5435 si
3353 5378 3497 5436 ﬁlios

1894 5489 2037 5546 bene
2059 5487 2511 5560 gubernaverint,
2531 5495 2586 5541 et
2626 5484 2820 5538 domos
2843 5491 2993 5544 suas,
3019 5475 3075 5533 id
3098 5482 3204 5544 est,
3231 5489 3498 5533 vernacu-

1969 5681 1992 5709 ε
2028 5669 2202 5725 Dictio
2230 5681 2522 5724 mammona
2551 5663 2604 5719 in
2634 5662 2792 5717 Rom.
2827 5659 2960 5716 edit.
2989 5669 3261 5732 expuncla
3291 5659 3492 5726 fuerat,

1904 5743 1998 5809 sed
2029 5759 2190 5809 quam
2217 5743 2288 5802 ob
2316 5737 2574 5800 causam?

1975 5811 2001 5852 ἀ
2038 5804 2198 5870 item.
2228 5812 2384 5877 edit.,
2416 5807 2638 5891 Diaconi
2668 5804 3048 5862 ordinationem
3084 5804 3320 5878 subjecit.
