3970 6316
521 232 620 288 471

1463 227 1555 284 ΑΙ)
1593 224 1826 285 OPERA
1860 227 2102 284 SANLTI
2151 227 2477 286 AMBROSII
2514 231 2882 290 APPENDIX.

3677 239 3761 296 479.

517 349 598 403 los
645 356 738 403 aut
791 346 1144 410 domesticos,
1193 353 1446 416 poterunt
1492 345 1638 414 digni
1687 343 1806 399 tieri
1857 343 2116 398 saecrdo-
2146 345 2200 405 Α
2225 345 2336 399 rari
2361 357 2522 418 negat
2547 357 2950 405 sacramentum
2979 349 3233 406 veritatis
3264 347 3318 403 in
3349 347 3576 406 Ecclesia
3601 354 3762 423 praei.

520 445 614 508 tio,
663 452 716 496 et
757 440 1010 495 ﬁduciam
1057 438 1262 494 habere
1315 437 1453 508 apud
1505 438 1710 504 Deum;
1743 446 1804 492 ut
1843 438 2020 494 sciant
2057 451 2118 491 se

523 549 682 607 posse
717 535 1029 604 impetrare,
1060 532 1200 602 quod
1247 534 1546 603 postulant,
1581 533 1694 602 jam
1730 531 1799 587 de
1829 539 2031 586 caetero
2058 544 2119 585 se

518 629 586 683 ab
633 642 734 682 usu
773 627 992 682 femina:
1021 626 1366 680 cohibentes.
1403 625 1688 680 Veteribus
1720 625 1863 679 enim
1913 624 2119 678 idcirco

518 738 839 778 concessum
889 732 974 777 est
1020 721 1201 776 levitis
1249 729 1343 776 aut
1392 720 1772 777 sacerdotibus
1803 735 2005 774 uxores
2050 719 2116 773 ad

521 833 674 872 usmn
719 816 954 880 habere;
987 815 1111 885 quia
1144 816 1372 870 multum
1403 825 1616 882 tempus
1644 814 1757 868 otio
1793 814 2058 868 vacabant
2087 827 2118 868 a

519 912 826 968 ministerio
851 921 943 965 aut
965 911 1272 966 sacerdotio
1295 909 1612 980 (multitudo
1635 910 1776 962 enim
1803 919 1918 962 erat
1941 923 2122 962 sacer—

519 1005 728 1070 dotum,
777 1015 831 1059 et
884 1021 1075 1075 magna
1105 1007 1257 1076 copia
1299 1005 1607 1068 levitarum,
1650 1012 1704 1058 et
1750 1001 2120 1072 unusquisque

517 1110 668 1156 certo
690 1111 934 1170 tempore
957 1100 1228 1155 serviebat
1251 1101 1451 1156 divinis
1465 1097 1796 1155 ceretnoniis
1819 1096 2119 1151 secundum

516 1195 826 1249 institutum
877 1195 1043 1248 David
1093 1194 1136 1265 (Ι
1169 1193 1298 1248 Par.
1332 1211 1404 1260 vt,
1435 1194 1524 1260 5i,
1555 1191 1684 1262 3:2);
1737 1191 1824 1246 hic
1869 1190 2012 1246 enim
2045 1190 2126 1244 vi-

518 1287 652 1359 ginti
681 1297 734 1341 et
757 1296 990 1356 quatuor
1009 1287 1216 1342 classes
1241 1287 1524 1344 constituit
1552 1285 1922 1346 sacerdotum,
1957 1295 2012 1336 ut
2042 1285 2120 1337 vi-

521 1381 675 1436 cibus
708 1380 1052 1436 descrvirent
1093 1399 1106 1436 :
1141 1381 1285 1438 unde
1315 1383 1451 1438 Abia
1483 1389 1730 1436 octavam
1763 1382 1994 1436 claSsetn
2029 1380 2124 1434 ba-

524 1474 665 1538 huit,
689 1477 846 1542 cujus
875 1477 994 1530 vice
1009 1475 1304 1530 Zacharias
1331 1475 1654 1545 fungebatur
1671 1473 1996 1538 sacerdotio,
2015 1476 2122 1528 sic-

527 1581 584 1624 ttt
624 1570 936 1624 continetur
977 1571 1026 1624 in
1059 1570 1202 1624 libro
1235 1570 1692 1642 Paralipomenon
1725 1569 1768 1641 (l
1801 1567 1931 1622 Par.
1965 1584 2121 1636 χχιιι,

526 1662 560 1717 4
584 1672 630 1716 ει
663 1663 816 1731 seq.),
868 1663 937 1716 ita
973 1673 1030 1716 ut
1062 1675 1308 1732 tempore
1341 1677 1449 1734 quo
1487 1678 1593 1718 non
1623 1663 1750 1717 illos
1777 1661 2130 1731 contingebat

2221 451 2376 504 culte,
2411 457 2571 512 quam
2623 443 2881 513 pietatem
2931 443 3202 514 appellat;
3243 439 3269 480 ι’
3319 443 3761 513 magnanimitatem

2219 535 2362 590 enim
2392 548 2446 592 et
2475 538 2826 594 clementiam
2852 555 3006 594 suam
3031 537 3487 611 cognoscentibus
3514 549 3690 596 :eterna
3721 551 3763 600 et

2219 629 2404 685 divina
2429 631 2618 688 tribuit
2639 633 2802 700 dona,
2827 645 3063 704 excepta
3091 633 3420 688 remissiotte
3447 643 3762 708 peccatorum,

2221 738 2382 792 quam
2417 723 2505 778 hic
2533 725 2584 778 iu
2621 726 2874 795 prtcsenti
2907 727 3156 796 largitur.
3193 725 3348 791 Quod
3391 726 3676 782 declaratum
3706 743 3762 786 est

2223 815 2274 870 in
2299 819 2838 889 carne,justiﬁcatum
2871 828 2944 872 est
2971 821 3022 872 in
3053 819 3268 884 spiritu,
3301 819 3468 872 visum
3495 831 3562 873 est
3588 823 3764 890 angelis,

2227 911 2560 974 prwdicatum
2597 921 2668 966 est
2695 913 2954 984 gentibus,
2979 911 3237 967 creditum
3275 921 3350 965 est
3389 913 3443 966 in
3479 912 3568 966 hoc
3593 915 3764 984 mundo,

2223 1016 2540 1074 assumptum
2571 1015 2646 1060 est
2675 1007 2726 1060 in
2753 1005 2940 1076 gloria.
2971 1006 3388 1062 Sacramentum
3435 1003 3652 1077 mysterii
3679 1007 3768 1074 Dei,

2225 1099 2368 1171 quod
2400 1111 2480 1154 εει
2505 1098 2757 1155 Christus
2781 1101 2832 1154 in
2861 1115 3049 1164 carne,
3069 1098 3200 1154 dicit
3225 1097 3769 1170 manifestatum,quod

2227 1191 2432 1248 latebat
2461 1192 2514 1246 in
2543 1193 2758 1262 spiritu.
2793 1191 2961 1246 Natus
3001 1193 3147 1248 enim
3189 1191 3357 1248 homo
3388 1191 3552 1247 Filius
3583 1192 3678 1260 Dei,
3700 1194 3770 1262 qui

2228 1285 2280 1338 in
2311 1294 2522 1340 secreto
2565 1295 2680 1339 erat
2720 1285 2860 1355 apud
2903 1284 3098 1348 Deum,
3128 1301 3296 1356 opere
3337 1293 3394 1340 et
3439 1284 3769 1354 praedicatione

2227 1377 2530 1432 declaravit
2563 1392 2622 1432 se
2650 1387 2939 1440 creatum,
2969 1387 3026 1432 et
3057 1376 3158 1432 hoc
3201 1387 3284 1432 est
3309 1377 3647 1447 iustiﬁcatam
3679 1393 3772 1434 esse

2229 1470 2279 1526 in
2326 1471 2552 1541 Spiritu,
2595 1471 2854 1539 cperibus
2901 1481 2951 1526 et
3005 1472 3209 1527 virtute
3251 1469 3518 1526 claruisse
3551 1487 3677 1536 eum,
3703 1473 3772 1540 qui

2229 1566 2424 1621 eratin
2447 1581 2632 1632 carne,
2649 1566 2769 1634 quis
2799 1575 2950 1621 esset
2982 1584 2994 1618 :
3025 1565 3226 1622 deinde
3247 1563 3564 1637 apparuisse
3589 1565 3772 1634 angelis,

2230 1674 2334 1713 non
2363 1659 2474 1728 jam
2507 1659 2560 1712 in
2585 1657 2754 1712 forma
2781 1658 3124 1724 humilitatis,
3149 1657 3246 1714 sed
3275 1659 3328 1712 in
3355 1655 3775 1728 potestate.’l‘ant-

527 1758 810 1812 deservire
841 1757 1021 1825 altari,
1047 1757 1333 1813 domorum
1373 1773 1592 1812 suarum
1638 1766 1858 1826 agerent
1888 1771 2074 1811 curam
2109 1773 2122 1808 :
2163 1743 2202 1798 Β
2231 1754 2322 1810 ditt
2341 1755 2486 1811 enim
2505 1765 2726 1826 aspectu
2751 1755 2970 1810 humilis
2987 1755 3134 1810 visus
3157 1763 3244 1811 est
3268 1770 3368 1822 per
3389 1769 3758 1823 carnem.quam

533 1861 585 1906 at
617 1849 704 1904 ubi
743 1865 872 1904 vero
919 1860 1133 1918 tempus
1179 1850 1493 1905 imtnincbat
1521 1849 1829 1916 ministerii,
1863 1847 2132 1918 purilicati

529 1943 820 2012 aliquantis
869 1943 1084 2010 diebus,
1133 1944 1471 1999 accedebant
1510 1943 1576 1998 ad
1627 1944 1888 2013 templum
1935 1941 2132 1996 oll'erre

437 2099 448 2108 .
533 2038 662 2092 Deo.
689 2035 844 2090 Nunc
876 2047 1058 2092 autem
1089 2047 1298 2105 septem
1345 2035 1608 2090 diaconos
1636 2051 1758 2092 esse
1802 2045 2038 2105 oportet,
2079 2041 2134 2089 et

531 2129 839 2198 aliquautos
863 2129 1241 2200 presbyteros,
1269 2137 1326 2184 ut
1349 2129 1460 2183 bini
1492 2130 1603 2184 sint
1633 2145 1731 2199 per
1759 2128 2056 2194 Ecclesias,
2079 2137 2136 2182 ct

533 2239 671 2280 unus
702 2225 756 2276 in
785 2223 1002 2277 civitate
1026 2224 1317 2294 episcopus
1343 2240 1358 2279 :
1387 2238 1452 2279 ac
1484 2239 1580 2294 per
1609 2223 1711 2279 hoc
1733 2238 1924 2278 omnes
1949 2238 1978 2276 a
2000 2237 2130 2277 con-

537 2328 700 2372 ventu
726 2315 938 2372 femina:
960 2317 1240 2372 abstinere
1261 2317 1496 2384 debere;
1527 2317 1652 2388 quia
1678 2332 1902 2374 necesse
1925 2327 2008 2374 est
2039 2333 2135 2373 eos

531 2411 776 2484 quntidie
801 2421 1001 2481 praesto
1029 2427 1154 2467 esse
1185 2413 1237 2466 in
1267 2411 1535 2478 Ecclesia,
1561 2428 1662 2468 nec
1692 2413 1894 2466 habere
1919 2411 2138 2467 dilatio-

535 2523 680 2572 nem,
715 2515 773 2560 ut
797 2514 920 2576 post
950 2513 1284 2561 conventum
1318 2507 1558 2578 legitime
1593 2507 1974 2576 purilicentur,
1995 2506 2139 2562 sicut

533 2611 770 2657 veteres.
821 2601 984 2656 Omni
1037 2603 1184 2656 enim
1242 2601 1583 2657 behdotnada
1637 2602 1976 2658 ollerendum
2029 2613 2133 2669 est,

534 2696 698 2750 etiam
731 2695 775 2749 si
811 2710 917 2749 non
960 2695 1208 2764 quotidie
1243 2695 1564 2766 peregrinis,
1611 2695 1812 2752 incolis
1843 2705 2022 2751 tamen
2055 2697 2136 2752 vel

535 2792 620 2846 bis
643 2791 698 2846 in
733 2791 1110 2856 hebdomada;
1145 2791 1246 2846 etsi
1277 2805 1384 2845 non
1415 2791 1615 2858 desint,
1648 2792 1738 2862 qui
1787 2807 1956 2862 pr0pe
2001 2806 2139 2860 quo-

535 2884 667 2939 tidie
709 2885 1058 2954 baptizentur
1088 2884 1240 2954 mgri.
1288 2884 1423 2938 Nam
1458 2886 1732 2942 veteribus
1763 2885 1887 2940 ideo
1917 2899 2130 2940 conces-

535 2994 654 3034 sum
702 2987 806 3044 est,
848 2979 974 3050 quia
1009 2979 1177 3032 multo
1219 2989 1464 3050 tempore
1510 2980 1562 3033 in
1613 2980 1822 3048 templo
1855 2997 1960 3034 non
1992 2979 2144 3034 vide-

537 3074 761 3138 bantur,
793 3074 888 3128 sed
921 3083 1078 3128 erant
1107 3074 1324 3144 privati.
1357 3073 1418 3130 Si
1449 3075 1592 3129 enim
1629 3075 1854 3144 plebeiis
1905 3075 2140 3130 homini-

537 3168 637 3222 bus
659 3167 928 3222 orationis
956 3183 1120 3223 causa
1145 3169 1210 3222 ad
1241 3177 1452 3238 tempus
1481 3169 1761 3224 abstinere
1783 3183 1843 3224 sc
1872 3169 2140 3240 prtecipit,

538 3272 597 3316 ut
629 3273 816 3316 vacent
852 3263 1122 3326 orationi;
1155 3275 1360 3332 quanto
1391 3265 1564 3334 magis
1609 3263 1791 3319 levitts
1821 3273 1913 3318 aut
1960 3279 2146 3318 sacer-

541 3353 785 3416 dotibus.
816 3369 951 3425 quos
991 3354 1080 3412 dic
1110 3367 1378 3428 nocteque
1407 3372 1509 3427 pro
1536 3357 1692 3429 plebe
1719 3357 1822 3412 sibi
1851 3355 2142 3412 commissa

542 3457 761 3518 Oportet
788 3451 982 3504 orare!
1019 3449 1332 3507 Mundiores
1363 3467 1492 3522 ergo
1521 3467 1642 3507 esse
1667 3451 1872 3508 debent
1897 3453 2140 3519 caeteris;

540 3541 666 3610 quia
691 3551 906 3598 actores
929 3541 1024 3598 Dei
1054 3553 1200 3599 sunt.

613 3633 796 3704 (Vers.
833 3635 922 3700 14,
959 3637 1071 3706 lii.)
1109 3636 1234 3692 (hec
1265 3638 1358 3692 tibi
1393 3638 1580 3706 scribo,
1611 3639 1689 3708 ﬁli
1719 3637 1762 3692 Τ
1764 3639 2000 3706 imothee,
2028 3655 2148 3707 spe-

538 3745 661 3784 rans
689 3730 788 3784 cita
816 3747 895 3784 me
915 3730 1086 3784 venire
1111 3729 1180 3784 ad
1211 3739 1260 3783 te
1283 3747 1302 3784 :
1323 3733 1369 3785 si
1395 3741 1566 3785 autem
1596 3733 1889 3800 tardavero,
1925 3741 1976 3784 ut
2012 3732 2146 3784 scias

539 3833 564 3860 τι
607 3825 1038 3894 quemadmodum
1071 3835 1304 3892 aporteat
1343 3835 1390 3879 te
1424 3825 1475 3878 in
1508 3825 1663 3878 domo
1693 3822 1795 3878 Dei
1823 3825 2142 3890 conversari,

537 3937 652 3990 quae
679 3931 751 3974 est
785 3918 1024 3975 Ecclesia
1045 3918 1144 3975 Dei
1169 3921 1286 3984 rivi,
1313 3921 1552 3974 columna
1583 3929 1630 3974 et
1657 3920 2038 3990 ﬁrmamentum
2065 3935 2150 3972 re-

540 4013 730 4066 ritatis.
771 4012 1043 4080 Quantum
1075 4013 1140 4066 ad
1178 4013 1461 4068 scientiam
1508 4013 1630 4080 ejos
1660 4013 1996 4082 pertinebat,
2045 4013 2148 4066 hoc

543 4116 663 4162 erat
691 4108 744 4160 in
777 4122 842 4160 eo
870 4107 1011 4177 quod
1044 4106 1207 4160 citius
1241 4106 1394 4162 illum
1419 4109 1639 4162 visurus
1667 4115 1815 4162 esset
1849 4124 1862 4161 ε
1893 4106 1988 4161 sed
2021 4107 2145 4178 quia

543 4200 688 4254 solet
716 4201 866 4254 aliud
903 4201 1117 4269 placere
1151 4201 1286 4268 Deo,
1316 4203 1470 4272 cujus
1517 4203 1862 4274 providentia
1911 4204 2010 4274 ipsi
2042 4204 2146 4258 soli

543 4294 760 4362 cognita
799 4303 920 4358 est;
959 4293 1124 4366 296
1152 4295 1352 4350 idcirco
1385 4311 1454 4350 ne
1483 4295 1646 4361 forte,
1679 4297 1880 4366 inquit,
1909 4296 2144 4360 tardem,

544 4388 728 4444 scribo
754 4387 871 4446 tibi.
891 4398 949 4442 ut
973 4390 1118 4444 scias
1140 4389 1416 4459 quomodo
1442 4389 1742 4445 Ecclesium
1763 4391 2008 4456 ordines,
2027 4405 2149 4461 quae

545 4482 851 4540 estdomus
875 4483 967 4536 Dei
991 4499 1004 4548 ;
1037 4491 1100 4538 ut
1121 4498 1241 4538 cum
1270 4493 1414 4540 totus
1441 4484 1678 4540 mundus
1711 4483 1804 4538 Dei
1830 4483 1920 4549 sit,
1949 4483 2144 4540 Eccle-

546 4575 628 4632 sia
677 4583 861 4632 tamen
894 4575 1089 4632 domus
1129 4578 1249 4650 ejus
1279 4579 1516 4646 dicatur,
1563 4579 1718 4649 cujus
1758 4579 1920 4635 hodie
1968 4587 2148 4636 rector

545 4679 632 4725 est
674 4669 960 4725 Damasus.
1005 4670 1236 4726 Mundus
1263 4673 1410 4728 enim
1458 4674 1509 4727 in
1543 4673 1996 4743 pra-varicatione
2041 4681 2144 4740 est,

546 4763 768 4820 diverso
801 4764 1052 4820 turbatus
1081 4779 1300 4830 errore;
1333 4766 1454 4822 ideo
1484 4765 1594 4821 illic
1627 4781 1854 4822 necesse
1891 4777 1974 4822 est
2001 4769 2152 4820 dica-

547 4867 634 4914 tur
660 4872 784 4913 esse
811 4857 1004 4912 domus
1039 4858 1155 4925 Dei,
1180 4869 1234 4914 et
1261 4860 1488 4926 veritas,
1514 4859 1602 4914 ubi
1626 4861 1926 4915 secundum
1951 4861 2147 4914 volun-

543 4959 712 5005 tatem
740 4964 895 5005 snam
927 4950 1172 5004 timetur.
1197 4949 1308 5004 lloc
1339 4949 1722 5021 proﬁtentibus
1753 4951 1822 5006 de
1849 4966 1918 5006 eo
1949 4953 2146 5018 servis,

542 5043 686 5113 quod
725 5044 842 5114 ipse
867 5026 1123 5113 dignatus
1152 5052 1232 5096 est
1274 5042 1494 5108 docere,
1527 5059 1592 5098 ne
1642 5044 1782 5099 forte
1813 5045 1978 5099 verba
2026 5047 2145 5115 ejus

545 5147 875 5209 negarentur
900 5151 1045 5203 esse,
1066 5135 1358 5192 virtutibus
1383 5135 1498 5192 haec
1519 5137 1774 5208 signavit,
1793 5153 1913 5208 qua:
1937 5154 1966 5193 a
1997 5138 2149 5194 nullo

542 5230 653 5286 alio
685 5230 806 5286 ﬁeri
838 5240 1106 5300 possunt;
1137 5237 1200 5284 ut
1229 5229 1316 5284 his
1357 5227 1649 5284 inﬁdelitas
1696 5240 1954 5286 accusata
1997 5232 2148 5287 inex-

541 5323 798 5379 cusabilis
829 5332 1039 5394 pereat.
1074 5322 1503 5378 Firmamentum
1533 5322 1679 5377 enim
1709 5324 1958 5379 veritatis
1989 5323 2149 5394 hujus

544 5417 697 5488 signa
727 5428 857 5472 sunt
883 5425 940 5472 et
968 5417 1236 5489 prodigia.

616 5508 802 5582 (Vers.
829 5509 946 5580 l6.)
975 5510 1039 5566 Et
1063 5511 1272 5583 quidem
1293 5511 1526 5566 omnium
1555 5509 1876 5582 confessione
1902 5527 2144 5584 magnum

543 5611 616 5658 est
654 5603 811 5677 hujus
841 5605 1046 5674 pietatis
1085 5607 1408 5678 mysterium.
1445 5605 1664 5661 Nullum
1699 5605 1940 5662 ﬁdelium
1965 5608 2140 5664 admi-

614 5723 642 5754 ι
669 5717 1022 5795 Remedia,
1053 5723 1309 5791 quomodo
1347 5722 1633 5779 Ecclesium
1663 5722 1892 5792 ordines,
1923 5727 2039 5795 qua:
2063 5719 2138 5782 est

538 5794 722 5848 domus
753 5789 851 5846 Dei
874 5789 993 5846 viui.

2235 1848 2324 1904 diu
2355 1847 2566 1902 devicta
2599 1859 2796 1912 morte,
2831 1857 3148 1919 resurgeret
3185 1863 3214 1902 a
3249 1849 3500 1914 mortuis,
3533 1859 3584 1904 et
3609 1847 3777 1903 videre-

2239 1951 2322 1994 tur
2354 1939 2608 2010 maiestas
2637 1941 2776 2010 ejus,
2800 1942 2892 2010 qui
2927 1951 3088 1996 natus
3117 1952 3172 1994 ttt
3201 1941 3388 2006 homo,
3413 1956 3520 1996 non
3541 1951 3646 1996 erat
3671 1949 3780 1996 totus

2239 2035 2430 2098 homo;
2465 2043 2524 2088 ut
2553 2043 2917 2104 agnoscentes
2943 2035 3118 2104 angeli
3144 2035 3489 2106 mysterium,
3521 2033 3647 2104 quod
3669 2031 3781 2102 prius

2237 2129 2420 2190 latuit,
2447 2128 2781 2183 declaratum
2812 2129 2864 2184 in
2893 2144 3078 2194 carne,
3101 2145 3241 2200 genu
3269 2129 3350 2184 illi
3375 2127 3643 2183 ﬂectentes
3664 2126 3782 2197 quasi

2237 2222 2370 2286 Deo,
2400 2225 2602 2292 gratias
2629 2233 2818 2294 agant;
2851 2223 2980 2294 quia
3023 2221 3337 2278 didicerunt
3367 2222 3656 2286 veritatem,
3694 2235 3782 2292 quae

2235 2316 2487 2388 gentibus
2512 2316 2800 2386 prmdicata
2834 2326 2939 2382 est,
2964 2325 3020 2370 ut
3047 2317 3116 2371 ab
3143 2330 3336 2372 errore
3363 2315 3783 2379 liberarentur;in

2237 2427 2346 2482 quo
2372 2411 2606 2467 tnundns
2637 2411 2869 2483 prolicit,
2905 2422 2962 2467 ttt
2991 2427 3098 2468 non
3123 2413 3440 2468 damnetur.
3473 2411 3710 2467 Creditum
3730 2420 3782 2465 est

2239 2505 2452 2559 mundo.
2485 2505 2612 2560 Ideo
2644 2505 2788 2559 enim
2831 2503 3099 2560 creditum
3133 2515 3217 2559 est
3264 2503 3472 2559 mundo
3515 2503 3607 2560 Dei
3645 2518 3782 2558 sacra-

2241 2613 2510 2664 mentum,
2566 2609 2623 2654 ttt
2675 2599 2902 2669 perﬁdia
2952 2598 3072 2667 ejus
3123 2597 3334 2653 veniam
3393 2598 3594 2653 erroris
3635 2595 3784 2652 mereri

2241 2707 2348 2748 non
2383 2693 2574 2764 possit,
2610 2693 2748 2748 sicut
2792 2693 2924 2747 dicit
2957 2692 3216 2746 Dominus
3245 2691 3314 2746 de
3343 2689 3549 2748 iudicis
3579 2708 3592 2744 :
3629 2690 3680 2744 Si
3711 2705 3784 2742 una

2241 2788 2492 2840 uenissem
2542 2796 2590 2840 et
2641 2785 2839 2840 locutus
2866 2787 2938 2840 eis
2983 2785 3218 2858 fuissem,
3250 2795 3522 2850 peccatum
3551 2799 3640 2837 non
3665 2781 3778 2834 ltuit-

2243 2894 2354 2937 rent
2385 2899 2404 2937 :
2435 2899 2568 2936 nunc
2595 2891 2764 2936 autem
2794 2880 3176 2936 excusationem
3205 2895 3309 2934 non
3332 2876 3586 2932 habebunt
3622 2879 3676 2931 de
3697 2890 3782 2946 pec-

2242 2989 2358 3032 cato
2386 2993 2478 3030 suo
2503 2973 2682 3047 (Joan.
2717 2991 2807 3040 xv,
2828 2973 2944 3047 9.9.).

2317 3075 2656 3144 Assumptum
2684 3083 2756 3127 est
2780 3074 2832 3126 in
2859 3071 3048 3145 gloria.
3069 3071 3204 3138 Quia
3231 3069 3380 3140 quod
3403 3068 3552 3126 velut
3569 3065 3784 3123 inﬁmum

2249 3180 2300 3224 et
2319 3165 2566 3222 deforme
2595 3175 3065 3236 contempserunt,
3085 3173 3428 3234 assumptum
3453 3172 3534 3218 est
3557 3163 3605 3216 in
3629 3158 3783 3231 glona;

2249 3271 2368 3331 post
2393 3275 2608 3316 crucem
2635 3259 2781 3315 enim
2812 3257 3155 3313 manifestata
3189 3273 3422 3328 persona
3443 3265 3500 3312 et
3519 3258 3696 3311 virtute
3717 3263 3784 3306 sua

2251 3354 2506 3410 Salvator
2534 3353 2730 3423 palam,
2765 3351 3151 3407 l'atnulantibtts
3180 3349 3435 3416 nubibus,
3471 3343 3786 3416 ascenditglo-

2251 3448 2430 3506 riosus
2463 3449 2513 3503 in
2547 3447 2735 3504 caelos.

2870 3539 3102 3598 CAPUT
3144 3539 3231 3596 IV.

2322 3635 2507 3707 (Vers.
2539 3637 2683 3707 1-5.)
2710 3635 2944 3704 Spiritus
2970 3647 3144 3688 autem
3169 3635 3445 3707 manifesto
3469 3632 3593 3688 dicit
3625 3627 3725 3700 quia
3749 3626 3784 3681 in

2251 3737 2542 3790 novissimis
2585 3736 2897 3802 temporibus
2925 3736 3163 3791 recedent
3203 3734 3419 3806 quidam
3459 3751 3492 3787 a
3531 3733 3644 3804 ﬁde,
3670 3739 3787 3783 attes-

2251 3831 2428 3885 dentes
2473 3831 2690 3903 spiritus
2719 3829 2958 3899 fallaces,
3001 3847 3060 3883 ac
3089 3830 3350 3883 doctrinas
3391 3821 3784 3883 dwntonioruutitt

2250 3926 2586 3980 simulatione
2641 3925 3079 3997 falsiloquorum,
3155 3925 3501 3979 cauteriatam
3555 3919 3785 3977 habentium

2251 4021 2635 4086 conscientiam,
2667 4019 3044 4092 prohibentium
3070 4019 3260 4074 nubere
3279 4029 3332 4074 et
3369 4017 3620 4072 abstinere
3635 4031 3662 4069 α
3679 4011 3784 4074 cibis,

2251 4131 2376 4184 quos
2407 4111 2548 4170 Deus
2579 4117 2766 4170 creavit
2798 4116 2866 4168 ad
2895 4114 3284 4186 percipiendum
3313 4131 3429 4168 cum
3450 4113 3709 4185 gratiarum
3725 4123 3784 4160 ac-

2253 4208 2392 4262 tione
2421 4208 2680 4278 ﬁdelibus,
2711 4219 2759 4262 et
2785 4209 2852 4261 iis
2879 4209 2964 4277 qui
2996 4217 3346 4280 cognouerunt
3379 4208 3672 4271 ceritatem;
3701 4201 3786 4272 qlia

2253 4301 2418 4354 omnis
2439 4311 2676 4355 creatura
2703 4300 2796 4354 Dei
2827 4299 2958 4354 bona
2979 4309 3073 4364 est,
3093 4310 3142 4354 et
3169 4299 3302 4354 nihil
3326 4298 3671 4372 reﬁciendum,
3690 4293 3786 4366 quod

2254 4410 2369 4448 cum
2399 4395 2688 4464 gratiarum
2723 4395 2926 4449 actione
2969 4396 3271 4468 percipitur.
3318 4394 3675 4465 Sanctiﬁcatur
3693 4388 3786 4445 enim

2257 4506 2345 4560 per
2371 4490 2576 4544 verbum
2607 4487 2726 4556 Dei,
2759 4499 2806 4545 et
2837 4492 3136 4548 orationem.
3169 4491 3301 4559 Qua:
3329 4490 3434 4548 sibi
3465 4490 3681 4560 Spiritus
3699 4499 3787 4541 san-

2251 4593 2372 4640 ctus
2397 4584 2572 4640 futura
2599 4585 2929 4640 revelaverit
2947 4587 3014 4640 ad
3033 4586 3450 4642 instructionem
3473 4583 3782 4643 Ecclesianun

2251 4687 2308 4734 et
2330 4679 2618 4742 cautelam,
2644 4695 2751 4734 non
2781 4688 2950 4746 tacet;
2987 4689 3043 4733 ιιι
3073 4681 3410 4749 prtemonita:
3431 4678 3692 4741 Ecclesiae,
3713 4671 3790 4728 sol-

2253 4771 2414 4825 licitm
2449 4773 2580 4836 sint,
2625 4787 2693 4827 ne
2733 4771 2802 4827 ah
2845 4770 3164 4841 huiusmodi
3211 4773 3424 4841 possint
3466 4762 3788 4827 circumveniri

2251 4862 2583 4919 hominibus.
2617 4863 2757 4933 Quid
2783 4864 2930 4918 enim
2961 4871 3069 4918 tam
3103 4864 3329 4922 clarum.
3358 4875 3573 4936 tamque
3597 4867 3786 4933 aperta

2251 4957 2318 5012 ad
2352 4955 2638 5013 evitandos
2663 4968 2758 5011 aut
2784 4958 2958 5029 magis
2986 4957 3433 5014 condemnandos
3463 4955 3702 5014 doctrinae
3721 4950 3788 5005 hu-

2248 5049 2338 5120 jus
2383 5049 2657 5120 peslil‘eraa
2704 5051 2848 5105 viros
2900 5051 3076 5122 potuit
3117 5051 3407 5107 manifesta
3441 5068 3572 5109 voce
3601 5043 3784 5121 praelati.

2251 5143 2352 5198 nisi
2373 5154 2429 5199 ut
2451 5145 2917 5200 asseverationem
2939 5159 3129 5202 eorum
3154 5145 3432 5212 fallacem,
3450 5163 3513 5202 ac
3537 5143 3784 5202 simulatam

2248 5235 2556 5292 doctrinam
2587 5237 2984 5293 daemoniorum
3035 5249 3405 5310 nuncuparet;
3437 5249 3497 5295 ut
3523 5253 3637 5295 cum
3671 5233 3785 5304 lmjus

2249 5331 2672 5387 asseverationis
2701 5345 2987 5388 sermones
3031 5333 3345 5400 audiuntur,
3393 5352 3424 5390 a
3453 5335 3660 5389 diabolo
3681 5342 3786 5386 com—

2251 5424 2423 5494 posita
2456 5439 2580 5479 esse
2608 5423 2852 5480 doctrina
2887 5425 3002 5481 lure
3031 5429 3288 5495 sciretur,
3321 5443 3483 5500 quam
3523 5425 3784 5498 praedixerat

2247 5519 2486 5591 Spiritus
2511 5529 2733 5576 sanctus
2761 5536 2883 5592 qua:
2909 5521 2980 5576 de
3010 5521 3390 5579 incarnatione
3416 5519 3691 5580 Salvatoris
3723 5527 3783 5568 as-

2249 5613 2388 5668 serit
2421 5612 2577 5682 l'alsa,
2609 5629 2732 5684 qua:
2769 5631 2914 5670 nunc
2941 5616 2996 5670 in
3039 5615 3400 5686 Marcionitis,
3431 5617 3659 5690 quamvis
3683 5611 3780 5704 petit

2315 5727 2345 5766 ιι
2375 5729 2631 5785 Nonnulli
2663 5746 2823 5806 mss.,
2867 5723 3292 5806 magnanimitate
3330 5736 3468 5792 enim
3501 5745 3546 5792 et
3571 5725 3776 5790 clementia

2249 5805 2345 5855 sua
2371 5803 2791 5871 cognoscentibus
2808 5820 2862 5859 se
2881 5803 3059 5862 diuina
3089 5807 3268 5862 tribuit
3291 5807 3448 5864 bona.
