3970 6316
90 256 186 313 473

794 251 1293 312 COMMENTARIA
1335 251 1402 310 IN
1449 251 1664 310 EPIST.
1712 253 1805 310 AD
1844 252 2255 314 TIMOTHEUM
2299 256 2589 316 PRIMAM.
2681 239 2692 249 ’

3249 261 3358 322 474

89 371 387 436 defecerint,
420 382 445 412 ι
473 370 816 438 Patricianis,
861 381 951 426 aut
985 371 1218 426 maxime
1258 369 1311 425 in
1344 369 1656 426 Maniclimis
1686 375 1732 432 Α
1761 371 1826 425 ad
1860 372 2129 426 modicum
2163 374 2294 430 utile
2323 375 2492 439 dicit;
2531 375 2784 446 jejunare
2813 377 2958 433 enim
3000 386 3054 434 et
3079 378 3360 438 abstinere

91 466 354 522 denotatur
397 463 503 536 (De
535 464 840 518 Patricianis
878 463 1212 530 Philastrius,
1246 476 1292 520 et
1337 463 1653 538 Augustinus

90 558 274 618 Iueresi,
303 557 426 628 6|)?
462 558 524 613 Hi
569 559 711 613 enim
742 566 797 612 ct
834 558 1109 613 Christum
1139 568 1322 613 natum
1357 566 1576 626 negant,
1600 565 1656 612 et

91 652 288 720 nuptias
323 650 626 721 prohibent,
663 662 713 706 et
748 651 1130 708 abstinendum
1167 667 1196 706 a
1229 651 1365 708 cibis
1410 650 1651 706 tradunt.

88 745 308 814 Quorum
337 744 682 799 eauteriatam
717 745 844 798 dicit
871 744 1282 810 consrientiatn,
1318 744 1418 798 hoc
1446 753 1550 809 est,
1584 745 1656 797 si-

91 837 366 893 mulatione
393 848 745 908 corruptam;
787 840 910 910 quia
944 841 1084 893 sicut
1113 840 1414 893 cantcrium
1449 839 1656 892 corium

88 930 382 1003 corrumpit,
407 941 461 986 et
488 943 670 987 notam
701 933 896 1004 inﬂigit
922 953 934 988 :
965 934 1037 988 ita
1061 943 1116 988 et
1139 933 1350 988 fallacia
1377 932 1659 988 conscien-

90 1027 224 1090 tiam,
251 1043 365 1098 quze
388 1027 518 1081 dolo
545 1028 947 1083 malevolentiae
968 1029 1110 1083 aliud
1138 1029 1263 1092 scit,
1287 1040 1338 1083 et
1364 1027 1507 1081 aliud
1534 1043 1659 1095 pro-

90 1123 273 1185 ﬁtetur,
296 1122 520 1178 denotat
550 1125 616 1180 ad
645 1126 1022 1194 perditionem.
1048 1125 1166 1182 Jam
1196 1126 1342 1179 enim
1372 1122 1398 1161 δ
1431 1123 1529 1178 hos
1553 1123 1655 1178 im-

91 1217 266 1271 mutari
297 1229 469 1288 negat,
495 1228 552 1272 ut
577 1219 893 1284 salventur;
921 1218 1042 1289 quia
1067 1219 1210 1274 sicut
1236 1226 1534 1273 cantcrnnn
1556 1216 1659 1270 im-

91 1309 266 1363 mutari
296 1325 398 1365 non
428 1318 630 1381 potest,
657 1310 728 1365 ita
753 1326 852 1366 nec
877 1327 1067 1366 eorum
1091 1311 1303 1366 animus
1335 1307 1654 1373 eatcttdari;

90 1403 208 1457 nihil
251 1405 388 1458 enim
439 1406 594 1476 pejus
640 1407 1010 1461 simulatione.
1051 1407 1212 1460 Tales
1245 1406 1388 1460 cnim
1427 1407 1459 1459 ii
1506 1413 1654 1469 sunt,

89 1502 256 1572 quales
295 1512 344 1557 et
374 1502 570 1570 Jndtei,
605 1504 683 1560 illi
725 1505 815 1576 qui
860 1504 1228 1574 intelligentes
1257 1502 1531 1557 Christum
1566 1501 1656 1555 Dci

92 1600 266 1654 virtute
311 1601 548 1669 cperari,
595 1600 649 1655 in
682 1601 987 1656 Beelzebub
1019 1601 1131 1654 haec
1162 1598 1230 1654 ab
1256 1614 1322 1653 eo
1366 1598 1476 1653 ﬁeri
1510 1596 1658 1652 dicc-

92 1693 223 1748 bant.
245 1691 308 1748 Ut
331 1696 472 1748 enim
501 1693 880 1750 fabricatorem
911 1694 1072 1766 297
1103 1693 1335 1748 hominis
1370 1693 1510 1747 male
1550 1701 1658 1747 tra-

89 1797 240 1852 ctent,
263 1804 382 1844 cum
407 1799 563 1844 natos
595 1805 654 1845 se
684 1805 792 1844 non
814 1790 1054 1853 doleant,
1083 1790 1300 1856 nuptias
1323 1798 1500 1843 tamen
1526 1803 1656 1859 pro-
1691 1789 1735 1849 Β
1766 1785 2082 1854 repromisit
2137 1785 2153 1856 (
2181 1785 2370 1841 Matth.
2405 1803 2532 1854 xxv,
2567 1787 2694 1856 tl);

91 1881 276 1949 bibi-nt,
305 1893 358 1939 et
389 1882 609 1938 Christo
636 1899 853 1939 carnem
881 1884 1212 1938 subtrahunt
1245 1901 1257 1937 :
1289 1894 1343 1939 et
1373 1893 1429 1936 ut
1449 1881 1514 1936 ad
1543 1883 1661 1952 ejus

91 1975 322 2043 injttriam
365 1977 672 2048 proﬁciant,
703 1977 770 2032 ab
803 1977 868 2031 iis
903 1994 1022 2046 quae
1055 1978 1243 2032 usibus
1276 1978 1475 2031 nostris
1507 1975 1662 2028 inStio

92 2071 196 2127 luit.
220 2071 601 2127 abstinendum
631 2073 856 2138 docent;
889 2081 946 2126 ttt
977 2088 1074 2139 per
1102 2072 1152 2127 id
1186 2072 1326 2144 quod
1357 2071 1664 2141 despiciun-

89 2173 185 2226 tur,
211 2164 343 2217 mala
367 2168 509 2230 εδει»,
537 2175 591 2220 et
619 2181 650 2220 a
679 2166 820 2220 malo
848 2177 1075 2222 auctore
1108 2167 1323 2220 inventa
1353 2166 1660 2220 videantur.

93 2253 214 2311 llinc
237 2266 315 2310 est
343 2256 486 2311 unde
511 2259 808 2326 Apostolus
839 2259 1020 2313 onniia
1053 2273 1083 2312 a
1111 2260 1220 2314 Deo
1243 2259 1382 2313 bona
1409 2257 1546 2312 facta
1578 2273 1667 2313 os-

94 2347 270 2412 tendit,
306 2351 349 2403 si
394 2359 571 2404 tatncn
603 2365 724 2405 cum
770 2353 1065 2421 gratiarum
1096 2353 1311 2406 actione
1341 2359 1663 2414 sumantur;

95 2438 342 2494 immunda
377 2442 521 2495 enim
545 2454 706 2496 erunt
735 2443 805 2506 ei,
833 2445 922 2514 qui
955 2461 1060 2499 non
1094 2444 1278 2497 lattdat
1304 2443 1355 2498 in
1391 2443 1474 2498 his
1504 2441 1669 2497 Crea-

94 2540 264 2588 torem.
295 2533 405 2590 Nec
432 2536 576 2589 enim
608 2548 832 2605 possunt
878 2537 1018 2592 bene
1049 2537 1121 2590 illi
1153 2538 1439 2606 prolicere,
1465 2536 1554 2606 qtti
1588 2537 1668 2590 sic

93 2627 167 2680 illa
190 2630 367 2695 sumit,
400 2642 454 2684 ιιι
478 2632 618 2686 male
646 2639 841 2686 tractet
866 2646 1143 2686 auctorem
1168 2647 1378 2686 eorum.

155 2724 322 2795 (Vers.
362 2724 441 2798 6.)
477 2725 602 2780 "rec
642 2727 801 2798 igitur
846 2743 1141 2798 praponens
1183 2726 1453 2794 fratribus,
1508 2727 1670 2778 bonus

92 2819 179 2872 eris
198 2821 422 2875 minister
439 2820 568 2876 Jesu
588 2820 801 2884 Christi,
825 2822 1081 2875 enutritus
1106 2821 1266 2874 verbis
1286 2820 1432 2890 ﬁdei,
1457 2832 1501 2874 et
1524 2819 1672 2874 bona:

95 2914 323 2968 doctrinm
355 2958 370 2981 ,
418 2933 574 2986 quant
616 2929 883 2970 assecutus
939 2933 1011 2969 es.
1065 2916 1204 2984 Quid
1259 2924 1367 2970 tam
1428 2931 1615 2971 verum
1652 2957 1668 2984 ,

95 3006 203 3074 quid
247 3016 350 3063 tam
390 3009 599 3064 clarum
649 3021 700 3065 et
752 3010 1072 3080 providum,
1129 3009 1232 3065 nisi
1279 3020 1339 3065 ut
1387 3011 1669 3080 disciplina

95 3099 368 3158 christiana
417 3104 732 3174 incorrupte
781 3105 1047 3173 tradatur,
1104 3115 1162 3160 ut
1213 3105 1421 3161 fruetus
1465 3106 1584 3176 ejus
1619 3106 1670 3160 in

97 3208 204 3248 area
239 3195 514 3251 Dominica
549 3197 744 3253 fertilis
791 3214 854 3254 ac
898 3200 1091 3254 ﬁrmus
1133 3200 1518 3265 collaudetnr;
1569 3199 1672 3256 hoc

98 3297 187 3353 est,
229 3300 278 3342 ttt
323 3291 378 3344 in
429 3291 516 3346 die
543 3290 739 3361 judicii
791 3307 896 3346 non
930 3294 1196 3364 reprobzs
1224 3304 1281 3347 et
1311 3295 1417 3364 igni
1451 3293 1673 3347 combu—

99 3382 280 3437 rendus
303 3396 616 3439 censeatur.
644 3386 754 3440 Iloc
780 3387 906 3441 boni
933 3387 1175 3442 doctoris
1197 3399 1279 3442 est
1299 3399 1459 3458 atque
1489 3389 1672 3444 idonei

100 3472 310 3530 ministri
361 3477 572 3533 Domini
620 3481 795 3534 nostri
847 3479 972 3534 Jestt
1016 3479 1250 3546 Christi;
1301 3482 1501 3551 quippe
1551 3497 1674 3536 cum

99 3572 371 3626 enutritum
403 3574 546 3628 hunc
575 3573 721 3628 dicat
753 3576 935 3629 verbis
965 3573 1088 3628 ﬁdei
1119 3583 1174 3628 ct
1203 3575 1360 3629 bona:
1388 3574 1674 3640 doctrinm,

99 3676 239 3730 quam
271 3666 336 3720 ab
369 3666 598 3722 infantia
628 3667 770 3722 hunc
803 3680 1114 3723 assecutum
1145 3668 1364 3723 asserit.
1399 3667 1499 3736 Qui
1533 3669 1678 3723 enim

102 3752 291 3827 integre
343 3763 596 3815 omnibus
650 3760 1002 3816 Hebra-orum
1045 3763 1200 3816 libris
1246 3762 1486 3816 imbutus
1538 3774 1678 3830 erat,

103 3861 302 3919 accepta
333 3853 457 3920 ﬁde,
493 3853 790 3923 perlectum
827 3855 953 3911 fecit
985 3856 1288 3910 doctorem.

165 3945 333 4018 (Vers.
369 3949 421 4014 7,
454 3948 535 4018 8.)
570 3946 836 4014 Profanas
867 3960 1038 4002 autem
1068 3960 1114 4001 et
1157 3950 1322 4002 aniles
1352 3949 1560 4019 fabulas
1589 3949 1681 4002 ab-

105 4053 229 4105 uue,
294 4057 532 4095 exercens
581 4044 908 4111 temetipsum
958 4045 1025 4096 ad
1075 4043 1330 4108 pietatem.
1382 4042 1684 4115 (.orporalis

104 4135 221 4186 enim
261 4137 560 4190 exercitatio
611 4137 678 4190 ad
718 4137 999 4196 modicum,
1046 4137 1209 4208 pietas
1254 4153 1373 4189 vero
1411 4136 1480 4188 atl
1510 4137 1684 4190 omnia

107 4229 232 4281 utilis
251 4239 343 4298 est,
371 4231 763 4299 promissionem
779 4231 970 4285 habens
987 4233 1102 4284 vita:
1122 4233 1388 4303 prwseutis
1406 4242 1451 4285 et
1471 4236 1681 4302 futurae.

107 4317 318 4376 Prolana
361 4324 525 4378 verba
565 4323 794 4378 adversa
829 4324 1235 4392 intelliguntur;
1284 4325 1458 4378 aniles
1499 4337 1682 4380 autem

108 4411 285 4469 fabulae
321 4417 679 4472 deliramenta
707 4417 954 4488 qurdatn
987 4429 1133 4471 sunt.
1167 4417 1292 4472 llaec
1323 4420 1681 4488 quorumdam

110 4511 550 4579 perstrepentinm
579 4512 803 4566 vocibus
836 4513 1019 4567 solent
1064 4514 1114 4566 in
1149 4517 1554 4569 contentionem
1587 4514 1685 4569 dc-

1757 477 1785 516 a
1815 463 1975 528 cibis,
2015 474 2038 502 e
2090 474 2350 522 manente
2379 469 2710 525 auctoritate
2738 468 3043 539 Creatoris,
3077 486 3184 527 non
3221 473 3360 528 mul-

1759 565 1870 613 tum
1903 558 2144 628 prodest,
2179 561 2284 615 nisi
2317 561 2548 618 addatur
2579 563 2704 620 huic
2736 565 2908 636 pietas
2931 608 2945 631 ,
3006 566 3166 638 cujus
3195 582 3362 638 opera

1760 651 2056 705 multorum
2089 653 2345 722 precibus
2376 653 2668 724 adjuvatur
2698 657 2763 711 ad
2812 658 3101 714 Dominum
3142 674 3364 730 prome-

1761 746 2015 802 rendum.
2051 748 2290 816 Denique
2333 749 2456 804 illos
2487 754 2579 820 qui
2621 751 2880 808 fratribus
2929 753 3061 824 largi
3113 764 3263 821 sunt,
3311 762 3370 811 et

1761 841 1925 896 variis
1955 843 2124 896 titulis
2165 845 2558 914 obsequentes,
2610 847 2662 902 in
2704 848 2872 902 vitam
2902 859 3162 907 aeternam
3195 849 3366 920 proﬁ-

1759 948 1884 989 cere
1919 935 2277 1005 Evangelicus
2302 953 2486 994 sermo
2511 942 2784 1013 testatur(
2813 939 3002 996 Matth.
3049 958 3178 1008 xxv,
3213 942 3308 1013 41)
3349 959 3364 997 :

1760 1027 2153 1085 dissentientes
2206 1040 2389 1086 autem
2443 1033 2512 1088 ab
2566 1034 2669 1089 hoc
2722 1050 2923 1106 opere,
2979 1035 3034 1090 in
3091 1046 3360 1093 aeternum

1760 1123 1962 1192 ignem.
1995 1121 2256 1194 Corporis
2281 1136 2462 1182 autem
2497 1128 2820 1185 exercitium
2851 1129 2984 1185 nihil
3026 1131 3171 1186 aliud
3201 1148 3363 1204 quam

1761 1219 1942 1271 carnis
1987 1218 2137 1274 l'rena
2191 1230 2341 1274 sunt.
2389 1221 2445 1277 Si
2476 1223 2600 1294 quis
2644 1239 2797 1293 ergo,
2832 1224 2956 1294 quia
2990 1225 3367 1282 misericordia

1764 1327 1954 1380 magna
1988 1327 2076 1368 res
2105 1324 2208 1375 est,
2247 1313 2514 1370 lubricum
2549 1328 2726 1372 tamen
2758 1318 2941 1373 carnis
2970 1319 3226 1388 patiatur,
3256 1319 3366 1373 hu-

1757 1405 1998 1475 jusmodi
2032 1407 2160 1476 quid
2191 1407 2324 1462 ﬁet?
2367 1407 2496 1462 Sine
2526 1407 2694 1464 dubio
2723 1409 3034 1480 vapulabit;
3082 1410 3206 1480 quia
3235 1409 3366 1465 illud

1763 1503 2004 1571 oportuit
2034 1502 2148 1556 ﬁeri
2180 1545 2194 1569 ,
2225 1515 2280 1557 et
2312 1505 2412 1558 hoc
2445 1503 2668 1558 minime
2699 1505 3046 1576 przetermitti
3090 1504 3256 1578 (Luc.
3289 1521 3365 1572 ιι,

1761 1592 1877 1666 42).
1933 1595 1990 1651 Si
2037 1606 2220 1653 autem
2263 1599 2438 1653 solum
2477 1601 2728 1670 corporis
2781 1599 2969 1655 habuit
2999 1599 3366 1667 exercitium,

1765 1706 2035 1760 perennes
2053 1708 2242 1764 paruas
2262 1694 2516 1762 patietur,
2543 1694 2682 1749 sicut
2709 1694 2760 1748 in
2787 1694 3081 1766 Evangelia
3106 1694 3369 1749 Dominus

2744 1788 2924 1843 omnis
2973 1787 3118 1843 enim
3151 1802 3368 1842 summa

1763 1876 2070 1947 disciplina:
2122 1888 2324 1932 nostra:
2369 1880 2422 1932 in
2474 1879 2857 1934 misericordia
2907 1888 2962 1935 et
3011 1880 3214 1952 pietate
3262 1889 3368 1936 est.

1768 1970 1925 2023 Aliud
1975 1981 2153 2026 tamen
2201 1973 2535 2027 exercitium
2569 1974 2822 2044 corporis
2851 1973 3061 2030 habent
3091 1975 3374 2044 carnales,

1767 2076 1819 2120 et
1843 2067 1988 2120 aliud
2031 2066 2345 2137 spiritales;
2379 2068 2628 2123 carnales
2660 2069 2804 2123 enim
2837 2069 3026 2140 sagina
3059 2081 3113 2124 ct
3140 2068 3374 2140 dapibus

1769 2160 2013 2214 nutriunt
2043 2175 2274 2229 corpora
2307 2177 2435 2225 sua;
2471 2170 2528 2216 ut
2557 2163 2722 2217 celeri
2771 2173 2918 2216 motu
2963 2162 3256 2232 proﬁciant
3303 2162 3370 2218 ad

1771 2253 2131 2322 perditiOnetn
2165 2271 2176 2305 :
2203 2253 2481 2322 spiritales
2509 2264 2688 2309 autem
2715 2254 2937 2324 jejuniis
2960 2263 3017 2309 et
3039 2254 3376 2310 abstinentia

1772 2356 2078 2415 temperant
2110 2363 2339 2418 corpora
2371 2363 2498 2412 sua;
2555 2357 2609 2402 ut
2639 2350 2787 2419 pigra
2821 2349 2958 2403 facta
2988 2347 3131 2403 circa
3160 2349 3378 2404 deside-

1772 2446 1872 2507 ria,
1929 2443 2141 2512 possint
2181 2443 2342 2514 digna
2394 2459 2516 2499 esse
2565 2443 2741 2498 lutura
2795 2444 3222 2498 resurrectione.
3277 2440 3378 2498 Hic

1770 2538 1916 2592 enim
1970 2547 2193 2607 propter
2221 2553 2373 2603 spem
2429 2535 2663 2591 futuram
2719 2535 2952 2606 castigat
3009 2550 3209 2604 corpus
3243 2551 3256 2589 :
3290 2534 3379 2590 ille

1775 2645 1904 2682 vero
1934 2639 2160 2699 propter
2185 2629 2349 2684 l'uttni
2373 2629 2816 2700 desperationem
2849 2629 3017 2692 fovet,
3041 2645 3230 2684 curam
3258 2629 3380 2701 ejus

1774 2737 1943 2794 agens
1971 2723 2037 2776 ad
2062 2733 2316 2790 tempus;
2347 2733 2403 2775 ιιι
2430 2733 2714 2777 moveatur
2735 2723 2897 2777 citius
2924 2723 2988 2776 ad
3015 2721 3378 2792 peccandum.

1845 2817 2032 2889 (Vcrs.
2067 2817 2121 2882 9,
2156 2817 2269 2889 10.)
2321 2816 2518 2871 Fidelis
2557 2833 2726 2871 sermo
2751 2859 2766 2884 ,
2807 2827 2852 2870 et
2898 2817 3039 2870 omni
3086 2817 3382 2886 acceptione

1775 2911 1985 2980 dignus.
2018 2910 2100 2962 Ad
2130 2910 2226 2962 hoc
2254 2909 2390 2962 enim
2419 2908 2736 2976 laboramus,
2787 2918 2832 2962 et
2870 2909 3254 2978 persecutiones
3285 2923 3380 2977 pa-

1776 3005 1966 3070 timur;
1993 3004 2115 3071 quia
2141 3019 2412 3072 speramus
2435 3003 2486 3055 in
2515 3001 2680 3056 Deum
2709 3005 2898 3067 virum,
2925 3004 3014 3073 qui
3038 3011 3110 3056 est
3136 3002 3383 3056 salutaris

1776 3100 2003 3152 omnium
2056 3097 2366 3162 hominum,
2419 3097 2640 3152 maxime
2699 3097 2955 3168 ﬁdelium.
3014 3097 3245 3167 Dignum
3297 3103 3384 3151 est

1701 3181 1746 3244 C
1779 3193 1940 3261 plane
1988 3199 2043 3246 et
2093 3199 2318 3260 accepto
2375 3189 2655 3245 ferendum
2712 3205 2810 3260 pro
2864 3204 2992 3258 spe,
3047 3203 3172 3259 qua:
3215 3186 3384 3244 estin

1783 3287 1982 3350 Dctnn,
2033 3285 2141 3356 pati
2178 3285 2629 3356 persecutiOnes;
2683 3286 2808 3354 quia
2865 3287 2916 3338 in
2967 3283 3223 3354 praesenti
3270 3283 3386 3339 vita

1779 3394 1906 3449 spes
1954 3378 2155 3433 caduca
2205 3387 2310 3442 est,
2362 3377 2415 3432 in
2464 3378 2829 3448 prUIIIiSsittltc
2888 3388 3069 3432 autem
3101 3377 3196 3433 Dei
3231 3376 3386 3433 ﬁrma

1777 3481 1942 3540 atque
1986 3472 2220 3526 stabilis.
2277 3469 2398 3537 Ipse
2444 3481 2529 3524 est
2577 3473 2721 3526 enim
2765 3472 2914 3526 salus
2946 3472 3220 3535 omnium;
3253 3472 3383 3541 quia

1781 3583 1847 3622 ex
1880 3567 1998 3635 ipso
2018 3577 2073 3622 et
2101 3581 2198 3636 per
2224 3566 2400 3635 ipsum
2433 3564 2638 3629 vivont,
2673 3576 2933 3636 quantum
2961 3565 3026 3618 ad
3055 3572 3380 3634 praesentem

1781 3664 1950 3717 vitam
1997 3664 2266 3731 pertinet,
2320 3675 2547 3725 omnes;
2597 3669 2858 3725 quantum
2893 3674 3022 3712 vero
3054 3657 3118 3710 ad
3153 3655 3390 3726 promis-

1782 3773 1897 3811 sam
1930 3755 2185 3820 salutem,
2236 3752 2446 3808 ﬁdelcs.
2497 3751 2968 3817 Cognoscetttibtts
2996 3749 3140 3803 enim
3174 3764 3234 3802 se
3265 3755 3392 3817 post

1785 3849 1924 3903 hanc
1953 3849 2142 3909 vitam,
2185 3863 2304 3918 qua:
2352 3854 2527 3899 morte
2582 3847 2784 3906 :‘nitur,
2833 3845 2992 3895 aliain
3042 3857 3102 3896 se
3132 3839 3388 3894 daturum

1787 3948 2057 4021 prOmisit,
2103 3963 2222 4017 qua:
2254 3943 2668 4000 immortalitate
2698 3943 2915 4012 vigebit.
2945 3939 3073 3996 Ideo
3100 3954 3230 4009 ergo
3258 3939 3332 3992 ait
3372 3956 3386 3994 :

1790 4042 2020 4098 Maxime
2047 4042 2302 4112 ﬁdelium.

1863 4136 2043 4207 (Vi-rs.
2097 4137 2182 4201 ll,
2237 4134 2351 4204 12.)
2401 4131 2637 4202 Prwcipe
2686 4133 2815 4194 lucc,
2858 4141 2904 4184 et
2936 4131 3080 4183 doce.
3117 4125 3392 4199 Nemoju-

1790 4239 2043 4282 rentutem
2075 4239 2216 4283 tuam
2239 4235 2553 4291 contemnat,
2596 4225 2686 4277 setl
2731 4227 2896 4292 [arma
2928 4235 3032 4275 esto
3059 4221 3295 4293 ﬁdelium
3337 4221 3392 4275 in

1791 4323 1960 4385 verbo,
1995 4323 2047 4375 in
2079 4321 2488 4386 conversatione,
2524 4319 2575 4372 in
2604 4319 2878 4384 charitnte,
2923 4318 2976 4371 in
3009 4318 3134 4387 ﬁde,
3169 4326 3214 4370 et
3242 4316 3400 4370 casti-

1789 4427 1913 4470 tate.
1945 4413 2263 4468 Timotheus
2295 4424 2555 4484 quantum
2586 4410 2650 4464 ad
2681 4421 2895 4464 aetatem
2929 4408 3189 4480 pertinet,
3237 4407 3397 4476 juve-

1792 4510 1873 4563 nis
1919 4519 2035 4562 erat
2089 4525 2102 4561 :
2147 4517 2408 4578 quantttm
2447 4509 2514 4560 ad
2567 4520 2750 4559 mores
2793 4513 2847 4558 et
2881 4501 3394 4568 conversationem,

109 4598 246 4665 duci;
295 4612 350 4657 ut
376 4606 531 4675 quasi
567 4612 832 4658 traCIatus
864 4603 1128 4659 habeatur
1160 4605 1236 4659 rei
1272 4605 1482 4671 inanis,
1525 4605 1682 4674 cujus
1709 4582 1761 4640 Ῑ)
1792 4602 1959 4674 298
1998 4600 2184 4656 senior
2232 4613 2286 4655 et
2323 4599 2532 4672 gravis.
2583 4599 2753 4668 Quem
2799 4597 2921 4652 idco
2968 4597 3046 4650 sic
3097 4603 3305 4661 monet,
3337 4601 3400 4649 1η

108 4693 315 4751 eﬁ'ectus
363 4699 542 4753 nullus
574 4708 677 4763 est,
715 4699 818 4752 nisi
854 4699 1133 4752 vanitatis.
1180 4699 1262 4754 Ab
1309 4700 1374 4752 iis
1403 4714 1532 4770 ergo
1561 4715 1683 4770 qua:

109 4791 362 4845 contraria
391 4803 537 4856 sunt,
569 4791 955 4846 declinandum
987 4801 1195 4854 monet.
1245 4792 1408 4846 simili
1443 4792 1602 4846 tnodo
1631 4801 1686 4846 et

109 4883 169 4938 ab
197 4885 298 4940 illis
325 4905 444 4958 quae
466 4890 633 4942 anilia
661 4897 807 4950 sunt,
840 4889 1080 4943 vanitate
1097 4889 1327 4958 quadam
1351 4886 1682 4957 composita;

110 4986 222 5031 sunt
273 4982 414 5036 enim
468 4981 654 5052 aliqui,
707 4982 797 5052 qui
846 4983 1028 5036 calore
1076 4980 1242 5035 animi
1289 4980 1508 5034 mittunt
1537 4994 1599 5034 se
1631 4981 1683 5034 itt

111 5069 490 5141 diSputationes
515 5075 847 5146 hujusmodi.
879 5074 1076 5130 Pietati
1104 5082 1286 5128 autem
1315 5089 1535 5142 operam
1563 5073 1692 5126 dan-

111 5163 223 5219 dam
270 5180 609 5235 commonet,
661 5169 787 5240 quia
834 5167 1098 5240 grandem
1143 5166 1308 5221 habet
1359 5165 1687 5236 profectum.

113 5255 203 5323 Qui
249 5262 391 5316 enim
440 5262 836 5318 misericordia:
879 5260 1132 5327 student,
1178 5259 1483 5315 senioribus
1513 5261 1689 5313 vicem

116 5352 386 5410 recidentes
437 5358 786 5427 parentibus:
836 5365 890 5413 et
940 5357 992 5411 in
1040 5355 1296 5426 praesenti
1339 5355 1446 5408 vita
1485 5353 1689 5408 auxilia

116 5441 203 5498 Dei
233 5462 334 5502 non
362 5449 590 5506 deerunt
623 5450 748 5516 illis,
799 5458 856 5505 et
901 5452 953 5504 in
1006 5449 1188 5504 l'otnro
1220 5447 1687 5503 immortalitatem

117 5535 376 5600 habebunt
423 5561 546 5602 cum
585 5547 782 5618 gloria.
835 5545 1378 5615 Exercitiumautem
1405 5542 1694 5614 corporale

182 5711 205 5739 ι
231 5703 474 5762 Valesius
507 5708 559 5764 in
583 5708 864 5766 Addendis
889 5708 1092 5764 Annot.
1114 5709 1166 5763 in
1195 5707 1478 5764 Socratem
1506 5717 1558 5762 et
1589 5706 1692 5762 So-

120 5785 404 5852 lotl'lellmlb
425 5781 564 5852 male
588 5781 691 5852 hic
708 5781 994 5852 legendum
1025 5783 1121 5852 ait,
1157 5778 1579 5852 Patripassianis.

185 5841 210 5882 ι’
247 5846 441 5905 Omnes
466 5849 597 5906 edit“.
640 5843 696 5909 et
723 5841 943 5924 dilidam
975 5841 1118 5909 mss.
1150 5853 1243 5908 hor
1269 5841 1466 5905 imitari
1495 5848 1692 5922 negat,-

1795 4697 2072 4767 prol'cctus
2118 4696 2236 4765 ejus
2269 4710 2362 4765 per
2392 4693 2575 4748 omnia
2607 4692 2915 4761 exemplum
2946 4700 3091 4745 esset
3123 4689 3396 4744 bonorum

1793 4807 2054 4862 operum;
2098 4803 2155 4846 ut
2212 4790 2266 4845 in
2317 4790 2672 4845 adolescente
2724 4787 2989 4843 mirabilis
3035 4785 3319 4840 videretur
3343 4792 3401 4838 et

1793 4886 1974 4956 gravis
1999 4884 2314 4955 disciplina,
2345 4893 2402 4936 ut
2441 4892 2594 4937 actus
2623 4883 2742 4952 ejus
2767 4888 3103 4937 excusarent
3130 4887 3345 4932 :etalem
3381 4893 3394 4929 :

1794 4990 1848 5035 et
1879 4994 1987 5034 non
2018 4978 2172 5049 quasi
2197 4979 2440 5048 juvenis,
2470 4977 2565 5033 sed
2595 4977 2748 5047 quasi
2779 4977 2962 5032 senior
2991 4973 3318 5035 haberetur;
3343 4978 3400 5024 et

1799 5072 2195 5128 erubescerent
2235 5070 2474 5141 majores
2524 5079 2651 5125 natu
2680 5113 2694 5138 ,
2753 5068 2855 5124 nisi
2913 5081 2973 5122 se
3023 5061 3398 5118 exltibuisscnt

1794 5165 1946 5237 juxta
1991 5166 2216 5221 formam
2251 5165 2432 5236 hujus,
2477 5165 2895 5221 conversatione
2926 5171 2980 5216 et
3005 5158 3248 5214 moribus
3275 5171 3400 5227 gra—

1801 5274 1894 5314 ves
1927 5261 2202 5330 :juvenes
2247 5270 2430 5316 autem
2465 5275 2713 5314 comvum
2744 5273 2901 5312 suum
2934 5254 3196 5310 haberent
3229 5253 3401 5324 magi-

1799 5363 1995 5410 strum.
2018 5353 2282 5409 Mirabilis
2303 5355 2628 5410 adolescens
2655 5349 3030 5406 sanctissimus
3056 5345 3396 5415 Timotheus,

1798 5447 1954 5518 cujus
2013 5450 2266 5518 exemplo
2315 5447 2720 5518 indisciplinata
2791 5441 3094 5496 coercenda
3139 5440 3403 5511 juventus

1799 5553 1905 5611 est,
1942 5553 1999 5600 et
2036 5545 2312 5601 seniorum
2357 5541 2714 5599 irreverentia
2746 5533 3042 5610 punienda.

1798 5708 1891 5764 alii
1923 5708 2266 5775 concinnius,
2303 5706 2442 5762 utin
2475 5715 2646 5760 testu.

1876 5791 1898 5819 ε
1925 5780 2054 5837 Mss.
2085 5779 2362 5844 nonnulli,
2393 5786 2628 5833 monente
2653 5775 2957 5832 auctoritate
2977 5775 3260 5833 Creatoris.
