3970 6316
624 257 736 314 473

1577 257 1670 316 AD
1707 256 1941 316 OPERA
1981 246 2228 316 SANCTI
2269 253 2598 316 AMBROS"
2638 260 3008 324 APPENDIX.
3748 279 3814 340 ιτδ

691 373 869 434 (\‘crs.
912 372 1000 441 13,
1063 373 1196 448 Η.)
1245 373 1380 429 Dum
1431 375 1598 443 uenio,
1652 376 1858 430 attende
1909 375 2202 441 lectionem,
2235 375 2531 444 Anescio;
2579 377 2678 432 nisi
2728 379 2867 436 forte
2912 382 3196 440 doctorum
3231 382 3461 455 desidia,
3497 396 3582 448 aut
3609 394 3816 464 magissu.

615 468 1041 529 exhortationem.
1085 485 1146 522 ac
1168 469 1479 524 doctrinam.
1517 467 1645 524 Noli
1679 471 1936 542 negligere
1961 470 2206 540 gratiam,

611 575 728 629 qua:
756 571 830 614 est
854 563 904 615 in
933 570 1000 627 te,
1033 577 1151 632 quin
1181 562 1305 616 data
1346 575 1419 617 est
1461 562 1553 616 tibi
1577 578 1667 632 per
1705 563 2054 634 prapltetiam,
2093 579 2209 617 cum

611 653 941 723 impositione
980 669 1223 708 manuum
1252 655 1575 728 presbyterii.
1619 657 1888 711 lntcntnm
1918 655 2032 711 vult
2065 655 2210 711 hunc

612 759 735 800 esse
762 753 815 800 et
840 744 1082 801 deditum
1116 749 1381 803 exercitio
1405 749 1677 811 lectionis,
1706 757 1764 803 ut
1794 749 1941 804 omni
1967 765 2097 805 cura
2126 750 2210 805 di-

607 839 940 910 ligentiaque
981 840 1086 898 hoc
1129 845 1390 911 enitatur,
1425 853 1484 898 ut
1533 844 1861 901 exhortetnr
1889 852 1945 900 et
1990 845 2204 901 doceat.

608 932 931 989 Exhortatio
962 943 1068 1002 est,
1098 951 1222 992 cum
1254 938 1370 993 miti
1407 940 1576 995 verbo
1607 938 1822 1012 aliquos
1850 954 2208 1010 provocamus

605 1026 674 1081 ad
699 1042 835 1098 opus
859 1028 1061 1085 bonum
1093 1046 1106 1084 :
1135 1033 1334 1088 docere
1358 1048 1509 1098 vero,
1537 1035 1754 1105 quando
1777 1051 1838 1089 ea
1862 1051 1984 1106 qua:
2007 1035 2204 1103 latent,

604 1121 921 1180 intiuramus
975 1127 1250 1182 mentibus
1305 1129 1664 1186 audientium.
1739 1129 1796 1188 Si
1840 1132 1984 1186 enim
2028 1143 2209 1189 reetor

605 1217 787 1288 pepuli
817 1217 994 1273 abhis
1015 1219 1349 1288 dissimulat,
1376 1223 1841 1296 oegligitgratiam
1866 1227 2046 1282 datam
2072 1228 2205 1294 sibi;

605 1309 671 1363 ad
705 1309 807 1364 hoc
858 1312 1002 1366 enim
1033 1324 1251 1369 creatur
1276 1314 1382 1371 dux
1418 1318 1653 1386 pepnlo,
1701 1326 1761 1373 ut
1816 1318 1976 1390 hujus
2019 1321 2209 1377 salutis

606 1403 1028 1460 sollicitudinem
1098 1418 1294 1477 gerat,
1349 1409 1739 1479 admonendo,
1809 1412 2081 1482 docendo,
2152 1423 2212 1470 ut

605 1496 843 1553 fructum
869 1499 1066 1555 habeat
1092 1501 1370 1559 ordinatio
1399 1523 1412 1558 :
1437 1520 1596 1575 quem
1628 1505 1694 1560 ad
1726 1507 1826 1562 hoc
1853 1508 2037 1578 utique
2069 1507 2209 1564 Deus

605 1579 896 1650 constituii
941 1640 956 1663 ,
995 1607 1054 1652 ut
1089 1600 1340 1665 proﬁciat
1379 1601 1536 1655 saluti
1574 1602 1750 1671 plebis
1781 1617 1914 1659 sua}.
1946 1604 2046 1671 Qui
2078 1619 2210 1676 ergo

607 1690 659 1745 in
696 1693 794 1746 hac
818 1695 1146 1750 auctoritate
1180 1697 1390 1766 positus
1420 1695 1710 1768 indiligens
1739 1698 1921 1762 luerit,
1956 1697 2050 1754 Dei
2078 1715 2210 1754 con-

2317 469 2527 537 perbia,
2577 470 2704 526 dum
2759 473 2860 529 soli
2917 476 3107 532 volunt
3153 479 3358 549 aliquid
3413 481 3594 540 videri.
3643 485 3819 546 iuniores

2311 563 2464 632 quasi
2517 563 2716 622 fratres
2754 578 2945 626 censet
3000 571 3379 627 admonendm
3429 591 3547 634 cum
3595 577 3817 640 dilectionis

2311 654 2537 724 affectu;
2594 669 2650 715 ut
2695 662 2942 720 videntes
2991 668 3197 720 amoris
3238 683 3401 724 causa
3453 685 3511 724 se
3550 677 3819 744 commoneri,

2311 749 2519 807 facilius
2546 769 2606 810 se
2627 758 2924 828 corrigant,
2950 761 3154 832 quippe
3181 777 3304 818 cum
3329 762 3546 819 videant
3568 783 3660 820 non
3679 766 3818 825 discre-

2311 860 2441 916 pare
2491 863 2654 920 opera
2711 853 2829 922 ejus
2879 869 2909 908 a
2952 855 3365 926 prtedicalione.
3415 861 3564 916 Anus
3591 877 3700 919 vero
3721 870 3819 936 quasi

2309 946 2546 1005 matres;
2582 950 2640 997 nt
2662 942 2789 999 dum
2819 946 2935 1001 miti
2967 963 3223 1004 sermone
3251 950 3436 1008 doceri
3477 969 3534 1008 se
3561 953 3734 1023 vident,
3757 973 3822 1014 non

2311 1043 2501 1101 aspere
2546 1036 2839 1106 accipiant,
2893 1042 3017 1113 quia
3053 1040 3355 1098 honoriiice
3398 1044 3822 1122 proﬁciuni:aspe-

2310 1141 2431 1180 rum
2461 1136 2544 1183 est
2569 1130 2712 1185 enim
2747 1133 3078 1201 senioribus,
3109 1151 3234 1191 cum
3275 1140 3680 1209 corripiuntura
3708 1144 3822 1218 junio-

2311 1220 2486 1276 ribus.
2537 1222 2692 1292 Quod
2735 1235 3169 1298 temperamento
3211 1232 3448 1303 quodam
3491 1233 3636 1290 leniri
3675 1239 3822 1303 ruit,ut

2314 1315 2590 1385 profectus
2634 1317 2703 1373 sit
2754 1327 2809 1375 et
2852 1320 3056 1377 dicenti
3087 1333 3144 1379 et
3173 1325 3438 1381 audienti.
3471 1327 3821 1386 Adolescentnlas

2314 1418 2371 1463 nt
2401 1424 2622 1467 sorores
2649 1413 2906 1471 admonet
2934 1418 3276 1485 edocendas;
3312 1430 3372 1476 ut
3421 1435 3656 1495 prompte
3689 1427 3822 1494 pertint

2313 1505 2470 1560 bona:
2497 1510 2931 1566 conversationis
2965 1515 3247 1584 suscipere
3279 1515 3634 1587 disciplinain.
3672 1521 3823 1586 Quando

2309 1598 2453 1653 enim
2488 1613 2593 1654 non
2623 1617 2744 1657 cum
2774 1602 3009 1674 imperio
3043 1606 3307 1663 insinuari
3350 1610 3454 1665 sibi
3485 1611 3641 1673 videt,
3672 1629 3762 1684 qua}
3786 1613 3822 1670 al

2314 1688 2512 1745 bonam
2545 1695 2821 1762 pertinent
2849 1697 3037 1759 vitam,
3072 1701 3371 1770 consentit,
3401 1702 3648 1758 humilem
3673 1719 3718 1760 se
3742 1721 3825 1774 pra-

606 1793 844 1853 tcmptor
874 1785 1188 1852 habebitur,
1235 1788 1495 1843 minimus
1525 1790 1578 1843 in
1614 1804 1784 1860 regno
1823 1790 2083 1845 caelorum
2117 1806 2206 1847 vo-
2243 1783 2283 1843 Β
2317 1783 2448 1839 hens
2491 1784 2830 1844 admonenti.
2885 1789 3172 1849 Blanditiis
3219 1793 3370 1850 enim
3430 1796 3604 1852 solent
3647 1797 3821 1864 obtineri,

603 1885 786 1943 catus;
831 1894 1005 1950 neque
1041 1880 1185 1934 enim
1220 1882 1424 1952 poterit
1467 1881 1669 1947 facere,
1721 1883 1811 1953 qui
1863 1899 1967 1940 nec
2007 1885 2208 1943 docere

602 1968 860 2039 dignatur
890 1971 1123 2045 (Matth.
1153 1988 1208 2040 v,
1261 1972 1373 2046 l9).
1415 1973 1659 2030 Gratiam
1692 1983 1871 2032 tamen
1910 1977 2026 2033 dari
2059 1978 2208 2034 ordi-

604 2062 813 2115 natoris
838 2061 1109 2133 signiﬁcat
1141 2079 1239 2132 per
1270 2065 1636 2136 prophetiam,
1673 2077 1727 2123 et
1752 2085 2007 2124 manuum
2044 2072 2209 2144 impo-

603 2153 886 2211 sitionem.
934 2156 1226 2228 Prophetia
1274 2168 1390 2226 est,
1437 2177 1540 2232 qua
1573 2162 1790 2233 eligitur
1835 2163 1988 2235 quasi
2017 2164 2208 2223 doctor

602 2249 818 2307 futurus
866 2251 1126 2318 idoneus;
1179 2269 1370 2310 manus
1435 2272 1566 2312 vero
1610 2258 1988 2329 impositioues
2041 2261 2206 2318 verba

602 2354 734 2400 sunt
773 2347 1032 2419 mystica,
1080 2349 1277 2420 quibus
1307 2351 1663 2407 conﬁrmatur
1695 2352 1760 2407 ad
1797 2353 1898 2409 hoc
1930 2370 2066 2425 Opus
2092 2355 2208 2412 eie-

599 2448 744 2506 ctus,
788 2440 1068 2512 accipiens
1097 2444 1503 2508 auctoritatem,
1539 2453 1675 2500 teste
1705 2447 2045 2504 conscientia
2075 2465 2203 2518 sua;

601 2544 663 2588 ut
689 2534 888 2590 audeat
911 2537 1032 2592 vice
1062 2536 1274 2592 Domini
1306 2537 1634 2593 sacrificium
1661 2540 1772 2596 Deo
1802 2541 2020 2598 oiferre.

673 2625 856 2697 (Vers.
889 2628 977 2694 15,
1009 2628 1136 2700 16.)
1171 2629 1298 2686 Ηωε
1323 2632 1590 2699 meditare,
1639 2634 1692 2687 in
1721 2635 1802 2689 his
1828 2645 1966 2703 esto;
2003 2647 2058 2692 ut
2080 2655 2204 2708 pro-

600 2719 767 2790 fecms
793 2731 910 2776 tuus
937 2723 1243 2792 manifestus
1271 2726 1336 2779 sit
1361 2727 1620 2782 omnibus.
1646 2728 1862 2784 Attende
1889 2731 1981 2785 tibi
2011 2741 2058 2786 et
2086 2732 2209 2812 aoc-

600 2813 773 2877 trinaz,
824 2815 962 2870 insta
1006 2817 1058 2870 in
1100 2817 1226 2873 illis.
1273 2817 1388 2873 Hoc
1414 2821 1547 2874 enim
1576 2822 1815 2893 faciendo
1837 2865 1852 2893 ,
1881 2834 1929 2879 et
1961 2833 2008 2880 te
2035 2826 2206 2896 ipsum

601 2905 799 2959 salvum
823 2907 999 2978 facies,
1028 2919 1072 2962 et
1095 2926 1178 2964 eos
1201 2911 1286 2981 qui
1308 2921 1354 2965 te
1377 2912 1612 2967 audiunt.
1647 2912 1715 2970 Ut
1745 2916 1913 2970 forma
1933 2917 1999 2971 sit
2024 2917 2203 2973 eruni-

601 2997 705 3054 bus
727 3015 834 3054 nou
854 3001 1030 3055 solum
1058 3003 1111 3057 in
1139 3004 1294 3059 bonis
1309 3005 1590 3076 operibus,
1608 3021 1794 3064 verum
1819 3011 2058 3067 etiamin
2075 3011 2205 3067 doc-

603 3092 761 3146 trinae
783 3095 1077 3162 exercitio,
1102 3098 1380 3154 admonet.
1398 3099 1676 3172 Apparere
1701 3106 1846 3160 enim
1867 3105 2067 3162 debere
2087 3107 2198 3178 sig-

2311 1893 2432 1948 qure
2463 1883 2789 1939 auctoritate
2813 1899 2921 1940 non
2956 1896 3220 1956 possunt;
3261 1903 3387 1943 nam
3417 1891 3657 1944 animalia
3682 1892 3823 1961 quando

2313 1973 2550 2029 membra
2583 1989 2679 2031 sua
2710 1977 2980 2044 zelantnr,
3013 1979 3292 2037 blanditiis
3317 1993 3497 2038 tamen
3523 1984 3715 2038 cedunt.

2383 2064 2565 2137 (Vers.
2591 2068 2673 2140 5.)
2707 2068 2907 2126 Viduas
2936 2072 3156 2140 honora,
3179 2091 3299 2145 qua:
3318 2091 3436 2131 vere
3457 2077 3619 2131 vidua:
3632 2087 3745 2131 sunt.
3762 2076 3824 2131 Has

2311 2158 2502 2213 viduas
2547 2162 2682 2216 dicit
2727 2161 3078 2221 bonorandas
3106 2210 3120 2234 ,
3176 2183 3298 2238 quae
3348 2167 3473 2224 data
3523 2185 3672 2240 opera
3713 2169 3825 2223 vidua

2310 2261 2440 2305 sunt
2469 2271 2481 2305 :
2513 2271 2633 2322 qum
2669 2270 2791 2310 cum
2835 2269 3059 2326 possent
3086 2260 3314 2327 nubere,
3345 2271 3404 2316 ut
3427 2262 3666 2318 meliores
3690 2275 3823 2329 essent,

2309 2356 2365 2401 el
2403 2345 2579 2417 dignm
2632 2349 2778 2420 Deo,
2832 2354 3104 2409 secundas
3130 2357 3296 2429 299
3325 2358 3543 2427 nuptias
3568 2371 3823 2430 τρεριιειιιιιι,

2307 2440 2548 2497 scientes
2570 2447 2738 2500 semel
2773 2445 3019 2503 benedici
3061 2451 3401 2522 conjugium,
3451 2453 3650 2508 temnite
3673 2457 3827 2508 sanctis.

2308 2533 2461 2588 simas
2505 2534 2710 2604 Anum,
2742 2554 2866 2610 quae
2914 2543 3141 2611 jejuniis
3189 2552 3244 2598 et
3285 2543 3727 2600 obsecrationibus
3762 2546 3827 2600 Deo

2307 2627 2588 2684 serviebat
2628 2647 2790 2688 noete
2830 2633 3060 2706 dieque,
3095 2636 3256 2691 unius
3283 2636 3384 2692 viri
3415 2649 3631 2714 experta
3649 2639 3828 2695 Concubi-

2308 2728 2420 2774 turn
2453 2721 2604 2793 (Luc.
2639 2739 2700 2791 ιι,
2731 2725 2848 2797 30).

2382 2815 2561 2888 (Vers.
2593 2819 2673 2890 4.)
2709 2819 2768 2875 Si
2797 2838 2900 2894 qua
2924 2833 3099 2877 autent
3119 2824 3279 2879 vidua
3309 2825 3450 2894 filios
3479 2829 3558 2882 vel
3584 2839 3753 2899 nepotes
3775 2828 3828 2880 ita-

2307 2910 2384 2963 iret
2407 2953 2420 2974 ,
2454 2911 2617 2966 discat
2640 2914 2863 2986 primum
2894 2916 3102 2971 domum
3132 2935 3280 2972 suam
3307 2920 3392 2990 pie
3421 2930 3665 2986 tractare,
3689 2933 3728 2976 et
3758 2937 3826 2974 ιιιιι-

2306 3013 2446 3056 tuam
2491 3005 2651 3060 vicem
2699 3008 2990 3078 gratiarum
3033 3011 3251 3066 reddere
3288 3014 3620 3081 parentibus;
3645 3016 3720 3068 ltoc
3745 3013 3827 3067 enin

2306 3105 2572 3169 acceptum
2595 3108 2670 3152 est
2696 3117 2887 3164 coram,
2907 3101 3279 3158 DeoNiduam
3311 3105 3463 3176 prius
3505 3107 3556 3162 in
3590 3109 3675 3161 hac
3706 3105 3779 3160 vita
3799 3113 3831 3159 et

603 3185 788 3239 niiicat
810 3188 1058 3243 exercitii
1077 3190 1401 3259 profectum,
1430 3209 1535 3248 non
1557 3194 1606 3249 iu
1625 3194 1871 3251 doetrina
1897 3197 2196 3267 dumtaxat,

2310 3192 2722 3248 conversatione
2753 3191 2888 3248 dicit
2927 3194 3263 3264 probandam
3284 3238 3297 3262 ,
3332 3207 3391 3252 ut
3439 3210 3566 3256 tunc
3589 3200 3761 3254 demum
3785 3197 3831 3250 di-

599 3277 695 3332 sed
721 3288 773 3333 et
796 3279 848 3334 in
880 3281 1086 3352 gestis;
1113 3283 1254 3338 bona
1280 3285 1424 3340 enim
1449 3287 1611 3343 arbor
1632 3288 1806 3344 bonos
1835 3289 1964 3346 facit
1995 3290 2203 3349 fructus

604 3370 818 3442 (Matth.
874 3389 969 3440 xu,
1023 3375 1132 3448 17)
1165 3396 1176 3430 :
1207 3376 1461 3435 similiter
1491 3391 1542 3434 et
1587 3381 1723 3435 bona
1773 3382 2019 3439 doctrina
2064 3387 2201 3441 maia

600 3479 765 3537 opt-ra
804 3467 1008 3525 habere
1052 3487 1159 3525 non
1196 3482 1410 3542 potest;
1463 3485 1660 3531 utcum
1694 3479 1806 3532 visa
1832 3478 2037 3535 fuerint
2063 3479 2202 3537 bona

600 3576 790 3631 opera,
834 3563 1002 3619 divini
1049 3567 1349 3637 magisterii
1399 3567 1606 3625 fructus
1649 3586 1770 3626 esse
1801 3572 2202 3644 intelligantur,

599 3663 651 3709 et
677 3657 955 3712 auditores
987 3661 1196 3728 possint
1240 3663 1527 3730 proiicere.
1572 3673 1596 3700 ιι
1629 3664 1765 3720 Τιιιιι
1808 3668 1953 3722 enim
1985 3684 2108 3724 vera
2151 3678 2205 3725 et

598 3749 890 3804 metuenda
937 3766 1062 3807 esse
1111 3753 1442 3824 intelligunt,
1485 3771 1605 3826 quae
1659 3757 1938 3826 dicuntur,
1988 3763 2204 3832 quando

599 3840 667 3896 ab
715 3857 781 3897 eo
821 3842 942 3912 ipso
972 3847 1061 3916 qui
1092 3846 1274 3912 docet,
1310 3863 1502 3919 magna
1533 3851 1886 3908 veneratione
1918 3853 2204 3911 observari

598 3935 873 3991 videntur.
897 3937 1051 4006 Quod
1078 3942 1276 3996 rectori
1306 3942 1479 4011 plebis
1502 3942 1714 4000 duobus
1753 3947 1972 4015 proiicit
1994 3946 2201 4004 modis:

602 4039 656 4080 et
704 4043 929 4083 suorum
971 4031 1120 4087 enim
1170 4033 1436 4089 bonorum
1481 4050 1734 4105 cperunt,
1783 4048 1835 4093 et
1864 4039 2202 4096 audientium

605 4121 917 4177 mercedem
960 4123 1221 4195 accipiet;
1269 4129 1548 4199 quomodo
1597 4131 1641 4184 si
1693 4133 1978 4202 negligens
2013 4133 2203 4200 fuerit,

606 4225 716 4270 tam
776 4230 876 4286 pro
924 4233 1014 4286 se,
1067 4235 1227 4290 quam
1272 4237 1373 4294 pro
1410 4223 1491 4280 eis
1537 4225 1854 4282 redditurus
1901 4237 1984 4284 est
2029 4230 2202 4286 ratio-

609 4325 752 4367 nem.

1235 4455 1465 4518 CAPUT
1481 4460 1546 4520 ν.

2304 3298 2407 3354 gna
2451 3285 2524 3340 sit
2556 3285 2714 3341 vidua
2763 3287 3027 3344 Ecclesiae
3073 3293 3376 3362 nuncupari
3402 3335 3416 3359 ,
3461 3310 3578 3366 quae
3613 3310 3701 3350 non
3738 3306 3832 3361 qu:-

2304 3387 2422 3434 stns
2463 3395 2626 3436 causa
2653 3383 2845 3453 magis,
2888 3399 3049 3454 quam
3104 3385 3443 3443 defensionis
3474 3431 3488 3455 ,
3523 3389 3833 3446 ecclesiastica

2305 3473 2624 3528 succumbet
2665 3474 2992 3546 disciplinae.
3025 3478 3231 3535 Prmire
3280 3483 3426 3536 enim
3455 3482 3644 3538 debent
3678 3485 3830 3545 merita,

2309 3575 2330 3604 ο
2382 3575 2434 3619 ιιι
2481 3567 2761 3624 accedenti
2794 3567 3015 3626 debitus
3061 3571 3236 3628 honor
3276 3575 3442 3630 tribui
3487 3577 3734 3642 videatur;
3761 3587 3833 3644 qua

2305 3659 2450 3712 enim
2494 3659 2718 3716 aﬂ‘ectus
2766 3676 2894 3718 suos
2943 3664 3028 3734 pie
3079 3667 3362 3733 tractavit,
3400 3679 3457 3723 et
3509 3668 3704 3724 domum
3745 3668 3833 3721 bene

2307 3753 2654 3822 gubernavit,
2693 3754 2785 3809 Dei
2818 3755 2990 3826 legem
3019 3758 3294 3824 servavit,
3326 3759 3493 3832 digna
3521 3759 3689 3819 eifecta
3715 3771 3834 3816 ιειιιιι-

2309 3851 2592 3905 neratione
2624 3851 2902 3907 Ecclesia).

2380 3943 2564 4011 (Vere.
2610 3942 2692 4018 5.)
2742 3943 2884 3999 Nam
2921 3962 3035 4016 qua!
3087 3963 3198 4003 iere
3241 3949 3402 4005 vidua
3447 3961 3521 4006 est
3559 3958 3605 4006 et
3637 3948 3831 4012 desolata,

2308 4048 2478 4105 sperat
2509 4039 2561 4094 in
2595 4038 2736 4107 Deo,
2769 4050 2816 4095 et
2859 4041 3016 4096 instat
3051 4044 3369 4098 orationibus
3399 4055 3548 4101 noctu
3591 4047 3752 4114 dieque.
3777 4041 3832 4095 Ἥ·

2308 4133 2469 4188 duam
2501 4133 2640 4190 filios
2670 4145 2764 4189 aut
2791 4147 3017 4206 nepotes
3050 4137 3338 4194 habentem
3383 4157 3490 4195 non
3524 4139 3669 4196 facile
3699 4135 3832 4193 admit-

2310 4225 2527 4281 tendam
2560 4227 2626 4281 ad
2650 4226 2920 4294 stipendia
2952 4229 3237 4297 Ecclesiae;
3265 4232 3388 4303 quia
3415 4231 3464 4288 si
3492 4234 3576 4305 pie
3603 4242 3653 4290 et
3674 4229 3832 4287 sollicite

2309 4317 2530 4376 domum
2565 4337 2718 4377 suam
2763 4323 3118 4396 gubernavit,
3150 4342 3380 4384 necesse
3409 4339 3495 4384 est
3533 4330 3672 4385 reddi
3708 4323 3832 4382 illiti-

2309 4429 2427 4470 cem
2460 4430 2489 4468 a
2520 4416 2668 4481 suis,
2698 4417 2844 4473 sicut
2884 4427 2939 4474 et
2971 4418 3062 4474 illa
3095 4417 3335 4476 reddidit
3368 4422 3698 4494 propinquis:
3722 4419 3752 4473 si
3773 4430 3832 4469 au-

2309 4519 2448 4576 tem,
2485 4519 2546 4566 ut
2591 4511 2833 4581 adsolet,
2879 4512 3131 4584 impietas
3179 4515 3341 4571 fuerit
3387 4527 3635 4587 operata,
3666 4525 3711 4570 ut
3746 4523 3832 4566 anus

681 4583 861 4657 (Vers.
907 4587 958 4655 l,
990 4587 1070 4660 2.)
1104 4590 1375 4650 Seniorem
1401 4612 1466 4651 ne
1489 4597 1871 4672 increpaveris,
1901 4603 1992 4658 sed
2018 4605 2208 4662 eshor-
2231 4587 2287 4650 Ῑ)
2311 4603 2646 4675 despiciatur
2674 4622 2702 4660 a
2732 4606 2876 4671 suis,
2910 4583 3046 4676 quos
3092 4609 3178 4678 pie
3211 4583 3498 4677 tractavit,
3527 4609 3720 4680 dignum
3755 4617 3831 4658 esse

610 4685 720 4732 tare
769 4689 824 4734 ut
874 4690 1090 4752 patrem,
1135 4687 1369 4754 iuniores
1412 4701 1469 4744 ut
1499 4691 1710 4761 fratres,
1733 4682 1877 4750 Ianus
1907 4707 1963 4753 ιιι
1995 4708 2205 4770 matres,

609 4771 1023 4830 adolescentulus
1069 4785 1122 4834 ut
1159 4797 1364 4837 sorores
1413 4785 1466 4838 in
1517 4788 1657 4841 omni
1688 4791 1942 4845 castitate.
1977 4791 2208 4864 Propter

611 4864 1085 4927 honoriﬁcentiam
1111 4875 1286 4931 artatis
1320 4879 1584 4950 majorem
1629 4895 1758 4940 natu
1789 4902 1909 4942 cuni
1956 4905 2208 4947 mansue-

609 4959 795 5016 tudine
825 4962 891 5017 ad
923 4964 1121 5021 bonum
1147 4984 1284 5040 opus
1310 4969 1338 5008 δ
1367 4973 1526 5030 docet
1556 4981 1961 5046 provocandam
1984 5026 1998 5051 ,
2045 4994 2101 5039 ut
2133 4985 2210 5040 ia-

607 5054 766 5110 cilius
795 5058 1059 5128 suscipiat
1105 5062 1572 5135 admonitionem;
1605 5083 1780 5140 potest
1829 5076 1975 5130 enim
2025 5079 2206 5134 vereri

609 5151 1000 5220 commonitus,
1049 5169 1117 5210 ne
1166 5166 1351 5226 postea
1397 5163 1746 5232 corripiatur,
1780 5168 1922 5238 quod
1949 5176 2107 5240 turpe
2130 5181 2212 5226 est

608 5245 836 5300 seniori.
869 5245 1004 5302 Nam
1039 5251 1181 5320 apud
1214 5269 1404 5308 omnes
1439 5257 1624 5326 utique
1653 5271 1845 5331 gentes
1877 5261 2215 5320 honorabilis

609 5347 693 5393 est
717 5350 1006 5398 senectus:
1054 5345 1198 5400 unde
1241 5356 1292 5400 et
1320 5346 1627 5421 Synagoga,
1658 5364 1713 5409 et
1747 5365 1930 5423 postea
1967 5357 2210 5414 Ecclesia

610 5432 858 5488 seniores
891 5433 1100 5505 habuit,
1130 5454 1358 5508 quorum
1393 5443 1511 5498 sine
1535 5447 1768 5502 consilio
1797 5446 1931 5503 nihil
1953 5451 2213 5521 agebatur

610 5522 662 5576 in
729 5525 997 5584 Ecclesia.
1071 5531 1228 5599 Quod
1289 5550 1399 5606 qua
1456 5537 1785 5610 negligentia
1839 5535 2209 5614 obSoleverit,

681 5699 705 5776 σε
729 5688 912 5776 (Epdex
933 5691 1084 5776 .Vail.
1103 5736 1118 5763 ,
1149 5694 1278 5776 Tum
1307 5714 1422 5776 vero
1451 5702 1726 5759 metuentia
1757 5718 1867 5758 esse
1890 5702 2205 5776 intelligunt.

681 5759 709 5800 δ
741 5761 903 5817 Docet
931 5764 986 5819 in
1017 5759 1270 5822 omnibus
1297 5770 1428 5826 edit.
1458 5789 1520 5828 ae
1551 5775 1736 5830 multis
1765 5789 1898 5830 mss.
1939 5759 2214 5833 desidera-

603 5838 728 5903 tur,
759 5835 857 5893 sed
885 5851 951 5892 ex
991 5838 1112 5892 aliis
1154 5843 1431 5902 nonnullis
1456 5848 1783 5906 restituitur.

2314 4697 2455 4752 hanc
2483 4698 2684 4768 suscipi
2715 4700 2784 4753 ab
2821 4697 3096 4767 Ecclesia;
3130 4700 3254 4769 quia
3282 4701 3336 4755 in
3370 4701 3581 4757 Domini
3618 4705 3716 4771 lege
3745 4695 3830 4750 iide-

2311 4789 2436 4847 liter
2464 4805 2782 4848 conversata
2814 4803 2918 4848 est.
2945 4793 3118 4850 Vidua
3151 4793 3313 4866 igitur
3345 4795 3616 4860 desolata,
3642 4803 3688 4850 et
3721 4788 3832 4844 ast!is

2309 4897 2645 4956 contempta,
2662 4898 2848 4956 sperat
2874 4889 2927 4942 in
2951 4888 3095 4954 Deo;
3127 4888 3481 4945 vidensenim
3508 4905 3572 4945 ex
3597 4888 3718 4943 nulla
3737 4887 3834 4954 parm

2311 4993 2369 5032 se
2400 4978 2600 5034 habere
2623 4979 2939 5052 suﬂ‘ragium
2961 5024 2974 5046 ,
3001 4993 3112 5038 toto
3138 4984 3321 5037 animo
3343 4984 3539 5039 devota
3569 4991 3644 5040 est
3667 4970 3834 5040 Deo,th

2314 5089 2421 5144 quo
2447 5075 2564 5129 Solo
2587 5077 2851 5131 auxilium
2887 5079 3013 5131 vitae
3045 5078 3344 5149 salutisque
3371 5088 3662 5151 exspectat.

2384 5166 2566 5240 (Vers.
2601 5168 2680 5241 ϐ.)
2710 5166 2738 5205 ἀ
2782 5168 2922 5225 Nam
2951 5188 3065 5243 qua:
3094 5172 3144 5225 in
3179 5170 3382 5227 deliciis
3429 5185 3500 5228 est
3531 5174 3668 5226 ridua
3689 5213 3700 5232 ,
3722 5168 3834 5221 rem

2313 5274 2518 5317 mortua
2549 5271 2642 5318 est.
2675 5263 2898 5320 Viduam
2922 5309 2935 5332 ,
2971 5279 3194 5336 propter
3218 5268 3362 5338 quod
3399 5268 3552 5323 vidua
3579 5267 3759 5326 dicitur,
3784 5267 3834 5311 ta-

2309 5358 2416 5413 lcut
2459 5372 2580 5412 esse
2620 5355 2820 5415 debere
2848 5359 3152 5431 significat,
3187 5369 3244 5416 ut
3272 5360 3338 5417 ad
3367 5361 3644 5417 Dominum
3681 5365 3831 5426 prorae-

2314 5455 2543 5509 rcndnm
2611 5455 2948 5510 orationibus
3004 5465 3204 5522 vacet,
3262 5455 3377 5514 Deo
3457 5457 3676 5513 serviens
3726 5451 3833 5503 ιιοειε

2313 5545 2542 5619 dieque;
2576 5557 2630 5602 ut
2658 5549 2911 5605 os¥eodat
2937 5562 2996 5604 se
3026 5549 3229 5605 idcirco
3257 5551 3472 5622 nuptias
3498 5545 3727 5606 secundas
3747 5552 3835 5594 σου·

2395 5720 2416 5784 ς
2449 5707 2584 5784 item
2620 5709 2777 5784 edit.,
2811 5709 3159 5784 utaccedenti
3189 5712 3405 5774 meritus
3445 5709 3640 5784 honor._
3746 5769 3757 5784 ,
3790 5764 3818 5784 ί,

2321 5851 2359 5922 ﬁ
2393 5777 2631 5906 dlcodex
2661 5777 2826 5852 Vell"
2857 5783 3188 5862 Ωιιαρνοριεν
3223 5784 3431 5850 “dum
3459 5782 3551 5846 οιε
3574 5777 3706 5836 “’9'
3721 5777 3835 5846 ⁵9⁸⁸⁸

2362 5868 2422 5906 ca
2453 5893 2464 5906 .
