3970 6316
36 295 143 354 377

785 283 1290 346 COMMENTABIA
1332 283 1400 342 lN
1443 283 1661 344 EPIST.
1711 286 1800 344 AD
1840 285 2258 346 TIMOTHECM
2301 288 2592 348 PRIMAM.

3240 290 3349 357 478

36 412 369 484 tempsisse,
400 419 460 469 ut
486 409 710 467 instaret
736 406 1044 479 disciplina:
1072 407 1391 464 Dominicae.
1419 407 1475 465 Si
1501 408 1644 462 enim
1674 418 1721 478 Α
1755 408 1926 478 ﬁteri,
1957 409 2102 480 quod
2145 409 2320 468 adhuc
2362 411 2586 482 juvenili
2631 411 2774 467 mtati
2825 410 2972 468 credi
3019 424 3126 468 non
3167 409 3350 468 debet.

37 508 136 561 sub
167 507 400 562 nomine
419 506 590 561 vidua:
619 503 826 559 deliciis
853 513 1008 558 vacet
1033 514 1124 558 aut
1155 503 1382 558 luxuriae
1402 544 1418 568 ,
1450 502 1641 558 vivens

37 609 252 655 mortua
295 600 542 657 habenda
592 607 700 666 est;
748 599 871 670 quia
915 600 1232 669 imposturce
1293 613 1467 670 genus
1522 606 1640 663 est,

37 693 179 749 aliud
213 709 409 765 agere,
439 693 650 748 etallud
678 692 959 764 proﬁteri:
994 701 1022 732 ι
1050 708 1156 748 non
1187 693 1447 764 obsequia
1472 699 1527 748 et
1549 691 1643 747 de-

33 789 316 844 votionem
355 788 477 855 Dei,
506 787 599 844 sed
629 787 892 843 honorem
923 787 1101 843 viduae
1127 787 1376 843 volentes
1406 786 1640 852 habere;

36 898 155 939 cum
186 883 432 938 nominis
463 883 631 954 ipsius
657 883 924 953 professio
946 883 1048 938 hoc
1079 883 1309 950 indicet;
1335 884 1459 955 quia
1490 897 1646 955 spre-

37 987 90 1033 to
117 978 267 1043 viro,
303 977 472 1033 Deum
503 977 703 1048 elegit,
733 977 820 1033 cui
849 979 1056 1034 serviat
1098 985 1208 1034 tota
1261 988 1473 1047 mente,
1513 992 1645 1049 pro-

37 1080 153 1144 pter
175 1073 348 1126 vitam
378 1072 721 1141 promissam.

105 1163 291 1237 (νει-ε.
343 1163 424 1234 7.)
469 1161 537 1217 Et
585 1165 696 1218 hac
740 1165 1005 1236 prwcipe,
1053 1173 1108 1219 ttt
1170 1163 1646 1238 irrepreltensibiles

41 1260 154 1312 sint.
185 1255 420 1311 Tantam
450 1255 784 1328 diligentiam
827 1268 1042 1313 actuum
1076 1271 1138 1312 ac
1175 1274 1386 1313 murum
1426 1257 1647 1312 viduam

45 1351 150 1404 vult
191 1349 430 1418 habere,
465 1358 520 1404 nt
554 1351 880 1421 reprehendi
911 1367 1017 1406 non
1060 1353 1257 1421 possit;
1287 1361 1464 1408 amota
1503 1352 1646 1406 enim

45 1460 75 1501 a
103 1460 196 1513 spe
224 1447 516 1501 mundana:
552 1448 1022 1513 conversationis,
1055 1453 1110 1503 et
1138 1449 1384 1517 corporis
1423 1446 1651 1504 curandi

45 1538 253 1607 ofﬁcio,
287 1552 512 1610 propter
541 1540 645 1596 hoc
682 1557 742 1596 se
770 1541 836 1595 ad
869 1541 1038 1596 Deum
1081 1541 1337 1608 contulit,
1373 1549 1427 1594 ut
1458 1540 1651 1611 proba-

48 1632 203 1686 bilem
247 1641 376 1704 agat
412 1634 603 1689 vltam.
643 1633 884 1689 Sublatis
913 1633 1056 1688 enim
1099 1633 1501 1700 occasionibus,
1533 1648 1652 1704 qua:

43 1727 220 1780 aditus
249 1727 435 1782 solent
465 1729 680 1796 aperire
711 1728 971 1798 peccatis,
997 1735 1175 1797 potest
1193 1727 1336 1784 bona
1367 1741 1654 1784 conversa-

41 1821 111 1874 tio
136 1819 435 1875 incoiumis
462 1836 804 1892 permanere.

111 1910 434 1985 (Vers.8.)b
467 1915 528 1969 Si
555 1917 674 1986 quis
702 1926 876 1969 autem
893 1926 1187 1981 suorum,et
1218 1917 1442 1970 maxime
1467 1916 1645 1970 dome—

41 2008 275 2062 sticorum
303 2024 485 2063 curam
504 2026 606 2065 non
633 2010 804 2074 habet,
831 2012 984 2081 ﬁdem
1015 2013 1234 2085 negarit,
1272 2022 1319 2066 et
1348 2025 1421 2068 est
1443 2011 1646 2083 inﬁdeli

46 2105 273 2158 deterior.
304 2104 458 2160 lianc
487 2105 704 2160 viduam
736 2122 856 2176 qua:
901 2107 1182 2177 negligens
1212 2105 1310 2161 fuit
1349 2107 1493 2162 circa
1520 2121 1648 2161 suos

46 2199 278 2266 affectus,
305 2210 369 2256 ut
395 2201 657 2258 educaret
688 2217 782 2257 eos
817 2203 870 2258 in
899 2203 1187 2273 disciplina
1219 2212 1274 2258 et
1303 2202 1648 2258 correctione

49 2293 280 2360 homini,
315 2294 752 2352 inhonorandam
784 2297 947 2363 dicit;
979 2299 1100 2369 quia
1135 2299 1276 2353 sicut
1307 2297 1535 2368 perﬁdi,
1569 2297 1649 2352 ie-

45 2390 88 2457 gi
117 2389 330 2445 Domlni
361 2406 470 2445 non
500 2391 746 2447 obedivit
767 2434 781 2459 ,
811 2402 874 2448 ut
914 2392 1068 2463 peior
1097 2392 1381 2448 habeatur.
1414 2391 1649 2473 Necesse

49 2494 125 2539 est
153 2485 292 2541 enim
327 2495 384 2541 ut
416 2485 660 2542 deterior
697 2488 799 2555 sit,
830 2487 918 2557 qui
960 2486 1060 2542 sub
1092 2487 1210 2557 lege
1237 2495 1290 2542 et
1330 2486 1525 2540 timore
1555 2478 1648 2540 De'

49 2592 203 2647 agens
250 2587 601 2648 contemptor
644 2589 757 2648 est,
787 2596 946 2650 quam
980 2581 1070 2651 qui
1118 2596 1222 2636 non
1254 2580 1534 2651 subjectus
1568 2587 1651 2634 est

56 2670 179 2742 legi;
214 2672 300 2728 hic
330 2674 479 2729 enim
522 2675 693 2729 nescit
716 2715 733 2740 ,
762 2673 854 2729 ille
891 2683 1070 2730 autem
1111 2675 1293 2730 sciens
1325 2674 1650 2730 contemnit.

117 2765 290 2834 (Vers,
330 2766 384 2829 9,
441 2767 557 2839 10.)
596 2767 774 2822 Vidua
805 2767 1026 2839 eligatur
1053 2784 1310 2821 annorum
1351 2783 1453 2820 non
1481 2768 1652 2822 minus

53 2862 322 2931 sexaginta,
354 2875 476 2931 qua:
499 2862 655 2932 fuerit
683 2864 834 2916 unius
859 2863 954 2916 uiri
977 2879 1131 2928 uxor,
1161 2864 1214 2916 in
1239 2864 1478 2933 operibus
1504 2861 1652 2917 bonis

52 2955 381 3009 testimonium
410 2955 624 3018 habens,
657 2957 703 3010 si
733 2957 869 3026 ﬁlios
899 2957 1159 3022 enutrivit,
1191 2957 1235 3010 si
1263 2956 1488 3028 hospitio
1517 2971 1654 3011 recc.

53 3051 137 3118 pit,
179 3051 221 3104 si
256 3060 556 3106 sanctorum
585 3052 739 3122 pedes
765 3050 911 3120 lavit,
944 3053 989 3106 si
1017 3068 1311 3122 pressuram
1344 3051 1652 3122 patientibus

53 3141 465 3211 subministravit,
499 3144 544 3198 si
573 3160 723 3198 omne
767 3160 893 3216 opus
925 3143 1116 3197 bonum
1161 3143 1429 3198 subsecuta
1461 3155 1552 3198 est.
1593 3144 1648 3200 Si

1745 506 2086 562 Damnationi
2117 507 2262 564 enim
2293 507 2350 562 ﬁt
2377 508 2677 574 obnoxius,
2709 507 2799 579 qui
2847 509 2914 563 ab
2967 507 3070 562 hoc
3120 506 3357 562 declinat

1745 601 1885 675 quod
1916 612 2061 658 recte
2096 603 2324 658 fecerat.
2357 602 2628 671 Quantum
2669 603 2814 658 enim
2855 601 3135 657 laudabile
3178 611 3282 667 est,
3309 600 3355 656 si

1747 698 1972 769 impleat
2001 697 2143 770 quod
2188 697 2328 752 ultra
2358 699 2506 752 vires
2534 698 2653 764 eius
2684 696 2948 762 creditur;
2998 704 3154 751 tanto
3183 694 3355 765 magis

1745 791 2054 865 puniendus
2099 791 2225 859 erit,
2267 792 2310 846 si
2347 792 2448 846 hoc
2497 791 2693 846 audeat
2741 790 2841 845 sibi
2891 791 3172 862 imponere
3215 805 3355 860 pcre-

1747 886 2058 957 sumptione
2085 885 2428 943 temeritatis.
2448 884 2589 954 quod
2618 883 2762 940 ferre
2792 899 2898 939 non
2931 885 3122 954 possit:
3157 898 3257 937 nec
3287 882 3356 938 ad

1748 983 1958 1037 veniam
1994 979 2158 1036 debet
2186 979 2483 1051 pertinere,
2508 979 2598 1050 qui
2630 987 2713 1034 est
2735 994 2762 1032 a
2794 976 3097 1050 primordio
3120 977 3356 1034 inﬁdelis

1749 1077 2024 1133 invenltts.

1823 1171 2006 1246 (Vers.
2045 1169 2155 1244 13.)
2182 1169 2352 1227 Simul
2379 1179 2548 1225 autem
2573 1178 2622 1223 et
2648 1169 2829 1225 otiosa:
2869 1167 3074 1222 discunt
3103 1167 3354 1223 circuire:

1752 1283 1853 1320 non
1881 1267 2044 1321 solum
2083 1275 2253 1320 autem
2285 1266 2492 1329 otiosaz,
2523 1265 2615 1319 sed
2645 1273 2692 1318 et
2737 1263 2995 1330 verbosce,
3021 1269 3070 1317 et
3102 1263 3352 1331 curiosas,

1754 1361 2013 1429 loquentes
2034 1377 2147 1428 qum
2188 1376 2288 1413 non
2332 1368 2551 1432 Oportet.
2587 1357 2844 1428 anedam
2885 1357 3121 1428 virgines
3149 1357 3234 1412 vel
3280 1356 3362 1411 vi-

1753 1454 1895 1518 dum,
1929 1453 2350 1509 commendante
2386 1452 2723 1524 professione
2747 1451 3071 1522 (gloriosum
3103 1458 3184 1505 est
3212 1449 3358 1505 cui

1757 1547 1916 1618 hujus
1944 1547 2023 1603 rei
2056 1547 2397 1618 vocabulum)
2427 1545 2788 1617 acceptabiles
2837 1553 2965 1598 snnt
2993 1543 3246 1598 domibus
3271 1542 3358 1598 di-

1756 1645 1926 1698 vitum
1946 1687 1960 1712 ,
1985 1659 2103 1713 quae
2128 1643 2176 1697 id
2201 1652 2385 1714 agunt;
2417 1651 2473 1696 ut
2499 1649 2722 1710 pareant
2746 1638 3120 1695 voluntatibus
3145 1653 3358 1708 eorum,

1757 1741 2098 1795 ambulantes
2139 1748 2192 1794 et
2243 1747 2552 1808 quaerentes
2598 1752 2720 1807 qua:
2766 1735 3050 1808 perferant
3089 1733 3156 1788 ad
3201 1734 3355 1800 illos,

1675 1823 1722 1884 Β
1751 1835 1945 1906 quibus
1969 1833 2331 1898 delectentur,
2359 1841 2415 1886 ut
2446 1831 2636 1886 otiosa:
2667 1830 2988 1884 muneribus
3015 1827 3356 1882 afﬁciantur:

1749 1937 1803 1985 et
1833 1929 1975 1983 tnalo
2004 1943 2156 1982 more
2186 1928 2305 1998 plus
2347 1937 2594 1996 quaerant
2627 1923 2850 1990 fabulis,
2883 1938 3044 1992 quam
3075 1935 3196 1992 qua:
3225 1934 3361 1988 ope-

1748 2032 1938 2078 rantur
1983 2021 2252 2082 manibus;
2287 2028 2345 2075 ut
2383 2021 2540 2075 elata:
2587 2018 2886 2090 procedant
2915 2026 2969 2071 et
3015 2017 3358 2086 compositas,

1749 2125 1940 2171 contra
1992 2114 2381 2185 professionem
2427 2128 2581 2167 suam
2631 2121 2878 2181 agentes.
2929 2111 3060 2178 Quin
3091 2123 3180 2164 res
3222 2109 3363 2163 solet

1750 2211 1858 2265 illis
1884 2211 2047 2264 etiam
2086 2210 2138 2263 in
2167 2208 2269 2264 hac
2296 2209 2404 2262 vita
2438 2222 2560 2262 esse
2585 2207 2882 2270 contraria;
2918 2205 3188 2259 revelatur
3213 2203 3359 2258 enim

1751 2304 1830 2370 id,
1860 2302 2004 2374 quod
2045 2317 2264 2372 semper
2306 2303 2578 2357 occultum
2622 2309 2836 2370 putant.
2868 2299 3006 2368 Quid
3057 2307 3138 2353 est
3187 2298 3360 2365 enim,

1752 2403 1812 2450 ut
1837 2410 1901 2450 ea
1933 2394 2246 2464 loquantur,
2282 2410 2405 2464 quae
2437 2409 2542 2446 non
2585 2391 2836 2462 Oportet?
2864 2391 3182 2462 Nuptiarum
3213 2389 3358 2442 enim

1752 2500 1880 2546 sunt
1931 2489 2228 2558 proximte,
2281 2488 2571 2542 multorum
2621 2494 2958 2542 secretorum
3020 2483 3358 2553 participes,

1753 2583 2104 2650 aduiatrices,
2139 2597 2414 2637 servorum
2442 2580 2708 2649 quet'uiah.

1826 2675 2005 2748 (Vers.
2039 2675 2128 2741 M,
2161 2674 2276 2743 i5.)
2315 2673 2446 2728 Volo
2483 2674 2655 2744 itaque
2685 2673 2922 2747 juniores
2962 2671 3187 2735 nubere,
3222 2667 3361 2740 ﬁlios

1755 2785 2059 2840 procreare,
2088 2765 2115 2806 δ
2145 2779 2331 2822 ntatres
2369 2769 2598 2837 familias
2629 2784 2768 2834 esse,
2802 2766 3002 2821 nullam
3037 2764 3361 2820 occasionem

1754 2863 1881 2918 dare
1919 2863 2216 2918 aduersario
2264 2864 2522 2918 maledicti
2560 2864 2748 2937 gratia.
2791 2861 2914 2915 Jant
2955 2862 3087 2916 enim
3124 2859 3362 2929 qua'dam

1755 2959 2122 3012 deerraverunt
2157 2969 2268 3028 post
2297 2958 2571 3013 Satanam.
2604 2958 2870 3028 Quoniam
2894 2973 3012 3027 qum
3043 2971 3202 3025 supra
3229 2953 3366 3008 dixit

1754 3052 1822 3106 de
1857 3052 2184 3122 huiusmodi,
2217 3052 2489 3106 centraria
2538 3060 2593 3106 et
2644 3052 2832 3105 illicita
2881 3061 3030 3112 sunt,
3064 3047 3365 3119 perducent

1757 3160 1849 3201 eas
1875 3147 1940 3200 ad
1975 3157 2225 3211 mortem;
2255 3145 2456 3200 idcirco
2481 3143 2770 3199 consilium
2804 3142 2915 3205 dat,
2948 3153 2998 3196 et
3028 3137 3270 3212 pra-cipit
3299 3155 3361 3196 ea

55 3238 389 3308 praerogativa
425 3238 820 3307 praeteritorum
853 3252 1075 3308 operum
1109 3237 1269 3293 vidua
1301 3237 1649 3292 eommenda-
1678 3225 1721 3287 C
1757 3238 1893 3305 ﬁeri,
1929 3255 2050 3310 quae
2075 3239 2218 3294 licita
2246 3249 2392 3293 sunt.
2424 3239 2613 3293 Melius
2637 3248 2719 3292 est
2762 3239 2907 3293 enim
2949 3235 3141 3291 domus
3175 3250 3362 3289 curam

57 3337 149 3390 tur,
181 3329 485 3399 eligendam
512 3331 650 3384 hanc
675 3329 862 3393 docet;
896 3329 1108 3384 Domini
1143 3330 1290 3385 enim
1320 3329 1530 3400 judicio
1560 3329 1646 3384 ad.

56 3423 286 3478 scribitur
308 3439 510 3479 nomen
535 3424 650 3494 ejus
680 3423 1065 3479 ecclesiasticis
1090 3423 1459 3489 monimentis,
1487 3438 1644 3494 qnam

59 3513 255 3584 dignam
286 3528 442 3571 vetus
475 3519 582 3570 vita
615 3515 875 3571 declarat.
911 3515 1118 3571 imbuta
1150 3518 1292 3571 enim
1323 3517 1520 3571 divinis
1554 3517 1649 3570 ui)-

61 3609 277 3676 scquils,
307 3616 365 3665 et
412 3610 468 3665 in
501 3610 589 3666 his
637 3610 801 3663 vitam
851 3620 1132 3676 atterens,
1169 3610 1512 3680 suscipienda
1565 3619 1651 3664 est

61 3700 104 3754 in
134 3703 247 3757 sinu
271 3701 553 3766 Ecclesiae.
577 3703 662 3757 cui
693 3703 821 3758 olim
846 3718 906 3759 se
926 3705 1081 3758 vovit
1105 3705 1360 3775 legitimis
1387 3703 1645 3758 servitiis.

123 3795 291 3868 (γεω.
326 3799 442 3869 ii.)
480 3799 896 3856 Adolescentulas
926 3813 1043 3853 vero
1073 3799 1256 3853 viduas
1296 3800 1500 3866 devita;
1532 3815 1648 3854 cum

61 3890 180 3941 enim
205 3891 355 3945 vitam
383 3893 438 3946 in
468 3891 665 3946 deliciis
687 3893 912 3965 egerint,
936 3893 989 3946 in
1011 3891 1215 3946 Christo
1237 3893 1426 3947 nubere
1446 3893 1644 3947 volunt.

65 3981 302 4039 Prohibet
323 3984 765 4040 adulescentulas
788 3984 977 4038 viduas
1002 3986 1052 4039 in
1079 3984 1182 4040 hac
1212 3986 1410 4054 suscipi
1442 3985 1650 4056 profes-

65 4074 227 4141 sione,
268 4076 493 4134 lubricae
533 4078 679 4133 enim
727 4079 872 4132 :etati
918 4077 1052 4132 fides
1099 4077 1259 4133 facile
1303 4077 1494 4134 haberi
1540 4095 1646 4136 non

66 4164 240 4236 debet;
261 4170 464 4241 quippe
491 4185 614 4225 eum
643 4168 999 4240 quarumdam
1030 4171 1281 4242 exempla
1314 4171 1644 4241 prmcedant,

67 4275 171 4328 qua:
199 4273 312 4333 post
342 4266 738 4336 professionem
769 4265 891 4319 vita:
919 4263 1238 4320 deliciarum
1282 4267 1649 4324 oblectatione

70 4368 246 4412 nomen
271 4401 284 4425 ,
327 4375 436 4415 non
487 4374 658 4431 opera
706 4359 984 4415 viduitatis
1025 4358 1254 4426 habent,
1288 4367 1342 4415 et
1368 4375 1648 4417 conversa:

70 4448 252 4515 nuptiis
294 4450 674 4507 sollicitantur.
717 4451 819 4520 Qui
864 4453 1009 4508 enim
1057 4459 1211 4523 putat
1235 4468 1294 4508 se
1338 4454 1390 4509 in
1433 4455 1650 4510 Christo

72 4541 220 4596 vitam
248 4545 460 4602 deliciis
505 4563 695 4618 agere,
728 4547 950 4603 minime
1000 4547 1264 4603 innocens
1294 4559 1647 4619 perSeverat;

1750 3348 1861 3387 sum
1887 3347 2077 3395 gerere
2104 3375 2117 3398 ,
2153 3342 2174 3369 θ
2221 3347 2378 3402 quam
2425 3331 2476 3384 in
2517 3332 2693 3384 aliena
2735 3331 2900 3384 domo
2943 3327 3276 3383 adulterari:
3309 3336 3362 3382 et

1751 3427 1976 3480 multum
2009 3425 2233 3494 expedit
2260 3425 2488 3490 nubere,
2520 3441 2677 3494 quam
2711 3423 2813 3478 sub
2837 3424 2976 3476 bona
3003 3430 3058 3476 et
3112 3423 3196 3489 pia
3238 3433 3364 3489 pro-
3447 3444 3453 3450 -

1752 3519 1986 3574 fossione
2039 3519 2354 3573 notabiliter
2410 3519 2461 3570 in
2509 3517 2652 3571 man
2697 3515 2980 3570 incedere:
3016 3514 3137 3584 plus
3177 3519 3359 3566 autem

1751 3621 1834 3668 est
1863 3628 1986 3668 cum
2017 3612 2223 3682 pudore
2252 3611 2500 3666 manibus
2530 3612 2731 3664 vietum
2776 3624 3040 3679 quaerere,
3069 3622 3231 3677 quam
3275 3605 3360 3658 itt-

1751 3709 2058 3765 vcrecundc
2088 3724 2210 3763 cum
2242 3708 2352 3761 otio
2382 3708 2560 3762 aliena
2597 3704 2846 3760 ult-milia
2884 3712 3228 3772 exspectare.
3268 3699 3362 3755 Sic

1752 3807 1896 3861 enim
1928 3805 2138 3860 invenit
2170 3804 2512 3858 occasionem
2547 3801 2800 3866 Satanas,
2824 3797 3098 3868 quomodo
3131 3796 3361 3850 subver-

1754 3909 1831 3954 tat
1866 3897 2076 3953 animas
2120 3897 2457 3952 inconsultas
2481 3938 2495 3962 ,
2523 3910 2644 3949 cum
2677 3893 2762 3963 pia
2804 3891 3128 3963 proﬁtentes
3163 3889 3367 3957 injuste

1750 4000 2072 4056 versantur;
2102 3989 2235 4045 nihil
2264 3990 2407 4044 enim
2441 3995 2546 4042 tam
2581 3987 2949 4058 periculosum
2979 3992 3092 4048 est,
3122 3996 3281 4053 qnam
3315 3981 3361 4037 si

1753 4084 2079 4156 professioni
2118 4093 2267 4155 gesta
2298 4091 2625 4153 repugnent.
2658 4082 2920 4152 Apertum
2968 4078 3111 4132 enim
3160 4075 3360 4131 malum

1754 4194 1862 4234 non
1895 4178 2106 4233 zelatur
2151 4176 2422 4240 Satanas;
2463 4175 2590 4247 quia
2638 4173 2832 4246 gaudet
2865 4174 2918 4227 in
2966 4171 3090 4226 illo:
3127 4169 3146 4208 ί
3197 4172 3361 4223 istum

1755 4287 1888 4328 vero
1918 4285 2077 4343 quem
2100 4269 2248 4326 videt
2278 4270 2464 4324 lallere
2487 4311 2500 4335 ,
2522 4269 2576 4324 id
2609 4269 2748 4339 agit,
2781 4275 2838 4320 ttt
2869 4265 3178 4320 manifestct
3208 4261 3363 4318 illum

1753 4379 1909 4422 suum
1941 4363 2108 4420 ﬁlium
2141 4378 2295 4431 esse,
2331 4378 2438 4418 non
2469 4363 2599 4418 Dei:
2632 4361 2774 4433 quod
2807 4359 3005 4414 factum
3037 4372 3144 4413 non
3173 4353 3362 4426 displi-

1753 4469 1841 4517 cet
1869 4459 2001 4515 Deo.

1827 4551 2006 4626 (Vers.
2044 4551 2160 4616 16.)
2194 4551 2258 4605 Si
2284 4551 2397 4621 quis
2427 4549 2598 4621 ﬁdelis
2621 4593 2636 4617 ,
2670 4549 2748 4604 vel
2796 4547 2840 4602 si
2873 4563 2974 4619 qua
3004 4545 3174 4618 ﬁdelis
3213 4543 3364 4602 habet

73 4631 262 4692 luxuria
288 4641 432 4696 enim
461 4641 626 4696 trahit
657 4640 808 4696 illum
838 4641 904 4696 ad
948 4657 1042 4697 sua
1073 4643 1349 4710 membra,
1382 4653 1441 4698 ut
1479 4642 1651 4715 subji-
1677 4626 1731 4688 Ῑ)
1755 4645 1968 4712 viduas,
2002 4645 2319 4715 sufﬁcienter
2345 4644 2692 4698 subtninistret
2721 4641 2861 4704 illis;
2892 4651 2947 4694 ut
2976 4656 3148 4694 eorum
3182 4640 3369 4693 alimo-

72 4726 230 4785 ciatur
270 4747 533 4803 peccato;
581 4735 790 4792 delicia:
831 4736 974 4791 enim
1018 4736 1199 4806 januze
1250 4747 1379 4793 sunt
1419 4740 1644 4809 peccati.

73 4819 177 4878 Non
211 4830 350 4883 enim
382 4846 489 4900 quo
531 4830 739 4897 tendat,
774 4831 1070 4900 ignoratur,
1110 4832 1199 4903 qui
1247 4831 1466 4888 ﬂuidam
1504 4842 1649 4889 amat

75 4927 244 4977 Vllam.

140 5011 306 5084 (Vers.
351 5017 463 5090 12.)
509 4998 767 5074 Habenles
809 5019 1223 5088 damnationem;
1261 5021 1380 5091 quia
1427 5022 1650 5092 primam

79 5103 213 5170 [idem
254 5112 448 5167 irritam
479 5118 729 5183 fecerunt.
763 5114 926 5186 300
965 5114 1103 5181 Quid
1130 5125 1347 5170 maneat
1377 5115 1533 5183 tales,
1563 5133 1654 5170 os-

78 5197 250 5266 tendit;
282 5219 346 5259 ne
378 5204 530 5262 facile
561 5206 824 5272 audeant,
857 5206 1002 5277 quod
1037 5209 1265 5277 implere
1293 5207 1518 5264 difﬁcile
1546 5215 1648 5264 est:

78 5301 158 5345 aut
194 5296 234 5349 si
280 5299 482 5354 animus
513 5307 596 5355 est
643 5301 766 5356 huic
812 5301 1088 5356 devotioni
1130 5301 1380 5367 deditus,
1414 5303 1553 5371 apud
1593 5317 1653 5358 se

78 5383 272 5446 interim
304 5399 505 5464 teneat;
536 5405 557 5434 ε
590 5394 715 5466 quia
756 5394 944 5451 didicit
981 5395 1327 5452 temerarium
1375 5412 1494 5452 esse
1526 5412 1652 5468 pro-

144 5535 166 5564 ι
193 5528 326 5588 Idem
354 5535 520 5592 codex
542 5577 556 5601 ,
589 5551 694 5590 non
728 5537 967 5608 obsequio
991 5544 1040 5591 et
1080 5537 1354 5592 devotione
1389 5535 1523 5604 Dei,
1555 5539 1644 5594 sed

84 5597 254 5656 honore
277 5621 450 5662 nomen
476 5597 645 5663 vidua:
673 5597 896 5663 uolentes
922 5608 1133 5662 habere.

85 5667 343 5808 perﬁggm.
385 5679 524 5746 edit,
557 5681 618 5736 Si
659 5697 763 5750 qua
802 5691 994 5736 autem.
1042 5681 1110 5737 Et
1143 5680 1318 5749 infra,
1348 5683 1471 5756 quia
1517 5685 1647 5739 sicut

87 5815 387 5946 ﬁujnﬁmnes
408 5821 540 5878 edit.
580 5831 636 5880 et
679 5839 811 5882 mss.
841 5825 1080 5899 aliquot,
1109 5827 1232 5898 quia
1260 5827 1386 5882 dicit
1430 5836 1650 5883 temera-

1757 4740 1858 4795 niis
1881 4757 1981 4795 non
2003 4748 2239 4812 gravetur
2265 4735 2516 4799 Ecclesia,
2540 4745 2594 4790 ut
2615 4736 2740 4790 reris
2765 4733 2933 4789 viduis
2955 4734 3202 4805 sufﬁciat.
3227 4731 3364 4800 Quid

1758 4836 1958 4891 mirum
1991 4835 2034 4889 si
2059 4831 2372 4904 Apostoliea
2390 4838 2626 4900 potestas
2650 4829 2821 4883 futura
2847 4827 3020 4898 potuit
3043 4825 3369 4897 prawidere?

1758 4928 1894 4985 Nam
1939 4933 2166 4998 apparet
2198 4925 2336 4994 quod
2372 4925 2535 4988 dixit,
2569 4922 2692 4994 quia
2737 4920 2975 4976 ﬁdelium
3019 4919 3194 4974 vidua:
3224 4930 3367 4972 nunc

1762 5024 1989 5079 multum
2018 5031 2244 5094 gravant
2277 5021 2607 5081 Ecclesium,
2641 5026 2695 5072 et
2725 5034 2914 5072 eorum
2947 5017 3035 5086 qui
3070 5014 3366 5083 locupletes

1754 5117 2007 5172 videntur
2048 5114 2264 5179 mundi;
2298 5116 2422 5186 quia
2468 5129 2564 5181 per
2609 5114 2909 5167 senectutis
2954 5124 3170 5164 causam
3215 5107 3362 5160 desi-

1758 5222 1966 5267 stentcs
1995 5224 2086 5264 eas
2113 5210 2181 5264 ab
2208 5224 2374 5279 opere
2409 5207 2626 5262 lanificii
2652 5251 2665 5273 ,
2698 5206 2977 5263 retrahunt
3012 5205 3092 5258 eis
3123 5212 3172 5257 et
3202 5200 3369 5256 vesti-

1757 5319 1999 5363 mentum
2030 5314 2084 5361 et
2117 5307 2313 5360 victum
2335 5347 2348 5370 ,
2380 5321 2484 5358 non
2520 5313 2690 5358 totum
2725 5317 2925 5365 tamen,
2959 5297 3052 5353 sed
3085 5306 3362 5366 exparte;

1759 5410 1816 5455 ut
1847 5400 1953 5455 illa:
2001 5401 2112 5470 ipsa
2163 5399 2342 5469 inopia
2381 5396 2446 5451 ad
2506 5395 2807 5452 Ecclesium
2858 5401 3273 5456 convertantur,
3309 5400 3366 5444 ttt

1824 5537 1851 5578 ἀ
1881 5539 2070 5594 Codex
2091 5535 2231 5594 Vall.
2256 5546 2310 5594 et
2331 5537 2421 5592 alii
2453 5535 2733 5601 nonnulli,
2761 5531 3208 5605 matresfamilias
3232 5546 3362 5597 esse,

1754 5613 1966 5668 domum
1997 5627 2190 5682 regere.

1830 5694 1853 5722 ε
1885 5683 1959 5738 Ita
2011 5675 2144 5737 m'ss.
2191 5681 2462 5751 plerique:
2507 5679 2877 5751 aliivero,get
2917 5676 3089 5751 e_dit.,
3134 5691 3290 5744 quam
3315 5675 3365 5728 in

1757 5757 1929 5812 aliena
1961 5756 2115 5808 domo
2143 5749 2444 5807 adulari....
2480 5750 2774 5805 notabiliter
2803 5749 3057 5803 incedere.

1834 5825 1854 5864 τ
1886 5829 2090 5883 Omnes
2117 5825 2252 5880 edit.
2284 5836 2338 5880 et
2364 5824 2581 5896 quidam
2609 5837 2767 5891 mss.,
2787 5829 2989 5898 justum
3012 5834 3152 5885 uero;
3178 5817 3372 5874 melius

1763 5897 1857 5956 alii
1886 5913 2046 5968 mss.,
2073 5898 2230 5954 istum
2256 5911 2392 5953 vero.
