3970 6316
618 267 729 324 4ἳ9

1557 265 1651 322 AD
1689 265 1922 324 OPERA
1965 265 2218 325 SANCTI
2263 267 2594 328 AMBROSII
2633 269 3002 330 APPENDIX.

3755 277 3850 334 4813

613 386 830 440 vivant:
865 399 998 456 quos
1029 382 1314 455 oportebat
1341 399 1449 439 non
1479 385 1654 440 solum
1701 383 1816 440 suis
1847 385 2214 456 indigentibus
2241 386 2296 445 Α
2322 385 2469 442 tione
2495 401 2628 456 ergo
2655 402 2742 456 ea,
2791 404 2912 460 qua:
2942 389 3007 443 ad
3037 389 3423 446 ordinationem
3451 391 3690 448 Ecclesiae
3721 409 3854 451 man-

609 477 826 549 largiri,
857 493 1042 534 verum
1074 478 1238 534 etiam
1281 477 1413 533 alias
1445 478 1636 549 in0pes
1678 494 1902 549 pascere
1929 489 1986 534 et
2025 488 2212 535 conte-

611 587 761 643 gerc.
804 570 960 640 Quod
1013 573 1240 626 multum
1287 571 1480 638 obest;
1525 587 1646 627 cum
1693 573 1838 628 enim
1889 571 1973 627 his
2017 572 2216 639 datur,

607 667 820 722 caeteris
845 673 938 722 aut
961 665 1160 733 minus,
1192 677 1284 720 aut
1315 683 1418 721 non
1452 665 1640 733 datur,
1669 668 1862 738 quibus
1889 669 2058 738 magis
2085 667 2221 722 dan-

613 760 739 815 dum
773 769 891 828 est,
921 776 1043 832 quae
1093 759 1271 831 digna:
1303 770 1428 816 sunt
1465 762 1722 818 Ecclesiae
1766 761 2073 830 sumptibus
2117 763 2222 817 mi-

611 853 855 910 nistrari.
891 853 983 910 Sic
1013 861 1196 910 autem
1244 867 1498 926 gravatur
1523 897 1538 920 ,
1585 871 1708 910 cum
1747 859 1962 926 cogitur
2013 855 2219 910 vestire

609 947 810 1002 mullos
834 989 848 1014 ,
879 964 1000 1019 quae
1037 948 1260 1003 deberet
1305 948 1507 1004 ve5tire
1539 963 1772 1018 paucos:
1807 958 1862 1004 et
1909 949 2063 1020 plebs
2097 964 2220 1020 qum

602 1038 837 1096 libenter
864 1049 920 1096 et
961 1042 1275 1110 frequenter
1317 1042 1488 1111 possit
1535 1041 1844 1098 ministrare
1875 1045 2090 1112 paucis,
2123 1057 2214 1098 co-

603 1134 750 1208 gitur
781 1133 967 1204 plures
993 1133 1305 1200 dimittere;
1331 1144 1388 1189 ttt
1413 1143 1506 1189 aut
1541 1144 1875 1202 murnmret,
1898 1146 1990 1190 aut
2019 1134 2222 1191 tardius

605 1228 686 1283 eis
715 1238 990 1284 occurrat.
1020 1226 1154 1284 Nam
1188 1243 1310 1282 cum
1342 1229 1622 1298 prascipiat
1653 1229 1814 1282 unius
1862 1227 1962 1282 viri
1995 1243 2219 1282 uxorem

603 1319 727 1392 eligi
761 1320 977 1376 viduam
998 1363 1014 1388 ,
1039 1335 1180 1376 nunc
1209 1321 1558 1377 inveniuntur
1585 1320 1729 1376 inter
1753 1335 1848 1376 eas
1871 1335 1978 1376 non
2011 1329 2218 1375 tantum

615 1414 782 1472 duum
811 1425 905 1470 aut
933 1415 1093 1471 trium
1122 1417 1439 1472 maritorum
1472 1431 1703 1484 UXores,
1737 1416 1828 1472 sed
1867 1427 1920 1472 et
1951 1431 2071 1486 quae
2105 1427 2214 1472 tur-

608 1509 729 1578 pius
763 1509 1026 1565 vixerint:
1053 1509 1195 1582 quod
1227 1509 1518 1580 aliquando
1545 1525 1642 1579 per
1691 1509 2074 1581 negligentiam
2128 1510 2218 1572 lit,

611 1609 638 1638 ⁸
671 1603 960 1674 aliquando
993 1611 1273 1675 potentatu
1305 1603 1654 1659 insinuantis.

682 1715 864 1789 (Vers.
909 1717 1024 1787 l7.)
1067 1716 1173 1786 Qui
1217 1719 1342 1772 bene
1385 1727 1616 1788 praesunt
1657 1717 1982 1788 presbyteri,
2022 1717 2224 1787 duplici

2322 477 2411 534 dat
2457 481 2740 542 custodiri.
2773 483 3019 554 prtccipit
3051 483 3178 538 nihil
3233 485 3346 539 ﬁeri
3391 484 3503 540 sine
3529 487 3850 557 praiudicio;

2322 587 2390 628 ne
2421 573 2580 630 facile
2607 575 2809 646 aliquis
2835 577 3070 648 accipiat
3100 575 3512 631 ecclesiasticam
3545 576 3854 647 dignitatem,

2322 665 2422 720 nisi
2457 667 2606 736 prius
2627 667 2697 723 de
2723 671 2830 724 vita
2855 667 2973 738 ejus
3003 677 3057 723 et
3084 669 3322 724 moribus
3353 667 3508 724 fuerit
3532 668 3854 739 disputatum;

2323 770 2380 814 ut
2401 761 2596 832 dignus
2623 763 2976 833 approbatus,
3004 763 3252 818 minister
3281 773 3372 816 aut
3401 763 3638 820 sacerdos
3677 767 3858 822 consti-

2325 863 2526 920 tuatttr,
2562 867 2616 910 ut
2665 871 2770 911 non
2803 867 2988 928 postea
3033 857 3076 912 si
3131 857 3572 928 repreltcnsibilis
3615 858 3858 927 videatur,

2325 950 2588 1020 poeniteat
2635 951 2772 1006 fcrte
2799 950 3098 1021 principem
3151 951 3332 1022 populi
3365 960 3388 988 θ
3413 966 3515 1004 non
3539 950 3600 1004 ad
3627 949 3856 1018 liquidum

2325 1043 2709 1113 przcjndicassn
2748 1045 2876 1114 quid
2929 1053 3253 1112 mereretur,
3279 1059 3436 1114 quem
3469 1043 3858 1113 improbabititer

2323 1135 2628 1200 ordinavit;
2663 1151 2760 1190 nec
2789 1136 2941 1190 illttm
2993 1135 3149 1205 cujus
3195 1146 3413 1206 peccata
3447 1134 3512 1188 ad
3540 1135 3856 1206 suspicionem

2324 1233 2568 1298 veniunt,
2587 1231 2976 1298 ordinandum,
3010 1247 3074 1286 ne
3089 1230 3514 1285 commaculetur
3527 1229 3782 1284 ordinatur
3803 1229 3858 1282 ri-

2327 1326 2415 1382 liis
2427 1335 2480 1380 et
2494 1327 2702 1382 delictis
2718 1326 2858 1396 ejus.
2874 1326 2929 1381 Si
2947 1341 3075 1397 ergo
3087 1325 3315 1380 omnino
3329 1325 3542 1380 latentia
3555 1323 3858 1390 suntdelicta,

2326 1419 2582 1474 immunis
2603 1421 2706 1474 erit
2732 1427 2935 1484 rector;
2968 1420 3090 1490 quia
3115 1415 3448 1474 conscientia
3477 1417 3764 1487 ejuslibera
3785 1429 3858 1472 est.

2325 1509 2582 1582 Suspicio
2611 1511 2756 1566 enim
2785 1511 3057 1582 trepidum
3105 1510 3270 1574 facit;
3313 1517 3502 1580 peccat
3533 1509 3672 1563 enim
3715 1510 3756 1563 si
3783 1525 3864 1564 non

2328 1605 2544 1674 probat,
2581 1614 2636 1660 et
2665 1606 2744 1659 sic
2797 1605 3040 1660 ordinat.
3095 1603 3286 1658 Melior
3315 1604 3462 1658 enim
3493 1601 3700 1658 celetis
3745 1601 3864 1658 debet

2325 1704 2568 1774 probari.
2601 1704 2692 1772 qtti
2749 1701 3086 1758 ordinandus
3130 1709 3244 1766 est;
3277 1715 3386 1755 non
3443 1701 3584 1754 enim
3613 1697 3810 1764 sufﬁcit,
3835 1699 3866 1754 si

610 1787 806 1864 honore
831 1809 1118 1866 habeantur
1144 1809 1325 1884 digni:
1349 1811 1579 1865 maxime
1607 1811 1696 1880 qui
1725 1787 1967 1864 laborant
1993 1812 2045 1864 in
2074 1810 2223 1867 verba

2333 1798 2448 1852 sine
2477 1797 2708 1852 crimine
2740 1797 2812 1852 sit
2849 1813 2864 1862 ;
2903 1799 3030 1868 quia
3079 1797 3270 1850 merita
3325 1794 3444 1860 eius
3474 1795 3670 1848 debent
3713 1793 3866 1862 praite

609 1914 658 1959 et
689 1904 962 1960 doctrina.
985 1905 1115 1960 Boni
1145 1903 1555 1976 dispensatores
1595 1920 1658 1959 ac
1689 1905 1876 1962 fideles
1907 1919 2014 1960 non
2043 1905 2220 1961 solum

611 1995 821 2054 honore
847 1999 1066 2054 sublimi
1098 1999 1300 2055 debent
1338 1999 1484 2070 digni
1521 1999 1784 2069 judicari,
1819 1999 1916 2056 sed
1947 2009 2003 2054 et
2050 2009 2224 2057 terre-

610 2106 720 2158 no;
755 2103 807 2147 ttt
842 2108 951 2147 non
983 2093 1379 2150 contristentur
1409 2094 1700 2160 indigentia
1753 2105 2092 2165 sumptuum,
2127 2096 2223 2152 sed

611 2187 788 2256 magis
813 2190 1082 2254 gaudeant
1114 2186 1220 2242 fide
1247 2202 1341 2242 sua
1371 2195 1426 2242 et
1457 2187 1723 2242 doctrina.
1757 2187 2049 2246 lnstantior
2079 2191 2222 2246 enim

614 2278 703 2342 fit,
736 2279 780 2334 si
813 2293 918 2334 non
955 2279 1274 2335 bumilietur
1301 2280 1518 2351 inopia:
1551 2291 1605 2336 et
1653 2282 1850 2338 crescit
1893 2283 1945 2337 in
1979 2283 2072 2336 illo
2099 2298 2227 2340 auc-

611 2373 838 2438 toritas,
867 2371 894 2410 b
939 2387 1062 2428 cum
1104 2373 1254 2429 videt
1291 2389 1350 2429 se
1398 2375 1564 2430 etiam
1613 2374 1666 2430 in
1719 2377 1972 2445 praesenti
2026 2377 2226 2431 laboris

610 2467 696 2526 sui
724 2467 960 2524 fructum
1007 2469 1326 2540 percipere;
1359 2485 1466 2525 non
1501 2477 1559 2524 ut
1600 2469 1868 2536 abundet,
1903 2471 1998 2526 sed
2033 2481 2087 2527 ut
2118 2487 2223 2526 non

613 2559 853 2616 deﬁciat.

689 2651 873 2724 (Vers.
907 2651 1026 2725 18.)
1058 2651 1200 2708 Dicit
1243 2655 1382 2710 enim
1427 2653 1743 2726 Scriptura:
1777 2654 1901 2710 Non
1942 2655 2228 2726 iufrenabis

615 2749 792 2803 bovem
823 2752 1148 2804 triturantem
1178 2749 1355 2816 (Deut.
1389 2767 1520 2816 xxv,
1552 2750 1628 2820 4);
1661 2757 1748 2804 et:
1785 2749 2076 2823 Dignusest
2105 2767 2229 2820 ope—

615 2842 792 2895 rarius
817 2843 1050 2897 mercede
1088 2859 1182 2896 sua
1209 2841 1364 2916 (Luc.
1411 2859 1466 2906 π,
1501 2842 1579 2912 7).
1610 2843 1779 2897 Tanta
1827 2857 2041 2898 merces
2069 2841 2230 2899 debet

618 2945 765 2988 esset
806 2935 1199 3004 eVangelizanti
1249 2951 1472 3006 regnum
1506 2934 1632 2998 Dei,
1658 2949 1762 3004 qua
1795 2949 1970 3005 neque
1995 2935 2229 2990 contris-

620 3034 785 3090 tetur,
819 3043 994 3095 neque
1021 3029 1330 3086 extollatur.

697 3120 857 3193 301
891 3121 1071 3194 (Vers.
1109 3124 1220 3190 19.)
1251 3125 1532 3178 Adversum
1565 3125 1916 3196 presbyterum
1947 3127 2231 3179 accusatio-

2327 1893 2592 1948 bonorum
2637 1909 2886 1963 operum,
2922 1901 2980 1946 ut
3021 1891 3226 1961 dignus
3263 1889 3530 1945 habeatur
3571 1887 3637 1943 ad
3683 1887 3862 1942 Ordina-

2327 1987 2554 2040 tiouem.
2591 1985 2716 2040 llzrc
2745 1985 3036 2055 cpiscopus
3065 1983 3408 2048 custodiens,
3441 1991 3644 2036 castum
3671 1995 3726 2036 se
3752 1979 3867 2036 ειιλίο

2327 2079 2475 2134 bebit
2503 2079 2794 2150 religioni:
2836 2077 2992 2148 cujus
3043 2077 3121 2132 rei
3173 2078 3224 2131 in
3258 2075 3442 2131 futuro
3487 2076 3754 2146 praemium
3775 2090 3868 2128 eoa-

2325 2184 2612 2244 sequetur.

2400 2268 2580 2340 (Vcrs.
2632 2267 2750 2340 25.)
2795 2267 2924 2322 Noli
2981 2267 3153 2322 adhuc
3198 2267 3368 2322 bibere
3415 2283 3622 2338 aquam,
3663 2267 3744 2320 sed
3785 2266 3868 2319 tias

2327 2363 2532 2416 modico
2559 2373 2696 2416 utere
2726 2375 2934 2435 propter
2965 2364 3284 2418 stomachum
3316 2373 3480 2428 tuum,
3509 2373 3554 2416 et
3579 2363 3870 2416 crebrarum

2329 2457 2678 2524 inﬁrmitates.
2745 2454 2900 2510 Nunc
2943 2456 3186 2525 speciale
3246 2454 3536 2510 collsilium
3589 2455 3698 2516 dat,
3748 2463 3796 2506 nt
3827 2467 3867 2507 se

2331 2548 2506 2619 ip~um
2533 2548 2740 2602 salubri
2785 2559 2938 2618 regat
2967 2549 3214 2602 doctrina
3239 2564 3254 2614 ;
3284 2546 3584 2617 prudenter
3607 2546 3737 2602 enim
3765 2543 3866 2598 Deus

2331 2642 2430 2698 sibi
2459 2641 2656 2698 serviri
2687 2641 2822 2708 \‘tlll,
2851 2658 2956 2696 non
2983 2655 3040 2696 ut
3071 2642 3356 2696 nimietate
3386 2655 3487 2696 sua
3517 2640 3714 2694 debila
3751 2638 3864 2704 fiant,

2331 2747 2384 2792 et
2411 2749 2599 2807 postea
2653 2739 2988 2792 medicorum
3039 2736 3293 2808 suffragia
3345 2737 3643 2806 requirant.
3688 2733 3869 2801 Tempe-

2331 2834 2559 2889 ratnlutn
2592 2835 2738 2886 enim
2761 2842 2866 2898 est,
2899 2841 2956 2886 ttt
3005 2832 3048 2886 si
3081 2831 3194 2887 fieri
3249 2841 3456 2902 potest,
3509 2840 3730 2899 carptum
3753 2829 3868 2882 clue

2332 2926 2516 2996 quium
2539 2926 2802 2994 gradatim
2825 2925 3180 2994 provehatur,
3203 2941 3367 2995 quam
3397 2939 3494 2994 per
3513 2922 3866 2979 ἰηοοιιεὶὐεηῑῑς

2335 3019 2462 3073 tiam
2495 3019 2792 3073 minuatur.
2835 3018 3264 3090 lntctnperatttia
3310 3018 3460 3073 enim
3493 3018 3661 3087 ipsam
3685 3017 3866 3070 animata

2334 3114 2628 3182 inquietam
2653 3112 2818 3180 facit,
2853 3125 2908 3168 ut
2932 3128 3052 3168 cum
3087 3112 3154 3168 de
3187 3111 3511 3166 inﬁrmitate
3547 3109 3762 3166 sollicita
3785 3119 3866 3168 εει,

628 3230 826 3268 nemne
845 3217 1399 3286 receperis.Quoniattt
1432 3218 1594 3288 hujus
1623 3217 1832 3273 ordinis
1849 3217 2101 3273 sublimis
2134 3219 2226 3272 ho-
2257 3185 2302 3249 Ο
2336 3223 2446 3262 ηηῐι
2487 3217 2698 3261 Ulmum
2753 3206 2935 3261 dedila
2971 3207 3040 3259 sit
3099 3205 3302 3260 divinis
3355 3203 3616 3260 servitiis.
3663 3203 3868 3258 [lanitium

625 3321 728 3360 nor
752 3305 1184 3378 estthujusmodi
1213 3311 1356 3366 enim
1380 3311 1566 3365 vicarii
1590 3310 1793 3366 Christi
1822 3311 1994 3381 sunt),
2022 3311 2228 3368 idcirco

625 3412 733 3452 non
779 3397 937 3455 facile
963 3401 1030 3457 de
1063 3402 1162 3456 hac
1215 3418 1450 3473 persona
1485 3405 1764 3458 accusatio
1796 3405 1962 3460 debet
1988 3405 2222 3461 admitti.

625 3489 953 3547 Incredibile
969 3494 1113 3548 enim
1143 3494 1309 3549 debet
1337 3493 1508 3550 videri
1541 3497 1728 3558 istum,
1757 3496 1848 3564 qui
1873 3495 1969 3550 Dei
1997 3498 2231 3552 antistes

622 3593 728 3649 est,
757 3587 1055 3642 criminose
1078 3596 1379 3655 versatum,
1433 3589 1576 3644 sicut
1626 3587 1893 3644 credibile
1923 3599 2008 3646 est
2055 3590 2232 3645 sceni-

622 3693 750 3735 cum
783 3695 906 3736 esse
930 3682 1336 3752 turpissimum.

695 3771 900 3840 (Vers.
938 3773 1073 3846 90.)
1117 3773 1483 3845 Delinquentes
1535 3785 1708 3830 autem
1761 3793 1938 3830 coram
1994 3779 2231 3832 omnibus

623 3881 809 3937 argue,
838 3876 894 3920 ut
919 3868 1095 3921 cwteri
1123 3877 1316 3923 metum
1346 3870 1589 3924 habeant.
1624 3881 1644 3908 α
1679 3869 1964 3938 Quomodo
2011 3886 2119 3924 non
2161 3871 2233 3924 fa-

625 3959 732 4014 cile
755 3960 907 4014 credi
955 3961 1119 4014 debet
1145 3961 1214 4015 de
1247 3963 1570 4034 presbytero
1615 3965 1820 4017 crimen
1847 3979 1860 4028 ;
1893 3961 1940 4017 si
1973 3964 2234 4033 probetur

629 4062 836 4118 tamen,
863 4066 956 4107 aut
988 4053 1061 4107 sit
1085 4057 1434 4110 manifestum
1474 4058 1598 4126 quia
1649 4056 2022 4113 irreverenter
2051 4073 2236 4113 versa-

632 4151 723 4196 tus
765 4155 871 4206 est,
907 4146 1124 4214 publice
1163 4149 1406 4217 praecipit
1459 4149 1826 4218 urguendum,
1857 4158 1915 4204 ut
1943 4158 2000 4205 et
2047 4149 2234 4205 caueri

627 4245 962 4301 terreantur,
991 4238 1133 4306 quod
1183 4253 1290 4293 non
1339 4239 1515 4294 solum
1547 4239 1816 4295 ordinatis
1864 4241 2102 4311 proiicit,
2135 4241 2232 4296 sed

626 4340 684 4385 et
735 4329 919 4399 plebi;
978 4331 1198 4400 quando
1258 4335 1404 4388 enim
1460 4335 1646 4390 vident
1689 4335 2024 4406 dignitosum
2057 4337 2232 4392 virum

628 4424 838 4478 erroris
869 4439 1032 4478 causa
1066 4427 1298 4496 corripi,
1335 4441 1560 4482 necesse
1581 4436 1668 4483 est
1691 4437 1748 4482 ut
1771 4427 1875 4483 sibi
1907 4437 2160 4483 caveant.

699 4514 884 4587 (Vers.
910 4516 1002 4578 21.
1031 4517 1150 4589 22.)
1198 4518 1377 4574 Testor
1407 4537 1582 4574 coram
1608 4519 1742 4586 Deo,
1770 4532 1815 4574 et
1845 4518 2053 4576 Christo
2081 4521 2230 4586 Iesu,

2330 3301 2476 3356 enim
2525 3299 2687 3354 alTert
2715 3298 3177 3369 intprovidetttia;
3219 3299 3406 3351 anima
3455 3297 3507 3351 in
3539 3293 3868 3364 tranquillitate
3935 3293 3939 3369 ξ

2335 3397 2538 3465 posita,
2571 3403 2743 3450 totum
2795 3409 2891 3448 cor
2921 3393 3138 3448 extollit
3178 3393 3244 3447 ad
3291 3392 3497 3457 Deum,
3549 3391 3744 3460 integro
3778 3401 3868 3442 coa-

2331 3489 2459 3544 silio
2481 3489 2798 3554 obsecrans,
2831 3485 2848 3524 ί
2884 3503 3006 3558 quae
3035 3486 3268 3555 petenda
3298 3495 3450 3540 sunt.

2409 3581 2587 3655 (Vers.
2628 3583 2720 3648 24,
2751 3581 2870 3648 ‘25.)
2897 3580 3252 3648 Quorumdam
3277 3577 3552 3633 hominum
3581 3587 3770 3649 peccata
3795 3589 3866 3626 Ite-
3937 3577 3939 3628 ;

2335 3676 2520 3746 nifesta
2547 3687 2693 3740 sunt,
2735 3673 3082 3744 praecedentia
3109 3677 3179 3728 ad
3195 3673 3484 3746 judicium,
3525 3671 3758 3739 quosdam
3790 3682 3866 3720 rata

2333 3778 2383 3824 et
2409 3768 2812 3837 subsequuntur.
2867 3765 2996 3820 Pari
3021 3767 3174 3819 modo
3207 3775 3255 3820 et
3285 3781 3444 3835 opera
3480 3762 3614 3817 bona
3657 3762 3866 3832 manifesta

2335 3874 2452 3917 sunt
2485 3873 2570 3916 :et
2599 3877 2712 3932 qua:
2741 3861 2896 3916 aliter
2931 3879 2985 3914 se
3005 3860 3214 3922 habent,
3249 3859 3498 3913 abscondi
3547 3875 3646 3910 non
3689 3862 3864 3926 possant.

2336 3957 2548 4012 Nullam
2578 3954 2986 4009 excusationem
3033 3953 3148 4006 vult
3179 3952 3415 4023 intelligi
3449 3951 3566 4006 fore
3603 3945 3866 4015 cortinuqai

2337 4048 2422 4104 his
2451 4049 2756 4113 adhaerent,
2789 4063 3020 4118 quorum
3047 4057 3268 4116 peccata
3300 4055 3324 4092 ε
3351 4061 3448 4116 pro
3473 4045 3646 4114 palam
3675 4049 3806 4106 sunt;
3827 4047 3864 4092 et

2337 4155 2457 4195 cum
2482 4140 2722 4194 erttaudi
2761 4142 2892 4204 sint,
2929 4139 3102 4210 magis
3143 4138 3339 4192 ltonori
3391 4137 3524 4192 sint.
3555 4135 3666 4191 Hoc
3685 4149 3793 4204 ergo
3813 4133 3862 4185 si-

2335 4239 2577 4308 gnilit-at,
2611 4247 2668 4291 ut
2727 4237 2892 4290 homo
2924 4237 3018 4291 Dei
3081 4234 3263 4288 abhis
3303 4244 3646 4298 sect-runtur,
3693 4228 3866 4284 maxime

2337 4330 2684 4400 dispensator
2705 4329 2936 4393 Christi,
2969 4329 3058 4398 qui
3089 4327 3255 4382 etiam
3289 4325 3626 4397 corripiendi
3645 4337 3728 4379 eos
3753 4321 3866 4374 habet

2335 4423 2745 4487 auctoritatem;
2799 4423 2888 4495 qui
2915 4423 2960 4476 si
2983 4439 3044 4478 se
3071 4421 3372 4477 emendare
3401 4421 3714 4490 promittttnt
3733 4459 3746 4480 ,
3775 4413 3864 4468 reti-

2339 4517 2502 4572 nendi
2533 4525 2680 4570 sunt.
2711 4515 2865 4570 Alios
2893 4531 3023 4570 vero
3047 4515 3307 4585 subsequi
3359 4513 3498 4568 mala
3526 4527 3682 4582 Opera
3704 4509 3862 4566 illatua:

625 4619 674 4662 et
711 4585 884 4662 electis
929 4585 1158 4680 (iugalis;
1207 4621 1262 4664 ut
1291 4611 1402 4666 htec
1426 4585 1735 4678 custodias,
1770 4613 1881 4666 sine
1923 4613 2232 4682 prtejudicio
2260 4585 2314 4646 Β
2341 4609 2610 4674 ostendit;
2641 4609 2768 4678 quia
2797 4624 2920 4663 cum
2945 4609 3191 4664 viventes
3239 4609 3584 4662 a‘SIimantur
3607 4605 3742 4672 boni,
3763 4617 3864 4658 m0!-

625 4698 760 4754 nihil
791 4701 984 4770 faciens
1035 4703 1088 4756 in
1115 4713 1314 4774 partem
1362 4705 1524 4759 aliam
1579 4704 1866 4759 declinans.
1903 4703 2096 4759 Manus
2130 4707 2232 4760 cito

624 4793 823 4848 nemini
879 4795 1210 4862 imposueris,
1242 4793 1268 4832 δ
1301 4813 1460 4864 neque
1501 4798 1962 4852 communicaveris
2009 4798 2234 4869 peccatis

627 4885 832 4940 alienis.
863 4887 1035 4950 Tetnet
1059 4891 1231 4958 ipsum
1261 4900 1461 4943 castunt
1493 4891 1719 4944 custodi.
1759 4890 2231 4946 Conlestationem

625 4980 854 5052 deponit
876 4981 1018 5052 apud
1051 4982 1222 5038 Deum
1255 4983 1499 5047 Patrem,
1523 4990 1582 5038 et
1602 4981 1878 5038 Christum
1915 4983 2085 5038 filium
2115 4985 2235 5053 ejus

623 5085 680 5128 et
719 5075 926 5130 electos
948 5074 1070 5144 ejus
1095 5074 1341 5145 angelos,
1373 5089 1510 5143 quos
1543 5075 1804 5130 Dominus
1854 5077 1905 5130 in
1939 5075 2234 5146 Evattgelio

624 5177 846 5223 sanctos
893 5168 1138 5238 appellat
1184 5166 1402 5240 (Mam,
1459 5183 1571 5233 vm,
1616 5167 1728 5240 58).
1775 5169 1837 5224 lli
1891 5185 2022 5240 ergo
2073 5169 2235 5226 electi

619 5271 768 5329 sunt,
795 5264 918 5330 quia
950 5272 1078 5318 sunt
1101 5263 1190 5316 alii
1217 5260 1457 5330 reprobi,
1485 5261 1576 5328 qui
1603 5271 1732 5316 sunt
1762 5277 1868 5316 non
1897 5263 1988 5317 Dei
2021 5262 2228 5332 angeli,

625 5355 722 5412 sed
755 5356 980 5422 diaboli,
1033 5356 1403 5412 assentientes
1444 5355 1730 5425 aposmsite
1757 5355 1894 5427 ejus.
1920 5355 2034 5412 Sub
2064 5366 2230 5412 testa-

701 5526 728 5588 τι
757 5517 1012 5588 Nonnulli
1039 5533 1171 5574 mss.
1193 5559 1208 5584 ,
1239 5516 1521 5588 aliquando
1545 5523 1810 5587 potentatu
1838 5515 2155 5571 insinuante.

698 5587 728 5627 ι’
757 5587 943 5645 Codex
977 5589 1146 5652 Vall..
1166 5587 1452 5659 conga’udet
1481 5604 1536 5643 se
1555 5588 1731 5652 etiam,
1762 5595 1863 5642 etc.

705 5671 729 5700 ε
757 5661 902 5733 Edit.
949 5672 1006 5716 et
1050 5657 1278 5733 quidam
1326 5675 1484 5733 mss,
1525 5659 1785 5733 Quoniam
1837 5659 2006 5725 enim;
2065 5657 2227 5714 Rom.

632 5732 790 5802 edit.,
825 5731 1084 5798 Quoniam
1129 5748 1250 5788 vero
1297 5749 1315 5787 :
1355 5731 1551 5790 melius
1587 5731 1682 5786 alii
1724 5744 1856 5786 mss.
1890 5739 1950 5786 ut
1999 5734 2052 5786 in
2097 5746 2232 5786 con-

637 5807 728 5860 te:
741 5813 816 5858 ιιι.

2342 4707 2416 4760 tui
2439 4704 2766 4774 deteguntur
2790 4719 2804 4768 ;
2825 4711 2884 4757 ιιι
2905 4702 2997 4773 qui
3023 4703 3172 4774 prius
3202 4702 3573 4758 ostendebant
3595 4716 3652 4756 se
3677 4699 3862 4760 idoneas,

2341 4799 2684 4869 postmodum
2737 4798 3088 4852 declarentur
3129 4797 3480 4865 impostores.
3537 4791 3864 4864 Superiorira-

2343 4893 2488 4946 tione
2509 4891 2652 4945 sicut
2679 4891 2841 4952 mala,
2897 4888 2971 4942 ita
2999 4897 3056 4944 et
3093 4887 3232 4942 facta
3275 4887 3420 4942 bona
3463 4884 3724 4942 manifesta
3748 4893 3860 4944 sunt;

2343 4985 2481 5039 bona
2513 4983 2656 5038 enim
2687 4984 2795 5037 vita
2827 4993 2882 5036 et
2923 4991 3076 5036 actus
3111 4981 3344 5036 mode‘sti
3381 4979 3640 5034 abscondi
3668 4993 3754 5033 non
3778 4987 3864 5046 ρίξρ

2343 5085 2651 5145 sunt,qute
2690 5073 2928 5129 adhibita
2979 5074 3202 5142 pietate,
3249 5071 3454 5126 faciunt
3507 5063 3864 5142 perfectoszsnl

2344 5169 2486 5224 sicut
2509 5167 2756 5238 qutcdaut
2787 5167 2926 5220 mala
2959 5166 3170 5221 occulta
3203 5164 3268 5218 ad
3297 5179 3543 5236 prmsens
3574 5175 3706 5226 sunt,
3752 5161 3808 5216 ita
3827 5165 3864 5212 et

2339 5262 2482 5318 bona
2506 5278 2521 5328 ;
2545 5277 2702 5316 nemo
2729 5259 2875 5315 enim
2909 5259 3094 5313 omnia
3135 5259 3190 5313 in
3223 5257 3536 5312 hominibus
3565 5263 3722 5328 potest
3743 5253 3860 5308 scite:

2337 5354 2433 5411 sed
2463 5369 2528 5410 ex
2563 5353 2629 5409 iis
2655 5365 2777 5423 quae
2799 5349 2946 5406 videt
2969 5359 3023 5404 et
3049 5349 3223 5415 audit,
3251 5349 3450 5419 probat
3479 5357 3535 5403 et
3551 5347 3752 5418 iudicat.
3775 5343 3864 5398 Pet-

2409 5513 2434 5552 δ
2471 5514 2627 5569 Rom.
2673 5511 2835 5576 edit.,
2887 5525 3051 5580 neque
3095 5518 3144 5562 te
3199 5507 3648 5564 comntaculareris
3699 5503 3860 5576 percutit

2338 5585 2672 5713 abingadem
2706 5655 2866 5710 Rom.
2895 5651 3054 5720 edit»
3079 5669 3184 5716 ηρη
3213 5653 3282 5716 ad
3333 5651 3586 5722 “qum”
3627 5647 3858 5722 Prmdim’

2415 5727 2435 5766 ί
2471 5730 2570 5784 Ms.
2600 5729 2787 5791 Carn.,
2828 5740 2947 5795 qua:
2983 5723 3314 5794 paciﬁcanda
3342 5737 3488 5778 sunt.
3621 5793 3628 5795 _

2413 5809 2437 5845 8
2473 5799 2620 5856 Idem
2651 5791 2851 5865 codex,
2885 5791 3262 5868 prolatd'sunt,
3293 5796 3460 5868 magis
3491 5793 3630 5850 oneri
3657 5791 3756 5850 sint.
