3970 6316
32 278 122 334 481
763 270 1264 332 COMMENTARIA
1310 273 1374 329 lN
1417 274 1635 332 EPIST.
1679 275 1771 330 AD
1811 273 2223 334 TIMOTIIEUM
2261 274 2550 337 PRIMAM.

3202 282 3312 342 482

31 393 209 465 pendit
229 391 372 448 enim
397 407 464 448 an
487 406 550 448 ea
576 406 695 463 quae
723 376 998 460 dicuntur,
1047 393 1380 449 conveniant
1409 393 1481 460 ei,
1534 393 1602 448 de
1629 391 1679 455 Δ
1707 392 1860 455 dicit.
1889 394 1933 448 si
1968 394 2089 466 quis
2126 394 2302 450 lidelis
2330 411 2431 451 suo
2457 405 2748 456 contentus
2775 398 2883 468 sit;
2916 399 3041 474 plus
3089 400 3232 458 enim
3260 412 3315 459 et

29 504 130 561 quo
153 488 423 556 dicuntur,
453 488 570 543 sive
600 487 758 554 bona,
807 488 922 544 sire
956 488 1095 542 mala
1124 506 1136 541 :
1161 503 1282 559 quae
1306 497 1488 543 autem
1517 501 1609 542 oc-

29 582 160 637 culta
195 580 391 636 fuerint
419 580 753 645 hominibus,
788 581 840 634 in
889 580 976 636 die
1002 580 1188 651 judicii
1230 580 1404 650 palam
1457 581 1607 636 lient.

28 675 250 744 Propter
275 678 374 730 hoc
426 689 558 746 ergo
602 673 747 728 dicta
777 683 926 739 sunt,
975 682 1034 729 ut
1081 676 1255 730 sciam
1301 673 1609 746 bujusmodi

25 768 325 841 graviorem
353 783 412 823 se
433 783 652 824 causam
681 769 884 825 habere
932 786 1044 841 prae
1063 770 1304 827 cteteris.
1337 770 1499 839 Pejor
1528 779 1614 826 est

29 862 165 918 enim
195 862 290 931 qui
318 876 398 929 se,
435 876 559 917 cum
582 863 653 916 sit
684 863 879 931 malus,
914 863 1115 920 bonum
1153 862 1418 932 ostendit,
1450 879 1609 934 quam

30 959 116 1016 ille
132 958 218 1029 qui
247 966 432 1028 aperte
461 969 542 1013 est
575 957 774 1013 malus.

444 1053 625 1126 302
663 1052 890 1110 CAPUT
929 1052 1020 1111 Vl.

95 1151 270 1218 (Vers.
305 1151 382 1214 1.)
426 1150 690 1222 Quotquot
737 1153 830 1204 sub
859 1152 990 1221 jugo
1045 1161 1164 1205 sunt
1194 1151 1346 1216 serri,
1377 1149 1613 1204 dominos

29 1261 136 1298 suos
159 1245 295 1298 omni
321 1245 515 1297 honore
563 1243 748 1313 dignos
789 1242 1143 1308 arbitrentur;
1191 1259 1254 1296 ne
1296 1257 1477 1295 nomen
1507 1239 1615 1294 Do-

29 1339 145 1392 mini
168 1347 218 1391 et
257 1336 495 1390 doctrina
524 1333 928 1407 blasphemetur.
983 1334 1282 1389 Servorutn
1337 1331 1614 1402 obsequiis

28 1430 269 1485 dominos
303 1427 411 1484 Deo
462 1429 667 1500 gratias
718 1429 835 1483 vult
886 1427 1126 1492 referre;
1169 1443 1290 1481 cum
1323 1427 1467 1482 enim
1521 1441 1618 1495 per

30 1524 114 1580 Dei
165 1523 511 1593 disciplinam
570 1523 758 1578 ﬁdelia
814 1522 925 1577 illis
973 1521 1322 1578 exliihueriut
1368 1521 1614 1585 servitia,

27 1617 160 1673 forte
199 1617 321 1672 huic
351 1618 519 1673 etiam
552 1618 656 1686 ipsi
686 1633 746 1672 se
765 1617 1060 1686 subjicient
1084 1617 1407 1686 disriplinae.

95 1709 372 1781 (νει-ελ.)
420 1710 524 1778 Qui
575 1726 693 1764 vero
747 1711 924 1779 ﬁdeles
963 1712 1150 1764 habent
1197 1709 1458 1773 dominos,
1515 1724 1616 1762 non

1710 485 1764 541 in
1814 486 2115 558 semetipso
2157 498 2211 543 et
2266 489 2318 543 iu
2365 493 2578 546 czrteris
2623 504 2725 560 est,
2757 493 2896 567 hqui
2940 496 3314 552 misericordia

1713 578 1806 634 Dei
1835 581 2137 651 acquisitus
2185 582 2252 637 ad
2305 581 2544 639 loturam
2573 586 2759 653 vitam,
2801 587 2866 643 ad
2894 603 3135 658 praesens
3157 587 3314 644 sulti-

1711 687 1837 729 cere
1869 675 1973 730 sibi
2004 687 2178 745 putat,
2213 676 2359 745 quod
2384 677 2568 746 habet,
2593 695 2703 736 nun
2724 681 2980 740 dubitans
3008 700 3072 740 ex
3098 700 3165 740 eo
3196 684 3318 756 ipso

1714 768 1922 839 largiri.
1953 769 2144 825 Omnis
2164 769 2310 828 enim
2341 785 2537 826 avarus
2560 772 2760 844 impius
2788 786 2894 843 est,
2921 787 2972 834 et
2997 777 3099 835 sibi
3127 787 3179 833 et
3202 792 3312 835 cae-

1714 863 1847 918 teris
1879 879 2101 921 nocens.

1790 960 1970 1032 (Vt-rs.
2007 962 2062 1024 7,
2090 961 2171 1032 8.)
2216 957 2369 1017 Nihil
2415 965 2548 1019 enim
2597 965 2873 1021 intulimus
2928 968 2984 1021 in
3040 967 3315 1034 mundum,

1714 1069 1889 1107 verum
1909 1054 2032 1124 quia
2056 1071 2148 1108 nec
2190 1058 2400 1127 auferre
2425 1073 2697 1128 possumus
2722 1058 3001 1131 quidquam
3022 1076 3041 1126 ;
3071 1059 3318 1115 habentes

1716 1155 1884 1199 autent
1912 1147 2238 1210 alimentum,
2268 1156 2316 1202 et
2364 1149 2550 1220 quibus
2576 1161 2832 1222 tcgamur,
2884 1150 2965 1206 his
2991 1154 3216 1206 contenti
3244 1150 3320 1206 si-

1715 1252 1846 1290 mus.
1876 1235 2096 1291 Frustra
2141 1237 2402 1294 mortales
2451 1239 2702 1297 homines
2752 1240 2924 1311 copia:
2972 1242 3215 1309 studere,
3265 1249 3324 1299 et

1716 1327 2017 1398 locupletes
2066 1330 2180 1385 ﬁeri
2240 1332 2376 1388 velle
2429 1345 2616 1402 aperta
2675 1349 2808 1389 voce
2864 1334 3140 1401 declarat,
3194 1349 3320 1392 cum

1717 1422 1896 1475 sciant
1923 1422 2055 1477 nihil
2084 1438 2143 1478 se
2167 1425 2443 1493 proprium
2496 1425 2694 1480 habere
2743 1427 2794 1480 in
2843 1427 3069 1482 mundo.
3115 1425 3212 1484 Cui
3243 1427 3325 1485 rei

1720 1515 1931 1584 prolicit
1985 1517 2216 1572 humana
2268 1519 2559 1586 cupiditas,
2617 1519 2719 1574 nisi
2770 1520 2892 1591 quia
2943 1521 3056 1593 ipsa
3094 1521 3200 1576 sibi
3229 1521 3327 1576 ini-

1720 1609 1860 1664 mica
1889 1611 2144 1666 exsistit?
2168 1612 2312 1667 Nihil
2370 1616 2517 1670 enim
2549 1614 2736 1669 intulit
2782 1615 3005 1679 tuuudo,
3059 1615 3193 1670 nihil
3226 1632 3326 1670 au-

1721 1705 1868 1761 ferre
1918 1707 2138 1776 poterit.
2191 1707 2329 1776 Quid
2380 1709 2484 1762 sibi
2540 1710 2730 1764 incutit
2763 1710 3217 1774 sollicitudinem,
3272 1720 3332 1767 et

31 1812 377 1868 contemnant;
427 1803 549 1873 quia
602 1807 788 1872 fratres
835 1813 954 1856 sunt
978 1818 997 1856 :
1041 1803 1133 1854 sed
1161 1800 1327 1873 magis
1357 1799 1614 1865 serviant;
1646 1799 1694 1860 B
1721 1801 1913 1869 qua'rit
1951 1804 2322 1874 congregare?
2370 1803 2519 1858 Talis
2551 1803 2680 1861 hinc
2729 1807 2908 1870 extet,
2937 1806 3112 1874 qualis
3153 1806 3322 1862 venit.

31 1897 141 1962 quin
163 1894 340 1964 ﬁdeles
387 1904 510 1948 sunt
549 1905 596 1949 et
624 1895 843 1959 dilecti;
888 1896 976 1962 qui
1002 1893 1251 1963 beneﬁcia
1301 1893 1612 1964 percipiunt.

33 1987 83 2043 Si
119 1986 356 2057 profanis
405 1987 645 2042 dominis
689 1988 1040 2042 sertieudum
1081 1995 1190 2041 tuta
1247 1985 1616 2042 sollicitudine

33 2079 284 2151 imperat,
316 2091 522 2151 quanto
552 2081 722 2152 magis
753 2080 1040 2136 ﬁdelibus!
1066 2080 1219 2136 Tunc
1247 2081 1388 2134 enim
1426 2081 1619 2148 probat

33 2190 87 2230 sc
118 2175 291 2229 timori
337 2174 437 2230 Dei
477 2175 806 2245 subjectum,
840 2175 887 2230 si
921 2176 1066 2230 lideli
1122 2188 1174 2230 et
1208 2175 1495 2245 temporali
1519 2175 1618 2229 do—

33 2269 168 2324 mino
198 2279 309 2324 toto
358 2268 544 2322 animo
582 2269 747 2322 fuerit
793 2268 1107 2323 obsecutus.
1159 2267 1237 2323 Ne
1267 2276 1617 2322 contemnen-

32 2360 147 2417 dtun
172 2370 338 2431 putet,
371 2362 494 2430 quia
523 2361 693 2416 lrater
717 2361 916 2415 dicitur
944 2376 1105 2415 causa
1131 2362 1434 2415 communis
1456 2358 1612 2422 lidei;

33 2455 147 2525 quia
176 2456 344 2526 magis
376 2455 760 2524 corripiendus
789 2454 921 2519 erit,
951 2455 1042 2525 qui
1086 2453 1303 2509 ﬁdelem
1333 2452 1614 2508 dominum

35 2548 472 2603 couletttttetttlum
501 2545 793 2617 putaverit.

105 2645 275 2718 (\‘ers.
307 2646 396 2714 5.)
437 2644 566 2699 ch
594 2645 720 2698 doce
764 2653 809 2699 et
834 2643 1127 2698 eat/tortore.
1163 2641 1474 2696 Doctrinam
1509 2640 1616 2694 Do-

37 2737 269 2793 minicatn
309 2735 648 2792 tuauilestari
675 2736 808 2802 vult,
842 2745 899 2789 ut
935 2736 1333 2790 obtrectatores
1366 2733 1614 2798 videant;

37 2831 149 2900 quia
176 2847 280 2885 non
301 2839 391 2886 est
419 2830 558 2900 quod
587 2828 1056 2898 reprehendantur
1079 2870 1096 2894 ,
1149 2829 1200 2882 in
1225 2844 1286 2882 ea
1324 2843 1337 2879 :
1373 2827 1619 2882 Conside-

39 2936 206 2983 rantcs
245 2925 448 2998 pariter
501 2942 622 2994 qua:
662 2926 715 2978 in
777 2925 946 2979 sacris
997 2939 1186 2980 eorum
1255 2924 1365 2978 sint
1405 2923 1617 2977 occulta

41 3019 200 3086 turpia
245 3060 260 3086 ,
315 3028 374 3074 et
440 3018 770 3074 erubescant
825 3033 922 3087 per
995 3016 1138 3087 quod
1216 3015 1619 3072 inescusabiles

41 3121 200 3166 erunt.

1720 1893 1875 1961 Quod
1925 1894 2088 1948 etiam
2119 1895 2310 1949 scribit
2357 1895 2484 1963 .lob,
2512 1909 2564 1952 et.
2607 1898 2658 1950 in
2687 1914 2784 1952 sua
2815 1913 3068 1966 passione
3099 1897 3326 1966 latetur,

1720 1988 1908 2042 dicens
1939 2005 1951 2040 :
1985 1986 2175 2042 Nudus
2203 1988 2337 2042 exivi
2366 1987 2430 2042 de
2477 1999 2623 2043 utero
2645 1992 2826 2044 matris
2855 2007 2995 2055 mete,
3043 1992 3215 2046 nudus
3244 2009 3329 2048 re-

1720 2091 1890 2134 vertar
1915 2081 1968 2134 in
1998 2091 2284 2136 terram...
2317 2083 2384 2134 sit
2407 2098 2591 2136 nomen
2620 2082 2831 2136 Domini
2858 2086 3178 2141 benedictum
3201 2083 3326 2156 (Job

1721 2191 1759 2241 t,
1791 2176 1906 2246 (21).
1940 2177 2094 2241 Quod
2154 2176 2198 2230 si
2242 2175 2394 2230 avari
2424 2194 2530 2232 non
2565 2177 2870 2233 retinerent
2921 2179 2974 2234 in
3026 2180 3326 2250 perniciem

1720 2282 1896 2331 suam,
1931 2269 2085 2336 pauci
2114 2269 2416 2323 euaderent
2465 2269 2608 2340 quod
2651 2271 2894 2340 pluribus
2948 2281 3135 2341 posset
3165 2273 3333 2344 proli-

1719 2375 1847 2415 cere
1885 2375 2006 2415 cum
2041 2376 2230 2415 eorum
2264 2362 2509 2430 ipsorum
2563 2365 2958 2420 emolumento.

1798 2455 1980 2525 (Vera.
2011 2455 2065 2518 9,
2098 2456 2212 2525 10.)
2246 2455 2384 2510 Nunt
2425 2459 2514 2528 qui
2569 2458 2750 2513 uolunt
2795 2460 2978 2515 divites
3009 2462 3143 2531 fieri.
3193 2462 3331 2517 inci-

1720 2547 1850 2602 dunt
1886 2549 1940 2601 in
1986 2550 2316 2602 tentationem
2358 2560 2408 2603 et
2455 2551 2717 2620 laqueum,
2777 2561 2824 2606 et
2880 2554 3137 2608 desideria
3164 2555 3334 2610 multa

1721 2639 1931 2692 inuttlia
1958 2651 2005 2693 et
2030 2640 2233 2704 nociva,
2259 2656 2372 2711 quw
2398 2640 2702 2716 demergunt
2748 2641 2981 2698 homines
3024 2646 3078 2700 in
3109 2646 3328 2702 exitium

1719 2741 1769 2784 et
1797 2731 2084 2785 interitum.
2122 2729 2298 2785 Radix
2327 2733 2466 2786 enim
2498 2735 2731 2789 omnium
2781 2736 3036 2790 ntalorum
3081 2748 3156 2794 est
3205 2755 3328 2795 ava-

1721 2824 1864 2889 ritia,
1896 2841 2050 2894 quam
2081 2823 2294 2894 quidam
2333 2835 2652 2897 appetentes,
2681 2839 2982 2883 erraverunt
3030 2849 3063 2885 a
3104 2831 3209 2902 [ide
3235 2873 3248 2895 ,
3279 2843 3329 2888 et

1721 2917 2044 2970 inseruerunt
2095 2934 2148 2972 se
2177 2917 2442 2973 doloribus
2474 2921 2671 2974 multis.
2704 2919 2849 2975 Nihil
2901 2931 3008 2976 tant
3038 2940 3318 2993 asperum,

1726 3021 1943 3082 tamque
2000 3013 2369 3082 perniciosum
2417 3025 2522 3082 est,
2579 3031 2740 3086 quam
2789 3019 2834 3072 si
2891 3019 3328 3086 ecclesiasticus,

1725 3105 1960 3162 maxime
1984 3111 2070 3178 qui
2106 3112 2156 3161 itt
2189 3109 2406 3164 sublimi
2433 3111 2554 3166 loco
2581 3120 2687 3174 est,
2715 3111 2927 3169 divitiis
2953 3111 3112 3184 hujus
3137 3116 3328 3173 saeculi

104 3202 272 3272 (\‘ers.
300 3202 360 3265 4,
390 3201 471 3265 5.)
515 3203 712 3274 Siquis
742 3202 895 3257 aliter
916 3202 1084 3266 docet,
1130 3214 1308 3258 etnon
1337 3203 1617 3269 acquiescit
1647 3199 1692 3262 C
1723 3198 1974 3265 studeat;
2016 3201 2138 3270 quia
2195 3217 2299 3256 non
2345 3202 2520 3256 solum
2576 3202 2678 3258 sibi
2713 3203 2836 3274 ipsi,
2881 3206 2980 3262 sed
3034 3217 3090 3262 et
3118 3207 3332 3265 cxx-teris

45 3298 166 3352 sanis
184 3299 503 3352 sermonibus
528 3295 740 3353 Domini
764 3299 927 3353 nostri
960 3298 1088 3353 Jesu
1118 3296 1335 3361 Christi,
1362 3308 1409 3352 et
1437 3299 1483 3353 ei
1508 3314 1622 3366 qua:

45 3394 302 3449 secundum
362 3395 606 3467 pietatem
659 3403 755 3459 est,
811 3394 1063 3449 doctrina:
1106 3411 1124 3450 :
1170 3395 1400 3462 superbit
1449 3404 1621 3447 autent

45 3485 160 3540 nihil
179 3489 367 3554 sciens,
397 3488 487 3542 sed
513 3488 762 3558 languens
793 3490 932 3543 circa
987 3489 1293 3556 quaestiones
1330 3497 1377 3541 et
1419 3504 1620 3558 pugnas

45 3581 310 3645 verborum,
346 3599 412 3637 ea:
435 3583 619 3652 quibus
655 3583 788 3652 ﬁunt
819 3583 1050 3647 incidite,
1081 3584 1454 3649 contentiones,
1485 3583 1623 3638 blas-

45 3677 274 3745 phemia),
329 3678 648 3750 suspiciones
680 3678 854 3740 mula’,
884 3679 1298 3747 conﬂictationes
1329 3677 1617 3746 hominum,

44 3771 120 3841 qui
147 3774 375 3845 corrupti
422 3782 542 3826 sunt
595 3783 780 3839 mente,
824 3783 871 3828 et
921 3774 1008 3842 qui
1063 3774 1275 3828 veritate
1318 3784 1618 3838 caruerunt,

44 3866 372 3922 existimantes
400 3878 652 3935 quwstum
691 3884 798 3922 esse
842 3868 1101 3940 pietatem,
1135 3877 1181 3921 et
1210 3865 1307 3922 Dei
1335 3867 1618 3935 culturam;

45 3960 230 4016 discede
253 3962 316 4016 ab
346 3962 668 4035 hujusntodi.
699 3962 1079 4033 Discrepantes
1117 3979 1146 4016 a
1189 3961 1478 4032 disciplina
1529 3977 1623 4018 ca-

45 4051 226 4109 tholica
265 4055 610 4126 spernendos
641 4055 910 4125 praecipit,
945 4055 1178 4110 maxime
1226 4055 1318 4125 qui
1372 4055 1608 4110 convicti

47 4155 95 4201 et
119 4151 334 4204 correcti
361 4149 715 4220 acquiescere
752 4149 944 4203 uolunt
978 4148 1394 4218 perturbatione
1423 4149 1622 4204 mentis

47 4257 230 4311 pravae,
261 4245 353 4314 qui
381 4242 826 4300 rootentiouibus
855 4241 1197 4299 delectantur
1217 4251 1272 4299 et
1301 4254 1618 4314 pascuntur.

48 4334 218 4392 Elatus
239 4339 382 4393 enim
411 4338 552 4394 vinci
578 4353 639 4395 se
669 4353 778 4392 non
808 4338 1005 4408 patitur
1025 4379 1040 4404 ,
1065 4340 1266 4408 quippe
1294 4352 1418 4392 cum
1449 4336 1516 4392 ad
1542 4337 1619 4391 la-

48 4443 216 4486 vorem
238 4432 585 4504 qttzerendum
617 4431 667 4486 iu
699 4429 1012 4486 eonllicturn
1043 4440 1378 4500 prorumpat,
1419 4429 1562 4500 qttod
1590 4444 1620 4484 a

50 4527 332 4581 mansuetis
377 4535 433 4582 et
474 4525 628 4580 bonis
671 4524 804 4579 viris
854 4522 1135 4579 vitandum
1184 4533 1288 4580 est.
1329 4521 1622 4578 Contentio

1724 3292 1901 3348 obest.
1954 3295 2294 3349 Contrariam
2355 3298 2501 3351 cnim
2553 3296 2783 3352 formam
2830 3299 2923 3354 dat
2981 3301 3328 3369 hominibus;

1724 3402 1955 3442 necesse
1982 3400 2064 3444 est
2096 3389 2241 3444 enim
2274 3391 2476 3446 multos
2507 3391 2812 3449 imitatores
2852 3393 2970 3465 ejus
2996 3397 3234 3452 existere
3261 3397 3332 3454 ad
3384 3442 3387 3444 .

1723 3481 2108 3550 perditionem.
2137 3483 2358 3548 Quanto
2401 3486 2548 3540 enim
2611 3485 3075 3544 honoriﬁcentior
3131 3488 3330 3547 ordine

1720 3583 1826 3640 est,
1859 3583 2012 3628 tanto
2067 3576 2236 3645 magis
2281 3576 2476 3631 suadet
2526 3579 2848 3634 imitandum
2880 3596 2960 3644 se,
3007 3583 3243 3638 maxime
3274 3581 3331 3639 in

1724 3667 1824 3722 hac
1854 3685 1935 3732 re,
1963 3683 2083 3738 qua:
2113 3668 2164 3722 in
2195 3667 2297 3723 ista
2323 3670 2428 3722 vita
2460 3671 2721 3739 proel‘tvis
2751 3681 2874 3737 est;
2924 3676 3149 3728 avaritia
3178 3675 3326 3732 enim

1722 3761 1883 3834 303
1963 3763 2145 3816 omnia
2211 3764 2350 3817 mala
2401 3772 2581 3834 potest
2633 3765 2948 3822 admittere.
3008 3766 3134 3822 Ideo
3175 3769 3326 3826 radix

1722 3857 1964 3910 Omnium
1998 3856 2264 3911 malorum
2293 3869 2397 3924 est,
2425 3859 2550 3929 quia
2576 3867 2633 3913 ιιι
2655 3858 2930 3917 desideria
2955 3875 3052 3916 sua
3083 3863 3325 3934 expleat,

1723 3948 1866 4019 quod
1897 3949 2234 4016 impossibile
2262 3959 2366 4016 est,
2401 3959 2454 4006 et
2502 3948 2789 4018 maleﬁcia,
2834 3962 2889 4008 et
2931 3953 3247 4020 homicidia,
3271 3966 3331 4015 et

1724 4042 2141 4109 obscenitatem,
2175 4054 2230 4100 et
2277 4046 2543 4116 quidquid
2577 4047 2805 4104 sceleris
2847 4058 2954 4115 est,
3016 4061 3325 4122 perpetrat;

1723 4151 1828 4192 nec
1851 4135 1917 4191 ad
1952 4152 2196 4208 prmseus
2222 4154 2435 4207 secura,
2489 4142 2614 4212 quia
2661 4157 2883 4215 semper
2909 4144 3139 4216 cupida;
3194 4147 3329 4204 etin

1725 4229 1912 4285 futuro
1941 4230 2220 4286 damnata.

1797 4323 1991 4396 (Vers.
2029 4325 2149 4397 11.)
2179 4325 2256 4380 Tu
2300 4337 2494 4395 autem,
2525 4329 2677 4385 homo
2712 4330 2831 4400 Dei,
2887 4332 2998 4389 lucc
3039 4338 3180 4409 fuge.
3215 4336 3330 4393 Ab-

1723 4417 1975 4474 scindere
2020 4434 2078 4474 se
2121 4418 2396 4476 hominem
2436 4421 2530 4477 Dei
2575 4424 2642 4478 ab
2684 4423 2786 4480 hac
2813 4425 3062 4482 hortatur
3102 4437 3159 4484 et
3187 4444 3329 4501 prte-

1725 4511 1896 4581 cipit,
1933 4525 1991 4566 ut
2021 4524 2074 4567 et
2118 4511 2207 4567 hic
2251 4529 2478 4570 securus
2507 4515 2616 4582 sit,
2659 4525 2713 4572 et
2763 4517 2816 4573 in
2857 4518 3040 4574 futuro
3087 4523 3331 4592 praemiis

52 4619 478 4691 enimmmquam
502 4629 587 4676 εει
609 4621 727 4676 sine
755 4620 873 4686 me,
897 4630 948 4675 ει
974 4633 1161 4688 parum
1185 4627 1328 4674 esset
1350 4617 1394 4672 si
1416 4618 1481 4672 [is
1506 4615 1622 4671 εοιει
1649 4589 1701 4651 Ι)
1729 4617 2108 4661 remuneretur
2128 4607 2484 4664 divinis.Non
2514 4610 2656 4665 enim
2686 4611 2957 4670 immerito
2982 4617 3330 4678 coronandus

51 4713 291 4780 oriretur,
319 4714 412 4769 sed
443 4713 793 4782 blaSphemice
828 4720 885 4768 et
930 4710 1256 4777 inimicitia),
1286 4709 1429 4780 quod
1453 4726 1481 4762 a
1531 4709 1626 4765 Dei

51 4807 212 4860 servis
228 4806 463 4861 alienum
483 4815 589 4860 est.
613 4805 698 4861 Ab
716 4803 798 4860 his
816 4814 1004 4859 autem
1023 4804 1113 4874 qui
1153 4801 1397 4872 Corrupti
1419 4811 1624 4868 mente,

53 4899 264 4956 veritate
310 4901 502 4972 privati
558 4910 724 4966 sunt,
775 4898 908 4954 utile
948 4897 1274 4969 iudicatur;
1331 4895 1424 4950 Dei
1478 4895 1624 4951 enim

54 4993 301 5050 culturam
325 5005 378 5051 et
421 4995 680 5066 pietatem
721 5001 988 5064 quaestum
1036 4987 1375 5055 existimant,
1409 5004 1517 5069 non
1557 4987 1625 5045 de

56 5087 218 5147 futuro
247 5091 445 5160 aliquid
486 5097 809 5158 sperantes;
839 5084 935 5141 sed
965 5082 1236 5153 quomodo
1269 5081 1324 5136 in
1368 5081 1624 5152 praesenti

55 5196 108 5236 se
129 5185 414 5254 transigant
436 5180 808 5254 providentes,
834 5179 976 5233 sicut
1013 5185 1068 5233 et
1093 5174 1384 5230 mundanae
1437 5181 1622 5242 sectae,

58 5288 180 5344 quas
208 5286 410 5332 constat
440 5283 661 5344 propter
688 5272 974 5342 praesentia
1019 5270 1168 5325 lucra
1200 5268 1452 5323 inventas
1477 5284 1492 5334 ;
1519 5282 1626 5322 non

58 5369 214 5424 nescii
242 5371 499 5441 quosdam
530 5371 633 5422 hoc
663 5367 896 5422 libenter
923 5365 1136 5430 audire,
1159 5363 1302 5435 quod
1325 5363 1376 5416 in
1401 5362 1499 5417 hac
1521 5363 1628 5418 vita

59 5458 344 5517 florendum
375 5465 483 5530 sit;
509 5462 740 5532 ideoque
761 5457 1133 5516 desistendum
1158 5459 1224 5511 ab
1257 5455 1592 5525 bujusntodi.

124 5553 298 5622 (Vers.
331 5555 406 5625 6.)
451 5553 542 5608 Est
564 5565 734 5608 autem
761 5563 984 5622 quwstus
1015 5567 1233 5622 magnus
1263 5557 1286 5586 ο
1311 5547 1472 5618 pictas
1519 5563 1636 5602 cum

59 5648 364 5718 sufﬁcientia.
398 5653 618 5721 Magnas
639 5648 858 5704 divitias
904 5645 1414 5726 etqacquisitinncm
1469 5644 1522 5699 in
1569 5658 1637 5698 eo

129 5773 151 5837 ξι
180 5765 336 5821 Rom.
367 5767 517 5829 edit.,
556 5767 739 5832 pietas,
767 5783 880 5819 cum
905 5766 1020 5837 quis
1037 5781 1131 5819 suo
1164 5762 1546 5837 contentussit.

1728 4707 1813 4754 est
1832 4741 1846 4766 ,
1880 4700 1969 4770 qui
2003 4699 2140 4756 hanc
2169 4703 2416 4768 spernit,
2439 4718 2558 4774 qua:
2589 4704 2776 4760 multis
2803 4706 3014 4763 suadet.

1804 4792 2002 4864 (Vers.
2044 4793 2171 4865 12.)
2223 4795 2452 4866 Sequere
2498 4807 2676 4852 autem
2696 4800 2992 4872 justitiam,
3051 4805 3325 4878 pietatem,

1729 4883 1884 4952 ﬁdem
1904 4925 1918 4951 ,
1949 4884 2284 4954 cltaritatem,
2318 4889 2650 4959 patientiam,
2683 4895 3111 4964 tranquillitatem
3143 4901 3324 4955 animi.

1731 4977 1882 5034 Certa
1927 4980 2114 5036 bonum
2157 4993 2411 5039 certamen
2442 4985 2922 5060 ﬁdei,aprehende
2975 4996 3132 5049 vitam
3181 5005 3333 5050 αἰεν-

1733 5092 1877 5140 nam,
1896 5077 1966 5130 ad
1979 5093 2131 5146 quam
2153 5087 2202 5134 et
2230 5089 2439 5134 vocatus
2457 5096 2530 5149 es,
2556 5091 2602 5136 et
2630 5087 2901 5155 confessus
2927 5102 2983 5141 es
2998 5089 3182 5142 bonum
3208 5104 3332 5142 con-

1734 5169 2008 5240 fessionem
2058 5187 2233 5226 coram
2290 5173 2464 5227 multis
2513 5175 2748 5232 testibus.
2783 5177 3053 5246 Quoniam
3105 5180 3333 5238 avaritia

1734 5279 1824 5318 res
1855 5264 2036 5334 iniqua
2065 5275 2146 5320 est
2165 5306 2180 5330 ,
2213 5264 2486 5322 hominem
2537 5267 2669 5336 Dei,
2698 5279 2756 5324 ut
2781 5271 2852 5325 ab
2885 5273 2985 5326 hac
3007 5271 3295 5326 dissentiat
3314 5313 3333 5342 ,

1730 5359 1996 5430 justitiam
2038 5362 2194 5430 sequi
2233 5361 2391 5432 jubet
2419 5372 2586 5434 atque
2638 5364 2936 5433 pietatem,
2965 5374 3021 5420 et
3059 5366 3163 5420 alia
3211 5383 3336 5436 qttte

1734 5465 2031 5520 memorat;
2063 5471 2170 5510 non
2216 5455 2362 5511 enim
2397 5457 2600 5528 poterit
2646 5457 2792 5513 hanc
2832 5457 3080 5526 evitare,
3117 5459 3219 5516 nisi
3252 5463 3339 5520 his

1735 5549 2058 5616 adlneserit,
2109 5565 2232 5620 quae
2276 5548 2521 5606 avaritia:
2564 5549 2801 5606 adversa
2851 5561 3001 5606 sunt.
3049 5553 3339 5620 Quomodo

1738 5651 1917 5698 autem
1952 5641 2065 5698 tleri
2094 5651 2273 5712 potest
2304 5653 2360 5697 ut
2389 5656 2584 5696 avarus
2626 5641 2804 5698 ﬁdelis
2832 5643 2933 5712 sit,
2963 5645 3055 5718 qui
3081 5648 3339 5718 operibus

125 5832 152 5874 δ
182 5837 330 5895 Eras.
363 5847 416 5895 et
461 5830 573 5910 seq.
605 5839 732 5894 edit.
773 5830 1074 5896 cum'tnss.
1106 5837 1332 5908 aliquot,
1362 5836 1447 5906 qui
1467 5830 1884 5890 misericordiam
1915 5830 2009 5888 Dei
2033 5831 2412 5904 acquisiturus.
