3970 6316
139 5915 277 5999 ¹,λι-επ
293 5907 458 5975 ΆἮ

689 263 798 328 485

1600 245 1692 322 to
1731 265 1964 324 OPERA
2003 265 2254 326 SANCTI
2293 271 2625 332 annuosu
2663 251 3042 338 aerumnis.
3795 299 3858 356 tu

693 391 884 453 negat,
907 379 1052 451 quod
1086 379 1266 436 verbis
1295 377 1448 436 lateri
1474 377 1722 434 videtur?
1745 378 1903 436 Unde
1927 389 2110 436 autem
2141 395 2289 437 ama—
2313 385 2366 447 Α
2393 384 2574 444 omnia
2599 388 2712 460 ipse
2743 390 2876 462 agit,
2907 401 2965 448 οι
2983 405 3253 464 apparo"
3281 394 3478 454 dicitur
3501 407 3554 456 οι
3589 403 3749 460 νωθῆ,
3771 407 3862 466 “IN

695 488 778 532 tor
804 475 1184 542 fraternitatis,
1216 475 1372 544 cujus
1413 489 1605 530 manus
1631 485 1758 530 sunt
1783 475 1986 530 aridae?
2015 477 2286 548 quomodo

691 587 821 628 vero
851 572 1094 642 patiens,
1141 570 1232 640 qui
1263 587 1482 640 semper
1529 571 1596 624 ad
1639 570 1812 626 aliena
1845 586 1905 627 se
1949 572 2166 628 tendit?
2194 583 2287 628 aut

693 677 959 739 quatenus
987 667 1222 736 quietem
1257 667 1424 720 animi
1451 665 1628 736 possit
1657 665 1856 722 habere
1875 707 1890 731 ,
1919 665 2012 738 qui
2045 665 2130 722 die
2157 681 2284 722 noc-

691 775 853 834 teque
893 762 1154 818 aviditate
1195 763 1514 832 cupiditatis
1547 762 1900 818 incenditur?
1927 763 2036 820 Sed
2065 763 2190 836 quia
2217 763 2284 818 ab

689 858 911 914 homine
935 858 1029 912 Dei
1061 857 1351 912 Timotheo
1375 857 1634 928 iniquitas
1667 856 1782 912 ltzec
1809 857 1982 914 aliena
2009 867 2156 922 erat,
2193 857 2287 912 bo-

689 969 816 1008 num
845 959 1128 1008 certamen
1153 951 1278 1006 ﬁdei
1303 949 1525 1022 aggredi
1547 949 1792 1022 jubetnr.
1821 950 1972 1006 Fidei
2005 952 2148 1006 enim
2175 951 2288 1006 vic-

685 1046 824 1102 toria
861 1055 980 1114 est,
1007 1060 1130 1100 cum
1163 1047 1348 1100 omnia
1377 1045 1502 1098 vitia
1529 1053 1584 1100 et
1615 1044 1844 1100 crimina
1895 1044 2284 1116 subiugantur;

685 1150 744 1195 ut
773 1138 841 1194 d
875 1147 1095 1194 tutorum
1119 1139 1242 1193 vitae
1269 1138 1492 1210 praemia
1525 1139 1806 1194 veniatur:
1833 1138 1992 1208 cujus
2013 1139 2287 1196 confessio

685 1232 830 1289 inter
879 1233 994 1303 ipsa
1051 1231 1358 1288 rudimenta
1415 1229 1585 1298 ﬁdei,
1627 1241 1764 1287 teste
1807 1233 2183 1303 interrogante
2229 1241 2289 1290 et

682 1326 1046 1398 respondente
1081 1328 1436 1382 monimentis
1467 1327 1861 1382 ecclesiasticis
1889 1329 2222 1384 continetur.

756 1419 954 1492 (Vcrs.
1001 1421 1221 1492 15-16.)
1257 1419 1516 1492 Principio
1541 1419 1628 1474 tibi
1659 1421 1714 1476 in
1739 1433 2020 1494 conspectu
2051 1421 2168 1489 Dei,
2199 1423 2286 1494 qui

681 1515 904 1584 mitiﬁcet
935 1515 1110 1568 omnia
1133 1555 1147 1580 ,
1185 1523 1235 1568 et
1277 1511 1484 1568 Christo
1529 1513 1654 1568 λεια
1703 1516 1792 1584 qui
1829 1524 2042 1570 testatus
2079 1525 2156 1570 est
2194 1515 2285 1570 sub

685 1603 878 1661 Pontio
907 1606 1084 1662 Pilato
1125 1607 1310 1662 bonam
1341 1607 1750 1678 confessionem:
1779 1617 1834 1661 ut
1857 1623 2026 1662 serves
2069 1607 2287 1662 mando-

682 1713 792 1758 tum
839 1704 1236 1759 immaculatum
1260 1745 1274 1770 ,
1307 1702 1759 1770 irreprehensibile
1789 1719 1950 1770 usque
1993 1703 2046 1756 in
2094 1705 2284 1756 adven—

2389 496 2522 552 ergo
2575 486 2852 554 peculiare
2899 485 3076 544 Patris
3101 497 3210 556 est,
3255 491 3398 563 quod
3425 507 3575 565 supra
3603 496 3766 554 dictum
3782 515 3863 560 est:

2385 573 2484 631 Cui
2513 577 2679 632 hortor
2703 588 2751 634 et
2775 589 2998 652 potestas
3019 591 3212 638 (eterna
3239 625 3254 650 ,
3287 601 3432 640 omen
3457 603 3476 654 ;
3517 589 3610 644 hoc
3633 601 3704 646 est
3721 607 3864 653 verum.

2457 669 2644 742 (Vera.
2675 673 2766 740 ιτ,
2799 675 2888 742 ts,
2923 673 3040 748 to.)
3079 675 3334 732 Divitibus
3365 679 3515 752 satis:
3551 683 3869 758 manu

2387 778 2490 818 non
2517 765 2738 835 superbe
2759 783 2964 836 εαρεη,
3017 783 3182 840 neque
3201 787 3414 842 sperare
3457 774 3508 827 in
3531 773 3702 831 incerto
3737 779 3872 836 divitio-

2387 873 2526 924 rem,
2545 858 2637 914 sed
2663 861 2718 914 in
2745 859 2857 916 Deo
2885 864 3016 928 vivo,
3037 865 3130 934 qui
3155 875 3364 936 pratstat
3393 866 3534 922 nobis
3561 870 3752 924 omnis.
3771 873 3870 927 sha-

2389 953 2571 1009 danter
2601 955 2670 1007 ad
2701 957 2980 1028 fruendum
3031 958 3087 1013 in
3113 961 3372 1014 voluntate
3409 977 3612 1030 ape-runt
3673 965 3870 1034 bonurn;

2389 1045 2575 1102 divites
2622 1064 2732 1104 esse
2773 1049 2924 1118 [actis
2955 1052 3122 1118 bonis,
3163 1051 3344 1122 faciles
3373 1053 3439 1112 ad
3465 1055 3816 1128 impertiendum,
3845 1079 3870 1116 εἰ

2385 1139 2605 1194 libenter
2626 1144 3089 1202 communicatam
3107 1185 3122 1210 .
3147 1146 3498 1203 thesaurisors
3531 1149 3628 1204 sibi
3661 1151 3871 1220 {animo

2389 1241 2496 1284 ttttn
2523 1231 2714 1288 bonum
2739 1235 2794 1288 ist
2823 1239 3076 1306 futurum,
3105 1247 3160 1292 ιι
3187 1237 3578 1310 approboth
3599 1253 3746 1294 sum
3763 1243 3870 1296 ritu.

2389 1323 2534 1380 Vera
2559 1325 2666 1380 vita
2719 1325 2814 1382 illa
2861 1337 2966 1396 est,
3007 1343 3166 1400 quam
3219 1343 3508 1396 attentum
3555 1329 3776 1398 futuram,
3803 1349 3872 1403 ess

2389 1431 2497 1472 non
2523 1432 2746 1484 occasu,
2795 1433 2974 1492 neque
2997 1421 3340 1492 temporibus
3369 1423 3718 1490 terminatur;
3742 1435 3872 1480 atem

2393 1519 2478 1568 est
2501 1513 2670 1580 enim,
2699 1521 2758 1569 et
2779 1513 2902 1570 ideo
2927 1516 3122 1571 merito
3155 1531 3282 1574 vera
3309 1518 3612 1588 appellatur
3641 1537 3654 1573 :
3679 1517 3872 1574 hostes:

2391 1620 2636 1676 przcseus
2667 1607 2846 1678 imago
2873 1609 3004 1664 vitae
3023 1617 3129 1678 est,
3153 1624 3266 1665 non
3307 1610 3530 1666 veritas.
3559 1611 3622 1664 Et
3648 1611 3752 1681 quia
3769 1611 3872 1680 ἰηιιει

2395 1713 2502 1752 non
2534 1698 2760 1754 ontttitto
2785 1699 3018 1754 inanitas
3043 1709 3147 1764 est,
3181 1701 3234 1756 in
3265 1700 3368 1756 hac
3395 1703 3502 1756 vita
3527 1701 3618 1758 illa
3639 1701 3870 1772 acquiritur:

681 1805 791 1849 tum
823 1793 1036 1848 Domini
1063 1796 1226 1849 nostri
1247 1795 1376 1849 Jesu
1401 1793 1626 1848 Christi:
1656 1809 1806 1864 quem
1831 1793 1942 1847 suis
1967 1791 2284 1863 (corporibus
2313 1791 2364 1856 Β
2391 1801 2444 1846 et
2473 1800 2530 1846 ut
2559 1791 2624 1846 ad
2657 1791 2802 1846 illam
2849 1792 3216 1860 l‘estinaretur,
3275 1809 3346 1851 ex
3395 1795 3626 1866 imagine
3647 1811 3777 1866 quasi
3797 1809 3874 1866 pra-

681 1890 916 1944 ostendet
949 1893 1124 1944 beatus
1172 1891 1261 1944 ille
1310 1899 1354 1944 et
1410 1891 1551 1943 solus
1595 1899 1796 1960 potem,
1830 1889 1943 1944 Rea:
1985 1905 2184 1960 regum,
2239 1899 2286 1943 et

683 1983 939 2039 Dominus
991 1985 1396 2050 dotttinantium,
1439 1985 1526 2054 qui
1556 1985 1698 2038 solus
1725 1983 1876 2037 habet
1921 1983 2287 2037 immortalita-

681 2091 803 2146 tem,
829 2093 876 2136 et
905 2083 1081 2136 lumen
1110 2082 1306 2136 habitat
1351 2081 1707 2135 inaccessibile
1725 2125 1738 2148 ,
1767 2097 1916 2151 quem
1957 2081 2083 2135 uidit
2137 2097 2285 2136 nemo

683 2177 971 2244 hominum,
1013 2193 1106 2231 nec
1135 2177 1308 2230 videre
1335 2185 1520 2244 potest,
1553 2175 1632 2228 cui
1661 2174 1828 2228 honor
1875 2183 1922 2228 et
1951 2183 2178 2246 potestas
2207 2190 2282 2229 te—

677 2279 848 2336 terna,
899 2287 1069 2324 amen.
1139 2269 1330 2339 Magna
1385 2267 1660 2338 vigilantia
1726 2275 1890 2336 atque
1943 2265 2282 2336 providentia

691 2372 960 2435 praecepta
989 2363 1082 2418 dat
1112 2363 1308 2417 rectori
1337 2361 1618 2425 Ecclesiae;
1653 2359 1706 2414 in
1735 2359 1894 2430 hujus
1921 2359 2066 2414 enim
2095 2373 2284 2429 per-so-

679 2473 746 2512 na
770 2459 935 2512 totius
953 2457 1132 2527 populi
1161 2456 1306 2510 salus
1329 2453 1600 2509 consistit.
1633 2452 1748 2507 Non
1771 2453 2034 2508 sollicitus
2055 2452 2124 2509 de
2151 2467 2281 2508 cura

677 2549 972 2616 Timothei,
1005 2559 1112 2604 tam
1142 2550 1568 2618 circumspectus
1611 2555 1717 2612 est,
1773 2545 1868 2600 sed
1905 2555 2129 2616 propter
2157 2559 2280 2600 sue-

675 2659 927 2702 cessares
953 2645 1090 2715 ejus,
1145 2651 1200 2697 ut
1225 2643 1476 2712 exemplo
1523 2639 1796 2696 Timothei
1831 2641 2088 2696 Ecclesiae
2135 2639 2282 2696 ordi-

681 2740 960 2795 nationem
987 2737 1356 2802 custodirent;
1387 2735 1489 2805 ipsi
1537 2749 1754 2806 quoque
1805 2731 2003 2788 futuris
2051 2734 2278 2788 formam

679 2833 958 2889 tradentes
989 2849 1018 2887 a
1047 2831 1358 2901 semetipsis
1387 2831 1707 2900 inciperent.
1743 2829 1984 2900 Denique
2015 2837 2071 2884 ut
2091 2845 2278 2898 serves,

679 2929 878 2999 inquit,
907 2928 1210 2982 mandatum
1261 2926 1656 2978 immaculatum
1703 2937 1868 2993 usque
1895 2923 1962 2976 ad
2003 2923 2280 2976 adventum

680 3019 891 3076 Domini
919 3019 1078 3074 nostri
1117 3017 1244 3072 Jesu
1293 3016 1507 3070 Christi.
1563 3015 1718 3084 Quod
1761 3015 1840 3070 sic
1883 3017 2157 3086 astringit,
2221 3023 2281 3070 ut

681 3133 865 3173 coram
889 3117 1003 3172 Deo
1031 3125 1086 3171 et
1117 3115 1335 3170 Christo
1371 3114 1474 3169 hoc
1496 3129 1555 3169 se
1599 3113 1857 3168 mandare
1905 3121 2166 3177 testatur;
2225 3120 2280 3166 et

2387 1885 2548 1942 cellat
2613 1887 2840 1952 veritas,
2881 1889 3182 1946 addisritur
3209 1931 3223 1954 ,
3279 1903 3406 1960 quae
3453 1905 3624 1961 neque
3672 1889 3872 1961 superba,

2387 1992 2564 2048 neque
2591 1992 2686 2048 spe
2707 1979 3018 2034 divitiarum
3047 1981 3368 2052 attingitur;
3421 1981 3524 2038 sed
3551 1981 3818 2048 humilitate,
3845 1997 3872 2038 st

2385 2087 2484 2142 spe
2513 2072 2631 2140 Dei,
2661 2073 2754 2143 qui
2799 2071 2938 2128 hanc
2971 2075 3238 2144 promisit.
3287 2072 3346 2130 ιιι
3395 2075 3516 2146 ipso
3561 2075 3696 2132 enim
3735 2089 3874 2146 sprna-

2385 2165 2514 2221 dttm
2541 2176 2648 2234 est,
2679 2167 2958 2238 quiaipse
2989 2177 3214 2238 prmstat
3247 2183 3376 2240 quae
3397 2170 3588 2224 usibus
3619 2181 3731 2225 sunt
3753 2185 3870 2224 uetes-

2385 2262 2550 2328 saria,
2579 2277 2688 2316 non
2721 2261 2774 2316 in
2823 2261 2956 2333 ipsis
2997 2263 3196 2334 copiis,
3255 2263 3354 2320 sed
3389 2265 3442 2318 in
3497 2275 3706 2322 auctore
3743 2279 3870 2320 easta.

2387 2353 2522 2424 Quae
2549 2355 2692 2410 enim
2717 2369 2848 2426 spes
2871 2355 3082 2411 videtur
3127 2357 3179 2412 in
3211 2371 3274 2412 re
3303 2356 3506 2412 caduca
3535 2369 3686 2429 atque
3711 2359 3872 2414 incerta!

2383 2449 2586 2519 quippe
2613 2461 2736 2503 cum
2759 2449 3019 2521 aliquanti
3067 2465 3138 2504 ex
3173 2450 3258 2504 his
3305 2449 3596 2506 discedant
3623 2453 3730 2523 :qtti
3765 2461 3872 2506 auten

2385 2543 2438 2598 iIt
2483 2543 2567 2597 his
2597 2558 2820 2598 manere
2853 2542 3125 2606 videntur,
3161 2543 3370 2599 nullum
3425 2545 3634 2600 lucrum
3675 2561 3728 2600 es
3755 2545 3872 2598 hisca-

2385 2635 2537 2706 piunt
2567 2633 2618 2688 itt
2647 2634 2914 2704 futurum,
2941 2635 3036 2690 sed
3065 2635 3359 2702 damnum;
3413 2635 3522 2692 nisi
3567 2652 3678 2694 cum
3719 2637 3874 2708 indigea-

2381 2730 2528 2784 tibus
2561 2731 2866 2800 partiantur
2899 2749 2912 2785 :
2947 2747 3124 2804 neque
3151 2733 3300 2790 enim
3345 2743 3576 2792 mter-nat
3623 2744 3803 2798 sunt,ut
3827 2733 3872 2788 ls-

2387 2833 2518 2878 turae
2541 2825 2666 2879 vitat
2691 2836 3100 2896 praeponuntur.
3131 2827 3220 2884 Sic
3261 2827 3536 2900 superbos
3561 2829 3758 2896 faciunt,
3783 2825 3874 2898 quasi

2385 2919 2860 2976 immortalitatem
2909 2921 3294 2991 polliceantur.
3319 2921 3737 2980 Resurrectioois
3763 2935 3874 2976 etest-

2387 3011 2534 3082 plum
2563 3010 2825 3068 habemus
2847 3013 2898 3066 iu
2927 3012 3184 3078 Christo;
3229 3023 3288 3068 et
3335 3029 3366 3068 a
3395 3015 3586 3070 multis
3613 3029 3706 3068 non
3729 3013 3872 3068 δειδιιὶ-

2383 3107 2526 3178 gitur
2552 3106 2824 3174 Christus,
2849 3107 3232 3174 sicutdivitiae,
3262 3123 3499 3178 quorum
3551 3110 3730 3163 nullum
3761 3119 3872 3160 etest-

679 3221 740 3266 ut
773 3219 1037 3265 terrorem
1083 3208 1334 3272 incutiat,
1389 3207 1696 3278 passionem
1729 3203 1930 3260 Christi
1986 3215 2274 3270 memorat,
2305 3187 2350 3250 C
2383 3199 2530 3269 plum
2585 3199 2818 3266 videtur,
2871 3198 3012 3269 quod
3059 3200 3296 3270 aliquem
3349 3213 3382 3254 a
3441 3211 3622 3255 morte
3667 3195 3872 3252 liberauit.

679 3303 837 3374 cujus
863 3300 1134 3374 passionis
1165 3317 1292 3357 reus
1325 3315 1550 3357 necesse
1577 3309 1661 3354 est
1689 3301 1797 3365 liat,
1831 3299 1920 3369 qui
1941 3297 2045 3352 hoc
2073 3299 2280 3368 Spernit

683 3407 910 3469 pmpter
939 3397 1082 3468 quod
1109 3409 1299 3466 passus
1331 3405 1408 3450 est
1443 3394 1723 3450 Christus.
1759 3393 1870 3449 Nec
1915 3393 2059 3448 diem
2087 3391 2276 3464 judicii

685 3491 876 3556 tacuit,
907 3489 1050 3561 quod
1081 3489 1466 3558 [trmdestittato
1505 3497 1748 3557 tempore
1787 3485 2024 3541 futurum
2054 3493 2136 3539 est
2185 3484 2280 3540 Dei

681 3595 836 3653 nutu,
871 3599 1032 3655 quem
1071 3583 1247 3639 solum
1281 3582 1494 3636 beatum
1533 3589 1587 3634 et
1637 3589 1914 3651 potentem
1965 3587 2017 3633 et
2073 3577 2276 3646 Regem

681 3693 871 3750 regum
901 3685 958 3733 et
981 3678 1269 3732 Dominum
1303 3675 1620 3744 pronuntiat
1653 3691 1664 3727 :
1701 3674 1850 3727 solus
1869 3681 1953 3728 est
1981 3671 2130 3727 enim
2165 3671 2280 3740 ipse

679 3775 770 3844 qui
797 3771 1070 3843 propriam
1099 3781 1156 3826 et
1181 3785 1210 3824 a
1237 3769 1387 3824 nullo
1409 3769 1570 3824 habet
1593 3775 1867 3835 acceptam
1891 3763 2277 3821 beatitudinem

677 3875 845 3934 atque
866 3868 1196 3936 potentiam,
1229 3863 1566 3918 dominatum
1621 3869 1677 3916 et
1709 3875 1930 3931 regnum
1958 3901 1972 3926 ,
2027 3875 2130 3914 nec
2169 3873 2278 3914 non

681 3960 1170 4014 immortalitatem.
1206 3959 1337 4014 Haec
1375 3956 1542 4030 304
1567 3957 1747 4012 omnia
1799 3955 1963 4010 habet
1989 3955 2168 4019 Pater,
2197 3955 2277 4010 si-

681 4052 890 4108 militer
917 4061 970 4107 et
990 4051 1159 4107 Filius
1193 4067 1218 4104 tt
1253 4051 1415 4106 Patre
1449 4053 1662 4104 :lutnen
1691 4059 1868 4104 autem
1901 4046 2279 4103 inaccessibile

679 4147 854 4202 solius
882 4145 1059 4200 Patris
1089 4156 1202 4212 est;
1233 4145 1362 4216 quia
1407 4143 1540 4198 ttttlli
1565 4157 1820 4214 umquam
1853 4142 2125 4213 apparuit.
2169 4142 2276 4198 De-

683 4239 847 4310 nique
878 4239 1108 4308 subjecit
1141 4258 1150 4291 :
1184 4238 1346 4306 Quem
1401 4237 1524 4292 uidit
1557 4253 1704 4290 nemo
1750 4235 2038 4303 hominum,
2069 4249 2159 4288 nec
2201 4233 2278 4287 ri-

683 4331 806 4387 dere
846 4341 1030 4402 potest.
1069 4331 1332 4402 Nonquia
1364 4329 1512 4386 aliud
1561 4331 1744 4384 lumen
1767 4327 1891 4384 Filii
1931 4329 2042 4394 sit;
2077 4329 2280 4398 quippe

675 4441 802 4482 cum
827 4427 878 4481 in
907 4428 1114 4497 psalmo
1139 4427 1402 4495 scriptum
1451 4426 1562 4480 sit:
1593 4426 1658 4478 Et
1705 4427 1760 4477 in
1781 4425 1976 4478 tantine
2015 4433 2102 4478 tuo
2133 4424 2275 4478 side-

681 4519 1062 4575 bimuslumcn.
1095 4519 1268 4590 (Paul.
1293 4533 1486 4587 xxstn,
1515 4519 1630 4590 10),
1663 4517 1766 4572 huc
1795 4527 1902 4586 est,
1953 4519 2132 4572 lumen
2175 4517 2277 4571 Pa-

2381 3292 2638 3350 Cltristus
2665 3309 2764 3348 nos
2787 3293 3042 3358 redemit,
3087 3307 3196 3348 non
3249 3291 3489 3360 divitis;
3547 3293 3658 3364 ipso
3691 3293 3802 3348 enim
3831 3287 3874 3341 lt-

2383 3399 2522 3444 turt'e
2551 3389 2675 3444 vitae
2703 3389 2876 3443 instar
2921 3385 3182 3453 ostendit,
3226 3398 3284 3442 ut
3315 3387 3399 3441 his
3443 3387 3694 3444 omnibus
3729 3383 3873 3455 aptatis

2383 3485 2560 3554 ipsum
2615 3497 2949 3551 sequamur;
3003 3489 3061 3537 ut
3107 3481 3174 3536 ad
3233 3481 3578 3536 immortales
3619 3488 3672 3538 et
3715 3479 3876 3534 celate

2381 3579 2602 3635 divitias
2649 3580 2953 3634 veniamus.
3001 3577 3181 3646 Quare
3237 3577 3342 3634 hoc
3391 3577 3536 3634 eniti
3581 3577 3811 3638 debemus,
3845 3579 3874 3624 Il

2381 3673 2542 3728 bonis
2587 3671 2749 3728 factis
2795 3671 2994 3728 divites
3041 3672 3240 3736 simus,
3281 3679 3340 3727 et
3389 3671 3480 3726 his
3531 3670 3742 3728 terrenis

2381 3767 2660 3838 spiritales
2688 3767 2908 3822 divitias
2933 3766 3308 3837 acquiramns;
3365 3767 3694 3822 seminemus
3717 3765 3876 3822 intem.

2383 3873 2443 3920 ut
2487 3871 2755 3918 metamus
2803 3863 2856 3917 in
2905 3860 3062 3916 cmlis
3087 3899 3103 3924 ,
3173 3859 3264 3914 ubi
3333 3858 3628 3915 thesaurus
3673 3856 3876 3914 collocuti

2383 3966 2548 4013 ωιθιιιι
2555 3971 2618 4012 ιιε
2627 3995 2640 4010 .
3275 3959 3278 3962 ’

2455 4049 2634 4122 (Vera.
2669 4047 2760 4118 20,
2815 4045 2932 4120 2|.)
2975 4045 3258 4115 Timotheo,
3315 4045 3717 4100 commendatam
3737 4035 3878 4098 αιιιοάέι

2381 4147 2614 4204 devitans
2661 4147 2910 4218 profanas
2957 4159 3140 4198 vocum
3189 4141 3448 4196 novitates
3474 4181 3492 4208 ,
3543 4151 3594 4194 at
3635 4135 3878 4209 oppositi"!

2383 4240 2591 4312 fallacis
2611 4240 2836 4294 nominis
2867 4237 3118 4303 scientia,
3157 4251 3314 4306 quam
3359 4236 3578 4304 quidam
3609 4230 3878 4304 promittam.

2383 4337 2523 4391 circa
2552 4336 2705 4406 [idem
2733 4334 3052 4390 reciderunt.
3087 4330 3272 4386 Gratia
3313 4338 3506 4384 tersius.
3553 4327 3734 4384 Eadem
3763 4318 3880 4374 adilt-

2383 4441 2496 4496 net,
2541 4441 2601 4486 ut
2637 4443 2851 4500 eaquae
2873 4441 3036 4498 supra
3093 4425 3238 4481 dicte
3283 4434 3442 4502 sunt,
3497 4423 3880 4480 serventth

2385 4523 2550 4579 tr-aria
2577 4531 2758 4578 autem
2789 4521 3038 4592 religioni
3061 4517 3342 4584 evitanda,
3391 4532 3518 4588 quae
3545 4528 3726 4571 nomen
3745 4514 3878 4562 unum

683 4614 782 4667 tris
805 4627 928 4668 esse
955 4612 1008 4667 in
1040 4581 1180 4668 Filio
1211 4629 1222 4666 :
1257 4613 1352 4668 sed
1405 4581 1530 4682 quia
1577 4581 1737 4668 nemo
1769 4581 1904 4667 vidit
1931 4611 2168 4678 Patrem,
2211 4625 2276 4667 ac
2301 4581 2354 4644 Β
2377 4615 2633 4672 scientia:
2665 4581 2951 4686 usurpandi,
2997 4612 3224 4670 fallaces
3259 4581 3704 4682 ist-professione,
3729 4593 3880 4656 ιιιάπίσ

675 4723 770 4778 per
801 4706 906 4762 hoc
947 4707 1324 4763 inaecessibile
1366 4707 1580 4762 habitat
1621 4707 1824 4762 lumen.
1863 4705 1980 4761 Non
2021 4715 2104 4761 est
2127 4707 2272 4760 enim

673 4799 808 4854 ordo
829 4798 994 4854 alicui
1018 4799 1236 4854 videndi
1267 4799 1436 4854 Deum
1471 4799 1688 4856 Patrem
1709 4839 1724 4866 ,
1753 4799 1858 4854 nisi
1883 4796 2106 4853 Christo
2142 4815 2154 4852 :
2183 4798 2275 4867 qui

668 4891 736 4947 de
790 4891 904 4948 Deo
953 4901 1068 4959 est,
1101 4891 1192 4948 hic
1237 4891 1372 4946 vidit
1423 4891 1592 4948 Deum
1639 4909 1652 4945 :
1699 4890 1869 4946 Filius
1919 4899 2100 4946 autem
2145 4887 2274 4960 quia

2381 4711 2533 4782 piant
2557 4709 2856 4780 simplices,
2885 4707 3042 4764 fidem
3071 4705 3222 4762 enim
3251 4703 3544 4770 simulant,
3573 4716 3602 4756 a
3623 4713 3718 4772 qua
3737 4689 3878 4782 crcior

2383 4780 2533 4871 runt,
2565 4813 2626 4858 ut
2653 4800 2936 4874 perﬁdiam
2989 4801 3242 4855 inferant.
3277 4797 3346 4852 Et
3385 4811 3556 4852 manu
3603 4780 3877 4866 propri-tib"

2382 4885 2624 4958 scripsit,
2653 4884 2844 4939 dicens
2869 4899 2884 4937 :
2909 4878 3092 4936 Gratia
3119 4888 3310 4934 tecum.

739 5017 766 5044 ει
797 5007 953 5061 Item.
1005 5006 1138 5063 edit.
1166 5047 1182 5072 ,
1225 5003 1428 5078 abunde
1476 5005 1543 5058 at!
1581 5003 1948 5078 fruendum....
1991 5013 2045 5058 ut
2099 5003 2279 5062 divites
2307 5001 2430 5078 facti
2462 4999 2608 5056 bonis
2643 4995 2907 5070 operibus,
2963 4991 3140 5066 faciles
3193 4994 3300 5049 sint
3343 4991 3416 5047 ad
3455 4984 3822 5062 impatienti“.
3849 4983 3876 5026 α

659 5078 878 5136 libenter
911 5080 1369 5144 cotttutauicantos,
1389 5077 1738 5134 thesauri-actu
1767 5077 1888 5145 sibi,
1911 5085 2019 5132 etc.

695 5223 3628 5262 _________________________________.__.___.

3635 5197 3870 5236 ...ιιι-ια’

689 5377 808 5458 ΙΝ
883 5370 1544 5458 EPISTULAM
1620 5373 1716 5456 B.
1777 5369 2130 5457 PAULI
2207 5370 2368 5454 AD
2441 5365 3182 5452 TIMOTHEUM
3255 5345 3860 5448 SECUNDAM-

1269 5553 1658 5614 PROLOGUS.

741 5651 916 5706 Aliam
945 5651 1236 5722 epistolam
1263 5659 1292 5690 ι
1317 5653 1510 5707 scribit
1541 5650 1608 5705 ad
1647 5647 2025 5716 Timotheum,
2059 5657 2120 5705 ut
2153 5647 2266 5720 jam

2367 5555 2644 5612 eruditum
2691 5548 3060 5608 ecclesiastica
3099 5546 3409 5621 disciplina,
3455 5519 3516 5605 δι
3563 5559 3674 5616 qua
3711 5547 3808 5609 spes
3833 5525 3875 5582 sil

2375 5646 2781 5718 promissionis,
2803 5659 2905 5701 suo
2931 5643 3186 5715 exentplo
3211 5641 3282 5698 ad
3313 5639 3628 5712 martyrium
3651 5629 3872 5705 promoui

742 5801 768 5831 α
797 5791 958 5844 Rom.
1021 5789 1178 5856 edit.,
1238 5787 1412 5843 scribit
1467 5803 1603 5842 nunc
1653 5782 1930 5858 Apostolus
1980 5783 2048 5844 ad
2093 5783 2512 5844 Timotheum...
2545 5781 2765 5839 ostendit
2813 5797 2926 5852 qum
2965 5795 3078 5854 spes
3129 5779 3191 5836 sit
3241 5775 3627 5850 promissionis,
3671 5777 3712 5825 6
3751 5769 3870 5822 Illi”

663 5862 1299 5939 exemplo....contmenla,
1329 5858 1588 5938 prwdicits
