3970 6316
96 324 210 402 4εὸ

775 335 1287 398 COMMENTARIA
1325 335 1391 394 ΙΝ
1436 315 1659 393 EPIST.
1704 333 1798 391 ΔΙ)
1837 332 2248 392 τιΜθΤιιΕυΜ
2289 334 2692 393 SECUNDAM.

3284 337 3394 395 486

92 463 150 509 et
176 453 296 525 quia
316 452 548 508 futurum
576 459 681 517 est,
733 459 791 504 ut
821 449 1038 519 quidam
1079 463 1107 502 a
1141 461 1272 504 sana
1303 445 1585 512 doctrina,
1611 459 1678 501 eo
1705 447 1753 507 Α
1782 451 1898 498 avia
1931 444 2072 514 ejus,
2102 455 2156 500 et
2188 445 2240 500 in
2265 455 2438 502 matre
2463 446 2632 502 fuisse
2669 446 2956 518 signiﬁcat,
2987 449 3294 505 certissime
3335 459 3395 506 et

90 547 239 619 quod
257 547 383 603 dura
412 546 515 602 illis
546 545 819 612 videatur,
845 546 910 599 ad
938 542 1146 599 fabulas
1169 549 1584 609 convertantur,
1627 540 1679 597 id

109 653 219 708 est,
246 641 307 696 ad
339 639 570 696 humana
601 647 926 694 commenta.

597 773 832 833 CAPUT
871 770 1154 830 PRIMUM.
1236 788 1252 810 ί

161 911 334 985 (Vers.
367 909 419 982 l,
448 911 533 986 2.)
573 911 773 968 Paulus
803 915 1069 986 apostolus
1112 905 1239 969 Jesu
1259 912 1452 970 Christi
1483 929 1572 984 per
1594 927 1681 967 vo-

88 1011 335 1066 luntatem
365 1003 463 1061 Dei
484 1006 768 1061 secundum
797 1007 1188 1079 promissionem
1229 1007 1366 1072 vine,
1389 1022 1505 1078 qua:
1528 1017 1600 1062 est
1626 1009 1678 1060 in

85 1099 295 1161 Christo
313 1097 459 1164 Iesu,
507 1098 778 1156 Timotheo
815 1101 1000 1155 dilecto
1026 1101 1157 1169 ﬁlio.
1209 1098 1378 1170 llujus
1405 1101 1480 1156 rei
1508 1100 1678 1170 gratia

92 1194 389 1266 apostolum
416 1209 475 1248 se
497 1189 702 1247 Christi
734 1191 886 1261 .lesu,
917 1189 1017 1248 Dei
1045 1191 1324 1248 voluntate
1345 1192 1678 1263 appellatum

83 1287 371 1358 signiﬁcat;
408 1294 466 1341 ut
495 1301 618 1356 quae
640 1296 696 1341 et
719 1293 920 1357 quanta
957 1287 1247 1356 promissio
1273 1286 1327 1341 in
1356 1284 1542 1341 futuro
1566 1295 1593 1322 ι
1623 1286 1677 1339 iu

82 1381 191 1436 lide
222 1377 416 1435 Christi
463 1379 555 1444 sit,
591 1379 887 1447 edoceret;
929 1389 991 1437 ut
1021 1380 1408 1451 prsedicatioue
1440 1382 1558 1451 ejus
1595 1380 1678 1436 iu-

80 1485 413 1532 crementum
445 1473 610 1530 faciat
639 1475 692 1530 in
731 1474 1007 1531 salvandis
1055 1474 1346 1545 disciplina
1375 1474 1674 1529 Doruiuica.

80 1569 263 1626 idonei
297 1567 437 1624 enim
467 1569 613 1625 servi
649 1582 798 1637 sunt,
824 1571 914 1641 qui
942 1569 1203 1624 instantia
1224 1583 1319 1624 sua
1368 1577 1421 1624 et
1449 1567 1554 1624 ﬁde
1586 1584 1678 1625 ne-

82 1663 230 1733 gotia
283 1659 632 1718 dominorum
683 1678 907 1718 suorum
955 1673 1306 1732 exaggerant.
1359 1659 1515 1728 Quod
1553 1658 1679 1715 ideo

86 1755 212 1812 huic
239 1758 385 1827 quasi
411 1755 738 1812 charissimo
765 1755 879 1810 lilio
919 1755 1129 1820 scribit,
1169 1764 1224 1808 ut
1267 1753 1428 1824 hujus
1460 1755 1536 1808 rei
1560 1753 1681 1808 imi—

1785 536 1837 590 in
1867 552 1954 590 eo.
1984 537 2174 592 Omnis
2203 537 2382 606 itaque
2410 539 2498 593 hic
2523 538 2749 596 aﬁectus
2793 551 3014 613 pmpter
3062 541 3220 597 ﬁdem
3277 551 3386 610 est,

1790 643 1911 699 qum
1942 639 2060 683 erat
2089 628 2142 683 in
2175 631 2255 686 eis
2284 629 2560 686 inviolata.

1854 719 2033 791 (Vers.
2064 720 2117 785 6,
2146 720 2224 792 7.)
2268 722 2382 789 Qua
2409 724 2473 777 de
2492 739 2650 777 causa
2696 725 2951 780 admoneo
2994 736 3062 794 te,
3108 737 3162 781 ut
3188 744 3392 784 recrees

1783 814 1975 869 donum
2005 815 2124 883 Dei,
2153 818 2290 887 quod
2307 828 2380 872 est
2417 819 2539 872 inte
2582 836 2672 888 per
2715 820 3096 894 impositionem
3140 838 3393 878 manuum

1781 927 2052 978 mearum;
2083 927 2186 966 non
2208 911 2340 966 enim
2370 911 2514 967 dedit
2537 912 2682 967 nobis
2712 912 2852 968 Deus
2897 915 3138 986 spiritum
3164 917 3390 981 timoris,

1780 1008 1871 1060 sed
1890 1007 2114 1076 virtutis,
2165 1016 2215 1062 et
2245 1007 2564 1076 dilectionis,
2590 1019 2637 1062 et
2662 1007 2975 1064 sobrietatis.
3008 1010 3303 1080 Propterea
3330 1026 3394 1067 se

1784 1109 2066 1169 parentum
2097 1100 2216 1170 ejus
2237 1101 2608 1157 sinceritatem
2636 1101 2757 1157 lldei
2789 1103 3057 1174 signiﬁcat
3087 1118 3394 1160 memoras-

1781 1207 1862 1258 se,
1897 1201 1954 1247 ut
1980 1191 2261 1249 fortiorem
2292 1193 2437 1249 hunc
2460 1195 2682 1250 faceret.
2711 1194 2845 1262 Quis
2871 1195 3015 1250 enim
3075 1196 3288 1252 laudem
3319 1196 3388 1251 il-

1781 1283 1954 1340 lorum
1986 1285 2236 1353 audiens,
2267 1305 2497 1359 quorum
2520 1289 2574 1344 in
2600 1305 2666 1344 eo
2693 1290 2813 1358 ipso
2845 1291 3116 1360 particeps
3144 1303 3251 1355 est,
3281 1307 3393 1346 non

1781 1387 2012 1443 crescat,
2047 1377 2254 1436 addens
2284 1381 2523 1436 animum
2543 1380 2854 1450 bujusrnodi
2883 1382 3110 1438 viribus.
3138 1383 3230 1438 Sic
3256 1397 3393 1452 ergo

1782 1479 1997 1526 recreat
2030 1470 2080 1526 in
2110 1487 2171 1526 se
2197 1473 2398 1529 donum
2427 1474 2620 1545 gratiae
2666 1474 2762 1530 Dei
2791 1485 3073 1544 acceptum
3105 1490 3200 1544 per
3227 1476 3384 1529 ordi-

1781 1563 2064 1620 nationem
2101 1566 2451 1638 presbyterii,
2486 1567 2612 1621 dum
2653 1568 2896 1621 animum
2941 1583 3098 1622 suum
3131 1568 3391 1622 confovet

1783 1659 1982 1713 utentis
2009 1658 2313 1724 alacritate,
2345 1660 2585 1731 gaudens
2607 1661 2660 1716 in
2683 1673 2858 1716 semet
2882 1663 3019 1732 ipso,
3047 1661 3187 1716 sicut
3215 1662 3266 1716 in
3295 1680 3394 1716 nn-

1782 1754 1948 1809 vitate
1974 1753 2335 1810 ordinatiOnis
2374 1757 2657 1826 gaudetur.
2697 1759 2936 1827 Denique
2965 1758 3239 1827 subjecit:
3275 1758 3395 1812 Nec

82 1861 228 1906 tatur
257 1851 499 1916 exsistat,
550 1850 747 1905 eadem
797 1849 1014 1903 caeteris
1062 1847 1316 1914 tradens;
1360 1857 1415 1902 ul
1441 1862 1536 1918 per
1570 1857 1678 1902 tra-
1708 1859 1754 1919 Β
1783 1847 1942 1913 enim,
1986 1847 2183 1919 inquit,
2213 1849 2355 1904 dedit
2403 1851 2549 1905 nobis
2589 1849 2727 1904 Deus
2765 1851 3006 1922 spiritum
3049 1850 3268 1915 timoris,
3303 1853 3394 1906 sed

81 1943 272 2000 ducem
301 1945 710 2000 successionum
737 1941 1058 2000 iudeﬁcicns
1080 1953 1153 1998 ειι
1202 1942 1430 1998 idoneus
1454 1942 1670 2010 doctor,

81 2049 176 2104 per
213 2050 369 2106 quem
418 2043 628 2090 asserta
659 2035 859 2090 veritas
901 2034 1105 2089 multos
1135 2037 1381 2104 acquirat
1413 2033 1478 2087 ad
1508 2034 1672 2087 vitam

82 2129 419 2198 promissam.
446 2123 656 2194 Gratia,
683 2128 1058 2196 misericordia,
1093 2138 1137 2183 et
1161 2144 1265 2198 paa:
1289 2145 1321 2182 a
1350 2123 1459 2181 Deo
1491 2125 1672 2194 Patre,

85 2232 130 2277 et
153 2221 357 2278 Christo
381 2219 506 2278 Jesu
536 2219 763 2278 Domino
795 2234 990 2278 nostro.
1025 2223 1266 2279 Gratiam
1321 2223 1447 2278 huic
1497 2224 1676 2278 Patris

81 2315 132 2372 in
157 2317 506 2372 miseratione
547 2327 793 2386 emptat,
831 2331 889 2372 ut
920 2315 1061 2371 adsit
1092 2317 1142 2372 ei
1171 2336 1183 2371 :
1217 2325 1275 2372 et
1303 2315 1501 2371 Christi
1545 2317 1675 2373 Jesu

80 2409 290 2466 Domini
336 2407 542 2475 nostri,
577 2412 701 2482 quia
733 2411 879 2468 Deus
905 2411 1134 2484 gratiam
1165 2427 1321 2466 suam
1363 2427 1460 2482 per
1484 2410 1674 2466 Chris-

80 2513 187 2562 tum
215 2507 461 2579 largitur;
488 2516 547 2563 ut
572 2523 675 2562 una
704 2509 874 2578 gratia
907 2510 978 2563 sit
1006 2509 1318 2580 utriusque.

150 2599 335 2673 (Vers.
367 2599 423 2667 5,
453 2600 510 2667 4,
543 2598 625 2672 5.)
667 2598 876 2654 Gratias
897 2617 997 2672 ago
1025 2599 1138 2656 Deo
1179 2617 1312 2667 meo,
1346 2599 1431 2655 cui
1452 2600 1616 2655 servio
1643 2617 1678 2654 a

80 2696 281 2764 proavis
332 2697 383 2749 in
413 2691 729 2750 conscientia
758 2711 916 2767 pura,
962 2694 1100 2764 quod
1147 2695 1526 2764 inde/icientent
1579 2695 1673 2747 Ita-

80 2789 220 2842 beam
256 2788 326 2842 tui
365 2789 668 2843 memoriam
717 2787 770 2841 in
817 2786 1054 2859 precibus
1083 2788 1243 2853 meis,
1299 2797 1446 2842 nocte
1498 2787 1678 2858 dieque

78 2883 296 2936 multum
317 2881 616 2935 desiderans
648 2889 696 2935 te
723 2878 916 2948 videre,
949 2897 1144 2935 memor
1172 2882 1525 2952 lacrgmarum
1555 2890 1674 2934 tua-

78 2992 230 3042 rum;
258 2983 312 3029 ut
340 2992 429 3047 ego
469 2975 664 3045 gaudio
711 2977 936 3046 replear,
979 2976 1387 3030 recordationem
1417 2975 1678 3046 accipiens

84 3071 210 3140 eius,
239 3086 352 3138 qua:
378 3079 448 3124 est
475 3071 526 3122 in
553 3079 599 3123 te
617 3069 832 3124 sincera:
853 3069 1000 3139 ﬁdei,
1031 3085 1146 3140 quae
1175 3069 1425 3124 habitavit
1450 3072 1677 3140 primum

83 3163 238 3239 305
259 3165 314 3218 in
345 3165 461 3218 avia
485 3173 572 3217 tuo
605 3159 786 3225 Laide,
820 3174 869 3218 et
900 3172 1061 3218 matre
1090 3173 1178 3218 tua
1208 3163 1401 3218 Eunice
1433 3180 1451 3218 .'
1482 3174 1678 3218 certum

1779 1940 2008 1996 virtutis.
2037 1940 2334 1998 lnnovatus
2360 1944 2507 1998 enim
2557 1944 2720 2000 homo
2740 1946 2852 2000 exit
2882 1945 2950 2000 de
2980 1947 3196 2012 timore,
3250 1949 3396 2003 acci-

1781 2037 1936 2106 piens
1967 2035 2221 2107 spiritum
2254 2037 2459 2092 laatitia:
2519 2047 2740 2108 preptcr
2759 2038 3236 2108 justiﬁcationem;
3265 2041 3395 2110 quia

1778 2129 2206 2201 omuisinjustus
2236 2131 2288 2186 in
2312 2133 2504 2187 timore
2530 2139 2634 2198 est,
2656 2147 2761 2186 non
2793 2130 2973 2198 fortis,
2994 2132 3090 2210 sed
3106 2131 3355 2189 inﬁrmus
3379 2151 3391 2188 :

1780 2240 1886 2279 non
1913 2225 1966 2279 in
1993 2223 2311 2291 dilectione,
2338 2224 2434 2280 sed
2467 2226 2518 2279 in
2551 2225 2675 2280 odio
2705 2243 2720 2280 :
2748 2240 2851 2281 nec
2884 2226 2936 2279 in
2961 2227 3158 2281 mentis
3183 2226 3397 2281 sobrie-

1782 2326 1914 2384 tate,
1947 2319 2040 2372 sed
2074 2332 2262 2373 errore
2283 2317 2516 2372 saucius.
2547 2318 2604 2372 Si
2636 2327 2816 2371 autem
2867 2316 2952 2372 his
2997 2319 3255 2385 caruerit,
3290 2334 3394 2390 per

1781 2407 1939 2462 ﬁdem
1968 2414 2025 2463 et
2051 2405 2228 2475 fortis,
2273 2417 2325 2462 et
2348 2407 2602 2474 dilectus,
2632 2415 2688 2462 et
2714 2407 2930 2462 sobrius
2961 2408 3089 2462 erit.

1852 2502 2030 2573 (Vers.
2075 2503 2160 2573 8.)
2203 2501 2326 2556 Noli
2356 2503 2525 2572 itaque
2555 2500 2849 2557 erubescere
2872 2503 3219 2558 testimonium
3271 2501 3386 2558 Do-

1779 2597 1904 2651 mini
1933 2597 2114 2663 nostri,
2138 2613 2296 2668 neque
2321 2613 2398 2650 me
2426 2597 2649 2651 vincturi:
2705 2597 2840 2665 ejus.
2885 2594 3198 2652 Constantia
3211 2614 3257 2650 ill
3293 2597 3386 2651 ha-

1779 2690 2011 2746 bendam
2042 2691 2220 2757 docet,
2275 2706 2373 2746 nec
2403 2690 2664 2760 trepidari
2695 2690 2894 2746 debere
2918 2691 2969 2745 in
3003 2691 3364 2759 professione.

1776 2784 1896 2840 Non
1918 2794 2002 2842 est
2022 2786 2165 2842 enim
2199 2783 2340 2840 unde
2366 2785 2718 2841 erubescatur
2744 2785 2795 2838 iu
2829 2799 2931 2851 ea;
2983 2786 3106 2853 quia
3129 2786 3173 2840 si
3213 2785 3378 2842 homo

1779 2881 1928 2935 visus
1968 2887 2055 2935 est
2121 2878 2408 2946 Christus,
2453 2880 2621 2950 gestis
2670 2887 2847 2933 tamen
2896 2880 3149 2949 apparuit
3199 2878 3383 2935 Deus:

1779 2971 1881 3029 etsi
1909 2971 2200 3030 cruciﬁxus
2250 2982 2353 3038 est,
2405 2971 2704 3027 resurrexit
2753 2981 2985 3026 tamena
3015 2973 3274 3037 mortuis,
3325 2984 3380 3028 et

1782 3068 1968 3122 multis
2018 3067 2348 3134 videntibus,
2379 3067 2715 3136 suscipiente
2745 3082 2866 3122 eum
2899 3066 3062 3132 nube,
3098 3068 3150 3121 in
3183 3068 3382 3123 caelum

1780 3161 2030 3218 ascendit
2057 3160 2195 3235 (Act.
2224 3177 2263 3225 ι,
2287 3161 2367 3229 9).
2401 3159 2518 3215 Non
2551 3169 2633 3215 est
2661 3175 2792 3230 ergo
2826 3159 3160 3215 inﬁrmitatis
3189 3175 3350 3215 causa
3371 3201 3384 3226 ,

85 3268 248 3311 autem
282 3255 440 3311 habeo
479 3256 619 3327 quod
647 3267 692 3309 et
725 3255 776 3309 in
801 3265 866 3310 te.
896 3253 1164 3325 Quoniam
1195 3257 1418 3326 dignum
1450 3265 1534 3311 est
1565 3271 1677 3310 mc-
1705 3275 1749 3337 ρ
1784 3251 1879 3310 sed
1910 3256 2230 3325 potestatis;
2258 3254 2382 3325 quia
2413 3254 2502 3309 ubi
2536 3252 3139 3323 putaturimbecillitas,
3170 3254 3241 3308 ibi
3292 3269 3392 3325 ap-

85 3352 301 3408 minisse
322 3351 616 3414 bonorum,
645 3349 850 3406 idcirco
879 3351 994 3406 Deo
1019 3351 1222 3421 gratias
1254 3352 1386 3421 agit,
1410 3349 1537 3421 quia
1569 3368 1681 3405 rue-

86 3461 198 3500 ntor
221 3456 344 3500 erat
371 3444 644 3500 Timothei
681 3443 785 3498 viri
812 3443 1107 3510 mirabilis,
1162 3453 1219 3498 ut
1250 3445 1414 3498 etiam
1466 3441 1568 3497 hoc
1601 3445 1682 3514 ip-

84 3553 194 3594 sum
229 3541 324 3595 Dei
364 3539 567 3595 denunt
614 3539 723 3604 sit;
756 3554 863 3593 non
912 3535 1057 3594 enim
1084 3537 1203 3592 slnc
1232 3539 1429 3592 tnerito
1459 3547 1562 3604 est,
1590 3536 1681 3607 qui

85 3633 280 3704 cogitat
306 3631 370 3688 de
395 3633 555 3689 bonis
586 3633 738 3687 viris.
768 3631 831 3686 Et
859 3631 984 3702 quia
1009 3631 1149 3686 idem
1179 3625 1320 3685 Deus
1343 3628 1675 3686 christiano-

85 3743 196 3781 rum
231 3735 341 3794 est,
365 3729 456 3798 qui
500 3733 620 3782 erat
663 3725 1005 3790 Judzcorum,
1051 3724 1099 3778 ei
1129 3739 1188 3779 se
1223 3719 1331 3778 Deo
1370 3723 1573 3793 gratias
1600 3739 1678 3777 re-

84 3821 218 3877 ierre
253 3831 501 3888 testatur,
532 3820 618 3876 cui
648 3837 674 3874 a
699 3820 915 3892 proavis
969 3817 1264 3874 famulatus
1309 3827 1415 3875 est.
1446 3814 1677 3885 Quando

85 3915 222 3970 enim
288 3914 388 3970 hoc
439 3913 733 3986 sperabant
781 3914 1169 3986 progenitores
1215 3912 1351 3984 ejus,
1411 3909 1555 3982 quod
1598 3911 1685 3965 hic

85 4016 322 4078 coeperat
348 4007 666 4078 praedicare,
699 4023 801 4061 una
834 4023 1023 4061 eorum
1055 4002 1192 4061 ﬁdes
1237 4014 1341 4062 est.
1374 4003 1436 4060 Et
1466 4005 1590 4075 quia
1621 4005 1673 4058 in

87 4108 366 4169 parentum
411 4099 675 4154 successit
731 4098 978 4164 servitia,
1035 4107 1091 4152 et
1143 4099 1270 4169 quia
1319 4099 1370 4153 in
1429 4098 1514 4152 his
1565 4105 1686 4152 erat

89 4194 282 4257 adhuc,
339 4207 460 4248 cum
515 4191 594 4247 illi
649 4193 758 4248 Deo
810 4191 1104 4260 servirent,
1159 4201 1310 4248 recte
1364 4191 1613 4247 ait:Cui
1654 4207 1686 4245 a

92 4285 295 4354 proavis
319 4285 502 4340 servio.
533 4283 853 4353 Quomodo?
882 4281 950 4339 In
979 4284 1294 4340 conscientia
1311 4300 1465 4356 pura,
1491 4283 1683 4356 inquit;

92 4377 165 4432 sic
207 4377 356 4438 enim
411 4375 703 4447 aliquando
749 4389 1068 4448 persecutus
1110 4387 1195 4433 est
1245 4371 1572 4444 Ecclesiam,
1632 4385 1688 4429 nt

92 4471 180 4526 Dei
211 4486 402 4525 amore
428 4471 530 4526 hoc
556 4482 764 4541 ageret,
792 4485 899 4525 non
925 4467 1334 4526 malevolentia.
1363 4465 1493 4524 Nam
1525 4465 1691 4524 simili

93 4565 251 4620 modo
284 4565 417 4621 etin
447 4564 676 4634 epistola
717 4565 783 4619 ad
815 4563 1075 4621 Hebraeos
1122 4566 1384 4635 scripttun
1439 4572 1521 4618 est
1563 4562 1687 4632 quia

1787 3358 1940 3418 paret
1973 3350 2234 3418 potentia.
2269 3347 2451 3417 Itaque
2494 3348 2661 3403 stulte
2701 3347 3004 3402 inﬁrmatus
3046 3347 3266 3414 dicitur,
3300 3347 3396 3416 qui

1785 3441 1982 3497 vicisse
2005 3441 2285 3511 probatur.
2309 3439 2423 3495 lloc
2453 3439 2612 3496 modo
2631 3455 2730 3494 nec
2757 3440 2810 3494 in
2835 3441 3220 3510 Apostoloest,
3246 3441 3394 3510 quod

1785 3536 1852 3591 ad
1888 3535 2141 3591 ruborem
2199 3535 2502 3605 pertineat;
2533 3535 2658 3604 quia
2685 3535 2729 3589 si
2761 3535 3035 3603 pressuris
3062 3545 3115 3590 et
3144 3534 3387 3591 caedibus

1786 3627 2098 3682 humiliatus
2125 3625 2354 3692 dicitur,
2385 3641 2448 3682 ex
2482 3624 2574 3680 illa
2601 3636 2754 3696 parte
2784 3625 3076 3682 confundit
3109 3626 3390 3683 obtrecta-

1789 3730 1932 3776 tores
1954 3735 2106 3786 suos,
2135 3719 2257 3790 quia
2289 3719 2341 3774 in
2373 3718 2544 3790 signis
2574 3733 2636 3773 ac
2666 3717 2928 3790 prodigiis
2958 3729 3088 3774 nutu
3122 3719 3394 3776 mirabilis

1789 3813 2134 3885 pervidctur;
2169 3821 2227 3868 ut
2257 3812 2595 3880 intelligatur
2627 3827 2732 3868 non
2755 3811 3065 3868 inﬁrmitate
3093 3811 3393 3882 humiliari,

1789 3910 1884 3966 sed
1916 3910 2198 3966 voluntate
2239 3910 2306 3965 ad
2351 3909 2640 3981 quemdam
2697 3910 3014 3965 meritorum
3060 3909 3388 3980 profectum.

1788 4003 1996 4058 ldcirco
2025 4004 2170 4058 enim
2214 4001 2353 4060 Deus
2386 4017 2576 4058 servos
2604 4017 2731 4058 suos
2759 4004 2824 4058 ab
2855 4002 3056 4074 iniquis
3109 4003 3387 4060 humiliari

1791 4084 2082 4168 permittit,
2118 4113 2186 4153 ne
2219 4097 2328 4154 illis
2359 4097 2556 4166 injuste
2586 4097 2806 4167 priemia
2839 4096 2968 4150 dare
2997 4096 3262 4152 videatur.

1861 4190 2045 4263 (Vers.
2073 4191 2154 4260 9.)
2196 4190 2302 4246 Sed
2342 4189 2608 4246 collabora
2650 4191 2702 4242 in
2757 4188 3036 4261 Evangetio
3107 4191 3395 4243 secundum

1789 4285 2018 4340 virtutem
2046 4283 2139 4339 Dei
2159 4327 2172 4353 ,
2203 4283 2231 4321 ι)
2253 4285 2340 4355 qui
2363 4300 2456 4338 nos
2478 4283 2646 4340 salvos
2695 4281 2834 4352 fecit.
2884 4280 3152 4348 Quoniam
3193 4281 3398 4341 virtute

1794 4381 1883 4437 Dei
1915 4382 2050 4436 victa
2083 4390 2164 4436 est
2193 4395 2360 4445 mors,
2392 4389 2447 4434 ut
2471 4393 2570 4433 nos
2594 4376 2731 4432 salvi
2763 4391 2883 4432 esse
2915 4375 3184 4446 possimus
3205 4393 3218 4443 ;
3239 4376 3396 4446 juxta

1792 4473 1896 4530 hoc
1926 4472 2184 4530 convenit
2226 4474 2399 4529 vicem
2456 4486 2554 4528 uos
2601 4486 2666 4525 ex
2714 4469 2892 4540 aliqua
2951 4479 3108 4540 parte
3163 4469 3401 4526 reddere

1791 4567 2165 4637 Redemptori.
2225 4567 2360 4633 Quia
2416 4565 2560 4620 enim
2610 4564 2678 4618 ad
2727 4560 2908 4617 omnia
2959 4561 3076 4632 ejus
3125 4561 3390 4618 beneﬁcia

93 4657 237 4722 Levi,
290 4657 378 4729 qui
427 4657 672 4714 decimas
718 4657 953 4730 accepit,
995 4657 1242 4714 decimas
1280 4650 1429 4711 dedit
1461 4651 1680 4710 Melchi-

1794 4663 2121 4732 reqmndere
2153 4677 2257 4716 non
2281 4673 2588 4730 possumus,
2614 4657 2698 4712 vel
2729 4655 3052 4727 legationem
3083 4656 3201 4726 ejus
3223 4656 3398 4712 ﬁdeli-

94 4751 322 4818 sedeeh;
350 4751 476 4823 quia
507 4754 558 4808 in
604 4751 857 4816 Abrahaz,
893 4752 1086 4822 inquit,
1136 4745 1338 4807 lumbis
1387 4761 1503 4805 erat
1532 4748 1684 4816 Levi,

95 4842 306 4916 quando
330 4844 571 4899 decimas
598 4843 794 4899 obtulit
819 4838 1221 4900 Melchisedech
1264 4839 1450 4913 (Hebr.
1499 4855 1594 4908 vn,
1629 4840 1684 4909 9,

97 4935 218 5009 tu):
255 4933 326 4990 ita
347 4944 400 4992 et
429 4931 518 4990 hic
549 4952 576 4989 a
611 4938 829 5006 proavis
863 4935 969 4991 Deo
998 4951 1058 4990 se
1103 4933 1232 4989 dicit
1261 4933 1520 4998 servisse,
1561 4933 1686 5003 quia

99 5043 149 5090 et
189 5034 314 5090 Levi
363 5035 416 5090 in
470 5049 675 5106 proavo
704 5033 944 5091 decimas
995 5036 1196 5091 dicitur
1253 5035 1539 5091 obtulisse.
1590 5035 1690 5090 Est

101 5128 239 5183 enim
274 5127 401 5185 Levi
431 5139 586 5200 pater
611 5125 804 5196 JaCUb,
853 5146 987 5185 avus
1032 5129 1203 5194 Isaae,
1248 5146 1483 5202 proavus
1515 5131 1688 5187 Abra-

102 5220 241 5277 ham.
299 5219 521 5278 Multum
568 5238 698 5292 ergo
728 5237 786 5277 se
837 5206 1136 5278 memorem
1165 5217 1435 5283 Timothei
1469 5225 1691 5296 proﬁte—

104 5323 202 5380 tur,
230 5321 286 5368 et
316 5311 474 5370 avide
507 5313 656 5370 illum
702 5313 1018 5372 desiderare
1058 5327 1277 5389 propter
1329 5315 1686 5389 Iacrymarum

103 5405 212 5477 ejus
245 5405 704 5472 recordationem,
737 5424 870 5480 quas
920 5425 1112 5466 amore
1164 5410 1376 5465 fuderat
1418 5410 1685 5481 Apostoli,

103 5499 238 5554 sicut
269 5501 603 5572 intelligitur,
639 5499 946 5559 recedentis
974 5520 1001 5557 a
1031 5519 1112 5559 se.
1149 5497 1265 5558 Non
1313 5499 1587 5558 imtnerito
1604 5517 1692 5557 er-

103 5607 166 5665 go
190 5605 459 5650 amantem
493 5612 553 5652 se
605 5595 911 5666 desiderat,
948 5607 1004 5653 ut
1046 5591 1248 5669 gaudio
1289 5597 1581 5668 impleatur
1622 5610 1687 5651 ex

105 5693 369 5745 communi
397 5692 604 5754 Ιωιὶιὶθ,
668 5707 828 5748 causa
877 5692 1007 5750 ﬁdei
1046 5694 1299 5760 sincera,
1331 5705 1491 5764 quam
1535 5699 1592 5745 et
1633 5691 1689 5744 in

172 5817 195 5845 ⁸
225 5803 424 5884 Eadem
450 5805 608 5884 Boni.
631 5810 786 5884 cdit.,
813 5829 902 5884 per
923 5805 1080 5878 ﬁdem
1106 5812 1296 5869 Christi
1317 5812 1401 5882 sit,
1431 5812 1684 5876 edoceret,

108 5895 203 5952 quo
244 5881 607 5952 meditatione
629 5883 790 5958 ψη..
814 5881 926 5943 etc.

1800 4765 1880 4811 ter
1907 4765 1959 4808 ct
1985 4755 2248 4809 instanter
2277 4768 2521 4824 agamus.
2556 4749 2621 4805 Et
2645 4751 2838 4804 vocavit
2867 4751 3132 4805 vocatione
3149 4766 3244 4803 sua
3272 4767 3396 4805 san-

1794 4858 1895 4903 cta.
1936 4848 2156 4903 Vocatio
2184 4858 2365 4902 sancta
2394 4854 2499 4912 est,
2523 4860 2645 4899 cum
2671 4843 2831 4899 electi
2859 4842 3064 4898 suntad
3089 4842 3402 4913 gubernan-

1795 4941 1922 4996 dum
1951 4941 2210 5013 pepulum
2252 4947 2498 4995 sanctum
2535 4937 2628 4993 Dei
2665 4954 2677 4991 :
2710 4935 2776 4992 ad
2809 4946 3056 4991 sanctum
3105 4945 3282 4988 autem
3315 4949 3404 4990 sc-

1797 5038 1916 5092 nior
1951 5046 2191 5100 vocatur,
2225 5034 2312 5105 qui
2337 5032 2441 5088 dux
2470 5030 2686 5104 eligitur
2715 5031 3040 5086 sanctitatis.
3071 5025 3188 5082 Non
3216 5041 3401 5080 secun-

1795 5127 1921 5182 dum
1973 5130 2158 5182 merita
2202 5136 2398 5180 nostra.
2431 5124 2629 5179 Verum
2663 5131 2747 5176 est
2770 5137 2783 5188 ;
2809 5121 2932 5192 quia
2960 5119 3006 5174 si
3036 5116 3101 5172 ad
3133 5115 3397 5186 liquidum

1795 5237 2027 5294 quaeras,
2081 5219 2261 5276 nullus
2292 5218 2568 5276 hominum
2597 5213 2795 5287 dignus
2828 5222 3003 5284 potest
3051 5207 3220 5264 videri
3252 5205 3400 5262 vica-

1796 5293 1910 5371 rius
1941 5328 2061 5370 esse
2089 5309 2321 5379 Christi;
2346 5325 2536 5365 omnes
2558 5307 2700 5363 enim
2730 5320 2866 5376 quos
2895 5303 3076 5372 elegit,
3107 5299 3256 5370 prius
3281 5293 3396 5356 fue-

1799 5419 1920 5466 rant
1965 5417 2297 5480 peccalores.
2355 5404 2624 5474 Quantum
2675 5414 2804 5470 ergo
2834 5395 2900 5451 ad
2929 5393 3394 5465 comparationem

1798 5513 2121 5560 creterorutn
2156 5501 2410 5572 pertinet,
2446 5499 2498 5553 hi
2529 5496 2670 5567 digni
2703 5490 2907 5546 inventi
2936 5497 3063 5544 sunt
3092 5507 3106 5544 ;
3135 5497 3395 5558 quantum

1799 5611 1928 5652 vero
1956 5595 2021 5649 ad
2051 5609 2169 5649 rem
2222 5592 2415 5662 ipsam,
2443 5601 2632 5644 omnes
2662 5579 2866 5652 indigni
2899 5591 3044 5635 sunt.
3077 5577 3185 5636 Sed
3214 5597 3399 5636 secun-

1800 5687 1922 5743 dum
1946 5686 2266 5761 preposition
2287 5699 2458 5751 suum,
2488 5688 2536 5735 et
2559 5677 2912 5751 grotiamquw
2961 5673 3085 5730 data
3133 5685 3206 5730 est
3247 5674 3399 5732 nobis

1874 5805 1898 5843 ι’
1938 5804 2096 5861 Rom.
2130 5801 2288 5870 edit.,
2321 5800 2408 5871 qui
2435 5813 2526 5855 nos
2557 5793 2810 5852 liberavit.
