3970 6316
635 324 744 381 487

1543 318 1638 375 AD
1663 318 1910 403 .OPI‘LRA
1955 318 2200 377 SANCTI
2240 320 2572 379 AMBROSII
2612 324 2992 386 APPENDIX.‘
3463 277 3476 291 ο
3748 349 3821 404 488

632 442 688 494 in
713 437 914 493 Christo
939 435 1066 491 Jesu
1090 444 1209 490 ante
1247 443 1476 508 tempora
1496 436 1790 491 stecularia.
1842 436 2107 503 Quoniam
2137 436 2219 490 di-
2247 450 2302 512 Α
2329 449 2373 492 et
2404 455 2563 507 super
2606 450 2842 496 catenam
2888 459 3053 498 meam
3085 461 3187 500 non
3212 447 3428 502 erubuit.
3476 450 3653 522 Duplici
3675 472 3822 527 genere

631 531 887 604 gnatione
932 544 1027 584 sua
1081 529 1223 586 Deus
1277 528 1406 584 olim
1435 528 1599 601 306
1633 528 1873 584 decrevit
1907 537 2222 598 peccatores

629 627 808 680 salvos
838 623 1014 679 facere
1042 623 1328 694 (prmscius
1351 627 1497 678 enim
1522 625 1624 678 fuit
1655 623 1796 678 Deus
1820 624 1948 694 quid
1982 623 2221 678 futurum

631 728 774 773 esset
803 717 853 771 in
879 715 1116 781 homine,
1134 725 1422 788 antequam
1448 715 1653 773 faceret
1678 728 1897 782 eum,et
1925 717 2223 790 peccaret),

631 809 909 882 quomodo
966 809 1432 881 redintegraretur
1483 809 1911 880 pra-destinavit,
1945 827 2054 881 quo
2085 823 2222 868 tem-

627 918 781 975 pore,
803 913 852 959 et
879 917 973 974 per
997 918 1154 974 quos,
1184 913 1237 958 et
1263 919 1362 974 qua
1397 904 1606 960 ratione
1656 904 1854 959 salvari
1892 906 2137 972 possint;
2167 915 2222 960 ut

630 1014 809 1069 neque
833 997 1026 1054 merito
1055 1013 1156 1054 suo
1177 996 1270 1068 qui
1297 997 1594 1063 salvantur,
1656 1013 1835 1068 neque
1879 997 2073 1053 horum
2129 1013 2225 1070 per

629 1109 768 1165 quos
798 1103 1082 1159 vocantur,
1116 1092 1210 1148 sed
1239 1091 1332 1148 Dei
1355 1091 1528 1162 gratia
1569 1090 1714 1147 istud
1743 1089 1945 1146 donum
1977 1092 2224 1162 praestari

629 1187 883 1245 videatur
911 1203 1009 1258 per
1036 1186 1196 1243 fidem
1225 1186 1446 1242 Christi.

702 1283 1039 1357 (Vers..10.)
1081 1281 1238 1337 Nunc
1265 1299 1381 1337 vero
1410 1282 1671 1336 declarata
1694 1298 1783 1351 per
1798 1282 2226 1336 illuminationem

631 1383 883 1436 adventus
901 1378 1190 1435 Salvatoris
1204 1380 1366 1431 nostri
1376 1376 1411 1430 Ι
1417 1395 1504 1431 esu
1518 1377 1731 1433 Christi.
1748 1377 1956 1433 Donum
1972 1377 2066 1431 Dei
2083 1376 2225 1447 quod

630 1483 758 1530 ante
792 1483 1037 1544 tempora
1065 1471 1342 1527 szecularia
1370 1470 1572 1524 latebat
1591 1470 1644 1524 in
1674 1471 1951 1541 mysterio,
1977 1469 2229 1523 incarna-

629 1568 778 1624 tione
803 1577 858 1622 et
881 1565 1114 1622 adventu
1136 1564 1338 1620 Christi
1364 1564 1694 1618 declaratum
1728 1573 1977 1628 testatur,
2009 1560 2226 1632 quando

631 1673 912 1728 cmperunt
943 1659 1193 1714 homines
1226 1660 1509 1712 remissam
1543 1664 1889 1725 peccatorum
1919 1655 2188 1720 accipere.

705 1756 884 1829 (Vers.
920 1754 1035 1824 Η.)
1079 1754 1182 1820 Qui
1210 1754 1464 1808 destruxit
1490 1752 1696 1822 quidem
1724 1761 1960 1816 mortem,
1992 1749 2229 1803 "illumi-

2330 533 2671 605 refrigerium
2708 537 2810 592 hoc
2835 539 3243 610 intelfigendum
3268 552 3386 608 est;
3417 543 3532 614 quia
3556 555 3601 601 et
3625 548 3664 603 in
3685 567 3824 610 neces-

2330 631 2496 686 sitate
2545 633 2813 689 custodite
2857 634 3053 689 solatio
3099 651 3199 691 suo
3227 635 3551 708 refrigeravit
3582 651 3823 703 eumzetsi

2329 737 2433 792 qua
2465 724 2561 790 illi,
2595 727 2712 781 sive
2757 727 3122 800 indigentibus
3149 745 3284 800 opus
3334 741 3503 798 erant,
3554 735 3820 794 ministravit.

2331 815 2439 885 Spe
2467 817 2614 873 enim
2656 834 2869 887 eorum,
2892 836 3011 892 qua:
3043 823 3304 892 promissa
3332 834 3473 891 sunt,
3503 844 3592 880 non
3613 830 3762 898 puduit
3780 833 3822 887 il-

2331 908 2441 965 lum
2472 913 2754 979 accedere,
2779 922 2834 968 et
2855 917 3129 985 requirere
3158 916 3430 975 hominem
3463 921 3666 990 positum
3697 926 3742 981 in
3768 945 3824 982 ca

2331 1005 2505 1059 stodia
2531 1021 2544 1064 :
2581 1005 2657 1060 illi
2689 1012 2836 1062 enim
2865 1024 3004 1080 quos
3034 1025 3194 1080 supra
3227 1022 3514 1080 memorat,
3539 1020 3644 1086 quia
3665 1020 3826 1076 erubes-

2330 1099 2524 1154 cebant
2554 1099 2623 1156 de
2650 1117 2814 1159 cruce
2837 1102 3066 1171 Christi,
3090 1106 3140 1160 in
3189 1108 3508 1164 necessitate
3561 1115 3826 1169 deseruerunt

2331 1193 2672 1260 ApOstolum.

2403 1285 2583 1358 (Vers.
2623 1289 2707 1352 l7,
2741 1289 2854 1360 18.)
2893 1287 2916 1326 ί¹
2947 1291 3057 1346 Sed
3083 1309 3197 1346 cum
3254 1311 3418 1349 essent
3458 1296 3632 1363 Roma,
3671 1299 3826 1358 sollicite

2330 1394 2412 1431 me
2437 1380 2668 1446 qutesivit
2695 1392 2740 1434 et
2770 1384 2978 1438 invenit.
3014 1385 3110 1439 Det
3133 1387 3216 1441 illi
3236 1385 3485 1443 Dominus
3512 1391 3699 1444 invenire
3721 1397 3828 1446 mise-

2331 1471 2613 1525 ricordiam
2643 1475 2786 1543 apud
2821 1475 3098 1530 Dominum
3126 1479 3179 1533 in
3204 1479 3298 1532 illa
3325 1479 3427 1533 die.
3452 1478 3650 1534 Romam
3672 1486 3828 1538 veniens

2331 1561 2646 1631 Apostolus,
2666 1581 2787 1622 cum
2807 1571 3135 1639 appellasset
3159 1576 3494 1638 Ca-sarem,a
3518 1575 3827 1634 militibuscus-

2335 1660 2675 1726 todiebatnr;
2711 1672 2840 1719 tunc
2872 1668 3017 1721 enim
3057 1685 3181 1722 cum
3229 1669 3589 1742 Onesiphorus
3630 1673 3830 1732 cliaritstis

2333 1768 2496 1809 eausa
2520 1767 2574 1810 et
2601 1759 2899 1829 magisterii
2950 1778 3141 1832 inagna
3190 1763 3470 1835 diligentia
3497 1767 3827 1837 quUlsllllllllﬂ'

630 1852 768 1908 navit
793 1861 964 1905 autent
992 1850 1146 1902 vitam
1168 1849 1456 1904 wternitate
1505 1863 1595 1918 per
1629 1843 1992 1917 Evaugt-lium,
2027 1844 2080 1897 in
2127 1859 2228 1914 quo
2259 1866 2308 1926 Β
2336 1847 2504 1901 venit.
2531 1848 2700 1920 Cujus
2725 1850 2958 1906 visitatio
2987 1863 3093 1908 tam
3129 1857 3480 1926 acceptabilis
3509 1857 3596 1912 fuit
3626 1862 3826 1928 Apostolo,

628 1947 824 2017 positus
851 1961 964 1999 sunt
991 1961 1084 2017 ego
1129 1943 1463 2013 prwdicator,
1498 1951 1547 1995 et
1594 1941 1877 2010 apostolus,
1910 1947 1956 1991 et
1987 1938 2230 2008 magister

625 2040 878 2110 gentium.
923 2041 1036 2104 Qua
1092 2036 1303 2092 ratione
1347 2036 1558 2090 salvum
1615 2035 1742 2090 fecit
1773 2035 2028 2104 populum
2073 2048 2227 2087 suum

627 2132 901 2197 Christus,
953 2131 1193 2188 ostendit
1223 2131 1411 2186 dicens
1462 2131 1584 2202 quia
1649 2138 1882 2185 mortem
1939 2126 2226 2193 destruxit,

630 2229 752 2300 qua:
793 2236 911 2283 erat
943 2228 1180 2283 hominis
1211 2225 1448 2292 inimica,
1503 2242 1570 2281 ne
1598 2224 1666 2280 ab
1697 2223 1882 2280 inferis
1911 2231 2091 2292 posset
2141 2237 2224 2276 re-

628 2337 895 2395 surgere:
931 2333 1042 2376 tum
1071 2321 1289 2377 demqu
1318 2321 1483 2375 vitam
1517 2319 1844 2374 illuminavit
1890 2319 2227 2380 aeternitate;

628 2428 689 2476 ut
715 2433 1005 2488 resurgens
1035 2433 1065 2471 a
1099 2417 1350 2482 mortuis,
1371 2416 1482 2487 jam
1514 2416 1650 2471 rnori
1679 2430 1786 2470 non
1811 2414 2002 2484 possit.
2026 2412 2228 2468 Obscu-

626 2528 686 2570 ra
709 2515 852 2569 enim
876 2512 984 2569 vita
1005 2523 1112 2578 est,
1139 2526 1260 2582 qua:
1284 2519 1532 2580 tempore
1554 2509 1832 2572 delinitur,
1858 2508 1982 2562 dum
2005 2521 2228 2573 sapora-

627 2614 735 2672 tur,
753 2606 880 2662 dum
897 2607 1132 2678 ignorat,
1151 2606 1276 2659 dum
1294 2603 1436 2659 male
1455 2613 1723 2658 versatur.
1744 2603 1801 2657 Et
1821 2599 2092 2672 quomodo
2112 2600 2229 2654 illuo

629 2699 874 2756 minetur
887 2699 1017 2762 vita,
1034 2696 1300 2762 ostendit;
1325 2697 1449 2766 quia
1468 2710 1564 2762 per
1587 2693 1938 2763 Evangelium
1962 2691 2229 2748 credenti-

628 2790 732 2848 bus
762 2791 923 2846 datur
944 2790 1242 2854 aeternitas,
1261 2790 1522 2859 magistro
1541 2788 1785 2856 gentium
1805 2787 2155 2856 praedicante.

705 2881 890 2954 (Vers.
925 2882 1038 2950 12.)
1081 2882 1250 2948 Quum
1280 2886 1342 2936 ob
1374 2898 1583 2937 causam
1605 2882 1775 2935 ethazc
1805 2880 1997 2950 patiar.
2025 2879 2230 2935 Praedi-

627 2991 762 3034 cans
821 2979 913 3033 Dei
957 2976 1183 3044 donum,
1237 2976 1511 3031 diabolum
1573 2975 1776 3046 patitur
1803 2974 2120 3038 inimicum;
2173 2980 2232 3027 ut

633 3087 920 3144 pressuras
965 3072 1014 3128 ei
1062 3071 1378 3136 exsuscitet,
1420 3072 1540 3142 quia
1599 3069 1853 3140 populum
1889 3068 1958 3123 de
1987 3066 2230 3122 faucibus

633 3168 754 3239 ejus
780 3169 947 3225 eruit.
984 3167 1092 3224 Sed
1121 3183 1224 3221 non
1249 3166 1565 3239 confundor.
1601 3164 1660 3220 ln
1693 3164 1796 3220 hoc
1830 3155 2230 3232 securus,quia

2332 1952 2384 1996 ut
2418 1958 2540 1997 eum
2573 1945 2651 1998 sic
2680 1944 2911 2000 Domino
2940 1950 3309 2014 commendet,
3344 1962 3403 2006 ut
3429 1953 3640 2009 inveniat
3678 1954 3826 2009 misera

2334 2037 2576 2091 Cordiam
2609 2039 2750 2107 apud
2781 2040 3238 2098 Dominumindie
3259 2045 3447 2114 judicii
3472 2063 3487 2112 ;
3512 2058 3564 2101 ut
3589 2049 3703 2103 sicut
3733 2049 3830 2116 Apo-

2333 2130 2528 2184 stolum
2565 2134 2847 2204 requirens
2876 2135 3110 2204 invenit,
3146 2141 3219 2192 ita
3240 2151 3295 2194 et
3330 2140 3712 2196 misericordiam
3736 2160 3830 2212 qna-

2335 2237 2493 2287 rens,
2529 2225 2761 2281 inveniat
2785 2229 2924 2298 apud
2952 2230 3209 2299 judicent.
3236 2232 3349 2286 lloc
3381 2231 3520 2289 enim
3538 2245 3660 2297 orat,
3685 2245 3830 2301 utpra-

2334 2325 2443 2370 stet
2467 2319 2516 2372 ei
2544 2318 2804 2375 DOlllilllh'
2827 2321 2988 2377 Pater
3007 2324 3128 2378 cteli
3155 2334 3209 2379 et
3241 2334 3402 2379 terra:
3433 2327 3653 2381 invenire
3668 2329 3826 2397 gratiam

2333 2411 2477 2480 apud
2508 2410 2792 2466 Dominum
2821 2412 3046 2469 humani
3075 2417 3312 2486 generis,
3334 2415 3524 2472 Filium
3550 2418 3830 2474 scilicet.'l'alc

2336 2515 2422 2559 est
2453 2505 2578 2572 hoc,
2611 2507 2770 2576 quale
2800 2521 2851 2562 et
2883 2509 3015 2563 illud
3053 2509 3105 2564 in
3135 2509 3331 2567 Genesi
3366 2531 3379 2565 :
3418 2512 3483 2566 Et
3529 2514 3663 2581 pluit,
3696 2513 3827 2584 inqut,

2335 2595 2594 2662 Dominus
2617 2601 2840 2669 sulphur
2867 2612 2912 2656 et
2941 2603 3109 2675 ignem
3131 2621 3290 2671 super
3319 2604 3594 2661 Sodomam
3617 2617 3656 2660 et
3676 2603 3830 2660 Comm-

2335 2690 2484 2744 rham
2509 2711 2541 2747 a
2571 2691 2683 2748 Deo
2709 2696 2773 2749 de
2798 2697 2924 2750 ctrlo
2951 2695 3112 2766 (Gen.
3146 2714 3258 2764 nx,
3281 2699 3402 2771 24).

2409 2787 2616 2854 Quanta
2636 2800 2805 2844 autem
2835 2788 3030 2859 Ephesi
3077 2792 3445 2848 ministraverit
3483 2795 3618 2861 mihi,
3646 2795 3781 2849 inclitis
3799 2809 3830 2844 ts

2335 2882 2492 2936 nosti.
2521 2881 2788 2950 Quoniam
2821 2882 2999 2938 solent
3029 2885 3249 2954 quidam
3284 2887 3531 2957 personis
3556 2888 3698 2957 magis
3726 2901 3830 2956 quam

2335 2978 2514 3032 Causis
2538 2978 2770 3044 servire,
2805 2977 3053 3032 volet-tes
3090 2979 3386 3048 gratificari
3432 2981 3722 3049 majoribus;
3758 2980 3832 3031 ideo

2335 3071 2630 3140 Apostolus
2662 3081 2684 3109 θ
2718 3071 3041 3143 Onesiphori
3065 3072 3262 3128 bonum
3289 3075 3550 3145 generale
3574 3074 3773 3136 oszendit,
3793 3085 3832 3126 ne

2337 3166 2610 3220 videretur
2634 3167 2772 3222 forte
2804 3181 3049 3233 persona:
3081 3169 3584 3232 seconnnendasse,
3621 3169 3725 3222 dum
3741 3164 3833 3233 Apo-

633 3277 736 3333 pro
768 3260 1214 3317 tribulationibus
1242 3275 1434 3330 magna
1465 3257 1729 3330 promissa
1757 3271 1970 3312 merces
1996 3267 2100 3317 est,
2126 3270 2229 3308 non
2259 3268 2303 3331 ρ
2337 3260 2478 3315 stolo
2508 3260 2873 3327 ministravit;
2905 3276 3027 3317 cum
3060 3272 3335 3319 constaret
3362 3264 3511 3318 illum
3536 3263 3832 3335 magnanimum

633 3354 1008 3420 confunditur,
1039 3353 1134 3410 sed
1157 3352 1416 3424 gloriatur
1441 3353 1492 3406 in
1518 3352 1806 3422 pressuris.
1843 3349 1967 3406 Scio
1984 3349 2121 3402 enim
2146 3349 2230 3402 cui

633 3449 856 3514 credidi,
889 3458 935 3503 et
968 3457 1137 3502 certus
1163 3463 1278 3501 sunt
1307 3446 1426 3514 quia
1448 3455 1626 3518 potem
1653 3455 1727 3501 est
1749 3444 2036 3515 depositum
2065 3459 2229 3496 meum

633 3545 894 3600 custodire
915 3542 942 3582 δ
973 3544 1026 3598 in
1050 3543 1143 3597 illa
1169 3542 1273 3596 die.
1304 3541 1416 3597 lloc
1442 3548 1526 3596 est
1553 3539 1694 3612 qttod
1721 3539 1871 3603 dicit,
1924 3552 2028 3608 qua
2056 3551 2150 3606 spe
2178 3543 2232 3592 ct

631 3637 828 3694 ﬁducia
866 3635 1284 3708 magnificentia:
1347 3633 1644 3692 Salvatoris
1693 3646 1915 3688 securus
1954 3639 2065 3692 est;
2105 3629 2228 3698 quia

629 3733 774 3806 quod
793 3732 1138 3790 commendat
1160 3731 1260 3798 illi,
1285 3730 1338 3787 in
1359 3739 1474 3786 tuto
1500 3739 1604 3787 est.
1629 3729 1766 3799 Quid
1783 3738 1963 3784 autem
1991 3727 2063 3780 illi
2082 3740 2233 3780 eom-

632 3829 877 3898 mendat,
912 3829 1014 3884 nisi
1040 3827 1270 3884 salutem
1303 3824 1495 3881 suam?
1519 3824 1587 3881 Ut
1635 3823 1722 3879 hic
1765 3839 1862 3892 pro
1884 3821 1973 3876 illo
1999 3820 2228 3888 patiens,

632 3929 865 3982 salutem
898 3921 1139 3978 inveniat
1168 3934 1334 3990 penes
1356 3919 1532 3982 illum,
1551 3932 1672 3971 cum
1697 3914 1922 3986 coeperit
1940 3912 2190 3986 judicare
2214 3929 2228 3977 ;

635 4023 698 4072 ut
723 4017 954 4088 puniens
988 4013 1262 4081 infideles,
1295 4013 1458 4067 istum
1487 4009 1706 4082 dignum
1735 4018 1937 4065 aeterna
1969 4009 2078 4062 vita
2108 4022 2234 4080 pro-

632 4110 865 4166 uunﬁeh

708 4201 892 4275 (V’ers.
927 4202 1016 4267 l3,
1051 4201 1167 4272 H.)
1215 4210 1236 4239 ο
1267 4199 1519 4256 Formam
1549 4198 1742 4254 habens
1769 4213 2015 4254 sanorum
2059 4197 2233 4250 verbo-

634 4309 773 4360 rum,
804 4309 921 4362 quce
941 4310 973 4347 a
999 4309 1080 4346 me
1109 4292 1303 4348 audisti
1332 4294 1386 4346 in
1417 4291 1522 4362 ﬁde
1542 4302 1589 4346 et
1615 4292 1904 4358 dilectione,
1938 4305 2053 4361 qua:
2081 4299 2154 4344 est
2180 4290 2232 4342 in

635 4385 843 4442 Christo
864 4385 1012 4448 Iesu,
1044 4386 1230 4441 bonum
1251 4387 1666 4440 commendatum
1703 4384 1962 4440 custodire
1987 4402 2079 4456 per
2110 4383 2236 4456 Spi-

637 4481 794 4535 ritum
842 4489 1093 4546 sanctum,
1129 4480 1218 4551 qui
1263 4479 1457 4534 habitat
1485 4480 1540 4534 in
1582 4479 1750 4534 nobis.
1810 4479 2083 4547 l’rtecepta
2133 4493 2233 4533 sua

634 4589 757 4630 cum
785 4573 952 4643 gestis
980 4572 1210 4630 formam
1239 4571 2044 4644 appellatsalutarisdoctrinte,
2070 4586 2230 4642 quam

2337 3356 2590 3412 omnibus
2631 3355 2814 3436 fuisse.

2870 3451 3033 3523 307
3063 3449 3294 3506 CAPUT
3325 3451 3388 3506 u.

2408 3542 2620 3614 (VersJ
2635 3587 2647 3605 ,
2663 3543 2747 3615 2.)
2768 3543 2849 3598 Tu
2868 3561 3011 3615 ergo,
3033 3545 3108 3612 fili
3124 3545 3216 3610 mi,
3235 3543 3533 3612 confortare
3547 3547 3595 3599 in
3610 3544 3833 3617 gratiam

2335 3647 2410 3692 est
2452 3639 2505 3692 in
2540 3637 2741 3694 Christo
2766 3636 2894 3693 Iesu
2919 3679 2935 3706 ,
2980 3649 3027 3692 et
3069 3639 3122 3693 in
3168 3640 3231 3694 iis
3260 3656 3378 3705 qua:
3402 3641 3632 3694 audivisti
3651 3656 3678 3692 a
3704 3654 3762 3692 ate
3783 3651 3833 3702 ρετ

2336 3732 2522 3786 multos
2545 3741 2691 3786 testes
2720 3749 2739 3788 :
2765 3729 2876 3786 hare
2903 3731 3206 3786 commenda
3234 3731 3475 3801 ﬁdelibus
3507 3732 3765 3794 hominibus,
3785 3727 3834 3797 qvi

2335 3823 2508 3879 idonei
2540 3833 2686 3878 erunt
2713 3836 2758 3880 et
2788 3825 2921 3880 alios
2943 3826 3144 3880 docere.
3174 3825 3528 3880 Constantem
3557 3824 3682 3880 hunc
3721 3833 3760 3877 et
3784 3834 3834 3874 ro-

2336 3918 2555 3974 bustum
2587 3934 2710 3974 esse
2741 3919 2987 3988 prazcipit
3017 3917 3070 3973 in
3102 3919 3350 3974 docendo
3387 3922 3606 3992 gratiam
3636 3919 3835 3985 Dei,qus

2336 4011 2459 4066 data
2482 4020 2566 4068 est
2588 4012 2640 4066 in
2668 4009 2886 4066 Christo
2909 4011 3038 4068 .lesu
3062 4029 3076 4066 :
3103 4023 3154 4068 et
3189 4029 3296 4068 non
3320 4015 3497 4070 solum
3522 4015 3571 4070 iu
3592 4013 3760 4083 gratia,
3778 4007 3835 4062 sed

2336 4105 2499 4160 etiam
2532 4106 2584 4160 in
2608 4105 2910 4177 mysteriis,
2937 4121 3058 4177 qua:
3095 4117 3222 4162 sunt
3248 4107 3318 4162 de
3344 4107 3578 4164 Christo.
3622 4108 3782 4164 Arcana
3805 4102 3836 4154 fr

2336 4198 2548 4254 delibus
2574 4209 2628 4254 ct
2647 4197 2825 4271 dignis
2855 4199 2994 4254 tradi
3018 4201 3166 4265 vult,
3193 4202 3286 4272 qui
3311 4202 3452 4256 alios
3472 4201 3669 4272 possint
3688 4199 3834 4254 ducere

2337 4309 2445 4348 non
2471 4291 2669 4362 passim
2698 4291 3010 4362 vulgaribus
3024 4308 3087 4348 ac
3113 4293 3546 4364 negligentibus;
3572 4288 3835 4364 magnaenim

2337 4401 2469 4442 cura
2499 4385 2785 4456 eligendus
2812 4395 2896 4441 est
2923 4385 3132 4442 doctor.

2413 4482 2597 4557 (Vers.
2622 4485 2689 4552 3,
2723 4480 2806 4553 4.)
2846 4480 3051 4537 Labora
3080 4493 3136 4537 ut
3166 4483 3329 4538 bonus
3359 4484 3509 4540 miles
3536 4480 3705 4538 Christi
3735 4475 3836 4536 lett;

2341 4593 2487 4631 nemo
2518 4577 2654 4630 enim
2680 4576 2905 4630 militans
2932 4571 3066 4642 Deo,
3097 4577 3288 4648 obligat
3334 4593 3389 4631 se
3417 4577 3627 4646 negotiis
3652 4567 3836 4628 circulari

634 4667 800 4725 istum
829 4668 978 4740 sequi
1012 4665 1263 4732 mandat;
1297 4675 1356 4720 ut
1384 4664 1654 4721 custodiat
1683 4680 1768 4731 ea,
1801 4665 2005 4735 Spiritu
2043 4673 2232 4719 sancto
2258 4674 2310 4735 1)
2338 4669 2537 4735 bus;ut
2565 4670 2767 4742 placeat
2789 4669 2958 4734 εἰ,οαὶ
2986 4686 3039 4723 se
3062 4669 3656 4739 probucit.Manifestum
3676 4657 3836 4731 estquod

634 4760 869 4817 favente.

702 4853 886 4928 (Vers.
915 4855 1006 4922 15,
1041 4852 1155 4927 16.)
1197 4854 1316 4911 Scis
1339 4855 1473 4910 enim
1506 4857 1626 4921 hoc,
1652 4853 1790 4923 quod
1811 4854 2031 4908 aversati
2056 4862 2173 4908 sunt
2199 4871 2228 4908 a

634 4969 714 5012 me
735 4970 932 5019 omnes,
964 4954 1052 5025 qui
1079 4954 1134 5008 in
1161 4953 1287 5008 Asia
1307 4963 1445 5022 sunt,
1475 4970 1539 5008 ea:
1575 4953 1760 5024 quibus
1781 4961 1856 5007 est
1885 4950 2152 5023 Phygelus
2183 4963 2229 5006 et

631 5045 1007 5120 Hermogenes.
1037 5045 1104 5101 lli
1126 5059 1263 5116 quos
1291 5055 1580 5111 memorat,
1607 5044 1823 5099 fallacia
1858 5043 2002 5116 pleni
2031 5056 2183 5098 erant
2215 5061 2228 5110 ;

632 5142 965 5199 simulabant
1006 5138 1152 5197 enim
1206 5139 1475 5194 amicitias
1504 5137 1772 5208 Apostoli,
1799 5145 1858 5193 ut
1886 5138 2229 5194 adhaerentes

633 5236 682 5293 ei
706 5234 1076 5302 addiscereot,
1099 5232 1243 5288 unde
1269 5231 1344 5286 illi
1377 5230 1702 5286 calumniam
1739 5231 2001 5299 lacerent,
2028 5240 2231 5301 autper

632 5330 770 5387 alios
818 5330 1192 5385 immitterent.
1255 5325 1357 5394 Qui
1391 5333 1742 5396 posteaquam
1772 5325 2028 5381 viderunt
2058 5326 2227 5380 mani-

630 5423 853 5481 festatos
910 5439 991 5491 se,
1056 5429 1403 5478 recesserunt
1454 5418 1524 5474 ab
1571 5434 1657 5475 eo.
1696 5419 1790 5473 Det
1821 5419 2227 5474 misericordiam

635 5516 888 5574 Dominus
915 5515 1227 5589 ()nesiphori
1256 5513 1469 5581 domui;
1491 5513 1614 5584 quia
1643 5529 1782 5582 saepe
1806 5530 1883 5567 me
1909 5514 2230 5586 refrigeravit

706 5664 734 5695 ι
771 5654 928 5710 Rom.
977 5652 1140 5720 edit.,
1180 5649 1507 5707 Illuminavit
1537 5660 1706 5705 autent
1751 5653 1929 5718 vitam,
1958 5659 2006 5706 et
2025 5651 2229 5706 aeterni-

638 5736 815 5786 tatem.
843 5726 918 5782 lla
947 5729 1109 5780 etiam
1143 5725 1303 5779 infra.

705 5800 730 5840 ι»
772 5799 932 5855 llout.
963 5797 1118 5861 edit.,
1139 5797 1192 5867 in
1215 5795 1368 5850 illum
1392 5797 1619 5852 diem...
1669 5796 1754 5867 qui
1784 5810 1874 5864 spe
1903 5804 1950 5848 et
1975 5794 2188 5862 ﬁducia.

700 5885 723 5916 ο
765 5872 924 5931 Rom.
952 5867 1110 5938 edit.,
1143 5865 1387 5923 Formam
1409 5868 1538 5923 habe
1565 5865 1807 5926 sanorum
1834 5867 2223 5925 verborum.....

2338 4764 2498 4830 dicit;
2524 4765 2648 4836 quia
2681 4779 2828 4818 nemo
2857 4773 3021 4833 potest
3041 4762 3241 4818 duobus
3263 4763 3487 4820 dominis
3508 4763 3678 4818 servire
3692 4755 3835 4830 (litui.

2338 4873 2412 4924 vt,
2442 4855 2568 4928 9.4);
2601 4856 2816 4927 negotia
2840 4857 2983 4912 enim
3013 4857 3548 4912 sceculariaavaritite
3573 4853 3767 4910 serviant
3783 4861 3836 4898 ne

2337 4964 2489 5005 cessc
2529 4957 2732 5004 estzet
2775 4949 2880 5004 nisi
2926 4948 3137 5003 mentiti
3192 4949 3416 5015 fuerint,
3455 4948 3741 5017 transegisse
3772 4951 3834 4993 twn

2337 5051 2584 5112 possunt.
2607 5041 2707 5096 Est
2732 5057 2883 5112 ergo,
2907 5040 3002 5096 sed
3035 5041 3150 5096 leve
3178 5051 3486 5112 peccatum.
3516 5033 3835 5096 Ecclesiasticus

2335 5144 2514 5191 autem
2571 5134 2774 5190 idcirco
2827 5133 2939 5189 Deo
2969 5149 3027 5188 se
3053 5136 3268 5204 probat,
3299 5147 3356 5189 ut
3388 5136 3513 5191 huic
3533 5135 3745 5194 devotus,
3764 5121 3835 5180 olll’

2334 5231 2478 5287 cium
2501 5227 2727 5300 impleat
2754 5229 2897 5299 quod
2923 5228 3236 5300 spopondit,
3263 5227 3316 5283 in
3334 5228 3432 5284 Dei
3447 5229 3598 5286 rebus
3625 5219 3829 5281 sollicitus.

2335 5340 2364 5378 a
2397 5324 2645 5380 saeculari
2664 5324 2880 5395 negotio
2900 5324 3108 5378 alienus
3133 5338 3148 5388 ;
3177 5339 3282 5378 non
3310 5324 3456 5379 enim
3484 5317 3704 5380 convenit
3725 5321 3829 5369 unum

2335 5419 2606 5490 duplicem
2621 5417 3014 5487 professionem
3061 5417 3284 5473 habere.

2408 5514 2590 5587 (Vers.
2622 5515 2677 5571 5.
2703 5510 2724 5585 )
2767 5513 2784 5552 ί
2812 5513 2922 5568 Etsi
2944 5523 3101 5570 certet
3126 5514 3262 5585 quis,
3293 5531 3398 5570 non
3419 5520 3683 5571 coronatur,
3704 5498 3829 5558 uiriliL

2326 5647 2532 5706 Bonum
2551 5651 2964 5707 commendatum
2975 5653 3200 5707 custodi.

2402 5721 2426 5759 ά
2473 5725 2667 5778 Iisdem
2695 5727 2854 5779 llom.
2889 5723 3042 5788 edil.,
3070 5724 3180 5780 Sed
3202 5741 3318 5778 cum
3342 5725 3580 5778 venissem
3604 5717 3780 5772 Romam-

2407 5806 2429 5834 ο
2471 5795 2628 5849 Rom.
2672 5798 2832 5863 edit.,
2860 5797 3172 5867 Onesiphori
3202 5795 3413 5850 domum
3439 5791 3708 5867 generalem.

2413 5869 2431 5905 τ
2475 5867 2633 5925 Rom.
2664 5869 2827 5936 edit.,
2871 5867 3013 5926 Nam
3039 5869 3133 5927 etsi
3159 5877 3315 5925 certet
3346 5869 3459 5940 quis
3485 5867 3536 5923 in
3561 5873 3711 5935 agone.
