3970 6316
88 319 190 379 489

736 308 1247 370 COMMENTARIA
1284 308 1349 365 lN
1395 308 1613 367 EPlS'l‘.
1656 308 1750 363 ΑΙ)
1789 303 2207 364 TlMOTHEUM
2244 301 2644 364 SECUNDAM.

3261 305 3368 364 490

85 438 261 510 gitinte
277 433 556 491 certaverit.
604 428 703 487 Dei
750 430 979 487 militem
1026 439 1134 486 tam
1165 427 1519 486 exercitatum
1556 425 1676 483 vult
1699 427 1896 498 Aejus
1945 425 2214 497 gloriosus
2255 433 2534 496 appareat.
2595 423 2660 481 Si
2683 439 2954 496 negamus,
2980 433 3029 480 et
3050 424 3140 480 ille
3165 424 3373 497 negabit

83 549 201 593 esse
229 534 280 589 in
310 531 399 587 Dei
428 527 703 599 operibus,
732 527 818 583 vel
846 526 1026 583 ofﬁcio
1071 526 1357 597 deputato,
1386 533 1446 579 ut
1492 523 1667 595 possit

82 629 144 685 ad
174 626 356 699 gloriae
383 624 636 683 meritum
661 622 948 694 pervenire
982 640 995 677 :
1026 629 1133 677 tota
1151 629 1335 677 mente
1352 618 1663 690 vigilantem

81 723 273 779 divinis
291 718 580 792 obsequiis,
602 716 894 792 praesentia
916 725 1293 787 spernentem,
1317 710 1563 770 coelestia
1584 710 1665 767 di-

79 815 358 887 ligentem;
384 811 451 868 ad
478 810 581 867 hoc
602 810 748 867 enim
776 824 837 867 se
860 808 1129 881 probavit,
1161 817 1218 863 ut
1267 806 1355 862 hic
1409 804 1665 861 laborans

79 914 447 965 remuneretur
466 904 520 961 in
551 902 727 961 ctelis.

146 1002 321 1077 (Vera.
350 1001 407 1069 6,
433 998 517 1074 7.)
536 999 878 1056 Laborantem
893 996 1181 1071 agricolam
1206 1004 1408 1069 oportet
1440 992 1663 1066 primum

79 1098 137 1152 de
166 1095 408 1169 fructibus
438 1096 723 1167 percipere.
754 1091 998 1165 Intellige
1022 1107 1139 1162 qua:
1163 1090 1312 1158 dico;
1343 1088 1488 1145 dabit
1530 1089 1667 1143 enim

80 1192 162 1247 tibi
183 1189 429 1247 Dominus
451 1191 507 1244 in
528 1188 764 1245 omnibus
793 1187 1131 1243 intellectum.
1160 1184 1352 1241 Tantae
1381 1184 1664 1240 abstinen-

81 1286 161 1342 tia:
187 1292 400 1341 sanctus
427 1282 528 1339 fuit
554 1281 897 1347 Timotheus,
929 1288 989 1335 ut
1016 1280 1181 1335 etiam
1212 1294 1242 1334 a
1267 1277 1431 1332 licitis
1447 1291 1506 1332 se
1529 1284 1667 1331 tetu-

80 1387 318 1450 peraret;
351 1375 453 1431 hoc
480 1374 627 1431 enim
657 1373 773 1429 vult
794 1372 1055 1444 intelligi,
1087 1372 1213 1442 quia
1237 1386 1267 1424 a
1299 1365 1667 1439 participatio-

81 1488 143 1527 ne
169 1467 536 1543 gazophylacii
587 1482 648 1523 se
684 1465 1029 1531 abstinebat,
1070 1479 1193 1520 cum
1249 1463 1350 1518 hoc
1402 1460 1665 1517 Dominus

80 1564 389 1631 decreverit,
419 1570 478 1618 ut
502 1560 594 1634 qui
621 1557 980 1631 Evangelium
1007 1555 1353 1622 annuntiant,
1389 1552 1457 1608 de
1484 1553 1663 1608 Evan-

81 1658 215 1730 gelio
264 1656 445 1713 vivant
488 1654 532 1726 (l
559 1653 679 1710 Cor.
738 1668 815 1720 ιχ,
847 1648 967 1724 11).
1006 1648 1131 1706 ldeo
1168 1646 1461 1718 Aposwlus
1512 1645 1668 1717 prius

83 1752 218 1809 hunc
242 1765 460 1809 sumere
481 1750 749 1822 praecipit,
780 1748 873 1819 qui
896 1746 1108 1820 primus
1130 1752 1237 1808 est,
1265 1751 1320 1799 et
1343 1740 1422 1797 sic
1448 1741 1665 1797 caeteris

82 1846 416 1904 distribuere.

147 1938 319 2012 (Vers.
351 1938 407 2005 8,
437 1936 524 2009 9.)
563 1934 766 1991 Memor
797 1946 902 1990 esto
938 1932 1204 1989 Christum
1257 1930 1439 1988 Jesum
1496 1944 1669 1983 resur-

84 2033 259 2089 rexisse
285 2051 318 2089 a
344 2032 558 2088 mortuis
587 2046 650 2085 ea:
677 2029 867 2085 semine
888 2026 1057 2081 David
1102 2024 1388 2081 secundum
1440 2022 1670 2094 Evange-

86 2131 200 2185 lium
218 2145 403 2198 meum,
432 2130 487 2183 in
506 2143 605 2199 quo
628 2126 807 2181 laboro
839 2140 996 2195 usque
1019 2122 1088 2177 ad
1118 2122 1344 2188 vincula,
1392 2120 1541 2190 quasi
1591 2119 1670 2173 la-

88 2238 179 2291 tro,
205 2230 291 2283 sed
318 2225 522 2281 verbum
548 2223 648 2279 Dei
671 2239 771 2278 non
802 2220 1180 2291 estalligatum.
1215 2216 1482 2283 Quoniam
1511 2213 1667 2269 multi

85 2320 240 2377 futuri
261 2328 418 2377 erant
440 2318 538 2375 ﬁlii
576 2316 802 2382 diaboli,
833 2316 924 2386 qui
953 2312 1149 2368 Filium
1178 2308 1274 2366 Dei
1324 2310 1668 2365 incarnatum

82 2421 366 2488 negarent;
394 2412 599 2469 idcirco
620 2408 723 2465 hoc
752 2413 1042 2471 memorat,
1098 2402 1356 2473 quoniam
1399 2399 1670 2456 fallaciter

84 2511 173 2569 sub
201 2510 418 2566 nomine
459 2504 829 2579 apostolorum
875 2501 978 2557 hoc
1030 2512 1352 2556 asseverare
1398 2497 1666 2551 nituntur.

86 2603 335 2675 Subjecit,
363 2600 647 2658 secundum
668 2594 1011 2669 Evangelium
1043 2608 1233 2659 meum,
1268 2599 1326 2647 ut
1353 2587 1672 2646 excluderet

87 2696 229 2752 mala:
254 2695 451 2753 mentis
475 2692 609 2748 falsa
640 2689 949 2760 colloquia;
975 2701 1082 2741 non
1125 2684 1271 2741 enim
1302 2682 1422 2752 plus
1450 2678 1670 2736 luereti-

86 2792 156 2846 cis
197 2788 521 2847 credendum
571 2793 656 2842 est
680 2784 748 2839 de
780 2780 1074 2853 Apostolis,
1124 2793 1286 2851 quam
1318 2776 1402 2831 his
1440 2774 1573 2845 ipsis
1600 2772 1669 2829 de

87 2884 451 2957 praedicatione
484 2895 584 2938 sua
614 2877 958 2942 testantibus,
1002 2889 1163 2947 quam
1223 2870 1665 2942 praedicationem

87 2993 195 3034 cum
222 2979 405 3035 labore
426 2990 486 3032 se
512 2987 675 3045 agere
703 2970 969 3043 queritur.
1000 2964 1283 3024 Pressuris
1312 2964 1456 3020 enim
1490 2960 1667 3017 tribu-

88 3071 279 3126 labatur
298 3078 353 3127 et
382 3065 725 3131 carceribus,
777 3078 845 3118 eo
869 3059 1016 3134 quod
1070 3068 1179 3115 tam
1228 3056 1449 3114 Judreos
1504 3069 1664 3125 quam

87 3163 297 3233 gentiles
326 3160 654 3226 oﬂ'enderet,
704 3159 849 3213 sicut
878 3154 988 3210 illis
1016 3152 1326 3219 videbatur,
1365 3146 1663 3205 incredibi-

1768 536 1879 576 nos.
1908 520 2104 577 Verum
2127 526 2231 584 est,
2262 519 2389 589 quia
2414 519 2462 573 si
2493 517 2717 575 minime
2737 517 2971 575 confessi
3020 518 3172 574 illum
3206 518 3374 575 fueri-

1770 630 1890 670 mus
1946 628 2131 670 coram
2182 611 2523 679 hominibus,
2573 621 2704 669 tunc
2730 612 2877 669 dicet
2897 621 2952 669 et
2977 614 3099 684 ipse
3128 613 3369 670 nobisin

1768 708 1861 763 illa
1923 706 2251 763 necessitate
2296 704 2463 761 futuri
2512 703 2699 775 judicii
2730 722 2743 759 :
2776 704 2969 760 Nescio
3025 722 3114 761 vos
3143 704 3367 779 (Matth.

1769 817 1898 869 xxv,
1933 800 2048 871 12).
2079 800 2207 856 Haac
2235 797 2633 872 estpuuitionis
2658 798 3006 870 signiﬁcatio.

1841 894 2022 965 (Vers.
2058 894 2176 965 13.)
2217 893 2287 949 Si
2317 910 2421 949 non
2452 891 2735 959 credimus,
2765 892 2857 949 ille
2882 894 3054 964 ﬁdelis
3077 905 3369 967 permanet,

1770 1005 1957 1063 negare
1986 988 2315 1061 semetipsum
2365 1004 2468 1042 non
2498 996 2681 1057 potest.
2729 984 2900 1043 Nemo
2933 998 3114 1059 potest
3140 990 3373 1046 Domino

1768 1081 2010 1150 auferre,
2038 1080 2180 1153 quod
2212 1080 2393 1137 habet.
2423 1080 2559 1147 Quis
2606 1082 2751 1136 enim
2794 1080 2890 1136 illo
2918 1080 3109 1138 fortior
3137 1092 3244 1149 est,
3274 1099 3372 1155 per

1767 1191 1928 1248 quem
1946 1175 2128 1231 omnia
2150 1174 2518 1232 exstiterunt?
2549 1174 2659 1231 Nec
2684 1174 2850 1248 308
2883 1174 3009 1231 addi
3038 1185 3221 1248 potest
3251 1194 3370 1248 per-

1768 1268 1953 1333 fecto;
1986 1267 2109 1338 quia
2143 1266 2343 1322 nonilli
2364 1265 2571 1336 aliquid
2604 1267 2956 1339 praeStat,qui
2989 1269 3165 1323 credit
3194 1270 3380 1325 illum:

1768 1360 2042 1433 quomodo
2091 1361 2225 1417 nihil
2270 1359 2445 1417 aufert
2471 1361 2543 1428 ei,
2574 1361 2666 1432 qui
2718 1377 2825 1417 non
2877 1362 3053 1417 credit
3098 1362 3151 1417 in
3199 1364 3372 1419 illum.

1767 1456 2044 1529 Quidquid
2087 1473 2219 1530 ergo
2272 1459 2473 1531 agitur,
2508 1459 2574 1515 ad
2602 1460 2908 1531 profectum
2960 1470 3207 1518 nostrum
3250 1478 3375 1533 per-

1772 1552 1928 1618 tinet,
1956 1566 2026 1608 ne
2055 1552 2109 1608 in
2144 1553 2447 1624 ignorantia
2492 1568 2829 1610 maneamus.
2875 1554 2986 1611 Nec
3022 1556 3167 1612 enim
3195 1571 3226 1611 a
3272 1572 3377 1612 no-

1770 1648 1853 1705 bis
1879 1647 2148 1715 ﬁrmatur,
2176 1664 2298 1705 cum
2328 1651 2445 1721 ipse
2475 1665 2543 1706 ex
2575 1664 2635 1705 se
2665 1659 2721 1706 et
2750 1650 2893 1721 apud
2914 1666 2975 1707 se
2989 1650 3178 1706 ﬁrmus
3204 1652 3297 1707 sit.

1845 1741 2031 1814 (νει-ε.
2055 1741 2171 1813 14.)
2194 1742 2322 1798 Htec
2334 1744 2554 1798 admone
2570 1784 2585 1811 ,
2609 1753 2906 1798 contestans
2934 1760 3109 1799 coram
3127 1744 3377 1799 Domino.

1699 1836 1748 1897 B
1777 1834 1906 1890 Noli
1933 1836 2098 1891 verbis
2126 1852 2399 1909 pugnare;
2425 1836 2495 1890 ad
2522 1836 2654 1892 nihil
2674 1837 2811 1891 enim
2839 1838 2967 1893 utile
2995 1847 3109 1906 est,
3157 1837 3257 1892 nisi
3308 1837 3379 1891 ad

1773 1929 2158 1985 subversionem
2185 1929 2533 1986 audientium.
2566 1928 2955 1986 Contentiones
2983 1930 3229 1986 vitandas
3258 1947 3378 1988 mo-

1772 2032 1902 2089 net,
1935 2033 2207 2095 praecepta
2233 2034 2415 2081 autem
2446 2023 2626 2080 danda
2680 2024 2783 2081 sub
2832 2025 2928 2081 Dei
2958 2026 3154 2081 timore
3177 2036 3232 2082 et
3266 2035 3379 2082 ter-

1774 2130 1937 2182 rore;
1967 2116 2093 2186 quia
2137 2117 2417 2173 contentio
2461 2126 2638 2189 potest
2669 2117 2851 2173 adhuc
2896 2118 3075 2173 minus
3123 2118 3380 2175 stabilitis

1769 2224 2037 2280 generare
2059 2212 2395 2281 scrupulum.
2418 2210 2607 2269 Solent
2632 2212 2777 2267 enim
2803 2212 2854 2266 in
2878 2213 3228 2268 contentione
3251 2213 3380 2269 talia

1771 2303 1973 2373 opponi
2002 2303 2224 2359 elimato
2247 2303 2654 2360 malevolentia:
2678 2306 2825 2360 ferro
2844 2346 2858 2371 ,
2900 2315 2959 2360 ut
2982 2316 3237 2361 moveant
3258 2307 3380 2362 ani-

1772 2410 1891 2451 mos
1922 2396 2295 2466 incipientium
2322 2396 2572 2453 fratrum.

1842 2491 2026 2563 (Vera.
2060 2491 2176 2565 15.)
2208 2492 2448 2549 Sollicita
2469 2510 2595 2548 cura
2648 2494 3004 2564 temetipsum,
3053 2504 3108 2549 ut
3135 2495 3378 2567 probabi~

1772 2583 1873 2639 lem
1920 2594 1967 2639 te
2021 2584 2261 2641 exhibeas
2304 2584 2414 2639 Deo
2440 2626 2454 2650 ,
2488 2587 2784 2652 operarium
2816 2604 2921 2640 non
2944 2587 3339 2657 impudoratum
3360 2630 3375 2653 ,

1770 2686 1907 2731 recte
1929 2686 2233 2734 tractantem
2249 2678 2459 2734 verbum
2482 2678 2733 2734 veritatis.
2755 2678 3021 2747 Quoniam
3051 2680 3379 2751 suntaliqui,

1770 2768 1862 2837 qui
1884 2767 2063 2824 dicant
2080 2769 2487 2826 contentionem
2513 2770 2859 2827 audientibus
2882 2771 3139 2842 prodesse
3165 2791 3177 2825 :
3206 2772 3383 2843 Apos-

1770 2861 1915 2918 tolus
1928 2869 2108 2917 autem
2133 2863 2314 2918 sciens
2330 2863 2500 2935 magis
2517 2862 2735 2931 obesse,
2756 2864 2857 2920 hoc
2877 2866 3115 2932 mandat,
3140 2876 3199 2921 ut
3215 2882 3383 2922 unus-

1769 2955 1999 3027 quisque
2029 2954 2132 3011 hoc
2158 2964 2331 3022 curet,
2365 2964 2391 2993 ⁸
2423 2966 2482 3012 ιιι
2528 2965 2713 3027 spreta
2741 2957 3099 3014 altercatione
3128 3002 3141 3026 ,
3172 2969 3379 3015 semet—

1770 3046 1945 3117 ipsum
1970 3048 2307 3118 probabilem
2333 3047 2493 3103 laciat
2514 3088 2533 3115 ,
2558 3048 2929 3119 impudoratos
2959 3050 3238 3121 appellans
3259 3066 3377 3118 eos,

1769 3141 1860 3212 qui
1909 3142 2356 3199 contentionibus
2396 3142 2665 3199 nituntur.
2730 3144 2963 3201 Necesse
3011 3154 3096 3201 est
3149 3146 3294 3203 enim
3326 3154 3386 3203 ut

90 3258 149 3313 lia
175 3256 545 3330 pradicando;
580 3256 750 3311 iratos
779 3251 924 3308 enim
950 3249 1187 3306 habebat
1206 3246 1423 3303 Judasos
1444 3252 1669 3315 propter
1697 3238 1743 3303 C
1774 3235 2054 3290 ευῐιιεηιὶο
2083 3243 2405 3330 extorqueat
2444 3236 2646 3330 aliquid
2671 3279 2685 3305 ,
2738 3238 2906 3330 immo
2956 3238 3128 3294 multa
3151 3254 3271 3309 qua:
3298 3239 3383 3294 di-

88 3352 286 3425 Legem,
315 3367 479 3425 quam
522 3363 744 3407 cessare
774 3344 1007 3403 docebat
1041 3360 1055 3399 :
1086 3340 1319 3415 gentiles
1350 3346 1531 3394 autem
1563 3335 1669 3391 ini-

88 3447 237 3505 micos
261 3446 367 3505 sibi
392 3444 655 3511 faciebat;
690 3442 815 3514 quia
844 3456 1007 3495 unum
1056 3436 1226 3493 Deum
1257 3431 1585 3505 prtedicabat
1611 3428 1665 3483 in

86 3538 302 3596 Christo.
332 3537 491 3596 Unde
523 3534 680 3609 quasi
706 3535 973 3590 latronem
1004 3530 1148 3585 hunc
1174 3525 1514 3590 tractabant,
1545 3520 1669 3576 alli-

87 3644 276 3705 gantes,
305 3631 627 3691 claudentes
649 3630 693 3686 si
724 3636 907 3700 posset
933 3635 1136 3690 tacere,
1184 3620 1492 3677 nescientes
1539 3616 1667 3686 quia

86 3726 288 3785 verbum
314 3726 414 3783 Dei
440 3724 654 3797 alligari
682 3738 788 3777 non
813 3728 1049 3793 poterat.
1078 3714 1324 3787 Denique
1353 3728 1497 3784 saepe
1525 3711 1668 3766 clau-

82 3831 163 3875 sus
188 3836 287 3875 non
308 3817 658 3892 dispendium
709 3814 857 3881 fecit,
894 3811 992 3868 sed
1023 3811 1231 3867 lucrum
1260 3825 1275 3876 ;
1306 3821 1485 3877 neque
1516 3802 1664 3859 enim

83 3910 257 3981 deluit,
284 3910 373 3970 cui
400 3910 726 3983 praedicaret
754 3906 808 3963 in
838 3919 1081 3969 carcere,
1112 3913 1169 3959 ut
1197 3917 1334 3973 quos
1377 3900 1548 3956 libere
1579 3898 1663 3953 in-

85 4007 239 4066 vitare
258 4007 323 4065 ad
353 4006 516 4064 ﬁdem
539 4020 649 4062 non
677 4010 886 4075 posset,
920 4001 973 4056 in
1000 3997 1234 4055 vinculis
1282 3995 1494 4069 positus
1546 4008 1670 4065 pas-

90 4111 219 4157 ceret
239 4102 332 4160 Dei
358 4100 548 4159 verbo.

151 4193 317 4266 (Vera.
348 4194 466 4266 10.)
505 4190 636 4247 Ideo
663 4189 836 4246 omnia
883 4186 1076 4255 stt/fero
1123 4194 1334 4258 propter
1361 4184 1577 4249 electos;
1609 4190 1666 4235 ut

89 4296 127 4344 et
148 4289 240 4360 ipsi
264 4290 481 4347 salutem
502 4294 903 4354 consequantur,
954 4298 1069 4355 qua:
1094 4290 1168 4336 est
1215 4280 1267 4334 in
1299 4277 1503 4333 Christo
1534 4277 1666 4332 .lesu

87 4396 189 4435 cum
211 4382 374 4457 gloria
403 4381 615 4439 cmicsti.
641 4379 715 4437 Ut
742 4376 1131 4450 prmdicatione
1177 4389 1276 4430 sua
1303 4372 1543 4429 salvaret
1566 4370 1666 4427 ho-

88 4478 242 4535 mines
270 4477 684 4552 prmdestinatos
706 4474 773 4531 ad
796 4473 986 4541 vitam,
1011 4471 1193 4528 exitiis
1224 4468 1659 4538 eratsubjectus,

89 4574 245 4631 sciens
268 4574 567 4648 profectum
594 4586 655 4630 se
679 4570 991 4627 habiturum
1019 4566 1262 4640 quzesitte
1288 4563 1480 4621 salutis
1534 4561 1659 4618 illo-

89 4679 322 4831 “iniere.
348 4763 438 4833 11,
469 4762 581 4832 l2.)
626 4756 831 4815 Fidelis
858 4771 1066 4821 sermo;
1100 4755 1145 4809 si
1172 4752 1306 4808 enim
1360 4746 1667 4806 commortui

91 4868 270 4923 sumus,
286 4865 331 4913 et
356 4856 677 4913 convivemus
694 4870 707 4906 :
723 4853 769 4907 si
790 4851 1121 4914 sustinemus,
1145 4856 1194 4901 et
1214 4841 1663 4915 conregnabimus.

91 4947 168 5005 Sic
195 4966 345 5021 posse
373 4952 442 5009 ad
487 4946 950 5007 immortalitatem
975 4954 1028 5001 et
1049 4944 1277 5014 gloriam
1309 4936 1513 4995 Christi
1546 4952 1669 5007 per-

93 5044 248 5100 veniri
270 5046 553 5118 significat,
584 5044 628 5100 si
656 5042 710 5099 in
734 5040 905 5096 forma
924 5036 1262 5109 baptismatis
1279 5030 1660 5097 manserimus,

95 5136 177 5193 ubi
202 5142 371 5196 omnia
396 5140 594 5197 delicta
626 5136 965 5199 moriuntur;
991 5140 1051 5188 ut
1102 5129 1342 5186 innovati
1374 5126 1555 5182 omnia
1584 5123 1664 5180 vi-

97 5230 160 5287 tia
180 5243 352 5292 vetera
367 5242 423 5293 et
447 5232 677 5291 crimina
706 5228 992 5301 fugiamus,
1013 5235 1070 5281 ut
1084 5222 1325 5280 auctoris
1346 5220 1518 5276 secuti
1544 5233 1662 5275 ves-

99 5324 230 5397 tigia,
278 5328 512 5400 peccatis
558 5321 761 5382 mortui
807 5320 1108 5377 videamur.
1162 5316 1219 5373 Si
1257 5330 1388 5370 vero
1417 5311 1662 5367 additum

98 5415 243 5477 fuerit
267 5424 330 5479 ad
356 5438 597 5490 causam,
640 5430 702 5476 ut
745 5427 801 5475 et
842 5414 1224 5472 tribulationes
1267 5426 1331 5466 ac
1384 5420 1668 5480 pressuras

99 5526 195 5569 non
222 5530 355 5587 aegre
372 5532 469 5588 pro
508 5514 731 5571 nomine
756 5508 969 5566 Domini
996 5506 1289 5579 patiamur,
1340 5499 1672 5558 sustinentes

100 5604 223 5675 haec,
248 5610 399 5665 simul
423 5625 544 5666 cum
586 5608 677 5664 illo
706 5602 1096 5677 regnabimus;
1128 5599 1349 5670 dignum
1404 5602 1488 5651 est
1523 5593 1667 5650 enim

103 5707 154 5755 ut
180 5702 263 5773 qui
289 5717 382 5775 pro
402 5702 497 5761 illo
529 5700 821 5775 opprobria
870 5696 1074 5769 patitur
1100 5703 1159 5749 et
1183 5691 1379 5757 exitia,
1413 5689 1467 5745 in
1500 5701 1669 5759 regno

168 5880 192 5910 ἰ
224 5871 399 5933 Codex
425 5873 625 5940 Laud.,
656 5882 711 5928 ut
737 5868 964 5938 spiritali
994 5862 1344 5921 altercatione.

317 5970 591 6034 Ρηιιοι.
635 5964 840 6030 XVII.

1773 3336 1974 3383 cuntur
1995 3335 2184 3383 contra
2211 3328 2637 3396 conscientiam;
2668 3339 2727 3385 ut
2753 3329 2897 3385 intus
2936 3332 2989 3386 in
3030 3332 3211 3386 animo
3257 3348 3381 3401 pcr-

1772 3420 1901 3487 dat,
1955 3420 2088 3476 foris
2135 3421 2308 3477 victor
2335 3421 2615 3479 abscedat.
2667 3421 2838 3479 Nemo
2890 3423 3035 3479 enim
3092 3424 3294 3495 patitur
3318 3440 3380 3481 se

1773 3513 1917 3569 vinci
1942 3556 1956 3581 ,
1981 3514 2108 3570 licet
2130 3515 2268 3569 sciat
2294 3530 2417 3569 vera
2442 3555 2456 3580 ,
2490 3531 2610 3586 qua:
2631 3515 2820 3571 audit:
2853 3525 3002 3572 recte
3023 3526 3205 3572 autem
3232 3527 3377 3573 trac-

1773 3615 1878 3674 tat,
1904 3617 1960 3662 et
1989 3606 2131 3662 bona
2156 3606 2489 3663 conscientia
2517 3649 2532 3675 ,
2580 3609 2671 3679 qui
2715 3608 3026 3663 volentibus
3055 3609 3295 3679 loquitur
3325 3623 3381 3665 et

1771 3701 2034 3773 paciﬁcis.
2074 3700 2305 3758 Collatio
2332 3716 2467 3773 ergo
2495 3702 2639 3759 inter
2661 3703 2758 3759 Dei
2804 3718 2994 3760 servos
3032 3718 3153 3759 esse
3175 3703 3336 3759 debet
3362 3746 3378 3771 ,

1772 3812 1877 3853 non
1908 3796 2211 3853 altercatio.

1840 3889 2024 3962 (Vers.
2070 3890 2312 3959 16,17.)
2377 3888 2640 3964 Profanas
2686 3901 2859 3947 autem
2899 3910 3082 3948 vocum
3131 3896 3381 3952 novitates

1769 3982 1981 4050 devita;
2030 3984 2309 4055 plurimum
2361 3983 2549 4038 enimb
2588 3985 2867 4057 proﬁciunt
2918 3987 2987 4041 ad
3032 3987 3376 4054 inanitatem,

1769 4086 1816 4132 et
1845 4094 2013 4133 sermo
2043 4092 2222 4133 eorum
2241 4078 2377 4133 sicut
2401 4094 2587 4132 cancer
2614 4078 2799 4149 serpit.
2848 4078 2967 4136 Hoc
3010 4079 3151 4137 idem
3199 4082 3381 4139 adhuc

1767 4174 2143 4248 prosequitur,
2168 4186 2227 4231 ut
2249 4174 2631 4232 contentiones
2659 4175 2898 4232 vitentur
2923 4194 2937 4244 ;
2964 4192 3062 4233 nec
3086 4175 3228 4233 enim
3244 4193 3376 4237 con~

1767 4268 1906 4338 gruit
1935 4268 2090 4324 unius
2114 4268 2241 4325 ﬁdei
2270 4270 2418 4325 viros
2450 4268 2654 4327 habere
2681 4273 3128 4337 contentionem,
3180 4272 3276 4329 sed
3321 4275 3372 4329 in

1769 4371 2001 4419 tractatu
2024 4362 2303 4433 patiantur
2324 4377 2384 4418 se
2412 4362 2646 4418 invicem
2675 4404 2690 4430 ,
2740 4373 2795 4419 et
2823 4366 3170 4420 consentiant
3218 4366 3378 4423 bonis

1765 4456 1960 4512 dictis:
2003 4456 2047 4511 si
2078 4455 2206 4529 quid
2238 4466 2416 4513 autem
2444 4456 2803 4527 improbabile
2836 4458 3071 4526 videtur,
3094 4476 3215 4516 cum
3241 4477 3376 4533 pace

1767 4549 2159 4606 dissimuletur.
2181 4548 2499 4606 Adversarii
2526 4550 2668 4607 enim
2692 4561 2746 4607 et
2767 4551 3097 4610 dissidentes
3115 4556 3295 4613 solent
3315 4573 3375 4614 se

1686 4644 1739 4705 D
1766 4645 1997 4703 invicem
2033 4660 2332 4715 provocare
2354 4686 2371 4714 ,
2394 4660 2458 4701 ex
2480 4645 2680 4716 quibus
2702 4661 2841 4703 unus
2862 4648 3160 4705 catholicus
3187 4660 3289 4720 est,
3319 4662 3377 4708 et

1769 4742 1907 4797 alter
1933 4738 2218 4813 profanus.
2249 4739 2349 4795 llic
2378 4754 2509 4811 ergo
2535 4739 2835 4798 catholicus
2866 4752 2987 4812 est,
3014 4744 3103 4800 cui
3136 4746 3376 4816 Aposto-

1770 4834 1855 4890 lus
1876 4832 2119 4898 mandat,
2140 4841 2197 4887 ut
2225 4838 2449 4902 spernat
2468 4839 2525 4887 et
2546 4830 2785 4888 declinet
2804 4850 2832 4889 a
2857 4833 3055 4890 fabulis
3081 4834 3337 4893 inanibus
3358 4854 3372 4891 :

1768 4930 1988 5003 quietus
2014 4928 2177 4985 debet
2204 4942 2362 4995 esse;
2401 4937 2459 4982 ut
2482 4942 2702 5000 semper
2730 4929 2801 4986 de
2828 4932 3161 4987 conscientia
3204 4933 3374 4989 verba

1770 5024 2018 5092 emittat,
2044 5038 2146 5079 nec
2176 5022 2411 5095 patiatur
2429 5038 2488 5079 se
2509 5038 2697 5080 coram
2723 5025 2887 5097 impia
2914 5026 3077 5082 verba
3109 5026 3377 5097 depromi.

1770 5118 1910 5175 Dant
1930 5118 2074 5176 enim
2107 5116 2430 5189 quibusdam
2452 5119 2796 5175 occasionem
2816 5165 2830 5189 ,
2861 5130 2918 5175 ut
2943 5122 2994 5176 in
3024 5121 3177 5190 pejus
3206 5124 3377 5192 proli-

1770 5214 1950 5282 ciant;
1985 5231 2091 5269 non
2121 5214 2266 5271 enim
2289 5215 2518 5282 desunt,
2543 5215 2632 5285 qui
2659 5215 2940 5270 audientes
2966 5217 3212 5285 profana,
3244 5232 3377 5271 con-

1770 5310 1977 5381 cipiant
1996 5307 2291 5379 cogitatum
2311 5307 2509 5363 malum
2538 5324 2551 5360 :
2578 5306 2812 5377 ideoque
2832 5305 2987 5361 obest
3002 5312 3300 5363 contentio.

1850 5401 2029 5474 (Vers.
2055 5402 2172 5472 18.)
2194 5400 2277 5457 Ea:
2301 5401 2485 5471 quibus
2504 5409 2577 5455 est
2598 5399 2912 5471 Hymenams
2932 5407 2981 5453 et
3007 5397 3270 5468 Philetas,
3290 5406 3379 5475 qui

1775 5498 2186 5551 decrraverunta
2211 5496 2442 5562 veritate,
2471 5495 2695 5548 dicentes
2723 5494 3142 5548 resurrectionem
3156 5497 3268 5565 jam
3292 5500 3373 5570 fa-

1779 5600 1914 5646 ctam
1942 5606 2081 5655 esse,
2112 5599 2158 5644 et
2190 5589 2347 5658 ﬁdem
2372 5588 2719 5657 quorumdam
2747 5584 3377 5663 subverterant.Nuncip-

1781 5698 1970 5741 sorum
1993 5696 2225 5754 quorum
2248 5694 2412 5737 causa
2436 5676 2687 5733 vitandas
2732 5679 3113 5737 contentiones
3157 5693 3341 5742 monet
3365 5727 3381 5754 ,

1854 5846 1881 5887 b
1923 5848 2086 5906 Rom.
2113 5845 2273 5911 edit.,
2292 5840 2573 5915 proﬁciunt
2593 5841 2661 5896 ad
2684 5844 3016 5913 impietatem.

2863 5942 2937 6002 16
