3970 6316
101 317 200 383 693

100 437 391 507 patientem,
439 433 744 504 modestum;
799 439 1140 510 corrigentem
1185 455 1293 507 eos,
1339 440 1430 513 qui
1474 443 1680 500 diversa
1704 448 1755 509 Α
1785 459 1903 527 quae
1936 455 2132 530 placita
2159 473 2307 534 sum,
2354 469 2586 527 suadent
2624 472 2734 528 illis

98 530 350 585 sentiunt:
370 530 414 584 si
438 529 640 600 quando
663 530 748 586 det
772 532 878 587 illis
894 531 1034 588 Deus
1067 535 1423 606 pertinentium
1450 538 1518 591 ad
1529 539 1680 610 agni-

104 730 328 776 tenentur
368 721 506 793 capti
551 723 614 777 ab
638 733 696 778 eo
741 724 810 777 ad
831 726 995 796 ipsius
1018 727 1352 784 voluntatem.
1380 721 1505 786 nec
1534 730 1682 786 nulla

99 815 328 886 indigem
349 816 818 886 intlerpretatlone;
845 827 974 876 sunt
995 823 1139 877 enim
1162 820 1474 879 manifeSIa.
1503 823 1681 891 Quan-

98 921 198 969 tum
227 923 400 970 tamen
434 913 605 985 prosit
634 915 926 986 mod'éStl'a,
951 918 1278 988 declaravit;
1311 921 1356 977 si
1398 921 1542 977 enim
1577 915 1680 976 hoc

97 1010 144 1064 in
175 1008 487 1080 quibusdam
522 1011 793 1068 haarcticis
821 1012 1080 1084 placitum
1129 1021 1237 1081 est,
1283 1015 1410 1086 quia
1445 1011 1680 1070 humiles

98 1101 399 1158 vidcantur:
445 1111 650 1175 quanto
699 1107 871 1176 magis
915 1104 1184 1162 laudabile
1235 1109 1288 1162 et
1343 1109 1678 1162 fructuosum

95 1195 264 1253 eritiu
285 1196 575 1263 catholico,
607 1200 653 1254 si
681 1199 850 1255 fuerit
895 1199 1064 1268 milis,
1119 1201 1171 1254 in
1229 1214 1338 1270 quo
1389 1210 1443 1255 et
1486 1213 1679 1256 sensus

95 1291 252 1361 utilis,
277 1299 331 1349 et
360 1295 594 1365 gravitas
621 1286 884 1350 imitanda
917 1295 1279 1366 perspicitur!

682 1387 914 1446 CAPUT
977 1387 1064 1445 ill.

157 1481 352 1553 (Veis.
387 1481 502 1537 1-5.
536 1481 695 1552 )Hoc
722 1488 897 1538 autem
932 1485 1082 1550 scito,
1133 1485 1257 1557 quia
1301 1485 1356 1540 iri
1389 1485 1682 1540 novissimis

99 1574 266 1630 diebus
319 1575 584 1630 instabunt
639 1583 872 1649 tempora
940 1577 1278 1648 periculosa;
1348 1581 1497 1633 erunt
1547 1579 1682 1633 enim

98 1666 311 1723 homines
337 1672 420 1722 siti
456 1675 658 1724 tantum
685 1673 966 1736 amatores,
1021 1671 1184 1737 arari,
1240 1671 1546 1741 insolentes,
1597 1685 1682 1729 su-

97 1762 248 1833 perbi,
273 1760 578 1836 blasphemi,
601 1765 903 1836 parentibus
939 1774 1040 1820 non
1065 1761 1427 1836 obsequentes,
1465 1768 1675 1839 ingrati,

782 313 1286 382 COMMENTARIA
1328 321 1393 382 lN
1435 325 1649 386 EPIST.
1693 327 1784 387 so
1825 331 2235 401 rmoruauu
2276 337 2672 412 SECUNDAM.

3275 362 3385 429 494

2762 473 2903 533 foeda
2926 487 2981 534 et
3021 479 3229 553 illicita;
3279 503 3379 544 cu-

1305 548 1423 640 t-iam
1450 548 1680 640 adagni-
1781 548 1922 620 pidm
1944 553 2088 636 enim
2119 567 2246 612 sunt
2271 558 2540 631 discendi,
2565 581 2686 623 cum
2711 568 2976 638 judicium
3003 591 3114 634 non
3144 548 3384 640 habeant

98 624 273 677 tionem
313 623 560 690 veritatis,
603 635 650 678 et
677 626 988 698 resipiscam
1007 643 1039 684 a
1067 623 1262 685 diaboli
1299 623 1554 700 laqueis,a
1581 651 1679 705 quo
1781 633 2074 713 probandi:
2110 645 2214 705 hoc
2242 660 2328 708 est
2347 623 2564 728 semper
2585 623 2824 734 discere,

2853 675 2906 722 et
2933 669 3179 729 veritatis
3204 675 3388 734 scien-

1784 735 1910 794 tiam
1940 754 2047 796 non
2080 735 2299 801 habere.

1799 929 1806 937 ⁸
1856 856 1873 922 (
1931 856 2088 913 Vcrs.
2122 860 2175 926 8,
2208 860 2261 916 9.
2309 861 2328 935 )
2384 866 2831 933 Quemadmodum
2869 888 3041 937 autem
3088 884 3286 944 luntres
3335 900 3386 946 et

1785 945 2042 1026 Μακρὸν-ει
2068 956 2364 1014 restiterunt
2391 960 2568 1035 Moysi
2589 982 2610 1033 ς
2632 967 2708 1024 ita
2734 969 2781 1025 ei
2809 971 2864 1027 hi
2887 977 3131 1034 resistunt
3159 983 3383 1050 veritati,

1783 1043 2012 1142 homines
2039 1055 2268 1125 corrupti
2301 1067 2489 1126 mente,
2517 1063 2723 1134 reprobi
2765 1069 2905 1125 circa
2930 1072 3108 1142 fidem.
3147 1075 3255 1133 sed
3282 1043 3384 1134 non

1783 1137 2057 1204 proﬁcient
2081 1144 2331 1213 amplius;
2360 1148 2658 1218 ignorantia
2688 1158 2822 1214 enim
2841 1137 3022 1219 eorum
3052 1167 3258 1224 evidens
3285 1172 3386 1226 erit

1783 1233 2042 1301 omnibus,
2098 1237 2232 1292 sicut
2287 1250 2336 1296 et
2375 1243 2587 1299 illorum
2643 1249 2764 1318 fuit.
2800 1252 3122 1327 Exemplum
3171 1261 3274 1318 hoc
3321 1263 3390 1319 de

1783 1328 2110 1419 apocryphis
2137 1341 2222 1386 est
2248 1331 2448 1404 (Exod.
2478 1354 2573 1409 vn,
2606 1341 2629 1396 1
2657 1352 2703 1398 et
2730 1346 2895 1419 seq.);
2924 1349 3128 1409 Jaunes
3157 1357 3301 1411 enim
3335 1363 3393 1414 et

1784 1416 2056 1518 Mambres
2077 1419 2276 1481 fratres
2291 1439 2446 1485 erant
2460 1433 2604 1504 magi
2624 1435 2707 1490 rel
2725 1416 2956 1498 ueneﬁci
2978 1443 3389 1518 Egyptiorum,

1785 1510 2022 1614 qui-arte
2054 1516 2246 1587 magia:
2276 1534 2388 1577 suae
2417 1525 2706 1584 virtutibus
2731 1530 2846 1600 Dei,
2882 1545 3001 1605 quae
3033 1510 3142 1608 per
3165 1510 3390 1614 Maysen

1785 1606 2122 1678 agebantur,
2178 1616 2527 1677 aemulatione
2567 1626 2943 1683 commentitia
3004 1606 3270 1692 resistere
3335 1651 3399 1694 se

1785 1701 2072 1770 putabant.
2107 1706 2218 1764 Sed
2253 1725 2376 1767 cum
2423 1713 2624 1788 Moysis
2654 1719 2828 1776 virtus
2859 1724 2912 1778 in
2940 1727 3199 1796 operibus
3234 1744 3394 1787 cres-

1783 1802 1960 1862 ceret,
1994 1796 2230 1857 humiles
2259 1801 2406 1869 facti,
2441 1810 2680 1866 confessi
2705 1823 2834 1869 sunt
2882 1827 3006 1872 cum
3054 1818 3246 1877 liotore
3275 1822 3394 1878 vul-

96 1854 246 1928 impii,
291 1855 404 1966 trina~
431 1855 556 1964 fide,
586 1859 696 1966 sine
724 1858 1029 1966 dilatione,
1076 1861 1457 1966 criminatores,
1501 1862 1682 1917 incon-
1713 1865 1760 1925 B
1788 1854 1976 1936 ηειιωξ,
2005 1854 3006 1966 θευώξιίῇδῦεζξὲῶῖῶῌυῒὰζ

99 1950 295 2006 tineutet
319 1988 336 2018 ,
385 1950 630 2018 iittmites,
669 1951 919 2007 bonarum
949 1953 1168 2019 inimici,
1204 1953 1517 2023 proditores,
1558 1969 1684 2027 pro-

99 2045 227 2110 terri,
259 2046 465 2113 tumidi,
492 2057 745 2102 amatores
789 2049 1112 2118 voluptatum
1162 2053 1328 2120 inagis
1362 2060 1517 2120 quam
1566 2049 1683 2116 Dei,

100 2139 319 2195 habentes
343 2141 511 2214 310
550 2146 774 2214 formam
824 2145 1054 2215 pietatis,
1093 2147 1335 2201 virtutem
1373 2149 1545 2203 autent
1573 2152 1686 2220 ejus

97 2229 412 2306 numquam;
458 2235 632 2291 ethos
665 2237 854 2294 devita.
895 2237 1187 2310 Prophetia
1218 2249 1301 2297 est
1349 2241 1464 2297 lucc
1514 2243 1686 2297 sancti

100 2327 342 2399 Apest'oli,
377 2331 431 2385 in
467 2339 575 2402 qua
602 2331 853 2402 praevidit
877 2342 1076 2405 quanta
1111 2325 1250 2390 mala
1298 2332 1474 2390 futura
1501 2337 1688 2390 csScnt

100 2420 465 2481 hereticorum
499 2433 556 2481 et
582 2425 918 2494 indecorum;
951 2427 1003 2483 in
1056 2429 1139 2484 his
1171 2429 1315 2484 enim
1349 2430 1528 2484 Omnia
1559 2429 1685 2495 ista,

100 2515 430 2588 quaiuimica
464 2511 590 2575 ﬁdei
619 2528 768 2586 sunt,
800 2520 1155 2576 denotantur.
1188 2519 1310 2592 Ipse
1338 2523 1481 2577 enim
1512 2523 1688 2592 Apos-

100 2613 228 2668 tbitis
275 2613 428 2669 dixit:
495 2614 610 2683 Quo
642 2616 777 2669 enim
821 2615 948 2670 mihi
997 2615 1060 2670 de
1117 2616 1202 2682 iis,
1242 2617 1481 2687 (/ttiforis
1533 2627 1685 2686 sunt,

94 2705 309 2781 judicare
349 2710 572 2784 (lCor.
610 2727 639 2764 v
693 2711 759 2766 12
789 2711 808 2782 )
835 2711 858 2765 ?
889 2711 989 2780 Qui
1041 2712 1185 2767 enim
1238 2713 1382 2768 male
1452 2713 1520 2769 de
1574 2701 1688 2768 Deo

101 2805 342 2873 sentiunt,
368 2814 422 2862 et
442 2811 559 2862 11θῆ
590 2806 799 2872 timent,
837 2804 982 2876 quod
1015 2801 1080 2862 ad
1109 2805 1366 2877 injuriam
1414 2804 1532 2877 ejus
1566 2821 1688 2877 per-

103 2899 240 2963 tinet,
288 2897 560 2969 proﬁteri;
590 2897 866 2970 quomodo
893 2913 943 2953 ιη
983 2902 1406 2955 conversatione
1453 2898 1687 2955 humana

104 2997 313 3062 possunt
357 3001 491 3050 esse
535 2991 827 3049 benevoli?
851 2991 974 3048 Ideo
1006 2993 1152 3049 enim
1185 2991 1363 3050 dixit:
1423 2991 1690 3049 Habentes

104 3086 302 3156 formam
325 3087 560 3160 pietatis,
590 3087 829 3142 virtutem
852 3096 1028 3143 autem
1055 3089 1170 3160 ejus
1197 3085 1534 3159 abneg‘anles;
1561 3086 1688 3158 quia

107 3169 403 3250 proﬁtemur
443 3163 671 3254 quidem
714 3181 1042 3254 semetipsos
1102 3179 1436 3237 christianos
1472 3223 1485 3247 ,
1561 3196 1685 3236 cum

1792 1967 1890 2031 lios'
1917 1993 2022 2032 non
2052 1983 2283 2052 amplius
2314 1988 2585 2056 proﬁcere
2634 1991 2690 2048 in
2733 1995 3015 2067 impietate
3063 2003 3395 2060 assertionis

1789 2083 1903 2162 sua:
1961 2070 2112 2140 dicit;
2145 2076 2271 2146 quia
2307 2077 2577 2150 imperitia
2610 2101 2799 2143 eorum
2840 2090 3018 2162 palatii
3072 2093 3164 2152 flet
3217 2091 3274 2153 el
3313 2113 3402 2155 sc-

1789 2159 2018 2221 ductio:
2050 2177 2106 2224 et
2145 2170 2276 2229 licet
2329 2174 2506 2245 inviti,
2559 2159 2972 2244 conﬁtebuntur
3019 2199 3199 2248 tamen
3241 2207 3399 2251 suam

1791 2255 2118 2328 imperitiam
2149 2264 2203 2320 in
2239 2265 2453 2324 ultimo.

1862 2376 2270 2457 (Vers.10,ll.)
2294 2383 2374 2441 Tu
2399 2401 2516 2442 vero
2533 2397 2801 2450 assecutus
2822 2413 2876 2451 es
2895 2398 3186 2455 doctrinam
3206 2421 3398 2470 meum,

1788 2470 2202 2544 institutionem,
2254 2484 2621 2554 propositum,
2675 2488 2853 2558 ﬁdem,
2908 2491 3351 2563 longanimitatem
3383 2541 3397 2565 ,

1791 2563 2150 2638 dilectionem;
2219 2576 2561 2646 patientiam,
2629 2585 3035 2654 persecutiones,
3108 2563 3393 2661 passiones.

1794 2658 1994 2716 Eorum
2019 2663 2135 2719 vult
2156 2667 2280 2723 esse
2302 2669 2584 2740 :emuinm,
2619 2687 2741 2745 quae
2762 2685 3072 2750 enumerat;
3108 2658 3223 2740 haec
3249 2686 3396 2741 enim

1792 2751 1846 2806 in
1899 2753 2092 2812 ultimo
2139 2773 2247 2815 non
2292 2762 2360 2817 su
2414 2766 2840 2837 pmnitenliam,
2889 2773 2986 2830 sed
3035 2775 3101 2832 ad
3153 2771 3394 2834 larlitiam

1794 2844 2099 2916 proficient.

1868 2964 1889 3035 (
1920 2964 2077 3023 Veis.
2109 2961 2289 3035 12,13.
2375 2975 2564 3043 Qualia
2594 2980 2719 3034 milii
2750 2986 2888 3055 facta
2913 2994 3029 3040 sunt
3084 2987 3400 3054 Antiochiae.

1793 3057 1996 3128 Iconio,
2033 3073 2081 3118 et
2156 3064 2384 3137 Lystris,
2414 3074 2595 3143 quales
2617 3081 3000 3146 persecutiones
3040 3085 3298 3139 sustinui:
3352 3097 3401 3140 et

1793 3163 1858 3208 etc
1904 3156 2140 3212 omnibus
2191 3159 2424 3218 liberavit
2457 3183 2535 3222 me
2585 3167 2865 3227 Dominus.
2921 3174 3031 3231 Sed
3085 3194 3263 3233 omnes
3309 3181 3401 3250 qui

107 3275 203 3331 Sibi
242 3279 293 3333 et
325 3249 648 3348 nequissimi
699 3249 929 3346 cperis;
965 3281 1020 3331 et
1059 3285 1223 3331 sensu
1264 3275 1531 3346 perversi.
1573 3271 1691 3331 Non
1720 3265 1766 3330 C
1797 3249 1977 3348 δΡίδηί
2028 3254 2112 3348 1⁵ξέ
2159 3255 2323 3312 me"
2351 3258 2406 3313 ίη
2431 3259 2633 3318 (Ῑίινίδίο
2660 3261 2810 3336 δι’δι’»
2865 3273 3273 3341 Ρενδεεαιίοηεηι
3299 3292 3400 3345 Par

107 3367 232 3424 enim
259 3369 313 3426 tu
344 3368 689 3442 proficsslonc
719 3367 913 3440 magis.
959 3379 1120 3440 quam
1150 3368 1203 3423 in
1241 3367 1411 3440 gestis
1443 3367 1560 3423 laus
1593 3359 1689 3424 Dei

108 3465 155 3520 Et
179 3453 338 3520 virtus
364 3463 469 3521 est.

171 3555 364 3630 (γεγε.
390 3557 446 3628 6,
477 3553 694 3632 1.)E:c
746 3557 826 3611 his
869 3556 1006 3612 enim
1043 3565 1185 3625 sunt,
1218 3556 1306 3623 qui
1347 3556 1580 3629 irrepant
1635 3556 1691 3612 in

110 3650 286 3717 domos,
343 3653 389 3707 et
415 3649 652 3722 captivas
690 3649 886 3706 ducunt
915 3649 1247 3705 inulierculas
1285 3657 1528 3704 oneratas
1574 3667 1692 3721 pec-

108 3745 239 3815 cun,
269 3747 382 3819 (iure
411 3745 674 3802 ducuntur
701 3762 731 3800 a
756 3745 911 3800 variis
939 3744 1231 3811 desideriis,
1264 3760 1466 3814 semper
1494 3743 1691 3800 discen-

108 3829 190 3907 l't‘s,
237 3841 608 3913 etinuhzquan't
636 3837 705 3895 ad
732 3840 999 3894 scientiam
1044 3837 1275 3893 veritatis
1321 3839 1686 3909 pervenientes.

105 3919 341 4000 (lautitiis
367 3927 625 3990 omnibus
657 3929 926 3988 lia-retici's
971 3929 1078 3987 hoc
1115 3931 1424 3997 conveniat,
1475 3933 1531 3985 ut
1561 3921 1691 3986 sub-

96 4020 349 4083 illli‘aittc's
374 4025 572 4082 domus
591 4068 606 4092 ,
635 4023 897 4083 mulieres
929 4023 1175 4082 subdolis
1203 4033 1259 4081 et
1303 4025 1536 4081 versutis
1568 4040 1690 4079 vcr-

104 4111 181 4172 bis'
204 4117 432 4188 capiant,
463 4117 525 4175 ut
553 4133 650 4191 per
692 4134 785 4175 eas
811 4119 957 4175 viros
1012 4111 1289 4190 decipiant
1328 4132 1483 4174 more
1519 4118 1690 4188 patris

103 4211 178 4268 sui
199 4209 415 4284 diaboli,
445 4213 541 4289 Qui
580 4223 678 4287 per
706 4215 872 4270 Evam
905 4213 1076 4270 Adam
1101 4214 1482 4281 circumvenit;
1519 4205 1685 4268 Mani-

104 4297 254 4363 cunis
283 4303 463 4367 tamen
507 4321 620 4380 pra:
646 4308 862 4365 czctcris
890 4308 1162 4380 congruit.
1194 4305 1339 4363 Nulli
1389 4305 1534 4363 enim
1578 4311 1685 4362 tam

105 4397 400 4472 importuni,
447 4411 558 4458 tam
602 4401 848 4468 fallaces,
899 4411 1007 4457 tam
1055 4401 1282 4473 captiosi
1329 4409 1473 4466 sunt,
1525 4401 1685 4472 quam

103 4487 195 4561 91191
238 4495 370 4564 trdits
426 4495 648 4551 consul
697 4485 846 4550 aliud
888 4485 1095 4562 colere,
1127 4501 1182 4549 et
1221 4491 1366 4548 aliud
1417 4491 1684 4564 proﬁteri;

103 4583 234 4644 sum
283 4587 428 4646 ltlltls
478 4595 689 4663 gerere,
740 4597 797 4646 e‘t
844 4585 975 4646 loris
1003 4589 1154 4644 aliud
1198 4585 1499 4645 vindicare.
1545 4581 1681 4644 Nam

1793 3343 2002 3400 tietttttr.
2046 3339 2283 3419 Nequam
2334 3363 2504 3409 autem
2537 3355 2769 3414 homines
2812 3339 2872 3416 eti
2912 3366 3209 3437 deceptores
3237 3339 3400 3439 pro/i-

1795 3437 1928 3493 cient
1952 3437 2004 3494 iit
2029 3443 2340 3517 peius:ipsi
2361 3460 2588 3505 errantes
2617 3461 2770 3523 atque
2817 3456 2949 3512 alios
3004 3437 3266 3515 erroribus
3315 3437 3400 3517 in-

1790 3533 2064 3591 volventes.
2118 3536 2248 3593 Ideo
2275 3556 2396 3611 quac
2424 3553 2478 3598 et
2509 3557 2712 3616 quanta
2737 3562 2932 3619 passus
2964 3551 3056 3620 sit,
3092 3563 3400 3621 memorat;

1792 3635 1850 3684 ut
1898 3629 2095 3686 auxilia
2145 3631 2241 3689 Dei
2282 3637 2554 3703 ostendat,
2596 3641 2793 3712 quibus
2839 3643 3083 3700 defendit
3137 3655 3192 3702 et
3249 3655 3397 3705 tutos

1790 3731 2019 3792 prastat
2061 3739 2249 3783 servos
2277 3743 2406 3785 suos
2457 3731 2525 3788 ab
2560 3720 2896 3806 impudentia
2931 3736 3146 3793 Satanae
3177 3757 3189 3794 :
3222 3747 3281 3794 ut
3302 3754 3393 3794 sc-

1791 3819 1954 3872 ‘chros
1977 3815 2103 3874 illos
2135 3819 2318 3889 faciat,
2349 3832 2404 3880 et
2431 3826 2626 3896 erigat,
2657 3843 2723 3881 ne
2753 3827 2978 3883 timeant
3007 3846 3126 3900 qum
3159 3831 3393 3902 irrogari

1792 3913 2019 3983 possunt
2046 3929 2074 3968 a
2104 3913 2344 3986 perﬁdis:
2375 3913 2470 3974 sed
2503 3921 2554 3975 in
2598 3921 2980 3991 persecutione
3009 3924 3219 3980 alacres
3258 3927 3393 3992 sint,

1789 4005 1928 4062 certi
1957 4007 2082 4076 quia
2103 4023 2292 4066 omnes
2319 4012 2410 4083 qui
2453 4013 2507 4069 in
2549 4014 2764 4071 Christo
2791 4025 2942 4074 recte
2967 4028 3390 4087 conversantnr,

1789 4099 1916 4156 Ollio
1945 4099 2214 4159 habentur
2257 4104 2420 4161 etiam
2464 4124 2493 4162 τι
2524 4110 2774 4181 corporis
2817 4113 2899 4167 sui
2952 4112 3234 4170 membris.
3267 4113 3395 4170 Mali

1789 4195 1969 4249 autem
2005 4195 2056 4250 iii
2086 4193 2330 4253 deterius
2362 4199 2674 4270 proﬁciunt,
2699 4202 3028 4260 dumvidcnt
3054 4205 3256 4262 multos
3285 4205 3393 4264 sibi

1789 4283 1920 4343 dare
1949 4301 2260 4358 assensum,
2289 4290 2359 4347 ita
2422 4301 2482 4348 ut
2510 4304 2741 4352 caeteros
2789 4297 2841 4351 in
2874 4313 3115 4354 errorem
3150 4300 3388 4356 mittant.

1790 4379 1927 4435 Dum
1958 4383 2100 4438 enim
2133 4387 2380 4441 sciuntur
2400 4401 2521 4444 esse
2543 4388 2671 4444 mali
2699 4397 2753 4446 et
2776 4389 3119 4462 deceptores,
3144 4401 3198 4449 et
3225 4392 3394 4449 nihil-

1789 4475 2007 4532 ominus
2053 4475 2250 4535 ﬁorere
2278 4487 2334 4536 et
2365 4482 2677 4553 prosperari
2728 4484 2781 4539 in
2835 4485 3059 4555 mundo,
3111 4487 3391 4545 attrahunt

1788 4569 2094 4643 quosdam,
2146 4575 2206 4630 ut
2257 4575 2564 4633 imitatores
2619 4593 2806 4634 eorum
2861 4581 3215 4648 efﬁciantur,
3281 4598 3390 4640 non

101 4653 508 4739 summam“;
543 4653 859 4749 δείεέιδαηί,
893 4693 946 4738 ει
985 4675 1105 4753 tege
1127 4695 1222 4737 sua
1276 4681 1521 4750 favemc’
1569 4689 1683 4736 ιυιι-
1710 4653 1765 4725 1)
1789 4667 1966 4722 solum
1998 4668 2050 4722 in
2084 4671 2316 4740 propriis
2347 4671 2629 4727 erroribus
2672 4673 2948 4742 puniendi;
2994 4691 3179 4734 verum
3222 4679 3389 4736 etiam

103 4771 234 4842 pllcr
257 4773 461 4832 νιῆθυιε
496 4775 926 4833 miscricordiam
983 4773 1226 4842 laudant,
1279 4792 1404 4832 cum
1455 4777 1598 4832 inter
1626 4790 1686 4832 se

105 4852 274 4938 illium
318 4869 842 4943 deprehendantur:
889 4871 1148 4928 mundum
1188 4870 1556 4944 Spernendum
1599 4887 1688 4929 as-

103 4955 297 5030 Stirtlnt,
325 4959 870 5038 etsempera'ccurau
905 4965 1239 5038 procedunt;
1287 4966 1509 5038 jejuniis
1552 4966 1682 5022 insi-

103 5049 235 5114 nere
277 5057 335 5117 se
370 5057 638 5133 iactanter
689 5057 1017 5134 praedicant,
1061 5077 1182 5120 cum
1234 5078 1426 5119 omnes
1456 5063 1684 5135 saginati

105 5137 404 5221 rideamur;
449 5153 657 5211 lautum
705 5155 848 5228 quod
898 5165 1017 5212 arte
1056 5153 1286 5228 quadam
1332 5155 1515 5228 pallidi
1569 5173 1688 5213 cer-

104 5237 308 5310 llﬁﬂllir,
342 5239 402 5300 tit
429 5242 642 5304 ratum.
676 5243 803 5304 Hice
831 5251 966 5319 ergo
1010 5248 1304 5320 Apostolus
1351 5249 1590 5306 maxime
1619 5249 1688 5306 de

105 5324 182 5390 ill!
223 5333 585 5410 pt‘ttplteiaﬁ't,
617 5343 752 5416 quos
779 5341 997 5399 Constat
1026 5344 1400 5415 apostolorum
1442 5353 1690 5416 tempore

106 5438 205 5512 non
236 5428 420 5501 fuisse,
469 5435 610 5490 sicut
637 5441 738 5492 nec
768 5433 1034 5502 A‘rianos;
1067 5436 1269 5508 quippe
1315 5453 1437 5493 cum
1470 5425 1687 5495 Diocle-

108 5519 584 5598 tueaturtueatur
608 5527 996 5588 constitutione
1025 5537 1120 5588 Sua
1144 5520 1418 5605 designet,
1462 5523 1685 5591 dicens:

111 5605 382 5674 Sﬂfllidﬂl
433 5616 567 5679 inille
611 5627 664 5682 ct
691 5628 960 5696 impuram
1011 5623 1292 5694 ἰωὴ-θεῖαι,
1336 5629 1457 5698 qua:
1492 5643 1689 5699 nuper,

111 5704 294 5781 inquit,
334 5730 548 5788 egressa
596 5728 680 5775 est
709 5720 776 5776 de
828 5720 1051 5778 Perside
1081 5719 1101 5794 (
1135 5719 1266 5777 Vide
1300 5719 1516 5778 Collect.
1564 5722 1692 5796 Leg.

114 5799 388 5864 Montio.“
418 5809 688 5884 Romam);
716 5814 778 5870 ili
805 5816 1088 5871 inveniunt
1120 5816 1379 5872 mulieres
1409 5830 1519 5888 prae
1544 5817 1696 5872 vani-

115 5895 218 5955 tate
269 5917 461 5962 novum
514 5907 714 5979 aliquid
759 5906 1139 5970 desiderantes
1188 5909 1394 5982 audire,
1422 5917 1479 5969 et
1507 5925 1604 5982 per
1630 5915 1696 5970 ea

1786 4757 1841 4816 in
1877 4759 2096 4828 herum,
2123 4776 2260 4831 quos
2290 4763 2547 4833 exemplo
2571 4778 2670 4820 suo
2688 4764 3018 4836 deperdunt.

1859 4869 2062 4944 (Vers.
2097 4873 2184 4940 M,
2215 4872 2356 4946 15.)
2417 4872 2498 4930 Tu
2538 4891 2655 4932 vero
2703 4894 2970 4950 persevera
3013 4881 3067 4936 in
3109 4882 3225 4951 Itis,
3274 4899 3390 4951 qua:

1786 4965 2039 5033 didicisti,
2061 4977 2105 5023 et
2122 4983 2238 5040 qua:
2259 4968 2351 5023 tibi
2373 4970 2569 5025 credita
2589 4982 2728 5038 sunt,
2751 4973 2916 5028 sciens
2933 4991 2965 5030 a
2989 4975 3172 5044 quibus
3190 4975 3390 5031 didice-

1786 5059 1881 5125 ris,
1914 5072 1962 5118 et
1989 5062 2109 5130 quia
2135 5061 2198 5115 ab
2220 5062 2444 5135 infantia
2471 5080 2648 5119 sacras
2668 5064 2866 5120 litteras
2887 5066 3046 5139 311
3078 5067 3232 5132 nosti,
3271 5084 3387 5138 qua

1790 5163 2007 5225 possunt
2035 5163 2081 5208 te
2101 5154 2311 5210 erudire
2356 5155 2425 5208 ad
2452 5156 2692 5211 salutem.
2725 5156 2950 5213 Multum
3003 5157 3265 5227 prodesse
3313 5161 3390 5217 si-

1789 5247 2009 5318 gniﬁcat
2057 5248 2259 5304 veteris
2286 5247 2627 5306 Testamenti
2656 5250 2854 5307 habere
2908 5251 3193 5317 notitiam;
3241 5250 3390 5322 ipsas

1790 5343 1932 5398 cnim
1984 5358 2174 5400 sacras
2211 5344 2426 5400 litteras
2466 5343 2623 5413 dicit,
2665 5360 2785 5416 qua:
2833 5343 3035 5400 Christi
3090 5360 3385 5416 personam

1793 5435 2091 5505 insinuant,
2118 5447 2174 5494 et
2204 5438 2631 5495 incarnationem
2670 5438 2790 5508 ejus
2819 5438 2885 5492 ad
2923 5437 3150 5494 salutem
3208 5439 3387 5497 homi-

1793 5545 1922 5585 num
1978 5529 2349 5586 redimendam
2379 5531 2678 5587 declarant.
2712 5529 2975 5585 ilortatur
3003 5539 3184 5588 autem
3237 5548 3386 5602 eum,

1794 5633 1854 5679 ut
1880 5624 1933 5680 in
1973 5622 2058 5679 his
2088 5623 2358 5695 proﬁciat;
2405 5623 2700 5693 antiquitas
2737 5622 2880 5677 enim
2939 5623 3056 5679 haec
3105 5625 3268 5682 robur
3308 5639 3396 5684 est

1797 5720 2081 5786 novitatis,
2111 5719 2290 5775 sciens
2315 5719 2439 5789 quia
2472 5717 2501 5772 it
2533 5716 2870 5788 quodidicil,
2901 5717 3056 5775 ﬁr‘lna
3094 5727 3178 5778 est
3208 5733 3396 5779 aucto-

1800 5814 1965 5880 ritas;
1997 5813 2150 5884 signa
2178 5811 2323 5869 cnim
2372 5809 2428 5868 et
2475 5809 2716 5886 prbdigia
2751 5808 2885 5871 vidi't
2930 5813 3066 5875 facta
3115 5833 3212 5891 per
3242 5835 3391 5893 eum,

1800 5901 2000 5980 quibus
2027 5907 2204 5969 omnis
2239 5921 2421 5971 sermo
2458 5903 2790 5986 succumbit,
