3970 6316
583 241 691 301 495
1517 229 1609 289 AD
1647 226 1879 290 OPERA
1917 225 2171 286 SANCTI
2214 225 2543 286 AMBROSII
2581 223 2954 285 APPENDIX.
3726 230 3798 292 493

649 357 828 426 (Vers.
869 351 958 419 16,
991 350 1107 423 17.)
1141 349 1322 406 Omnis
1346 347 1625 419 Scriptura
1655 346 1902 402 divinitus
1931 343 2184 415 inspirata
2213 345 2263 406 Λ
2288 343 2680 401 delibationem
2707 342 2985 415 appellat;
3010 340 3123 398 Deo
3146 338 3288 396 enim
3311 338 3633 410 immolatur,
3651 343 3721 413 qui
3737 362 3801 414 pro

573 449 719 505 utilis
749 457 826 505 est
863 448 932 502 ad
968 445 1280 508 doctrinam,
1324 441 1393 496 ad
1431 442 1826 515 correptionem,
1861 439 1930 494 ad
1957 439 2183 494 redinte-
2286 437 2406 510 ejus
2432 437 2647 505 justitia
2678 437 2906 508 patitur.

572 542 875 614 arationem,
909 538 978 593 ad
1006 537 1443 608 redargutionem,
1472 533 1540 589 ad
1571 534 1932 598 eruditionem,
1965 546 2081 601 quw
2108 539 2183 585 est
2359 531 2540 604 (Vers.
2592 533 2626 588 6
2647 573 2662 598 ,
2693 533 2775 598 7.)
2819 531 3089 588 Certamen
3128 532 3315 587 bonum
3357 533 3625 599 decertari,
3660 551 3806 591 cursum

572 637 627 690 in
661 635 775 707 ipsa
805 631 1031 704 justitia,
1077 641 1133 686 ut
1168 638 1381 703 paratus
1418 628 1485 684 sit
1527 627 1679 683 homo
1726 625 1847 692 Dei,
1881 634 1907 662 ο
1935 624 2004 678 ad
2033 640 2181 679 omne
2286 626 2670 691 consummavi,
2705 625 2862 697 fidem
2887 626 3106 682 servavi.
3142 625 3293 692 Quod
3323 625 3574 696 reliquum
3597 638 3688 695 est,
3709 644 3808 700 rapo.

572 745 703 800 opus
733 727 925 784 bonum
952 734 1375 782 comsummatus.
1408 722 1759 780 Manifestum
1792 730 1876 777 est
1903 720 2028 793 quia
2060 734 2181 775 om-
2287 719 2386 774 sita
2423 729 2501 774 est
2535 717 2665 773 mihi
2701 735 2893 774 corona
2919 719 3178 789 justitite,
3211 735 3372 790 quam
3412 719 3588 773 reddet
3612 720 3714 773 mihi
3737 719 3809 776 Do-

573 824 659 878 nis
696 821 994 893 scriptura,
1041 819 1201 892 cujus
1239 821 1384 876 Deus
1425 827 1617 875 auctor
1660 817 1992 883 ostenditur,
2036 814 2185 872 utilis
2288 814 2458 869 minus
2481 814 2536 869 in
2558 813 2653 869 illa
2677 814 2782 878 die.
2796 815 2974 884 justus
3000 813 3202 883 iudex;
3229 829 3332 868 non
3352 811 3524 868 solum
3544 823 3693 869 autem
3711 816 3810 881 mihi,

571 925 686 983 est;
720 915 788 970 ad
820 915 926 971 hoc
952 913 1099 971 ettitn
1132 913 1262 970 data
1289 921 1395 979 est,
1428 922 1489 969 ut
1519 912 1770 984 proficiat
1801 911 2097 983 imperitis,
2131 918 2189 967 et
2290 907 2383 964 sed
2413 917 2464 964 et
2488 908 2552 963 iis
2579 908 2672 979 qui
2699 907 2926 980 diligunt
2951 908 3227 963 adventum
3251 909 3389 980 ejus.
3417 906 3606 962 Omnia
3632 922 3729 976 quae
3748 909 3812 966 sibi

573 1010 841 1066 instauret
883 1006 1182 1070 deformes,
1225 1005 1507 1062 attrahens
1541 1004 1759 1076 iniquos
1801 1003 1868 1060 ad
1892 1002 2186 1075 justitiam,
2291 1013 2347 1062 et
2371 1004 2590 1061 czeteris
2617 1003 2772 1059 utilia
2795 1013 2984 1060 essent
3010 1012 3065 1058 et
3095 1017 3358 1074 prospera
3377 1042 3396 1069 ,
3424 1015 3662 1057 servasse
3683 1016 3814 1060 sente-

575 1111 635 1157 ut
677 1101 843 1156 homo
889 1101 982 1157 Dei
1028 1101 1084 1156 in
1125 1099 1274 1157 omni
1303 1115 1470 1172 opere
1513 1098 1656 1155 bono
1686 1097 1968 1171 perfectus
1993 1097 2097 1165 sit;
2132 1096 2186 1153 in
2291 1106 2511 1164 morat;
2541 1115 2646 1153 non
2680 1097 2861 1154 solum
2894 1097 3042 1153 enim
3076 1097 3130 1151 in
3161 1095 3385 1163 verbis,
3419 1093 3516 1151 sed
3543 1102 3597 1151 et
3632 1094 3677 1149 in
3699 1096 3815 1164 operi-

573 1209 718 1251 novo
748 1193 893 1251 enim
921 1193 1148 1249 homine
1173 1190 1444 1264 gradatim
1474 1190 1786 1263 proficiens,
1817 1190 2101 1247 constituit
2125 1188 2189 1246 il-
2291 1193 2396 1250 bus
2438 1192 2670 1249 formam
2715 1207 2776 1248 se
2818 1190 3055 1262 praebuit
3078 1189 3471 1254 audientibus;
3503 1197 3563 1244 ut
3596 1197 3646 1243 et
3677 1191 3816 1245 auctori

576 1287 690 1343 lum
723 1285 1004 1343 hominem
1040 1285 1160 1343 Dei.
2293 1302 2393 1343 suo
2430 1286 2665 1344 veritate
2703 1284 3112 1357 praedicationis
3149 1283 3331 1341 ﬁdelis
3370 1281 3702 1354 dispensator
3724 1285 3817 1338 exis-

1202 1377 1434 1438 CAPUT
1470 1379 1563 1437 1V.
2295 1389 2469 1446 teret,
2503 1388 2561 1435 et
2588 1388 2780 1436 contra
2812 1378 3001 1435 mundi
3031 1377 3307 1448 principes
3337 1385 3397 1434 et
3428 1383 3705 1448 potestates
3726 1376 3820 1433 omni

651 1475 835 1547 (Vers.
869 1475 920 1544 1,
954 1474 1036 1546 2.)
1062 1473 1246 1530 Testor
1268 1490 1445 1529 coram
1479 1473 1586 1528 Deo
1617 1482 1664 1529 et
1691 1472 1896 1529 Christo
1924 1470 2076 1540 Iesu,
2103 1471 2194 1542 qui
2295 1474 2672 1532 sollicitudine
2702 1482 2759 1530 et
2800 1471 2994 1544 peritia
3027 1472 3360 1528 colluctatus
3381 1513 3398 1536 ,
3432 1470 3717 1541 exemplum
3737 1487 3822 1542 qua

569 1570 912 1644 judicaturus
952 1578 1026 1624 est
1063 1569 1198 1623 vivos
1225 1577 1274 1623 et
1300 1578 1556 1635 mortuos,
1585 1584 1677 1640 per
1707 1568 1980 1622 adventum
2006 1566 2191 1638 ipsius,
2295 1568 2458 1626 modo
2486 1569 2864 1633 vincerentur,
2898 1565 3275 1637 relinqueret;
3309 1574 3373 1620 ut
3404 1562 3654 1619 inviolata
3680 1562 3820 1620 docui.

581 1673 630 1717 et
652 1679 866 1735 regnum
897 1665 1042 1735 ejus;
1072 1661 1306 1734 prtedica
1331 1660 1562 1729 verbum,
1587 1661 1725 1716 insta
1752 1670 2061 1733 opportune,
2091 1659 2193 1713 int-
2299 1678 2367 1718 na
2395 1704 2410 1728 ,
2439 1670 2496 1718 et
2526 1660 2718 1733 agonis
2757 1659 3060 1732 legitimum
3102 1668 3386 1716 certamen
3429 1655 3624 1727 dignos
3657 1655 3754 1712 illos
3773 1656 3822 1712 ia-

583 1769 808 1828 portune
835 1771 855 1814 :
882 1773 1063 1828 argue,
1095 1756 1321 1822 hortare,
1354 1755 1566 1826 increpa
1595 1756 1652 1810 in
1678 1756 1819 1810 omni
1847 1752 2193 1828 magnanimi-
2221 1749 2269 1809 B
2298 1765 2447 1813 ceret
2486 1755 2744 1811 coronari
2771 1770 2788 1820 ;
2827 1755 2956 1826 quia
2998 1753 3143 1810 Deus
3177 1753 3363 1824 justus
3399 1750 3572 1823 judex
3604 1750 3822 1807 daltllltll-

584 1861 690 1906 tate
712 1861 761 1906 et
783 1849 1044 1906 doctrina.
1071 1849 1208 1906 Tam
1238 1850 1473 1907 sollicite
1504 1850 1726 1906 mandat
1762 1850 2025 1906 inviolate
2056 1864 2194 1919 prre-
2300 1849 2544 1917 plissitna
2585 1847 2809 1918 praemia
2848 1845 3199 1918 diligentibus
3239 1860 3301 1902 se
3330 1886 3346 1910 ,
3381 1853 3440 1900 et
3469 1843 3824 1915 exspectantibus

584 1943 878 2001 dicandum
924 1944 1020 2000 Dei
1057 1943 1286 2010 donum,
1321 1952 1378 1999 ut
1404 1959 1527 1999 cum
1563 1944 1860 2000 testatione
1891 1944 1985 1999 Dei
2019 1943 2198 1998 Patris
2299 1941 2494 1997 Filium
2525 1941 2644 2012 cjus
2675 1941 2743 1996 de
2775 1940 2951 1996 cretis.

585 2045 641 2092 et
681 2037 884 2093 Christi
923 2036 1050 2093 Filii
1091 2039 1207 2107 ejus
1241 2037 1346 2094 hoc
1377 2047 1599 2095 moneat
1628 2039 1954 2105 curandum,
1983 2041 2194 2093 instan-
2366 2041 2554 2114 ,(Vers.
2589 2038 2776 2112 9-12.)
2809 2039 3083 2095 Sollicitus
3111 2048 3220 2093 esto
3248 2038 3424 2093 venire
3449 2037 3518 2090 ad
3543 2052 3617 2090 me
3639 2037 3823 2106 quampri-

585 2130 828 2202 dumque
867 2131 923 2186 in
964 2147 1066 2196 eo;
1113 2143 1169 2186 ut
1209 2131 1427 2187 assidua
1471 2131 1862 2201 praedicatione
1902 2140 1959 2186 et
2002 2130 2194 2187 crebra
2299 2152 2481 2202 mum;
2518 2134 2706 2189 Demos
2733 2137 2870 2188 enim
2900 2149 2979 2188 me
3008 2132 3321 2204 dereliquit,
3354 2131 3582 2202 diligens
3609 2128 3692 2184 hoc
3721 2143 3824 2182 sact-

587 2227 971 2299 objurgatione
1010 2243 1132 2283 cum
1175 2227 1582 2299 opportunitate
1615 2237 1876 2297 provocet
1902 2224 1967 2281 ad
2002 2224 2196 2281 melio-
2303 2229 2446 2288 tum.
2481 2239 2528 2283 et
2554 2229 2679 2283 abiit
2731 2226 3187 2293 Thessalonicam,
3222 2225 3476 2282 Crescens
3517 2226 3570 2279 in
3606 2223 3822 2290 Galatiae,

587 2337 704 2378 rem
747 2321 1052 2393 profectum
1098 2339 1111 2374 :
1155 2331 1210 2377 et
1251 2332 1306 2376 ut
1351 2321 1565 2377 facilius
1591 2320 1843 2392 arguenti
1871 2321 2197 2387 assentiant,
2304 2323 2455 2379 Titus
2485 2325 2538 2379 in
2565 2323 2920 2390 Dalmatiam,
2952 2321 3120 2377 Lucas
3147 2331 3221 2376 est
3247 2338 3456 2377 mecum
3484 2319 3640 2375 solus.
3663 2317 3825 2374 Μαπιιι

583 2416 706 2474 sine
736 2415 1098 2472 amaritudine
1126 2415 1229 2470 hoc
1258 2414 1529 2487 agendum
1563 2415 1834 2470 hortatur.
2303 2433 2509 2472 assume
2530 2457 2545 2480 ,
2576 2424 2624 2470 et
2652 2415 2826 2470 adduc
2853 2425 3060 2480 tecum;
3100 2423 3176 2470 est
3217 2415 3357 2468 enim
3400 2412 3531 2467 mihi
3558 2411 3684 2467 utilis
3708 2409 3822 2464 inni-

662 2508 845 2579 (Vers.
879 2509 935 2575 3,
980 2506 1060 2577 4.)
1088 2506 1205 2562 Erit
1235 2508 1371 2562 enim
1409 2517 1629 2580 tempus,
1658 2524 1773 2562 cum
1800 2523 1980 2562 sanam
2009 2505 2202 2560 doctri—
2295 2511 2553 2586 'nisterio:
2578 2509 2861 2582 Tychicum
2889 2525 3010 2564 vero
3039 2509 3155 2563 misi
3184 2507 3480 2579 Ephesum.
3522 2506 3647 2563 Cum
3680 2511 3826 2560 constet

589 2618 709 2658 nam
737 2619 842 2657 non
868 2600 1229 2666 sustinebunt;
1261 2602 1352 2656 sed
1377 2601 1446 2655 ad
1465 2618 1560 2655 sua
1587 2601 1847 2656 desideria
1873 2598 1900 2639 ιι
1925 2601 2202 2672 magistros
2290 2590 2466 2677 312
2503 2601 2527 2641 ά
2569 2619 2786 2660 omnem
2839 2604 3260 2660 inStructionem
3303 2603 3410 2658 viri
3451 2599 3763 2660 ecclesiastici
3794 2600 3824 2653 is

585 2694 687 2750 sibi
715 2702 984 2766 aggerent,
1019 2693 1311 2761 prurientes
1343 2692 1556 2748 auribus
1581 2709 1599 2748 :
1626 2702 1673 2747 et
1701 2711 1733 2748 a
1760 2694 1970 2748 veritate
1994 2693 2202 2762 quidem
2304 2699 2536 2769 epistola
2559 2697 2860 2766 comineri,
2887 2705 3112 2770 propter
3137 2698 3369 2753 multam
3397 2708 3578 2754 tamen
3597 2695 3825 2752 charitalem

587 2786 829 2841 auditum
857 2794 1105 2848 avertent.
1128 2785 1196 2839 ad
1221 2785 1427 2853 fabulas
1449 2801 1566 2840 vero
1593 2795 1967 2840 convertentur.
1996 2785 2066 2840 Et
2086 2785 2202 2841 lnec
2303 2792 2650 2862 pnesentiam
2701 2792 2822 2863 ejus
2870 2790 3151 2847 desiderat
3183 2809 3196 2845 :
3245 2791 3432 2848 Marco
3478 2800 3648 2847 autem
3689 2787 3824 2844 idcirco

589 2879 758 2936 simili
786 2878 949 2935 modo
976 2877 1260 2949 prophetia
1294 2886 1378 2933 est
1408 2877 1584 2933 sancti
1607 2877 1880 2948 Apostoli,
1910 2881 1999 2950 qui
2029 2893 2201 2950 prazs-
2306 2883 2682 2941 testimonium
2727 2883 3018 2957 perhibet,
3065 2884 3191 2955 quia
3236 2900 3459 2942 memor
3486 2895 3568 2940 est
3608 2880 3826 2954 praeterito.

591 2974 710 3029 cius
737 2972 1064 3036 futurorum,
1098 2969 1410 3026 instandum
1442 2971 1493 3024 in
1523 2970 1770 3027 doctrina
1803 2971 2041 3028 sollicite
2065 2986 2206 3042 prtc-
2305 2993 2424 3032 rum
2458 2977 2577 3048 ejus
2607 2976 2880 3032 laborum.

590 3065 754 3135 cipit;
785 3075 843 3119 ut
870 3062 1090 3119 formati
1117 3062 1170 3118 in
1199 3061 1305 3118 fide
1331 3074 1386 3118 et
1415 3062 1576 3118 bonis
1607 3063 1888 3134 operibus,
1915 3064 2116 3119 eruditi
2145 3063 2199 3119 in
2379 3069 2396 3136 (
2410 3068 2558 3124 Vers.
2585 3067 2700 3141 l3.)
2726 3067 2985 3124 Penulam
3006 3085 3160 3140 quam
3181 3067 3374 3139 reliqui
3394 3066 3602 3123 Troade
3621 3063 3736 3138 apud
3750 3061 3827 3116 Ceo

596 3156 883 3228 disciplina
928 3170 1084 3221 sana,
1115 3155 1324 3211 robusti
1358 3165 1634 3223 maneant,
1665 3166 1724 3211 ut
1754 3166 2034 3227 postremo
2057 3164 2200 3213 tem-
2230 3147 2276 3211 C
2309 3180 2469 3235 pum,
2503 3165 2706 3218 veniens
2745 3162 2876 3231 aﬂ‘er
2918 3174 3116 3230 tecum,
3159 3172 3207 3218 et
3238 3163 3436 3230 libros,
3485 3162 3687 3217 maxime
3715 3165 3824 3212 autem

595 3267 734 3324 pore
777 3265 900 3307 cum
947 3249 1166 3320 quidam
1212 3266 1244 3306 a
1287 3250 1517 3305 veritate
1557 3249 1623 3304 ad
1668 3265 1914 3307 errorem
1958 3249 2206 3306 converti
2310 3257 2656 3312 membranas.
2680 3255 2978 3327 Apostolus
3003 3266 3196 3312 natura
3219 3255 3450 3312 Judzeus
3475 3255 3608 3320 fuit,
3634 3246 3829 3319 necquid-

597 3348 886 3419 coeperint,
932 3346 1241 3402 immobiles
1279 3354 1654 3416 perseverent.
1685 3343 1849 3400 Tales
1876 3343 2023 3399 enim
2057 3341 2204 3398 futu-
2311 3364 2473 3420 quam
2515 3348 2708 3404 habuit
2745 3350 3010 3404 alienum.
3056 3348 3212 3405 Unde
3250 3363 3382 3420 ergo
3416 3348 3502 3404 illi
3533 3343 3740 3420 penula!
3764 3337 3827 3396 Sed

601 3457 693 3497 ros
733 3440 886 3508 dicit,
929 3439 1022 3510 qui
1065 3455 1163 3509 pro
1203 3437 1496 3494 desideriis
1534 3437 1648 3493 suis
1687 3436 1871 3493 doceri
1903 3451 1965 3492 se
1998 3437 2206 3503 velint;
2310 3443 2435 3514 quia
2467 3451 2643 3499 erata
2677 3441 2912 3508 Tharso,
2947 3455 3086 3513 quos
3115 3451 3333 3497 constat
3361 3441 3416 3495 in
3454 3440 3744 3496 societatem
3765 3433 3829 3487 llo-

601 3550 658 3593 ttt
698 3551 730 3592 a
769 3534 1043 3608 magistris
1081 3533 1460 3591 constantibus
1497 3543 1658 3604 atque
1688 3531 1981 3588 veracibus
2008 3530 2074 3586 ad
2109 3529 2208 3586 hos
2313 3551 2597 3592 manorum
2625 3544 2904 3607 receptos,
2934 3543 2994 3590 ut
3017 3534 3086 3590 de
3111 3544 3318 3590 caetero
3343 3533 3729 3605 appellarentur
3744 3528 3830 3583 cites

599 3638 1012 3695 convertantur,
1058 3628 1149 3698 qui
1194 3626 1310 3682 haec
1359 3626 1482 3681 illos
1527 3624 1782 3690 doceant,
1826 3639 1948 3694 qua:
1979 3622 2212 3679 libenter
2313 3626 2585 3693 Romani;
2617 3626 2827 3683 idcirco
2859 3642 3086 3682 necesse
3113 3635 3197 3683 est
3225 3641 3320 3681 eos
3351 3635 3406 3681 et
3444 3625 3643 3682 curiam
3670 3619 3828 3680 habent

601 3725 857 3790 audiant;
899 3723 1026 3795 quia
1069 3721 1272 3777 veritas
1313 3719 1419 3775 illis
1459 3734 1652 3790 aspera
1694 3718 1988 3784 videbitur,
2031 3727 2090 3773 ut
2119 3733 2207 3774 re-
2313 3720 2368 3775 in
2415 3736 2576 3791 quam
2629 3735 2790 3777 more
2844 3720 3218 3776 Romanorum
3269 3718 3522 3790 penulati
3567 3712 3827 3773 conveniant

598 3819 727 3876 licta
769 3833 866 3874 sua
907 3815 1177 3883 doctrina,
1223 3813 1427 3870 fabulis
1465 3823 1679 3869 vacent.
1712 3811 1920 3868 Nolunt
1950 3812 2098 3868 enim
2127 3827 2216 3868 ar-
2313 3813 2654 3885 Quicumque
2692 3814 2839 3870 enim
2873 3814 2969 3869 illo
3003 3822 3253 3884 tempore
3283 3828 3411 3868 cum
3457 3807 3744 3867 muneribus
3769 3801 3828 3858 ob

603 3912 695 3984 gui
737 3911 971 3981 maligna
1019 3923 1182 3980 opera
1226 3923 1323 3962 sua
1371 3924 1383 3960 :
1427 3922 1596 3978 quare
1628 3906 1766 3963 tales
1797 3905 1988 3962 volunt
2014 3906 2214 3977 magis-
2315 3908 2456 3964 viam
2479 3911 2725 3966 exissent
2745 3908 3029 3974 Romanis,
3054 3908 3396 3965 immunitate
3417 3915 3666 3979 perpetua
3685 3897 3828 3963 donati,

605 4015 744 4069 tros,
788 4003 880 4074 qui
929 4000 1174 4056 serviant
1215 3999 1458 4055 moribus
1501 4014 1730 4064 eorum;
1777 3999 2030 4069 pruriunt
2067 3997 2212 4054 enim
2317 4003 2464 4058 cives
2498 4002 2725 4059 Romani
2753 4010 2809 4060 et
2835 4002 3034 4058 fratres
3062 4017 3252 4058 eorum
3281 3999 3728 4074 nuncupabantur,
3745 4001 3831 4047 teste

608 4111 770 4152 aures
809 4108 1022 4157 eorum,
1065 4100 1125 4146 ut
1164 4091 1386 4147 audiant
1423 4089 1636 4147 fabulas
1664 4092 1965 4146 vanitatum
1993 4106 2217 4162 compo-
2318 4097 2512 4154 eodem
2538 4097 2822 4168 Apostolo.
2855 4097 3047 4153 Potest
3073 4111 3204 4169 ergo
3237 4094 3355 4152 ﬁeri
3379 4137 3394 4161 ,
3428 4105 3494 4151 ιιι
3519 4095 3565 4151 si
3590 4107 3684 4148 non
3707 4098 3830 4147 suam,

609 4192 742 4248 sitas
766 4188 867 4245 sub
895 4187 1112 4242 nomine
1136 4187 1422 4252 doctrinae,
1446 4185 1648 4256 quibus
1673 4185 2032 4243 delectentur.
2060 4186 2214 4256 Quod
2318 4190 2445 4261 quia
2478 4198 2652 4246 totum
2682 4205 2742 4246 se
2773 4189 2904 4262 Legi
2934 4188 3199 4258 dederat,
3233 4189 3406 4260 patris
3446 4187 3534 4245 sui
3572 4183 3758 4242 haberet
3774 4190 3830 4248 pr

611 4285 780 4340 nullis
811 4294 917 4338 lam
952 4282 1230 4353 proprium
1274 4288 1379 4345 est,
1412 4295 1574 4350 quam
1607 4281 1941 4348 Manichzcis,
1970 4280 2066 4352 qui
2094 4296 2218 4339 nes-
2321 4283 2531 4340 nulam.

614 4378 700 4432 cio
730 4391 851 4448 qum
879 4373 1080 4431 habent
1101 4372 1317 4428 diversa
1346 4383 1653 4429 commenta
1682 4373 1881 4430 inﬂatis
1909 4375 2219 4432 nominibus
2392 4375 2576 4450 (Vers.
2605 4376 2695 4443 Η,
2722 4375 2841 4450 15.)
2871 4375 3169 4433 Alexander
3193 4377 3413 4433 terarius
3439 4375 3602 4432 multa
3625 4361 3828 4428 malum“

617 4477 959 4538 nuncupata;
995 4481 1118 4522 cum
1149 4466 1260 4522 sint
1307 4481 1396 4522 res
1427 4465 1632 4522 frivola:
1657 4476 1711 4524 et
1741 4467 1987 4537 quaedam
2019 4467 2220 4525 dclira-
2321 4472 2590 4530 ostendit:
2635 4471 2817 4527 reddet
2855 4472 2936 4527 illi
2981 4469 3238 4527 Dominus
3281 4471 3565 4527 secundum
3601 4479 3730 4540 opera
3755 4472 3826 4515 su.

621 4570 824 4618 Πιθηιθ·
2243 4546 2298 4609 D
2327 4567 2491 4636 Quem
2521 4575 2568 4622 et
2596 4575 2652 4621 tu
2679 4566 2885 4632 devita;
2910 4567 3060 4622 valde
3097 4567 3235 4622 enim
3276 4565 3470 4621 restitit
3505 4563 3655 4622 verbis
3686 4553 3826 4614 nostril-

690 4654 873 4722 (Vers.
904 4656 956 4722 5,
983 4654 1063 4726 6.)
1096 4665 1116 4693 ε
1152 4651 1229 4708 Tu
1256 4669 1374 4707 vero
1401 4651 1602 4708 sobrius
1627 4661 1758 4720 esto,
1781 4654 1834 4707 in
1859 4653 2092 4710 omnibus
2120 4673 2219 4727 pa-

2323 4661 2633 4718 Alexander
2662 4661 2766 4717 iste
2804 4669 2863 4716 et
2905 4660 3106 4716 Demos
3144 4659 3499 4732 supradictus
3535 4656 3729 4726 collegae
3758 4647 3829 4703 ΐυθ·

618 4752 749 4807 tiens
770 4791 786 4818 ,
819 4766 949 4822 Opus
976 4749 1061 4819 {ac
1087 4747 1420 4816 euangelista:
1443 4789 1456 4815 ,
1485 4747 1834 4803 ministerium
1861 4758 2008 4804 tuum
2035 4753 2220 4824 exple;
2323 4763 2469 4812 runt.
2514 4755 2578 4810 lli
2620 4756 2772 4827 prius
2800 4771 2924 4811 cum
2968 4756 3234 4826 Apostolo
3261 4765 3422 4812 erant
3447 4797 3461 4821 ,
3493 4751 3766 4810 simulantes
3782 4736 3827 4795 illi

618 4861 715 4918 ego
743 4843 882 4899 enim
899 4844 1013 4916 jam
1043 4840 1264 4905 delibor,
1292 4848 1341 4894 et
1365 4848 1565 4908 tempus
1592 4840 1870 4896 solutionis
1893 4859 2018 4899 mea:
2039 4843 2217 4900 instat.
2323 4848 2650 4904 amicitiam:
2677 4859 2734 4906 et
2756 4849 2882 4919 quia
2905 4849 3128 4904 fallaces
3157 4857 3401 4920 tempore
3421 4847 3710 4918 probantur,
3728 4830 3830 4891 ambo

619 4936 893 4994 Admonet
930 4942 988 4990 et
1025 4933 1277 4988 hortatur
1316 4940 1375 4986 ut
1405 4931 1589 5001 vigilet
1631 4933 1683 4988 in
1723 4932 2009 5005 disciplina
2041 4937 2218 4994 ecclc-
2322 4943 2390 4998 ab
2419 4957 2486 4999 eo
2517 4952 2885 5000 recesserunt.
2919 4941 3020 4998 Hic
3048 4950 3231 4998 autem
3261 4940 3513 5006 rorarios,
3542 4936 3626 5010 qni
3650 4922 3828 4989 ευὼοίοτ

618 5032 872 5099 siastica,
898 5027 1140 5084 viriliter
1167 5034 1322 5097 agat,
1351 5024 1668 5094 Scripturas
1696 5028 1984 5099 explanct,
2015 5041 2072 5086 nt
2098 5048 2223 5103 pru-
2328 5045 2448 5094 erat
2477 5037 2531 5092 in
2562 5035 2756 5103 malis;
2786 5036 2865 5092 sic
2894 5036 2963 5092 ab
2991 5051 3057 5093 eo
3084 5036 3345 5101 recessit,
3382 5045 3441 5091 ut
3470 5043 3527 5092 et
3552 5021 3829 5089 contradictol

620 5126 812 5183 dentes
851 5133 905 5180 ct
945 5120 1145 5179 eruditi
1188 5120 1378 5174 inanes
1419 5117 1634 5175 tabulas
1671 5121 1866 5178 vitent.
1922 5123 2224 5195 Apostolus
2324 5132 2616 5188 verborum
2658 5131 2780 5201 ejus
2810 5131 3128 5188 exsisteret.
3171 5129 3276 5200 Qui
3298 5144 3433 5201 ergo
3463 5120 3701 5201 Apostolo
3721 5120 3827 5172 ausus

622 5224 768 5278 enim
801 5217 985 5276 sciens
1021 5215 1338 5288 passionem
1366 5227 1522 5267 suam
1553 5212 1880 5283 imminere,
1913 5220 2222 5291 exemplum
2323 5234 2442 5281 erat
2483 5223 2861 5281 contradicere
2883 5265 2896 5291 ,
2946 5239 3056 5279 non
3103 5222 3380 5279 immerito
3423 5216 3710 5278 evitandum
3736 5206 3828 5262 ιιωὶί

623 5314 730 5385 piae
767 5307 1205 5369 conversationis
1242 5313 1299 5362 et
1328 5320 1478 5361 same
1518 5303 1780 5363 doctrina:
1820 5308 1872 5363 in
1914 5322 2104 5367 sancto
2135 5314 2219 5370 Τί·
2325 5317 2621 5382 admonet,
2654 5317 2750 5373 Dei
2787 5316 3001 5389 judicio
3033 5317 3197 5372 istum
3229 5315 3533 5371 dimittens.

623 5406 845 5461 motheo
871 5404 987 5459 vult
1013 5401 1336 5470 relinquere
1361 5413 1375 5464 ;
1407 5406 1462 5453 ut
1492 5413 1590 5468 per
1621 5398 1896 5456 traducem
1929 5419 2221 5476 numquam
2397 5411 2577 5486 (γεγε.
2607 5410 2723 5484 16.)
2751 5386 2818 5467 In
2843 5413 3012 5486 prima
3039 5428 3151 5467 mea
3178 5410 3480 5484 defensione
3502 5420 3637 5464 uento
3654 5386 3828 5456 mihisi-

619 5497 877 5555 deessent
910 5495 1165 5552 doctores
1201 5491 1388 5549 idonei
1418 5509 1432 5546 :
1475 5492 1787 5564 passionem
1841 5505 2018 5555 tamen
2067 5517 2223 5558 suam
2324 5505 2461 5576 fuit;
2484 5506 2574 5562 sed
2604 5522 2779 5562 omnes
2803 5523 2884 5562 me
2910 5505 3317 5577 dereliquerunt,
3348 5521 3455 5560 non
3481 5501 3584 5558 illis
3607 5495 3821 5567 immiti”-

696 5661 720 5732 β
759 5650 890 5732 blss.
922 5648 1174 5732 nonnulli
1201 5689 1216 5709 ,
1249 5647 1328 5732 ad)
1348 5664 1510 5732 omne.
1525 5647 1713 5731 bonum
1743 5650 2044 5732 instructus.
2318 5659 2538 5732 viritim
2563 5677 2678 5732 age,

692 5721 716 5807 Ρ
755 5722 918 5807 Bm)”
951 5720 1111 5807 “illa
1145 5719 1418 5807 "malum!
1445 5719 1540 5774 δέω
1565 5721 1936 5807 αθθζεθςιὺωει.
2098 5799 2130 5807 η
2323 5709 2866 5807 ⁷ξίίνῖίθῖέῖλεῖΰῆίὶιιυοι,
2913 5751 3118 5790 omnem
3155 5733 3546 5790 instructionem
3573 5722 3688 5800 juris
3719 5709 3822 5770 eccle-

691 5806 713 5836 ο
755 5792 960 5850 Eadem
989 5789 1146 5845 Rom.
1179 5789 1336 5860 edit.,
1363 5789 1445 5846 Tu
1493 5789 1617 5848 vero
1634 5789 1835 5868 bigila,
1874 5797 1930 5850 in
1969 5799 2208 5856 omnibus
2316 5801 2534 5858 siastici.
