3970 6316
101 277 231 334 λθἹ

1041 281 1550 340 COMMENTARIA
1590 283 1656 341 IN
1695 285 2092 344 EPISTOLAM
2136 289 2227 345 AD
2265 289 2501 347 TITUM.

3308 290 3415 348 ‘98

98 393 415 452 Pressuras
465 408 519 454 et
563 398 936 455 tribulationcs
976 397 1076 453 sibi
1117 398 1294 454 illatas
1337 396 1711 454 defensionem
1740 404 1790 463 Α
1819 400 2148 469 testiﬁcans,
2180 403 2304 473 quia
2338 404 2406 459 de
2437 420 2533 462 ore
2561 407 2680 478 ejus
2708 416 2929 478 ereptus
2960 417 3082 474 est;
3113 407 3238 480 quia
3269 408 3418 480 quod

93 503 269 546 suam
303 504 611 565 nuncupat;
644 495 827 565 passio
858 494 1003 549 cnim
1033 491 1348 547 christianis
1375 491 1486 548 vita
1517 500 1622 560 est,
1655 499 1712 548 et

95 587 431 656 persecutio
452 587 698 644 defensio
724 608 738 642 :
764 602 1015 660 pressura
1042 588 1187 642 cnim
1212 587 1359 642 illata
1382 601 1480 657 pro
1495 586 1710 657 justitia

95 676 362 734 defendit
393 680 540 735 illum
571 681 623 735 iu
650 680 740 736 dic
765 680 978 750 judicii,
1007 695 1131 736 reos
1177 680 1515 734 constituens
1546 681 1712 749 pertl-

92 771 234 829 dos.
260 772 413 830 Inter
439 776 552 848 ipsa
574 790 703 847 ergo
731 774 882 832 initia
907 775 1068 831 illata:
1093 790 1360 844 pressura:
1387 773 1707 829 derelictum

89 879 170 922 se
202 868 596 937 conqueritur:
629 879 685 924 et
711 867 836 940 quia
879 869 981 924 scit
1018 868 1157 922 hanc
1195 882 1315 922 esse
1355 864 1708 922 consuetudi-

89 974 270 1026 nem,
301 975 411 1016 non
444 961 555 1016 illis
597 961 712 1016 vult
750 960 1042 1031 imputari;
1084 960 1208 1031 quia
1248 968 1303 1014 ct
1346 959 1630 1014 Dominum
1677 974 1705 1012 a

85 1050 309 1108 Judaais
347 1053 750 1127 apprehensum
793 1053 1047 1126 discipuli
1089 1054 1460 1125 reliquerunt;
1505 1053 1708 1124 quippe

90 1158 233 1202 cum
261 1148 530 1217 scriptum
559 1149 632 1203 sit
662 1148 713 1203 in
747 1147 1006 1218 propheta
1039 1164 1053 1202 :
1087 1145 1380 1200 Percuttam
1408 1156 1662 1218 pastorem
1690 1187 1706 1213 ι

86 1251 143 1294 et
179 1241 548 1314 dispergentur
573 1258 691 1297 oves
719 1242 889 1313 gregis
919 1241 1104 1315 (Zach.
1137 1255 1235 1295 xm
1257 1281 1273 1308 ,
1302 1239 1380 1312 7).

172 1331 357 1403 (νει-ε.
386 1334 505 1406 {7.)
533 1333 786 1389 Dominus
810 1345 984 1389 autem
1009 1334 1135 1389 mihi
1161 1335 1346 1399 astitit,
1372 1342 1420 1388 et
1447 1336 1708 1406 conforta-

81 1425 166 1480 υἷι
201 1443 317 1493 me;
349 1437 406 1482 ut
443 1445 537 1501 per
580 1445 661 1483 me
686 1429 989 1500 pradicatio
1011 1427 1339 1494 impleretur,
1377 1436 1425 1482 et
1467 1427 1708 1482 audirent

84 1534 280 1576 omnes
318 1531 519 1591 gentes.
563 1521 794 1592 Propter
829 1520 976 1591 quod
1017 1520 1229 1576 Domini
1270 1520 1442 1577 nostri
1489 1520 1708 1576 auxiliis

82 1612 371 1668 munitum
403 1629 464 1670 se
494 1614 653 1680 dicit,
683 1623 738 1670 et
765 1623 980 1670 auctum
1009 1614 1208 1670 virtute
1228 1656 1244 1682 ,
1279 1623 1338 1670 ut
1365 1613 1708 1685 praedicatio-

81 1722 226 1765 nem
263 1708 521 1779 impleret
557 1710 611 1764 iu
648 1709 900 1765 omnibus
937 1709 1232 1780 gentibus:
1265 1709 1471 1765 idcirco
1501 1710 1706 1782 ignosci

1813 493 2060 564 cupivit,
2117 495 2344 566 implere
2399 512 2503 553 non
2557 501 2758 571 potuit.
2821 501 2991 572 Igitur
3046 500 3142 555 Dei
3197 499 3420 556 auxiliis

1813 587 1974 642 morti
2005 601 2065 642 se
2093 599 2341 660 ereptum
2370 593 2696 661 gratulatur,
2729 607 2783 652 et
2823 595 2893 651 dc
2935 595 3278 666 providentia
3321 595 3419 652 Dei

1814 687 1921 734 tam
1949 693 2177 736 securus
2201 690 2322 749 est,
2357 693 2414 738 ut
2443 684 2511 739 de
2539 685 2732 742 futuris
2763 687 3157 744 tentationibus
3195 686 3422 743 liberari

1813 785 1872 826 se
1901 771 2125 827 credat:
2157 783 2210 827 et
2237 789 2344 829 non
2375 775 2552 830 solum
2587 777 2807 833 liberari
2833 778 2898 833 ad
2937 793 3199 849 prrcsens,
3226 795 3416 836 verum

1812 864 1976 920 etiam
2020 865 2225 921 salvum
2265 882 2326 923 se
2366 869 2605 924 futurum
2647 870 2701 926 in
2741 870 2831 926 die
2858 870 3088 940 judicii,
3132 881 3189 928 et
3227 888 3419 946 regna-

1815 967 1993 1012 turum
2014 974 2136 1013 cum
2173 959 2404 1015 Domino
2434 958 2654 1016 Christo
2685 962 2736 1016 in
2768 971 2972 1018 aeterna
3006 964 3232 1020 stecula.

1884 1049 2066 1121 (Vers.
2094 1051 2182 1119 l9,
2206 1052 2297 1120 20,
2319 1053 2440 1125 21.)
2470 1053 2661 1110 Saluta
2694 1054 2992 1111 Priscillam
3014 1099 3029 1121 ,
3063 1067 3110 1111 et
3134 1057 3374 1129 Aquilam
3398 1100 3413 1122 ,

1811 1156 1858 1199 et
1883 1143 2196 1216 Onesiphori
2217 1147 2447 1202 domum.
2474 1147 2700 1204 Erastus
2721 1151 2970 1204 remansit
2990 1147 3263 1206 Corinthi:
3283 1151 3420 1207 Tro-

1809 1237 2042 1311 phimum
2071 1252 2243 1296 autem
2271 1242 2458 1312 reliqui
2485 1243 2752 1312 inﬁrmum
2783 1242 2975 1299 Mileti.
3007 1242 3282 1299 Sollicitus
3309 1255 3421 1300 esto

1808 1341 1931 1386 ante
1955 1331 2185 1403 hgemem
2215 1334 2403 1388 uenire.
2432 1335 2624 1404 Aquila
2652 1343 2708 1391 et
2733 1335 2986 1392 Priscilla
3016 1335 3070 1391 hi
3097 1346 3248 1403 sunt,
3277 1339 3419 1408 apud

1811 1441 1948 1497 quos
1978 1426 2288 1497 hospitatus
2319 1429 2652 1499 operabatur
2681 1429 2936 1484 manibus
2967 1429 3107 1503 (Act.
3142 1446 3308 1498 xvm,
3343 1431 3420 1503 ὅ).

1809 1520 2182 1594 Onesiphorus
2208 1533 2391 1579 autem
2421 1524 2511 1580 hic
2537 1534 2649 1590 est,
2680 1525 2764 1579 cui
2795 1525 2951 1580 testis
2977 1534 3060 1580 est
3092 1525 3144 1580 in
3177 1525 3419 1581 secunda

1809 1615 2041 1687 epistola
2064 1614 2132 1686 (ll
2154 1615 2293 1670 Tim.
2319 1632 2371 1683 ι,
2396 1615 2509 1689 16).
2536 1617 2676 1685 Quid
2703 1627 2787 1673 est
2816 1626 2995 1673 tamen
3015 1660 3030 1686 ,
3058 1626 3116 1673 ut
3143 1629 3419 1690 praesente

1811 1711 2103 1782 Apostolo,
2137 1711 2227 1782 qui
2256 1721 2504 1768 mortuos
2543 1712 2849 1776 excitabat,
2894 1712 3224 1782 Trophimus
3265 1713 3419 1768 infir-

81 1802 239 1873 petit
268 1803 382 1868 eis,
413 1819 442 1858 a
473 1803 671 1874 quibus
700 1803 1000 1859 derelictus
1029 1813 1113 1859 est
1152 1803 1204 1858 in
1251 1803 1614 1867 necessitate;
1647 1811 1703 1858 ut
1734 1813 1782 1874 Β
1810 1805 2088 1861 maretur?
2119 1804 2226 1863 Sed
2257 1807 2409 1876 signa
2450 1820 2677 1877 propter
2707 1805 3022 1862 incredulos
3063 1805 3206 1861 facta
3248 1817 3372 1862 sunt
3403 1827 3416 1864 :

81 1897 240 1955 bene
288 1909 546 1970 acceptus
589 1913 618 1952 τι
663 1898 805 1964 υεο,
852 1897 1141 1953 vindictam
1186 1913 1294 1953 non
1336 1906 1561 1968 qu:erat.
1597 1895 1707 1952 Hac

81 1992 244 2048 enim
279 2007 446 2049 causa
475 1992 709 2063 amplius
737 1992 984 2063 adjutum
1017 2007 1078 2048 se
1105 1991 1279 2048 credit
1320 2007 1348 2046 a
1389 1992 1534 2059 Deo,
1578 1993 1704 2063 quia

82 2085 400 2144 derelictus
429 2096 516 2143 est
544 2088 614 2144 ab
653 2088 986 2144 hominibus.

158 2180 358 2255 (νει-ε.
390 2179 503 2255 18.)
531 2181 596 2236 Et
614 2182 862 2237 liberatus
887 2199 1002 2238 sum
1025 2183 1089 2238 de
1115 2198 1204 2237 ore
1234 2182 1417 2237 leonis.
1450 2179 1707 2235 Liberabit

79 2293 166 2331 me
210 2275 474 2332 Dominus
514 2277 576 2331 ab
613 2277 753 2331 omni
788 2292 943 2348 apere
972 2277 1132 2340 malo,
1163 2283 1214 2330 et
1242 2276 1443 2330 salvum
1468 2274 1622 2345 faciet
1651 2273 1706 2327 in

80 2385 316 2441 regnum
357 2386 507 2425 suum
549 2370 747 2424 caeleste
768 2386 787 2424 :
823 2370 905 2424 cui
940 2370 1107 2441 gloria
1134 2369 1188 2422 in
1217 2378 1498 2436 wternum,
1531 2383 1703 2422 amen.

78 2464 369 2522 Similiter
395 2464 526 2520 dicit
554 2473 610 2521 et
635 2465 830 2520 Petrus
857 2464 1208 2537 conpostolus
1237 2463 1392 2533 ejus:
1436 2463 1574 2531 Quia
1611 2464 1707 2516 ad-

81 2560 364 2614 versarius
405 2566 580 2614 noster
618 2559 857 2613 diabolus
890 2559 1107 2625 circuit,
1151 2561 1374 2629 fremens
1414 2557 1548 2611 sicut
1587 2557 1664 2611 leo
1689 2598 1704 2623 ,

80 2668 337 2725 qucerens
364 2669 515 2722 quem
540 2652 749 2707 devoret
770 2651 813 2722 (Ι
831 2650 976 2706 Petr.
995 2667 1052 2716 v,
1071 2649 1152 2723 8).
1171 2650 1278 2707 Sed
1303 2651 1428 2721 quia
1454 2649 1506 2705 in
1533 2652 1707 2720 Apos-

87 2746 210 2802 tolo
243 2745 596 2801 occasionem
631 2761 737 2800 non
779 2744 1132 2811 inveniebat,
1163 2759 1267 2815 qua
1303 2743 1454 2798 illum
1486 2742 1706 2812 decipe-

81 2852 211 2908 ret,
251 2855 354 2912 per
386 2840 529 2895 ﬁlios
559 2853 689 2894 suos
720 2855 1031 2912 pressuram
1065 2840 1138 2896 illi
1181 2840 1457 2897 excitabat
1495 2851 1548 2896 et
1590 2854 1706 2911 pte-

82 2949 228 3000 nas;
262 2944 329 2989 ut
375 2935 420 2989 si
466 2949 574 2989 non
603 2936 758 3006 quasi
806 2946 1082 3006 peccator,
1114 2935 1199 2990 vel
1229 2934 1380 3006 quasi
1417 2933 1596 3004 justus
1638 2933 1706 2990 de

83 3027 190 3082 bac
220 3035 410 3083 tamen
443 3026 732 3082 tolleretur
761 3028 902 3093 vita,
939 3043 1008 3084 ne
1049 3027 1251 3083 multos
1296 3027 1606 3082 hortaretur
1636 3027 1703 3081 ad

84 3121 276 3178 ﬁdem.
313 3121 473 3190 Quod
517 3137 639 3178 cum
681 3137 854 3195 prope
893 3124 1180 3193 impleret,
1225 3123 1320 3178 Dei
1364 3122 1704 3193 providentia

1808 1907 1864 1956 et
1889 1900 2014 1971 quia
2041 1915 2109 1956 ex
2139 1900 2373 1957 diversis
2413 1903 2594 1956 causis
2635 1903 2891 1958 meritum
2933 1901 3236 1958 collocatur
3275 1901 3422 1972 apud

1809 1995 2020 2061 Deum;
2055 2006 2111 2050 ut
2143 1995 2260 2050 sive
2292 1996 2349 2051 in
2382 1996 2772 2061 tribulatione,
2805 1995 2921 2051 sive
2963 1996 3016 2050 in
3052 1994 3380 2066 aegritudine
3405 2037 3420 2060 ,

1806 2092 1899 2158 qui
1946 2091 2057 2146 Deo
2098 2089 2307 2162 gratias
2344 2091 2491 2162 agit,
2536 2104 2638 2146 nec
2667 2090 2735 2144 ab
2765 2089 2999 2144 adversa
3032 2096 3187 2159 parte
3226 2086 3424 2143 suifra-

1807 2185 1952 2257 gium
1985 2185 2178 2255 qumrit
2203 2227 2218 2250 ,
2242 2194 2299 2238 ut
2330 2184 2576 2254 proﬁciat
2606 2183 2818 2238 meritis
2848 2181 2992 2253 apud
3026 2181 3418 2254 Deum..Prop-

1808 2289 1894 2336 ter
1924 2278 2130 2334 imbres
2159 2289 2338 2334 autem
2363 2289 2418 2334 et
2449 2277 2649 2348 frigora
2672 2277 3012 2331 conunonult
3033 2318 3048 2341 ,
3073 2285 3134 2330 ut
3155 2284 3420 2330 autumno

1805 2372 1872 2428 ad
1905 2387 1963 2428 se
1991 2373 2223 2428 veniret.
2271 2371 2481 2427 Salutat
2524 2380 2570 2425 te
2609 2368 2844 2424 Eubulus
2883 2377 2929 2422 et
2962 2367 3212 2437 Pudens,
3248 2367 3413 2423 Linus

1805 2475 1855 2521 et
1882 2464 2133 2532 Claudia,
2163 2473 2212 2520 et
2237 2479 2412 2518 omnes
2439 2463 2650 2534 fratres.
2682 2462 2830 2518 More
2858 2469 3121 2518 consueto
3148 2461 3420 2531 completa

1807 2568 1890 2616 est
1919 2559 2146 2628 cpistola
2179 2558 2510 2614 salutatione
2537 2557 2788 2613 fratrum.

1880 2650 2136 2706 Dominus
2205 2651 2364 2707 Iesus
2426 2647 2665 2707 Christus
2743 2660 2766 2688 ⁸
2846 2667 2963 2706 cum
3036 2651 3226 2722 spiritu
3297 2659 3410 2705 tuo.

1809 2745 1937 2802 Haec
1958 2743 2290 2815 subscriptio
2312 2743 2563 2814 Apostoli
2594 2754 2697 2808 est,
2723 2744 2866 2815 quod
2898 2745 3113 2814 signum
3137 2757 3260 2800 esse
3283 2743 3418 2799 dicit

1809 2840 1863 2896 in
1894 2838 2040 2895 omni
2082 2838 2337 2909 epistola.
2368 2838 2435 2893 Et
2464 2838 2588 2909 quia
2617 2837 2793 2893 Filius
2822 2838 2919 2893 Dei
2954 2837 3100 2894 idem
3145 2836 3289 2892 ﬁlius
3318 2835 3417 2890 ho-

1810 2932 1976 2988 minis
1995 2941 2102 2999 est,
2146 2940 2201 2987 et
2244 2930 2406 2986 Jesus
2446 2931 2645 2986 dicitur
2671 2941 2726 2986 et
2749 2930 3002 2986 Christus
3033 2948 3045 2984 :
3084 2941 3139 2984 ut
3168 2940 3216 2986 et
3251 2930 3417 2984 homo

1809 3026 2147 3096 signiﬁcetur
2173 3032 2229 3079 et
2255 3023 2420 3091 Deus,
2455 3023 2667 3079 duobus
2696 3023 3005 3080 nominibus
3043 3035 3410 3094 nuncupatur.

1812 3118 2054 3188 Utroque
2089 3129 2272 3173 tamen
2301 3117 2522 3173 nomine
2551 3116 2786 3190 dignitas
2808 3117 3148 3189 designatur,
3179 3132 3285 3189 qua
3325 3133 3415 3172 ra-

81 3215 362 3272 liberatus
406 3213 702 3286 Apostolus
725 3258 740 3283 ,
770 3215 1010 3286 linsultat
1060 3216 1176 3283 illi,
1226 3217 1504 3272 inﬁrmum
1547 3215 1696 3271 illum
1726 3200 1772 3263 C
1808 3213 1955 3271 tione
1981 3222 2110 3269 sunt
2137 3215 2311 3284 posita
2345 3214 2586 3270 nomina.

158 3340 188 3371 η
219 3330 392 3388 Rom.
425 3332 586 3400 edit.,
627 3349 744 3387 cum
773 3333 964 3404 spiritu
1016 3341 1125 3388 tuo.
1185 3331 1367 3388 Gratia
1409 3332 1695 3398 vobiscum,
1723 3345 1896 3385 amen.

654 3629 777 3712 IN
849 3624 1512 3710 EPISTOLAM
1585 3627 1702 3708 D.
1778 3623 2138 3710 PAULI
2212 3627 2371 3710 AD
2447 3625 2862 3708 TITUM.

604 3905 766 3978 313
805 3901 1194 3961 PROLOGUS.

163 4005 355 4061 Titum
404 4000 700 4072 Apostolus
749 4010 774 4038 ι
823 3998 1034 4055 creavit
1077 3999 1431 4070 episcopum;
1483 4003 1538 4051 et
1585 3995 1709 4051 ideo

94 4105 423 4156 commonet
449 4110 596 4156 eum,
627 4103 682 4148 ut
705 4093 774 4148 sit
798 4092 1067 4148 sollicitus
1089 4093 1140 4148 in
1166 4089 1538 4147 ecclesiastica
1563 4088 1713 4144 ordi-

98 4194 329 4250 natione
363 4209 375 4244 :
409 4189 458 4244 id
487 4197 591 4256 est,
617 4188 681 4244 ad
705 4187 968 4258 quosdam
993 4188 1088 4256 qui
1108 4184 1454 4240 simulatione
1479 4180 1710 4253 quadam

98 4287 298 4358 dignos
321 4299 383 4339 se
411 4289 714 4347 ostentant,
747 4290 803 4334 ut
841 4280 1130 4335 sublimem
1170 4278 1424 4332 ordinem
1461 4283 1708 4339 teneant;

99 4379 380 4450 simulque
426 4385 483 4433 et
527 4375 818 4431 haereticos
857 4390 922 4430 ex
956 4371 1376 4429 circumcisione
1412 4369 1714 4439 corripien-

99 4471 222 4530 dos.
629 4561 859 4618 CAPUT
897 4558 1183 4616 PRIMUM.

1814 3911 1916 3969 rat,
1951 3910 2197 3972 tempore
2219 3901 2515 3957 Salvatoris
2542 3903 2594 3955 in
2623 3899 3019 3972 praedicatione
3041 3901 3416 3973 apostolorum

1814 3994 2221 4050 manifestatum
2265 3993 2547 4060 declarat;
2576 3994 2654 4048 sic
2681 3992 2826 4048 enim
2875 3995 3223 4063 promiserat.
3261 3993 3419 4062 Quod

1816 4089 1981 4145 etiam
2004 4089 2109 4144 sibi
2129 4088 2400 4144 creditum
2421 4085 2572 4153 dicit,
2603 4097 2662 4142 ut
2684 4086 2939 4158 gentibus
2959 4089 3261 4144 insinuaret
3281 4103 3419 4159 prae-

1816 4181 2147 4238 destinatatn
2194 4182 2630 4238 misericordiam
2675 4180 2810 4246 Dei;
2857 4189 2916 4236 ut
2955 4189 3011 4238 et
3055 4181 3210 4237 Titus
3251 4197 3421 4238 verus

1813 4277 1933 4348 ejus
1963 4275 2130 4344 ﬁlius,
2178 4275 2232 4331 id
2273 4286 2380 4343 est,
2426 4276 2726 4332 secundum
2776 4274 3129 4346 Evangelium
3163 4274 3293 4348 (hoc
3336 4285 3425 4331 est

1813 4371 1960 4427 enim
1983 4385 2199 4436 verum,
2225 4369 2367 4441 quod
2392 4380 2656 4426 aeternum
2679 4369 2786 4442 est)
2804 4369 2940 4424 hanc
2963 4368 3058 4423 Dei
3082 4367 3420 4423 voluntatem

1814 4475 1869 4522 et
1900 4464 2134 4521 sollicite
2163 4463 2475 4534 suSpiciens
2507 4463 2832 4533 pradicaret
2856 4461 3088 4534 gratiam
3122 4461 3212 4516 Dei
3245 4469 3301 4516 et
3327 4477 3425 4532 pa-

1815 4575 1959 4626 cem,
1989 4568 2286 4629 utaccepto
2306 4557 2454 4613 dono
2479 4555 2686 4626 paciﬁci
2711 4557 2844 4611 tiant
2866 4570 2990 4611 cum
3008 4555 3120 4612 Deo
3145 4562 3201 4612 et
3220 4554 3419 4621 Patre;

173 4661 370 4733 (Vers.
415 4657 558 4731 1-4.)
603 4657 806 4713 Paulus
844 4671 1019 4711 servus
1064 4653 1185 4721 Dei,
1224 4652 1495 4725 apostolus
1538 4661 1711 4707 autem
1734 4676 1791 4737 D
1817 4653 1946 4725 quia
1975 4653 2158 4707 omnia
2189 4666 2260 4707 ex
2301 4651 2419 4720 ipso
2445 4659 2594 4716 sunt,
2628 4657 2683 4704 et
2709 4647 2932 4704 Christo
2960 4646 3091 4705 Iesu
3129 4646 3424 4707 Salvatore

103 4755 227 4811 Jesu
262 4753 461 4810 Christi
496 4753 785 4809 secundum
826 4750 984 4822 ﬁdem
1019 4750 1300 4804 electorum
1331 4745 1451 4814 Dei,
1485 4755 1532 4800 et
1563 4745 1716 4818 agni-

101 4851 304 4904 tionem
345 4847 576 4902 ueritatis
613 4849 750 4919 ejus,
782 4858 898 4914 qua:
940 4841 1224 4897 secundum
1254 4843 1495 4911 pietatm
1541 4850 1614 4892 est
1659 4837 1714 4890 in

107 4959 251 5012 spem
280 4943 397 4996 vita:
427 4949 635 4996 (eterna:
655 4955 808 5011 quam
837 4938 1073 5010 promisit
1099 4934 1242 4991 Deus
1263 4950 1421 4990 verax
1439 4942 1559 4987 ante
1587 4942 1717 4987 tem-

111 5053 239 5106 pora
273 5035 552 5092 toreularia
576 5051 594 5088 :
616 5033 959 5102 manifestavit
988 5039 1159 5085 autem
1184 5026 1499 5097 temporibus
1524 5026 1633 5080 suis
1661 5025 1718 5080 in

113 5129 481 5202 praedicatione
506 5129 712 5184 uerbum
735 5143 908 5191 suum,
930 5123 1069 5197 quod
1094 5123 1346 5178 creditum
1366 5130 1442 5176 est
1458 5119 1608 5186 mihi,
1631 5136 1714 5174 se-

115 5224 352 5280 cundum
389 5231 703 5296 praceptum
752 5217 1043 5276 Saluatoris
1073 5217 1238 5270 nostri
1268 5213 1402 5279 Dei;
1453 5211 1568 5267 Tito
1595 5227 1714 5286 ger-

114 5332 269 5371 mano
303 5314 416 5383 [ilio
442 5313 723 5369 secundum
760 5326 1081 5366 communem
1111 5308 1289 5380 ﬁdem.
1327 5304 1509 5360 Gratia
1537 5314 1585 5360 et
1616 5320 1721 5376 pax

117 5425 149 5463 α
179 5408 290 5465 Deo
321 5407 502 5477 Patre,
533 5417 579 5463 et
607 5407 828 5462 Domino
843 5405 972 5461 Jesu
993 5403 1200 5461 Christo
1225 5401 1499 5458 Saluatore
1520 5409 1717 5456 nostra.

119 5502 416 5560 Decretum
443 5501 648 5558 donum
672 5518 702 5558 a
735 5502 868 5567 Deo,
898 5499 1041 5572 quod
1068 5508 1196 5554 ante
1225 5496 1424 5552 saecula
1460 5496 1726 5568 promise-

193 5658 221 5688 α
248 5650 385 5706 Cum
415 5648 533 5703 haec
557 5649 610 5702 in
633 5647 920 5719 epistolam
943 5644 1018 5719 ad
1037 5643 1220 5719 Titum
1248 5640 1726 5719 commentaria_i_n

125 5736 257 5777 mss.
281 5721 467 5793 priora
497 5721 623 5793 sint,
647 5711 1055 5793 commentariis
1084 5716 1139 5793 in_
1165 5725 1474 5793 utramque
1518 5712 1585 5768 ad
1634 5711 1730 5768 Ti-

128 5786 435 5857 motheum,
463 5792 630 5848 semel
659 5788 1062 5846 admonendum
1092 5786 1307 5842 videtur
1343 5787 1484 5841 alias
1510 5799 1729 5857 quoque

133 5879 241 5920 non
268 5855 488 5931 eodem,
537 5878 643 5934 quo
687 5862 739 5919 in
786 5861 999 5931 Bibliis,
1031 5858 1228 5917 ordine
1281 5855 1562 5916 collocari.
1597 5855 1727 5913 Nam

1819 4755 2030 4807 nostro,
2061 4741 2185 4813 quia
2216 4751 2272 4797 et
2297 4741 2413 4809 ipse
2437 4739 2686 4796 liberavit
2707 4755 2806 4796 nos
2834 4755 2865 4794 a
2888 4749 3086 4797 morte.

1895 4837 2076 4910 (Vers.
2108 4835 2290 4904 5-H.)
2331 4833 2506 4905 Hujus
2551 4835 2625 4888 rei
2664 4834 2836 4906 gratia
2861 4834 3050 4903 reliqui
3073 4843 3120 4889 te
3149 4834 3336 4902 Cretas,
3366 4849 3426 4891 ut

1819 4948 1878 4985 ea
1899 4946 2013 5002 qua:
2034 4930 2242 4995 desunt,
2261 4928 2517 4999 corrigas,
2540 4937 2589 4982 et
2614 4928 2898 4982 constituas
2919 4944 3012 5000 per
3029 4928 3257 4984 ciuitates
3277 4945 3421 5000 pres-

1822 5023 2050 5096 byteros,
2083 5021 2218 5075 sicut
2253 5028 2300 5074 et
2329 5035 2425 5093 ego
2457 5019 2547 5074 tibi
2575 5021 2826 5092 disposui.
2862 5019 2924 5074 Si
2953 5020 3068 5090 quis
3096 5029 3171 5074 est
3193 5020 3302 5074 sine
3322 5021 3426 5074 cri-

1822 5120 1980 5184 mine,
2020 5117 2177 5171 unius
2205 5113 2439 5170 mulieris
2468 5114 2568 5180 vir,
2601 5114 2738 5184 ﬁlios
2769 5112 2965 5168 habens
3005 5111 3206 5183 ﬁdeles,
3237 5128 3340 5166 non
3369 5113 3424 5166 in

1822 5211 2150 5266 accusatione
2189 5208 2434 5273 luxuriae,
2464 5216 2552 5261 aut
2581 5206 2986 5274 inobsequentes.
3032 5203 3249 5274 Oportet
3287 5206 3426 5258 enim

1822 5305 2120 5378 episcOpum
2146 5303 2257 5358 sine
2286 5302 2504 5357 crimine
2527 5315 2655 5363 esse,
2686 5299 2820 5354 sicut
2851 5296 2947 5352 Dei
2976 5295 3385 5362 dispensatorem
3409 5317 3428 5354 :

1825 5416 1931 5454 non
1959 5409 2271 5470 protervum,
2297 5413 2402 5452 non
2423 5394 2752 5456 iracundum,
2778 5407 2880 5446 non
2906 5391 3024 5445 uino
3046 5388 3299 5459 deditum,
3323 5407 3430 5448 non

1829 5507 2205 5564 percussorem,
2232 5507 2339 5545 non
2365 5489 2541 5560 turpia
2571 5488 2718 5542 lucra
2738 5493 3069 5554 appetentem
3095 5498 3114 5538 :
3135 5483 3229 5539 sed
3246 5485 3433 5559 hospi-

1837 5645 1962 5704 post
1989 5633 2280 5703 epistolam
2328 5630 2394 5686 ad
2425 5628 2836 5704 Philippenses,
2869 5631 3172 5704 sequuntur
3210 5622 3334 5680 dum
3360 5625 3431 5682 ad

1835 5693 2379 5766 Thessalonicenses,
2402 5693 2598 5757 deinde
2615 5693 2687 5753 'ea
2711 5711 2832 5768 qua:
2853 5693 2922 5768 ad
2952 5693 3337 5764 Colossenses,
3372 5712 3435 5754 ac

1839 5781 2057 5836 demum
2090 5791 2210 5846 qua:
2240 5777 2305 5829 ad
2330 5773 2534 5846 Titum.
2553 5766 2750 5846 __Queui
2769 5766 3021 5828 ordinem
3051 5768 3217 5826 etiam
3251 5775 3437 5828 servat-

1844 5859 1971 5908 runt
1998 5841 2300 5908 Primusius
2327 5853 2382 5904 et
2398 5841 2679 5902 Sedulius.
