3970 6316
585 210 691 266 505

579 418 714 484 nati,
748 417 1009 488 Spiritum
1039 426 1288 473 sanctum
1322 416 1633 485 accepimus
1653 415 1902 484 abunde;
1931 425 1989 470 ut
2018 415 2177 471 bonis

578 510 837 581 operibus
867 509 1021 565 inniti
1052 511 1347 579 possimus,
1378 509 1495 579 ipso
1526 524 1627 565 nos
1654 509 1712 564 in
1742 509 1997 565 omnibus
2024 508 2179 578 adju-

578 611 765 669 vante,
792 610 849 657 ut
878 618 972 672 per
998 601 1113 657 haec
1142 601 1516 658 haereditatem
1557 602 1712 674 regni
1741 602 2001 658 cmlorum
2030 616 2177 657 asse-

576 694 669 766 qui
694 695 988 767 possimus.
1020 694 1388 763 Quamobrem
1420 696 1569 751 umni
1592 696 1879 752 devotione
1927 696 2055 751 huic
2080 695 2178 751 ob-

580 790 737 861 sequi
768 790 1051 859 debemus,
1083 800 1138 846 et
1166 791 1453 861 praeceptis
1480 793 1599 862 ejus
1614 806 1844 863 parere;
1874 792 1998 861 quia
2023 790 2180 862 quid-

576 882 709 952 quid
728 883 780 937 in
802 883 957 939 nobis
982 883 1267 955 pulchrum
1297 894 1405 952 est,
1436 884 1807 956 spiritualibus
1836 884 2180 941 lineamentis

576 976 696 1047 ipse
718 975 979 1049 depingit.

648 1069 833 1141 (Vers.
869 1072 950 1142 8.)
992 1070 1197 1127 Fidelis
1233 1088 1404 1127 sermo
1434 1089 1455 1128 :
1486 1083 1531 1127 et
1579 1074 1642 1127 de
1667 1072 1749 1128 his
1771 1074 1885 1129 volo
1907 1083 1958 1131 te
1982 1073 2177 1143 conﬁr-

577 1178 765 1227 mare;
792 1172 847 1217 ut
872 1164 1083 1219 solliciti
1110 1165 1212 1218 sint
1240 1164 1307 1218 ad
1340 1163 1579 1232 eﬂ'ectum
1602 1165 1851 1221 bonorum
1879 1182 2093 1238 operum
2119 1167 2178 1235 ii,

576 1256 665 1326 qui
710 1256 1038 1310 crediderunt
1064 1255 1192 1311 Deo.
1222 1255 1347 1312 Haec
1368 1267 1490 1312 sunt
1513 1258 1645 1312 bona
1682 1266 1731 1312 et
1768 1258 1920 1311 utilia
1962 1257 2183 1313 homini-

582 1355 695 1405 bus.
727 1351 871 1406 Nihil
901 1363 1008 1407 tam
1033 1360 1302 1422 apertum,
1325 1352 1448 1422 quia
1496 1352 1863 1409 misericordia
1892 1362 2053 1424 atque
2084 1353 2185 1409 hu-

583 1443 817 1497 manitas
837 1444 975 1498 bona
1010 1455 1093 1500 est
1121 1443 1189 1499 ad
1223 1458 1468 1514 praesens
1489 1487 1503 1509 ,
1556 1456 1612 1500 et
1642 1445 1792 1501 utilis
1821 1445 1875 1500 in
1900 1445 2134 1501 futurum
2167 1463 2182 1513 ;

582 1544 638 1590 et
666 1535 753 1590 hic
778 1536 924 1591 enim
959 1536 1119 1592 habet
1150 1536 1392 1603 laudem,
1418 1538 1538 1593 etin
1565 1537 1759 1608 judicii
1788 1538 1877 1594 die
1900 1552 2181 1595 coronam.

585 1630 777 1687 Omnis
831 1634 975 1688 enim
1036 1634 1145 1689 Deo
1173 1634 1428 1697 credens,
1459 1633 1855 1689 misericordiae
1880 1633 2044 1690 debet
2068 1643 2185 1689 stu-

1500 208 1593 264 AD
1632 206 1863 265 OPERA
1904 206 2153 264 SANCTI
2191 207 2522 266 AMBROSII
2559 206 2936 265 APPENDIX.
3726 216 3795 273 5N

579 327 667 382 dia
687 340 785 382 sua
809 325 991 382 salvos
1018 339 1115 381 nos
1136 324 1267 381 fecit
1286 338 1384 396 per
1405 322 1705 389 Christum,
1723 323 1878 394 cujus
1896 324 2069 395 gratia
2091 339 2179 381 re-
2206 328 2259 387 Α

2355 324 2540 391 (Vers.
2572 324 2661 392 10,
2697 324 2811 397 11.)
2858 324 3174 381 Hernicum
3204 323 3460 379 hominem
3501 334 3604 397 post
3639 328 3801 398 prima.

2279 419 2651 488 corrcptionem
2689 419 2887 486 devita,
2916 418 3080 474 sciens
3106 418 3245 489 quod
3282 432 3543 488 perversa:
3566 426 3633 473 est
3666 419 3801 494 ltst-

2279 512 2451 579 modi,
2481 522 2527 566 et
2566 512 2814 584 delinquit
2844 529 2877 566 a
2901 512 3175 582 semetipso
3200 510 3500 566 damnatus.
3538 509 3748 569 Hatrelici
3766 516 3803 572 hi

2279 605 2555 675 sunt,qui
2582 619 2678 675 per
2707 604 2871 660 verba
2920 602 3082 675 Legis
3121 602 3317 673 Legem
3366 601 3809 676 impugnant;pro-

2282 700 2460 770 prium
2511 699 2657 755 enim
2701 713 2922 755 sensum
2948 698 3131 754 verbis
3167 704 3423 753 astruunt
3448 696 3625 769 Legis,
3654 706 3704 753 ut
3721 714 3808 770 pra-

2282 795 2504 849 vitatem
2546 792 2744 850 mentis
2773 809 2887 847 suae
2919 793 3075 863 Legis
3120 791 3451 848 auctoritate
3479 790 3806 848 commendent.

2284 884 2479 943 Sciens
2504 886 2648 942 enim
2680 887 2929 954 impietas
2950 886 3329 941 auctoritatem
3361 882 3521 955 Legis
3542 883 3738 941 multum
3753 901 3810 940 va.

2283 979 2430 1045 lere,
2470 978 2736 1035 fallaciam
2765 979 2870 1035 sub
2900 981 3118 1034 nomine
3161 977 3281 1048 ejus
3308 975 3614 1048 componit;
3643 987 3691 1031 ut
3724 978 3811 1049 quia

2285 1088 2374 1129 res
2412 1074 2552 1129 mala
2584 1089 2681 1145 per
2727 1072 3074 1144 semetipsam
3102 1071 3460 1143 acceptabilis
3485 1085 3605 1127 esse
3628 1085 3717 1127 non
3751 1087 3812 1141 po-

2285 1177 2395 1225 test
2418 1168 2604 1233 ,tbono
2628 1168 2865 1222 nominis
2886 1165 3318 1223 commendetur.
3346 1165 3557 1220 Idcirco
3575 1163 3812 1239 huiusmodi

2287 1260 2534 1317 homines
2588 1268 2644 1315 ut
2671 1259 3070 1315 iuexcusabiles
3110 1260 3249 1325 sint,
3279 1257 3454 1314 semel
3483 1255 3671 1328 corripi
3704 1271 3813 1328 opor-

2286 1364 2407 1411 tere
2429 1353 2591 1410 dicit:
2625 1353 2963 1425 frequentius
2989 1352 3134 1409 enim
3164 1350 3407 1423 correpti
3430 1391 3450 1415 ,
3477 1348 3816 1407 exercitatiores

2288 1448 2420 1503 lient
2450 1448 2502 1503 in
2531 1448 2696 1503 malo.
2716 1446 2929 1518 Cogere
2968 1454 3149 1502 autem
3190 1445 3314 1502 illos
3338 1444 3585 1510 videtur,
3610 1444 3691 1515 qui
3717 1458 3814 1514 sape

2286 1543 2552 1614 corripit;
2584 1553 2642 1599 ut
2669 1542 3016 1598 sollicitiores
3046 1539 3181 1596 ﬁant
3204 1538 3272 1595 ad
3304 1537 3657 1609 perditionem
3677 1537 3817 1592 multo-
3908 1537 3911 1614 ξ

2287 1652 2407 1691 rum
2443 1652 2456 1690 :
2508 1635 2631 1692 ideo
2677 1634 3063 1700 dimittendos,
3090 1641 3151 1688 ut
3200 1629 3622 1703 negligentiores
3662 1626 3815 1695 eﬂ‘ecti,

588 1727 742 1795 dere,
782 1744 878 1799 per
904 1744 1062 1799 quam
1097 1728 1246 1783 vivit.
1282 1728 1413 1785 Utin
1444 1728 1561 1784 inec
1586 1744 1720 1799 ergo
1748 1736 1895 1785 esset
1916 1728 2182 1784 sollicitus
2214 1744 2262 1803 Β
2286 1729 2388 1785 soli
2417 1728 2558 1785 forte
2577 1727 2894 1800 depereant.

587 1833 770 1878 rector
791 1823 998 1895 populi,
1021 1823 1369 1879 admonetur.

661 1914 841 1986 (Vers.
873 1913 955 1985 9.)
1003 1914 1206 1971 Stultus
1256 1928 1427 1971 autent
1457 1916 1796 1986 quaestiones,
1844 1925 1893 1971 et
1939 1915 2193 1985 originum

588 2009 1016 2075 enumerationes,
1042 2020 1090 2064 et
1118 2011 1489 2077 contentiones,
1517 2022 1563 2065 et
1588 2025 1787 2082 pugnas
1811 2007 1962 2079 Legis
1990 2007 2192 2074 devita;

587 2114 703 2159 sunt
728 2105 863 2159 enim
891 2104 1097 2159 inutiles
1114 2114 1161 2159 et
1186 2121 1348 2159 vante.
1384 2104 1590 2161 Stultas
1618 2102 1717 2157 has
1739 2101 2071 2174 quaestiones
2099 2116 2195 2172 ap-

588 2198 794 2268 pellat,
817 2213 937 2267 quae
964 2197 1156 2253 salutis
1176 2197 1426 2253 effectum
1460 2211 1566 2253 non
1612 2195 1845 2261 habent,
1880 2211 2057 2265 neque
2096 2193 2195 2249 ali-

584 2304 748 2360 quam
798 2287 1042 2345 tribuunt
1072 2291 1316 2347 scientiae
1362 2291 1610 2362 peritiam
1641 2290 1710 2345 ad
1757 2290 2065 2346 utilitatem.
2100 2289 2195 2345 llis

586 2382 767 2439 verbis
816 2384 1113 2441 multorum
1181 2384 1561 2441 haereticorum
1625 2383 1850 2440 denotat
1920 2383 2192 2455 dogmata.

584 2476 845 2545 Quamvis
865 2477 1047 2532 omnia
1074 2520 1089 2545 ,
1122 2493 1242 2547 qua:
1279 2492 1408 2533 vera
1449 2493 1557 2534 non
1590 2486 1747 2545 sunt,
1776 2476 1941 2532 stulta
1969 2474 2194 2531 dicenda

586 2571 695 2625 sint
721 2586 735 2637 ;
760 2570 901 2626 alius
932 2581 1113 2627 tamen
1142 2581 1262 2639 est,
1310 2571 1399 2643 qui
1431 2586 1521 2628 res
1562 2571 1835 2627 labulosas
1866 2570 2110 2635 inducit,
2143 2579 2198 2625 et

584 2662 723 2719 alius
753 2665 844 2735 qui
876 2665 1173 2721 calliditate
1202 2666 1667 2738 tergiversationis
1691 2680 1805 2721 rem
1834 2678 2047 2720 veneno
2077 2663 2193 2733 ple—

586 2769 713 2810 nam
746 2758 1042 2826 proponit,
1075 2766 1134 2811 ut
1175 2764 1261 2812 est
1305 2757 1466 2813 Arius
1511 2766 1566 2813 et
1609 2756 1893 2813 Photinus.
1928 2755 2195 2811 Fabulosa

590 2858 773 2903 autem
804 2864 913 2905 non
935 2849 1075 2918 Lex,
1103 2849 1199 2906 sed
1223 2849 1449 2908 haeresis
1471 2859 1576 2918 est,
1598 2859 1859 2923 quantum
1888 2853 1954 2905 ad
1986 2859 2197 2921 tempus

585 2942 831 3013 pertinet
860 2943 1011 3018 illud,
1037 2943 1385 3013 Judaeorum,
1440 2945 1568 3000 dum
1614 2945 1834 3017 quidam
1873 2961 2063 3001 eorum
2094 2946 2197 3001 sibi

590 3035 929 3091 vindicarent
977 3039 1391 3108 praerogativam
1420 3038 1688 3109 originum
1721 3038 2156 3109 patriarcharum
2178 3080 2194 3107 ,

2367 1822 2551 1894 (Vers.
2580 1821 2695 1894 12.)
2722 1820 2850 1876 Cum
2877 1820 3062 1875 misero
3090 1819 3159 1873 ad
3183 1830 3232 1874 te
3274 1818 3548 1871 Artemam
3588 1822 3666 1869 aut
3692 1811 3820 1885 Tychi-

2293 1933 2432 1980 cum,
2460 1915 2647 1984 festina
2671 1913 2741 1969 ad
2767 1930 2847 1968 me
2885 1914 3058 1969 venire
3098 1910 3435 1981 Nicopolim:
3478 1906 3551 1962 ibi
3586 1907 3821 1961 utilitatem

2292 2009 2552 2082 hyemare.
2587 2008 2718 2063 Post
2746 2007 3034 2077 epistolam
3084 2005 3266 2061 datam
3304 2003 3480 2059 etiam
3511 2002 3675 2072 ipsum
3697 1998 3821 2056 videte

2293 2102 2409 2159 vult
2438 2100 2665 2156 allectus
2711 2114 2873 2155 causa
2896 2141 2913 2167 ,
2943 2109 2997 2155 et
3028 2108 3089 2154 ut
3116 2097 3335 2169 plenius
3366 2095 3524 2152 illum
3563 2093 3763 2150 ﬁrmaret
3789 2094 3822 2147 in

2294 2192 2668 2251 ecclesiastica
2696 2192 3005 2261 disciplina.

2367 2288 2548 2361 (Vers.
2578 2287 2667 2352 15,
2701 2286 2816 2347 ts.)
2844 2285 3043 2341 Zenam
3080 2282 3441 2357 legisperitum
3466 2290 3514 2337 et
3550 2279 3714 2353 Apollo
3727 2279 3823 2334 solli-

2296 2385 2394 2438 cite
2415 2383 2697 2454 prtumitte;
2720 2390 2775 2435 ut
2796 2379 2929 2436 nihil
2956 2380 3064 2434 illis
3092 2378 3226 2434 desit
3247 2395 3267 2434 :
3291 2379 3501 2433 discant
3524 2385 3678 2432 autem
3694 2384 3732 2430 et
3752 2389 3827 2427 nos-

2296 2477 2367 2531 tri
2388 2476 2533 2531 bonis
2571 2474 2810 2545 operibus
2833 2489 3049 2545 prmesse
3077 2473 3145 2527 ad
3176 2489 3299 2527 usus
3344 2470 3684 2537 necessarios,
3707 2479 3825 2522 suos
3910 2470 3911 2545 ς

2296 2571 2398 2625 sint
2427 2570 2757 2642 infructuosi.
2790 2567 3030 2638 Uterque
3079 2565 3279 2622 nobilis
3310 2566 3400 2621 vir
3445 2574 3531 2621 est
3556 2561 3775 2635 sapientia
3794 2570 3828 2616 et

2297 2665 2584 2736 operibus;
2614 2673 2671 2719 et
2720 2663 2926 2720 idcirco
2950 2662 3107 2732 jubet
3142 2668 3399 2730 sumptus
3431 2659 3541 2715 illis
3570 2656 3827 2714 necessarios

2298 2758 2417 2814 dari
2446 2758 2513 2813 ab
2544 2760 2608 2814 iis
2631 2798 2647 2825 ,
2687 2758 2776 2829 qui
2808 2757 3153 2813 crediderant
3180 2800 3196 2825 ,
3230 2764 3292 2810 ut
3326 2754 3727 2826 refrigerarent;
3749 2750 3826 2821 quis

2299 2850 2521 2923 dignum
2573 2860 2692 2908 erat
2737 2851 2905 2921 utqui
2957 2848 3222 2920 spiritalia
3279 2846 3602 2912 tradebant,
3648 2841 3828 2901 nonillis

2299 2946 2557 3002 deessent
2594 2945 2856 3000 carnalia.
2889 2943 3148 3011 Quamvis
3178 2941 3323 2997 enim
3370 2940 3580 2997 Zenam
3620 2935 3828 3008 legispeti-

2302 3047 2414 3094 tum
2442 3038 2678 3103 vocitet;
2708 3038 2904 3108 Apollo
2926 3045 3111 3091 tamen
3137 3033 3416 3105 perfectus
3444 3040 3564 3088 erat
3588 3032 3639 3086 in
3658 3028 3829 3097 Scripta

590 3143 712 3199 quae
739 3129 808 3184 de
840 3131 1197 3187 matrimoniis
1228 3141 1365 3188 ortte
1398 3143 1563 3200 sunt,
1594 3147 1717 3189 cum
1749 3148 1815 3189 ex
1847 3134 1949 3189 hoc
1989 3133 2194 3189 nullum
2225 3131 2271 3194 C
2302 3130 2379 3187 ris
2413 3148 2427 3187 :
2460 3131 2567 3187 Sed
2592 3130 2721 3202 quia
2748 3128 2925 3185 Zenas
2948 3127 3109 3197 hujus
3136 3124 3498 3197 professionis
3524 3122 3684 3179 fuerat
3705 3117 3829 3187 inSy-

593 3224 849 3277 meritum
881 3224 952 3278 sit
974 3224 1115 3295 apud
1144 3224 1336 3281 Deum.
1378 3226 1607 3295 Quidam
1636 3242 1767 3284 vero
1813 3243 2100 3284 urceorum
2142 3238 2197 3284 et

592 3325 918 3371 caeterorum
944 3332 1194 3373 vasorum
1231 3318 1515 3390 baptisma,
1541 3329 1595 3376 et
1614 3321 1934 3392 sanguinem
1950 3322 2198 3376 mustela:

596 3422 792 3479 magna
822 3424 951 3465 cura
976 3410 1300 3483 expiandum
1326 3411 1515 3483 (Leuit.
1543 3429 1621 3481 xt,
1644 3413 1738 3485 29)
1774 3431 1787 3467 :
1831 3423 1886 3468 et
1917 3414 2042 3485 quia
2075 3413 2199 3469 ideo

595 3502 798 3575 Moysis
823 3505 1101 3576 sepultura
1130 3507 1448 3564 abscondita
1477 3519 1591 3574 est,
1635 3525 1704 3565 ne
1733 3523 1763 3562 a
1792 3508 1963 3578 magis
1986 3509 2197 3564 excita-

593 3608 770 3665 retur,
802 3599 943 3668 quod
972 3600 1016 3654 si
1046 3616 1232 3657 verum
1262 3612 1430 3667 esset,
1460 3612 1516 3658 et
1536 3610 1860 3658 cmterorum
1888 3612 2197 3657 sanctorum

594 3690 975 3749 abscondenda
1000 3695 1176 3751 fuerat
1199 3696 1481 3765 sepultura
1520 3714 1533 3750 :
1567 3706 1621 3751 et
1654 3695 1782 3767 quia
1813 3694 2074 3751 Salomon
2106 3694 2203 3749 ad-

589 3785 798 3856 jutorio
847 3787 1245 3843 daemoniorum
1296 3788 1559 3858 templum
1610 3787 1935 3855 aediﬁcavit,
1985 3788 2038 3843 in
2094 3804 2203 3858 quo

594 3895 761 3951 opere
805 3880 1001 3953 ingens
1031 3882 1324 3939 multitudo
1365 3882 1655 3951 laboravit,
1680 3881 1810 3953 quid
1843 3891 1951 3938 tam
1992 3881 2205 3938 fabulo-

599 3987 721 4028 sum
749 3975 773 4027 ?

2305 3242 2511 3298 nagoga
2536 3268 2551 3292 ,
2580 3227 2659 3282 sic
2686 3226 2836 3281 illum
2868 3223 3127 3295 appellat.

2380 3320 2571 3394 (Vers.
2618 3319 2743 3389 15.)
2797 3318 3041 3375 Salutant
3075 3327 3123 3373 te
3151 3332 3348 3381 omnes,
3394 3315 3490 3387 qui
3526 3327 3705 3368 mecum
3736 3315 3827 3364 sitat.

2306 3414 2537 3485 Propter
2566 3412 2951 3482 compendium
2980 3411 3139 3467 simul
3163 3424 3357 3466 omnes
3376 3408 3708 3464 consalutare
3720 3399 3829 3472 signi-

2307 3508 2449 3564 ﬁcat.
2498 3506 2685 3564 Saluta
2722 3523 2830 3573 eos,
2860 3507 2949 3575 qui
2979 3521 3073 3560 nos
3103 3513 3279 3559 amant
3304 3503 3360 3557 in
3389 3502 3517 3572 ﬁde.
3550 3499 3669 3555 Illos
3692 3495 3827 3552 saluta-

2310 3604 2458 3658 tione
2486 3616 2582 3657 sua
2608 3600 2801 3671 dignos
2827 3598 2999 3654 videri
3024 3598 3173 3665 vult,
3213 3596 3311 3669 qui
3342 3595 3581 3651 fideliter
3603 3591 3730 3647 illum
3749 3585 3828 3642 dili-

2308 3705 2443 3765 gunt
2470 3693 2665 3750 allectu
2693 3690 2893 3748 Christi
2936 3692 3146 3747 Domini
3176 3689 3371 3746 nostri.
3426 3688 3607 3745 Gratia
3642 3684 3724 3740 Dei
3751 3696 3825 3736 csa

2310 3787 2546 3844 omnibus
2566 3786 2723 3842 vobis.
2749 3785 2901 3842 Nunc
2920 3785 3250 3857 generaliter
3271 3797 3473 3840 omnes
3496 3782 3680 3839 salutat
3695 3777 3825 3834 fratres

2312 3892 2366 3938 et
2392 3879 2725 3938 domesticos
2755 3878 2882 3934 Titi.

596 4095 3821 4135 MM

954 4249 1076 4333 IN
1151 4248 1817 4343 EPISTOLAM
1890 4251 1988 4333 B.
2069 4248 2425 4335 PAULI
2500 4251 2659 4333 AD
2734 4248 3567 4334 PHILEMONEM.

1105 4575 1268 4648 317
1308 4571 1705 4631 PROLOGUS.

667 4667 952 4724 Philemon
1011 4668 1158 4723 nulla
1212 4676 1330 4724 erat
1387 4666 1774 4723 ecclesiasticae
1828 4664 2194 4721 ordinationis

596 4761 855 4835 praeditus
880 4761 1163 4832 dignitate,
1189 4761 1283 4817 sed
1307 4762 1387 4816 vir
1411 4760 1724 4828 laudabilis,
1751 4773 1896 4814 unus
1923 4773 1988 4814 ex
2014 4758 2192 4828 plebe.

592 4855 694 4912 Cui
723 4870 885 4912 causa
913 4854 1151 4911 Onesimi
1188 4856 1331 4911 servi
1372 4856 1488 4924 ejus
1515 4854 1832 4920 familiaris,
1873 4854 2081 4909 litteras
2114 4852 2194 4908 fa-

590 4950 701 5017 cit;
737 4959 932 5005 utnon
973 4948 1149 5003 solum
1181 4949 1429 5019 ignoscat
1468 4948 1561 5014 ei,
1614 4947 1711 5003 sed
1741 4956 1796 5003 et
1838 4946 1950 5002 Deo
1991 4947 2196 5018 gratias

592 5053 716 5117 agat
742 5061 757 5110 ;
789 5043 913 5114 quia
948 5041 1108 5097 talem
1140 5040 1292 5096 illum
1320 5042 1547 5112 recepit,
1582 5051 1639 5097 ut
1671 5057 1777 5097 non
1810 5056 2025 5098 servum
2050 5044 2198 5097 aesti-

592 5147 726 5206 met,
761 5136 856 5193 sed
888 5135 1308 5192 dilectissimum
1340 5134 1588 5190 fratrem.

1118 5227 1347 5285 CAPUT
1385 5228 1676 5286 PRIMUM.

668 5319 851 5392 (Vers.
897 5322 949 5389 1,
987 5319 1044 5389 2,
1085 5319 1165 5393 5.)
1220 5320 1421 5375 Paulus
1465 5321 1667 5375 vinctus
1714 5320 1904 5376 Christi
1947 5319 2100 5389 Iesu,
2150 5331 2199 5375 et

594 5410 895 5468 Timotheus
924 5416 1088 5486 frater
1120 5412 1419 5469 Philemoni
1451 5411 1643 5469 dilecto
1684 5412 1857 5481 fratri,
1889 5424 1936 5467 et
1960 5413 2198 5469 laborum

594 5506 741 5560 nobis
761 5509 1025 5580 participi,
1049 5510 1292 5580 etAppite
1312 5510 1478 5563 sorori
1503 5506 1844 5573 charissinne,
1861 5518 1908 5563 et
1932 5505 2198 5579 Archippo

596 5599 932 5655 commilitoni
955 5612 1151 5670 nostro,
1182 5612 1229 5656 et
1255 5602 1552 5657 domestica
1573 5603 1686 5675 ejus
1715 5597 1982 5656 Ecclesiae.
2014 5598 2196 5655 Gratia

592 5690 736 5746 nobis
777 5702 824 5748 et
858 5711 975 5765 .paa:
1021 5713 1069 5751 at
1100 5694 1207 5750 Deo
1258 5696 1437 5752 Patre
1476 5706 1676 5764 nostra,
1713 5705 1760 5751 et
1808 5694 2031 5752 Domino
2068 5696 2197 5751 Jesu

589 5782 816 5841 Christo.
852 5784 924 5842 Ut
952 5778 1270 5856 dignitatem
1306 5778 1551 5859 epistolae
1583 5805 1612 5844 a
1654 5780 1716 5845 se
1744 5789 1923 5846 missae
1959 5774 2193 5857 faceret,

2238 4574 2288 4635 D
2318 4572 2383 4631 ab
2409 4570 2606 4643 injuria
2640 4586 2736 4627 sua
2764 4570 2954 4642 erepit.
2995 4570 3150 4629 Sicut
3177 4571 3323 4628 enim
3356 4569 3567 4644 peccati
3593 4578 3732 4627 causa
3751 4562 3826 4617 vin-

2302 4669 2401 4724 ciri
2437 4668 2793 4739 opprobrium
2825 4675 2928 4733 est,
2960 4666 3034 4722 ita
3066 4680 3097 4722 e
3124 4677 3316 4722 contra
3355 4682 3455 4737 pro
3482 4665 3688 4722 Christo
3704 4662 3828 4715 casio;

2303 4762 2407 4818 dire
2436 4763 2650 4818 vincula
2679 4763 2954 4818 sustinere
2983 4761 3220 4818 maxima
3249 4761 3459 4833 gloria;
3498 4776 3564 4818 eo
3586 4758 3713 4818 enim
3734 4763 3823 4808 tem-

2308 4872 2437 4925 pore
2477 4872 2583 4927 quo
2630 4857 2769 4912 hanc
2813 4856 3101 4927 epistolam
3149 4857 3321 4923 misit,
3369 4858 3425 4913 in
3471 4852 3696 4913 custodia
3734 4854 3825 4904 erat.

2305 4948 2567 5018 Quamvis
2592 4960 2774 5005 autem
2798 4950 3029 5005 clericus
3057 4964 3161 5004 non
3191 4950 3356 5005 fuerit
3385 4950 3676 5015 Philemon,
3703 4952 3824 4999 tamen

2305 5043 2568 5100 intererat
2619 5043 3005 5100 ecclesiasticis
3062 5042 3481 5099 necessitatibus
3526 5053 3677 5098 causa
3715 5035 3825 5090 devo-

2306 5138 2488 5204 tionis,
2532 5138 2677 5194 unde
2718 5137 3038 5209 participem
3090 5135 3236 5193 hunc
3280 5136 3412 5194 dicit
3452 5136 3701 5192 laborum.
3732 5126 3825 5181 Sunt

2305 5230 2448 5287 enim
2482 5230 2656 5297 multi,
2683 5230 2775 5302 qui
2805 5245 2925 5286 cum
2953 5230 3064 5285 sint
3085 5229 3265 5302 digni;
3297 5236 3563 5288 excusant
3583 5236 3752 5289 tamen,
3772 5216 3823 5271 in-

2306 5323 2465 5378 fimos
2496 5323 2821 5394 semetipsos
2852 5322 3161 5395 iudicantes
3195 5324 3332 5379 tanti
3363 5319 3637 5380 ministerii
3675 5334 3687 5371 :
3726 5307 3821 5368 unde

2304 5432 2435 5474 vere
2454 5418 2601 5490 digni
2626 5428 2912 5490 apparent.

2374 5510 2558 5581 (Vers.
2586 5513 2641 5580 4,
2674 5514 2728 5579 5,
2762 5512 2844 5583 6.)
2874 5511 3083 5568 Gratias
3111 5530 3209 5586 ago
3242 5513 3350 5569 Deo
3377 5530 3510 5580 meo,
3531 5524 3704 5579 seraper
3722 5516 3818 5558 Μ’

2302 5606 2493 5661 tionem
2527 5607 2603 5660 tui
2645 5609 2839 5678 faciens
2869 5608 2921 5662 in
2952 5608 3272 5663 orationibus
3308 5608 3457 5674 meis,
3488 5605 3683 5661 audiens
3710 5596 3817 5668 ﬁda“

2301 5711 2444 5753 tuam
2471 5710 2519 5754 et
2545 5700 2876 5766 charitatem,
2913 5717 3071 5771 quam
3097 5702 3254 5758 habes
3284 5703 3341 5756 in
3374 5700 3647 5756 Dominum
3668 5684 3813 5748 Ιιειπὲ,

2301 5790 2347 5847 et
2368 5788 2424 5849 in
2457 5780 2630 5848 omnes
2664 5798 2869 5849 sanctos
2886 5792 2906 5861 ζ
2934 5802 2989 5848 ut
3020 5794 3419 5851 communicatio
3447 5803 3532 5851 tua
3559 5795 3735 5859 accepta
3755 5781 3817 5849 ﬁt”
