3970 6316
114 264 227 321 505

933 256 1431 316 COMMENTARIA
1476 255 1540 313 IN
1580 254 1972 313 EPISTOLAM
2016 254 2107 311 AD
2147 250 2614 311 PHILEMONEM.

3328 249 3434 305 506

113 384 172 439 in
212 382 498 454 agnitione
525 381 685 436 omnis
712 378 847 444 boni,
887 392 1002 441 qua:
1028 378 1083 431 in
1111 374 1258 431 nobis
1297 383 1369 429 est
1405 374 1458 427 in
1503 371 1726 427 Christo.
1758 394 1812 455 Α
1836 370 2278 442 peregrinatione
2307 371 2375 427 ad
2409 370 2766 442 Apostolum;
2804 379 2860 426 ut
2888 370 3199 426 ostenderet
3232 383 3293 426 se
3330 384 3439 425 non

110 472 385 529 Gaudere
416 488 477 528 se
504 473 658 537 dicit,
696 480 749 526 et
783 470 893 527 Deo
921 468 1128 541 gratias
1159 466 1365 523 referre
1397 466 1449 521 in
1483 466 1735 536 precibus

109 566 263 632 suis,
298 568 435 638 quia
469 568 653 621 tlrmus
680 573 795 619 erat
824 562 877 618 in
912 562 1052 629 fide,
1085 571 1139 616 et
1165 560 1325 616 bonis
1355 558 1617 631 operibus
1645 558 1732 614 in-

110 659 400 717 sistebat:
440 660 529 731 qui
565 657 709 714 enim
750 656 925 727 diligit
961 656 1272 721 Christum,
1308 663 1333 691 ι
1368 654 1599 724 probare
1631 652 1735 708 hoc

112 753 285 809 debet
320 756 380 809 in
424 768 609 809 servos
639 751 757 822 ejus
778 793 793 816 ,
836 750 1017 807 sciens
1044 749 1337 804 Dominum
1368 748 1470 802 sibi
1506 748 1737 817 imputa-

112 853 303 900 turum
335 844 597 917 quidquid
626 843 941 900 constiterit
969 852 1251 912 erogatum
1275 839 1330 894 in
1353 839 1551 895 servis.
1582 839 1734 908 Apo-

110 939 297 995 stolus
331 948 518 994 tamen
551 939 652 994 hoc
681 952 741 993 se
778 937 911 992 dicit
949 936 1149 992 addere
1190 934 1474 1007 precibus,
1518 942 1577 989 ut
1607 948 1736 1003 ope-

113 1034 261 1090 ratio
292 1032 423 1103 ejus
453 1048 573 1101 cum
603 1030 915 1096 cognitione
949 1030 1043 1086 liat
1069 1029 1363 1096 bonitatis;
1397 1028 1501 1084 hoc
1528 1038 1606 1083 est
1628 1070 1645 1094 ,
1681 1036 1738 1082 ut

114 1125 214 1181 tali
247 1126 363 1181 hoc
393 1133 573 1180 mente
600 1136 880 1196 operetur,
908 1133 970 1179 ut
996 1124 1048 1178 in
1079 1123 1317 1178 futurum
1346 1119 1506 1191 hujus
1537 1119 1619 1175 rei
1645 1133 1740 1174 ex-

112 1228 340 1291 apectet
360 1216 694 1275 mercedem.

187 1314 207 1382 (
234 1311 404 1367 Vers.
434 1313 489 1366 7.
512 1309 531 1382 )
558 1308 818 1365 Gaudium
847 1309 985 1363 enim
1016 1323 1259 1380 magnum
1291 1305 1448 1360 habui
1478 1316 1525 1360 et
1560 1319 1740 1359 conso-

114 1404 374 1460 lationem
414 1418 567 1472 super
605 1402 855 1457 charitate
895 1413 1019 1467 tua;
1054 1402 1174 1471 quia
1213 1399 1409 1453 viscera
1446 1406 1740 1451 sanctorum

117 1501 487 1573 requieverunt
527 1516 618 1572 per
657 1508 725 1564 te,
766 1498 949 1567 frater.
994 1496 1335 1550 Manifestum
1376 1503 1463 1548 est
1499 1491 1623 1563 quia
1661 1488 1743 1545 id-

118 1596 273 1651 circo
314 1611 381 1650 se
410 1593 682 1666 significat
720 1593 903 1647 lmtum
937 1606 1093 1655 esse;
1127 1589 1255 1661 quia
1296 1594 1611 1642 sanctorum
1644 1598 1742 1639 ne-

119 1689 483 1746 cessitatibus
541 1688 795 1743 utensilia
851 1684 1246 1740 ministrabat:
1312 1682 1458 1737 unde
1507 1690 1562 1736 et
1622 1679 1742 1750 plus

1837 463 1905 518 ad
1936 463 2042 519 hoc
2070 463 2369 519 recessisse
2392 504 2409 532 ,
2442 474 2502 519 ut
2525 463 2710 519 delicti
2744 474 2889 519 esset
2917 463 3192 519 obnoxius
3214 506 3227 530 ,
3259 463 3355 519 sed
3384 471 3445 518 ut

1835 558 2139 615 obliteratis
2165 560 2425 630 peccatis,
2462 559 2610 615 utilis
2637 569 3011 616 reverteretur
3038 560 3090 615 in
3119 567 3353 625 tantum,
3386 567 3448 614 ut

1833 667 1941 707 non
1975 651 2149 706 solum
2181 651 2405 707 domino
2433 668 2534 708 suo
2554 652 2781 724 aequalis
2813 652 2968 708 fieret
2998 652 3232 717 meritis,
3264 651 3359 709 sed
3387 660 3445 709 et

1835 746 1935 817 ipsi
1970 748 2229 818 magistro
2261 749 2449 802 frater.
2483 747 2551 801 Et
2580 762 2648 802 ne
2679 746 2963 803 Philemon
2994 747 3238 819 aliquod,
3273 756 3329 801 ut
3356 762 3446 803 as-
3516 742 3522 747 ’

1837 840 1997 908 solet,
2044 840 2199 911 quasi
2241 839 2494 895 dominus
2542 838 2831 895 adversum
2876 854 3118 906 servum,
3166 838 3442 896 fastidium

1839 934 2133 990 inflationis
2168 943 2464 1005 pateretur,
2493 933 2745 989 humiliat
2775 933 2957 999 illum,
2982 950 3106 990 cum
3136 934 3269 991 dicit
3292 935 3444 992 illum

1839 1026 2064 1083 fratrem
2115 1038 2170 1083 et
2226 1028 2278 1083 in
2330 1042 2497 1083 carne
2554 1036 2609 1082 ct
2672 1027 2726 1082 in
2788 1026 3064 1095 Domino;
3125 1037 3184 1084 ut
3232 1028 3449 1084 sublata

1841 1121 2094 1177 humana:
2152 1122 2484 1178 conditionis
2539 1137 2740 1190 causa,
2797 1122 2923 1193 quia
2976 1138 3167 1179 omnes
3217 1138 3283 1179 ex
3341 1139 3450 1179 uno

1840 1232 2027 1273 sumus
2076 1216 2272 1282 Adam,
2327 1217 2522 1274 fratres
2566 1233 2665 1273 nos
2712 1233 3109 1289 cognoscamus
3147 1237 3160 1273 :
3210 1221 3449 1276 maxime

1840 1323 1965 1363 cum
2007 1307 2142 1364 fides
2190 1309 2398 1365 accedit
2443 1310 2651 1377 media,
2702 1325 2821 1381 illlth
2868 1325 3087 1367 omnem
3133 1311 3451 1382 superbiam

1842 1411 2109 1472 amputat.

1916 1495 2092 1566 (Vers.
2119 1495 2232 1568 17.)
2266 1495 2327 1552 Si
2354 1513 2475 1569 ergo
2493 1506 2516 1535 α
2544 1497 2699 1551 habes
2726 1513 2806 1551 me
2835 1498 3056 1564 socium,
3082 1497 3452 1552 assumeillum

1843 1592 1973 1647 sicut
1995 1609 2092 1647 me.
2118 1592 2350 1648 Tantum
2377 1610 2435 1648 se
2458 1592 2711 1649 ali‘ectum
2743 1594 2947 1649 habere
2967 1596 3111 1649 circa
3134 1590 3455 1650 Onesimum

1846 1686 2117 1753 ostendit,
2150 1697 2208 1742 ut
2239 1700 2367 1744 tunc
2404 1688 2785 1745 Philemonem
2810 1732 2824 1755 ,
2860 1704 3021 1760 quem
3059 1689 3309 1761 superius
3341 1689 3461 1745 lau-

120 1780 353 1852 Βθιιάθιι
383 1791 571 1835 εθτίυε
601 1795 666 1835 ex
696 1778 799 1835 hoc
823 1778 945 1850 (ιιιίει
974 1777 1370 1847 οδεείιυθτειυι·
1393 1785 1449 1830 ει
1472 1771 1745 1829 "laudatis
1774 1785 1821 1845 B
1846 1783 1962 1850 dat,
1996 1785 2316 1856 participem
2349 1800 2504 1840 suum
2539 1785 2709 1852 dicat,
2743 1786 2786 1840 si
2817 1786 2979 1840 istum
3015 1788 3096 1843 sic
3125 1787 3458 1857 susceperit,

118 1874 265 1947 ejus,
309 1891 480 1946 quem
512 1883 727 1929 constat
768 1888 890 1928 csse
924 1871 1213 1941 potiorem.

189 1965 382 2038 (Vers.
419 1968 473 2033 8,
512 1967 593 2037 9.)
641 1966 974 2037 Quapropter
1005 1966 1219 2019 multant
1259 1962 1509 2033 fiduciam
1552 1960 1742 2014 habens

118 2060 176 2116 in
207 2059 429 2115 Christo
457 2059 751 2130 imperandi
791 2058 901 2125 tibi,
931 2056 1069 2127 quod
1096 2057 1165 2111 ad
1189 2071 1297 2110 rem
1333 2054 1588 2125 pertinet;
1619 2069 1742 2123 pro-

122 2163 236 2225 pter
278 2153 588 2207 charitatem
618 2162 787 2205 tamen
828 2150 995 2222 magis
1031 2150 1300 2218 deprecor,
1334 2162 1451 2199 cum
1494 2145 1564 2199 sis
1601 2143 1742 2208 talis,

121 2261 179 2307 ut
208 2249 424 2305 Paulus
454 2266 608 2305 senex
639 2267 657 2304 :
696 2266 831 2303 nunc
868 2260 1037 2301 autem
1065 2256 1110 2299 et
1138 2246 1335 2299 vinctus
1372 2242 1563 2297 Christi
1592 2240 1739 2295 Jesu.

126 2346 413 2413 Quantum
464 2345 604 2401 ratio
659 2343 963 2414 exigebat,
1020 2342 1243 2411 dignum
1300 2347 1419 2392 erat
1474 2336 1746 2405 imperare

126 2439 405 2511 discipulo
444 2438 765 2509 magistrum
807 2452 871 2492 ex
916 2436 1111 2490 fiducia
1156 2431 1471 2501 apostolica:
1513 2427 1747 2484 auctori-

126 2532 251 2588 tatis
283 2551 296 2587 :
339 2532 439 2587 sed
478 2534 604 2604 quia
637 2532 716 2586 vir
750 2531 923 2585 bonus
964 2536 1084 2585 erat
1129 2528 1446 2591 Philemon,
1486 2538 1584 2595 per
1609 2521 1738 2577 affe-

128 2637 281 2683 ctum
314 2627 477 2681 illum
503 2635 759 2697 provocat
787 2622 1072 2689 obaudire,
1097 2621 1250 2691 quasi
1271 2633 1515 2674 comvum
1541 2615 1741 2680 aatatis,

129 2732 184 2779 et
220 2722 468 2777 vinctum
512 2718 715 2777 Christi
750 2720 901 2785 Jesu,
947 2718 1000 2773 id
1038 2726 1145 2784 est,
1186 2716 1483 2786 obligatum
1517 2712 1745 2784 negotiis

134 2816 473 2884 Dominicis,
507 2816 592 2872 vel
634 2825 857 2886 pr0pter
895 2828 1093 2869 nomen
1125 2811 1242 2882 ejus
1280 2810 1584 2879 subjectum
1618 2808 1744 2862 vin-

132 2912 293 2979 culis,
323 2912 467 2965 sicut
494 2919 650 2966 erant
680 2920 734 2964 et
762 2909 866 2981 ipsi
894 2907 1150 2979 apostoli.
1175 2907 1333 2961 Tales
1357 2905 1501 2959 enim
1527 2905 1745 2958 fuerunt

132 3003 297 3061 ludas
337 3013 401 3061 et
436 3003 599 3070 Silas,
636 3002 730 3073 qui
771 3018 892 3057 cum
936 3016 1004 3055 ex
1054 3000 1211 3070 plebe
1256 3007 1441 3053 essent
1473 2996 1744 3068 primores

136 3097 278 3152 inter
330 3096 529 3150 fratres
562 3137 576 3161 ,
628 3095 1008 3165 obligaverunt
1064 3090 1392 3162 semetipsos
1443 3089 1743 3143 Dominicis

1848 1878 1993 1933 sicut
2023 1878 2367 1948 Apostolum.
2403 1878 2518 1934 Hoc
2541 1889 2623 1935 est
2645 1880 2791 1935 enim
2819 1880 2964 1951 quod
2990 1880 3125 1935 dixit
3148 1878 3412 1936 Salomon
3440 1897 3455 1936 :

1849 1971 2011 2027 Servo
2056 1972 2277 2045 sapienti
2317 1974 2468 2027 liberi
2508 1975 2727 2028 servient
2770 1972 2999 2043 (Eccles.
3044 1989 3102 2039 x,
3136 1972 3256 2042 28).
3300 1971 3460 2041 Quod

1848 2064 2050 2119 dictum
2104 2067 2298 2120 terrori
2353 2074 2436 2120 est
2489 2065 2821 2133 Philemoni,
2872 2078 2930 2121 ut
2973 2066 3166 2121 saltem
3222 2066 3308 2120 vel
3355 2064 3461 2121 hac

1848 2169 2014 2209 causa
2045 2167 2352 2212 assumeret
2378 2172 2529 2223 eum,
2562 2159 2605 2211 si
2635 2158 2906 2213 charitate
2936 2158 3082 2214 ﬂecti
3112 2172 3219 2213 non
3253 2168 3459 2228 posset.

1919 2247 2103 2319 (Vers.
2134 2249 2222 2315 18,
2256 2247 2367 2321 19.)
2398 2248 2458 2304 Si
2479 2259 2650 2304 autem
2677 2250 2878 2320 aliquid
2902 2250 3033 2305 lwsit
3056 2261 3122 2315 te,
3148 2258 3237 2304 aut
3263 2250 3463 2305 debitor

1848 2352 1944 2407 est,
1973 2344 2070 2395 hoc
2106 2343 2232 2395 mihi
2260 2343 2479 2413 imputa.
2523 2341 2679 2397 Nunc
2710 2344 3123 2397 excusationem
3159 2343 3460 2398 iracundia:

1846 2436 2143 2502 convellit;
2189 2451 2256 2492 ne
2298 2436 2438 2492 forte
2470 2439 2547 2492 sic
2584 2438 2773 2492 lmsnm
2808 2453 2867 2492 sc
2898 2452 3019 2492 esse
3054 2437 3123 2492 ab
3158 2454 3223 2493 eo
3263 2454 3463 2509 quere-

1847 2537 2016 2596 retur,
2060 2538 2113 2583 ut
2155 2529 2228 2583 illi
2277 2530 2667 2599 ignoscendum
2702 2530 2928 2585 minimc
2960 2531 3262 2587 videretur.
3302 2531 3461 2600 Quod

1847 2623 1891 2677 si
1937 2635 2107 2690 esset,
2150 2624 2250 2679 sibi
2308 2624 2682 2694 imputandum
2737 2625 2887 2691 dicit,
2945 2641 3046 2696 per
3093 2641 3260 2697 quem
3305 2627 3462 2696 regni

1846 2717 2110 2772 caelorum
2163 2717 2414 2773 haeredes
2462 2717 2632 2774 futuri
2672 2729 2835 2786 sunt,
2883 2718 2973 2789 qui
3020 2728 3146 2774 ante
3199 2733 3457 2791 peccave-

1846 2819 1995 2866 runt.

1918 2903 2116 2974 (Vers.
2169 2904 2302 2977 19.)
2354 2904 2466 2979 Ego
2514 2904 2719 2961 Paulus
2763 2908 2951 2976 scripsi
2989 2923 3143 2961 manu
3185 2922 3319 2971 mea,
3370 2922 3463 2976 ego

1846 2996 2099 3065 reddam;
2139 3008 2195 3052 ut
2227 3015 2329 3053 non
2362 2999 2534 3054 dicam
2564 3000 2654 3053 tibi
2683 3000 2822 3071 quod
2858 3001 3012 3053 etiam
3046 3009 3093 3053 te
3123 3000 3297 3068 ipsum
3326 2997 3462 3051 mihi

1846 3092 2016 3147 debes.
2064 3091 2122 3147 Si
2163 3108 2268 3164 qua
2298 3092 2504 3148 olfensa
2534 3103 2617 3147 est
2645 3094 2912 3157 Onesimi,
2952 3093 3264 3147 cautionem
3296 3105 3453 3145 suam

135 3190 347 3245 actibus
382 3188 520 3260 (Act.
554 3204 646 3255 xv,
678 3188 749 3243 2:).
775 3197 825 3242 et
851 3189 1021 3257 seq.);
1056 3195 1113 3240 ut
1142 3200 1247 3239 una
1276 3199 1398 3239 cum
1432 3182 1745 3252 apostolicis
1771 3178 1815 3241 C
1850 3191 2084 3239 testatur
2112 3200 2172 3240 se
2204 3200 2326 3240 esse
2352 3186 2605 3241 idoneam
2632 3204 2645 3253 ;
2683 3195 2737 3240 ut
2770 3202 2867 3257 pro
2906 3186 3003 3241 illo
3031 3183 3360 3239 satisfaciat.
3396 3182 3470 3239 Et

136 3282 561 3354 coagonizarcnt
588 3280 616 3318 b
648 3290 870 3351 propter
899 3279 1058 3334 fidem
1094 3278 1207 3333 Dei.
1255 3276 1411 3333 Unde
1439 3277 1582 3333 Silus
1622 3291 1745 3346 par-

142 3376 310 3449 ticeps
338 3376 591 3431 laborum
626 3374 901 3430 invenitur
930 3372 1197 3443 Apostoli.

211 3470 402 3542 (γει-ε.
430 3467 647 3539 10-14.)
667 3468 888 3522 Obsecro
914 3478 985 3533 te,
1019 3484 1113 3537 pro
1141 3481 1253 3519 meo
1271 3465 1402 3536 ﬁlio,
1433 3479 1579 3534 quem
1600 3462 1753 3536 genui

137 3562 189 3616 in
222 3563 469 3627 vinculis,
511 3560 755 3616 Onesimo
791 3558 1055 3632 quondam
1094 3557 1184 3612 tibi
1223 3555 1417 3621 inutili,
1460 3570 1595 3608 nunc
1633 3568 1750 3607 vero

142 3655 228 3710 tibi
278 3655 509 3725 mihique
553 3653 785 3727 perutili,
828 3670 975 3723 quem
1021 3651 1195 3705 remisi
1233 3648 1301 3703 ad
1345 3657 1411 3702 te.
1461 3646 1542 3702 Tu
1586 3655 1753 3700 autem

142 3748 309 3817 illum,
353 3749 486 3804 sicut
522 3764 632 3802 mea
675 3749 871 3802 viscera
908 3746 1113 3815 suscipe
1136 3760 1155 3799 :
1180 3760 1329 3814 quem
1358 3758 1452 3816 ego
1489 3742 1752 3797 volueram

146 3844 285 3914 apud
313 3858 399 3896 me
429 3842 599 3911 ipsum
630 3842 869 3907 retinere,
912 3848 968 3892 ut
1003 3854 1097 3909 pro
1127 3847 1174 3890 te
1200 3836 1328 3889 mihi
1355 3834 1671 3888 ministraret
1698 3833 1751 3886 in

144 3934 365 3989 vinculis
395 3931 703 4005 Evangelii:
728 3932 820 3986 sed
841 3933 972 3987 citra
996 3942 1139 3985 tuum
1164 3928 1435 3983 consilium
1458 3928 1590 3982 nihil
1613 3928 1753 3981 uolui

144 4029 314 4100 facere
342 4046 364 4095 ;
394 4037 448 4083 ut
478 4044 580 4083 non
610 4028 745 4083 velut
777 4044 841 4083 ea:
880 4026 1181 4082 necessitate
1209 4024 1396 4077 bonum
1424 4032 1568 4075 tuum
1601 4027 1753 4088 esset,

148 4126 235 4179 sed
261 4124 633 4179 voluntarium.
664 4120 780 4177 Non
807 4135 1065 4191 magnum
1092 4128 1177 4174 cst
1205 4117 1465 4171 humilem
1489 4114 1755 4169 inclinare

149 4231 227 4283 se,
274 4213 550 4271 laudabile
588 4228 721 4270 vero
770 4212 1061 4267 sublimem
1110 4210 1290 4264 virum
1334 4206 1621 4262 bumiliare
1660 4218 1750 4267 se;

151 4307 272 4364 ideo
296 4307 595 4377 Aposmlus
624 4316 778 4377 rogat
805 4319 928 4360 eum
949 4342 966 4369 ,
998 4304 1084 4358 cui
1116 4300 1420 4371 imperandi
1456 4299 1621 4354 habet
1652 4312 1753 4367 po-

152 4408 423 4468 testatem,
453 4399 589 4455 utin
617 4399 869 4454 omnibus
885 4395 1236 4469 318f0rma
1265 4395 1338 4449 sit
1357 4392 1423 4447 ad
1450 4390 1752 4462 profectum

1854 3287 1914 3333 ut
1943 3293 2127 3334 verum
2162 3280 2437 3351 loquatur,
2469 3280 2735 3351 suberigit
2762 3296 2844 3347 se,
2876 3291 2932 3334 et
2964 3280 3095 3334 dicit
3122 3279 3247 3350 quia
3283 3279 3467 3334 minus
3519 3280 3525 3286 ’

1852 3374 2039 3429 abillo
2066 3374 2260 3447 exigit,
2302 3391 2463 3445 quam
2495 3375 2697 3430 debere
2722 3375 3009 3447 probatur.
3038 3373 3095 3428 1n
3129 3388 3291 3430 servo
3318 3373 3463 3428 enim

1852 3465 2066 3537 cogitur
2093 3465 2412 3522 satisfacere
2436 3484 2449 3531 ;
2475 3466 2603 3537 quia
2629 3468 2870 3536 seipsum
2899 3466 3085 3520 debito
3114 3475 3324 3521 onerat.

1925 3560 2123 3633 (Vers.
2159 3560 2252 3627 20,
2284 3560 2377 3615 21.
2402 3560 2419 3631 )
2448 3560 2537 3615 Ita
2564 3562 2746 3630 frater,
2781 3562 2855 3615 sic
2885 3577 2977 3630 ego
3010 3572 3057 3613 te
3089 3562 3238 3631 fruar
3270 3561 3324 3614 in
3355 3557 3467 3613 Do-

1854 3657 2017 3721 mino,
2044 3660 2218 3727 refove
2254 3657 2447 3710 viscera
2475 3672 2588 3711 mea
2616 3656 2667 3709 in
2697 3653 2923 3709 Christo.
2966 3653 3244 3707 Fiduciam
3270 3652 3465 3707 habens

1854 3748 2208 3804 obauditionis
2247 3758 2368 3813 tua},
2408 3748 2593 3817 scripsi
2635 3747 2743 3813 tibi,
2780 3746 2947 3801 sciens
2976 3746 3097 3811 quia
3122 3762 3282 3814 supra
3310 3761 3465 3813 quam

1855 3843 1990 3907 dico,
2022 3841 2204 3914 facies.
2232 3841 2394 3896 Modo
2419 3840 2718 3907 blanditur,
2752 3848 2809 3893 ut
2830 3836 3112 3894 obauditio
3132 3838 3250 3906 ejus
3272 3836 3466 3892 volun-

1857 3937 1994 3992 taria
2023 3936 2127 4002 sit;
2158 3944 2218 3991 ut
2246 3934 2414 4006 possit
2448 3935 2683 3989 fructum
2711 3932 2936 3988 habere.
2969 3930 3061 3986 Sic
3087 3930 3233 3985 enim
3265 3944 3469 4002 provo-

1856 4012 1946 4086 cat
1976 4046 2127 4099 eum,
2159 4040 2215 4084 ιιι
2241 4030 2475 4099 amplius
2504 4028 2690 4097 faciat,
2724 4042 2886 4097 quam
2922 4024 3232 4096 postulatur
3260 4023 3331 4079 ab
3360 4037 3465 4088 eo;

1857 4124 1999 4179 solet
2041 4123 2184 4179 enim
2226 4122 2369 4187 fieri,
2424 4132 2479 4178 ut
2515 4123 2606 4193 qui
2660 4120 2811 4177 videt
2856 4120 2995 4175 bene
3033 4117 3105 4173 de
3154 4132 3214 4175 se
3253 4116 3466 4182 sentiri,

1859 4219 2141 4274 meliorem
2171 4232 2230 4274 se
2270 4218 2529 4288 praebeat.

1931 4312 2112 4385 (Vers.
2137 4310 2258 4383 22.)
2287 4311 2461 4368 Simul
2480 4320 2651 4365 autem
2674 4318 2721 4364 et
2743 4324 2982 4380 prtcpara
3005 4306 3134 4362 mihi
3154 4307 3470 4377 hospitium;

1859 4421 2011 4474 spero
2049 4404 2185 4458 enim
2215 4405 2355 4473 quod
2402 4420 2494 4474 per
2529 4403 2785 4457 orationes
2817 4410 3009 4455 vestras
3048 4397 3280 4453 donabor
3307 4397 3469 4453 vobis.

154 4498 500 4554 meritorum.
541 4494 857 4551 Onesimum
889 4505 1021 4561 ergo
1055 4486 1338 4560 profugum
1378 4494 1753 4543 recurrentem
1860 4497 1928 4555 υι
1953 4498 2333 4554 sollicitiore,“
2364 4498 2519 4554 illum
2546 4497 2741 4560 faciat.
2775 4507 2829 4552 ει
2854 4496 3025 4566 magis
3052 4492 3273 4550 οδθάίει
3294 4534 3311 4560 ν
3342 4506 3473 4547 νεη-

156 4593 221 4648 ad
256 4592 502 4649 divinum
544 4587 811 4645 auxilium
835 4627 849 4653 ,
894 4600 1017 4640 cum
1046 4592 1197 4639 esset
1234 4581 1287 4636 in
1331 4578 1576 4636 custodia
1608 4576 1756 4633 urbis
1782 4569 1834 4630 1)
1861 4603 2040 4649 mrum
2078 4608 2138 4649 se
2166 4608 2289 4649 esse
2333 4592 2409 4649 ειη
2454 4592 2761 4662 signiﬁcat;
2812 4592 2990 4647 εθιεηι
3028 4590 3173 4645 enim
3213 4586 3477 4643 absentes

158 4682 340 4740 Romae
369 4680 661 4755 baptizavit
690 4677 983 4749 Apostolus
1012 4674 1149 4747 (Act.
1182 4689 1373 4737 xxvm,
1408 4670 1532 4743 16),
1562 4669 1753 4726 videns

159 4776 212 4830 in
235 4775 327 4831 illo
350 4775 606 4831 utilitatis
627 4787 802 4843 spem.
826 4769 998 4837 Quem
1020 4767 1103 4821 sic
1121 4763 1495 4829 commendat,
1517 4773 1574 4817 ut
1596 4779 1752 4817 snutn

160 4870 397 4926 animum
432 4870 483 4936 in
516 4868 609 4924 illo
638 4865 914 4936 signiticet
943 4861 1199 4917 idoneum
1243 4875 1311 4915 ex
1349 4858 1524 4913 inutili
1558 4859 1752 4912 factum

163 4973 267 5021 tam
292 4963 646 5021 saecularibus
667 5003 681 5029 ,
710 4974 872 5031 quam
899 4955 1096 5011 divinis
1124 4953 1425 5024 obsequiis.

231 5057 413 5130 (Vers.
463 5058 549 5123 15,
595 5055 710 5124 16.)
759 5050 1006 5106 Forsitan
1040 5048 1177 5103 enim
1213 5046 1408 5100 idcirco
1448 5045 1652 5099 secessit
1688 5043 1755 5097 ad

168 5149 362 5215 horam,
403 5158 460 5203 ut
491 5148 545 5202 in
584 5154 832 5202 talentum
859 5140 1007 5195 illum
1032 5139 1283 5210 reciperes
1310 5152 1328 5191 :
1357 5151 1462 5190 non
1480 5140 1598 5210 jam
1626 5136 1761 5189 velut

170 5256 384 5308 servum,
406 5241 499 5295 sed
520 5255 615 5310 pro
635 5254 778 5293 servo
799 5235 1049 5289 dilectum
1078 5234 1316 5296 fratrem,
1348 5230 1570 5283 maxime
1593 5227 1760 5295 mihi;

169 5347 354 5405 quanto
399 5343 573 5389 autem
611 5332 774 5403 magis
806 5328 896 5385 tibi
934 5337 985 5382 et
1029 5326 1083 5379 in
1123 5340 1279 5379 carne
1314 5334 1361 5378 et
1408 5325 1461 5378 in
1504 5321 1765 5378 Domino?

174 5425 477 5497 Onesimus,
524 5426 733 5485 oﬂenso
771 5422 991 5480 domino
1034 5419 1280 5492 proprio,
1320 5417 1562 5489 confugit
1607 5418 1763 5488 longa

244 5624 268 5685 ξι
305 5615 485 5672 Codex
510 5614 676 5682 Vall.,
702 5612 919 5685 probare
946 5612 1043 5666 hoc
1064 5608 1211 5685 debet
1239 5606 1293 5661 in
1307 5607 1457 5685 filios
1483 5608 1616 5679 ejus.

240 5683 269 5726 δ
309 5687 465 5742 Rom.
496 5688 625 5742 edit.
654 5679 794 5751 sola,
824 5692 1035 5756 propter
1064 5679 1263 5734 Filium

250 5768 271 5827 ς
313 5758 510 5813 Eadem
534 5758 692 5827 Rom.
718 5750 880 5827 edit},
911 5750 1065 5809 habes
1092 5768 1173 5807 me
1194 5750 1517 5820 participem.

248 5825 273 5863 ἀ
316 5828 418 5885 Sed
454 5822 656 5902 propter
702 5821 1013 5900 profectum,
1063 5834 1116 5883 et
1168 5837 1289 5895 qua:
1338 5828 1639 5895 sequuntur
1693 5821 1759 5877 ad

1861 4689 2164 4744 contemni.
2198 4689 2267 4745 Et
2303 4698 2361 4744 ut
2398 4688 2527 4758 quid
2557 4686 2853 4757 Apostolus
2887 4685 2974 4739 hic
3005 4684 3184 4740 adhuc
3212 4696 3471 4739 essenon

1863 4782 2212 4854 dedignatur,
2254 4783 2345 4853 qui
2386 4796 2606 4853 semper
2635 4780 2796 4836 tzedia
2838 4795 3028 4850 passus
3060 4787 3143 4834 est
3173 4787 3231 4833 et
3264 4777 3428 4833 exitia
3456 4817 3471 4841 ,

1864 4876 2076 4940 caedes,
2114 4877 2554 4946 persecutiones,
2590 4889 2655 4931 ac
2696 4874 2947 4940 vincula,
2977 4880 3034 4928 et
3069 4873 3222 4942 cujus
3253 4870 3474 4941 requies

1867 4984 1972 5025 non
2002 4977 2141 5034 erat,
2181 4968 2283 5023 nisi
2315 4969 2366 5023 in
2395 4969 2513 5024 solo
2552 4968 2811 5024 Christo?
2838 4968 2864 5003 τί
2897 4965 3005 5023 Sed
3042 4974 3263 5036 propter
3289 4961 3474 5033 profe-

1862 5072 2010 5119 ctum
2039 5061 2383 5117 credentium
2403 5104 2416 5127 ,
2451 5068 2509 5116 ut
2537 5071 2592 5117 ct
2616 5061 2865 5116 inimicos
2891 5059 3070 5115 crucis
3098 5056 3307 5111 Christi
3338 5069 3472 5109 con-

1866 5158 2121 5215 funderet
2162 5158 2230 5213 ad
2277 5157 2371 5213 Dei
2418 5158 2647 5228 gloriam
2697 5151 3153 5225 augmentandam
3184 5192 3199 5215 ,
3247 5162 3470 5203 carnem

1866 5268 2020 5309 suam
2054 5252 2397 5323 passionibus
2431 5250 2722 5316 offerebat;
2766 5260 2823 5305 ut
2862 5249 3058 5303 animm
3101 5260 3215 5300 sua:
3254 5251 3312 5299 et
3341 5257 3467 5298 cor-

1867 5348 1987 5421 pori
2018 5362 2254 5404 coronas
2280 5346 2710 5402 immortalitatis
2738 5342 3064 5413 acquireret.

1945 5441 2139 5515 (Vers.
2177 5444 2272 5512 9.5,
2315 5440 2444 5513 24.)
2486 5439 2693 5496 Salutat
2738 5446 2786 5491 te
2828 5434 3104 5506 Epaphras
3136 5432 3469 5504 concaptivus

1876 5608 2039 5665 ﬁnem
2085 5624 2258 5681 usque
2287 5604 2691 5681 commentarii,
2725 5602 3105 5681 desiderantur
3141 5600 3198 5657 in
3230 5600 3475 5681 pluribus

1872 5672 2204 5753 optimmque
2232 5691 2377 5736 nota:
2399 5678 2718 5753 codicibus:
2747 5674 2945 5753 inaliis
2969 5683 3152 5753 tamen
3175 5672 3476 5753 nonnullis,

1871 5744 1990 5881 necl1
1996 5744 2131 5881 ὣοᾰ
2163 5754 2217 5811 in
2267 5750 2524 5809 omnibus
2569 5746 2901 5805 editionibus
2946 5745 3137 5805 eadem
3189 5744 3278 5802 illa
3322 5758 3478 5814 repe-

1868 5838 1952 5881 rtu
2058 5841 2099 5880 r.
