3970 6316
487 273 585 332 5H

1375 272 1467 328 AD
1504 271 1741 330 OPEBA
1781 272 2028 331 SANCTI
2064 273 2396 332 AMBROSII
2454 273 2823 331 APPENDIX.

3655 275 3743 331 512

483 393 651 449 citate
686 400 984 448 censentur
1010 390 1230 458 Ariani,
1276 391 1367 461 qui
1421 390 1658 450 dicunt:
1701 389 1835 447 Erat
1862 400 2078 462 tempus
2107 395 2156 454 Α
2182 408 2282 461 quo
2322 394 2530 458 omnia;
2578 408 2685 448 non
2735 402 2987 448 naturam
3029 406 3283 449 secamus
3315 435 3331 460 ,
3382 391 3480 448 sed
3519 392 3746 451 unitatem

483 486 706 556 quando
733 501 840 542 non
888 494 1009 542 erat
1039 484 1238 553 Filius,
1281 484 1457 541 lector
1500 485 1777 557 intelligit.
1821 484 2090 554 Numquid

483 580 629 637 enim
687 580 865 650 potuit
907 595 1031 637 esse
1078 589 1292 651 tempus
1341 580 1558 649 quando
1598 581 1761 637 Pater
1791 582 1909 635 sine
1939 580 2049 636 vita
2074 622 2089 647 ,

486 672 607 729 sine
631 673 921 744 sapientia,
940 673 1062 728 sine
1077 673 1301 739 virtute,
1321 673 1441 728 sine
1461 672 1667 740 Verbo,
1685 672 1828 744 quod
1844 672 2094 728 Christus

483 780 592 837 est,
620 769 788 827 fuerit
811 772 834 825 ?
856 770 1041 838 Absit;
1075 787 1197 827 cum
1224 772 1512 827 manifeste
1536 771 1653 841 ipse
1674 770 1914 826 declaret
1936 769 2097 825 Pater

484 861 675 918 dicens
720 880 734 916 :
777 861 1045 917 Eructavit
1088 879 1182 918 cor
1223 880 1395 918 meum
1450 861 1671 917 Verbum
1698 862 1889 916 bonum
1917 860 2090 934 (Psal.

484 969 634 1021 ntv,
655 953 733 1027 2).
760 954 917 1024 Quod
950 955 1316 1024 comprobatus
1340 955 1531 1009 beatus
1560 952 1799 1009 Joannes
1824 952 1954 1009 dicit
1986 971 1998 1006 :
2030 951 2096 1008 In

485 1048 748 1122 principio
798 1057 913 1104 erat
956 1048 1199 1114 Verbum,
1238 1057 1289 1104 et
1336 1049 1561 1104 Verbum
1584 1060 1695 1105 erat
1730 1049 1869 1122 apud
1895 1049 2096 1117 Deum,

487 1152 536 1198 et
563 1140 703 1197 Deus
720 1154 831 1197 erat
854 1142 1105 1199 Verbum.
1137 1143 1252 1198 Hoc
1268 1151 1375 1198 erat
1400 1145 1455 1198 in
1475 1144 1734 1217 principio
1750 1144 1891 1218 apud
1908 1143 2095 1199 Deum.

492 1236 682 1291 Omnia
731 1254 823 1307 per
848 1239 1023 1309 ipsum
1054 1238 1194 1308 facta
1240 1249 1380 1304 sunt,
1420 1248 1469 1294 et
1502 1240 1615 1294 sine
1656 1240 1775 1307 ipso
1808 1243 2006 1311 factum
2025 1248 2101 1293 est

492 1328 628 1384 nihil
648 1328 833 1402 (Joan.
859 1346 898 1396 ι,
936 1330 1075 1402 1-5).
1100 1329 1369 1401 Quidquid
1402 1346 1534 1402 ergo
1565 1332 1911 1402 incorporale
1937 1332 2100 1405 322

494 1433 580 1478 est
606 1432 660 1479 et
679 1422 974 1489 invisibile,
1001 1425 1319 1481 diversitate
1341 1425 1587 1481 locorum
1612 1441 1719 1480 non
1749 1434 1929 1496 potest
1947 1440 2103 1497 sepa-

496 1514 630 1570 rari.
652 1513 708 1571 Si
741 1516 884 1571 enim
912 1526 1321 1588 nosterlsermo,
1354 1528 1446 1572 aut
1470 1519 1667 1586 virtus,
1695 1526 1789 1572 aut
1810 1517 2101 1590 sapientia,

499 1621 531 1662 a
573 1606 733 1662 nobis
787 1609 1029 1681 separari
1080 1625 1187 1664 non
1234 1620 1439 1681 potest,
1491 1610 1595 1667 nisi
1638 1626 1761 1666 cum
1812 1627 1843 1668 e
1873 1626 2105 1683 corpore

501 1699 877 1768 abscedimus,
927 1704 1202 1773 quomodo
1254 1703 1372 1761 haec
1416 1704 1488 1760 ab
1511 1706 1805 1762 immortali
1846 1716 1901 1763 et
1931 1707 2106 1762 omni-

2195 495 2252 541 et
2278 498 2511 550 naturai,
2541 495 2596 541 et
2635 486 2959 551 voluntatis,
2990 495 3045 541 ct
3076 485 3420 556 operationis
3448 485 3749 543 confitemur.

2194 579 2351 637 Unus
2380 596 2515 653 ergo
2547 581 2691 637 Deus
2722 580 2775 637 in
2809 580 2897 637 his
2927 581 3119 647 tribus,
3164 591 3214 636 et
3261 580 3379 635 haec
3408 579 3507 635 tria
3536 595 3658 635 unus
3680 591 3750 639 est

2197 673 2363 729 Deus.
2415 674 2571 743 Quod
2603 676 2671 729 ita
2705 690 2826 730 esse
2858 674 2998 730 idem
3030 674 3359 744 comprobat
3385 672 3657 743 Apostolus
3678 673 3751 731 di-

2197 783 2326 823 cens
2356 786 2369 824 :
2404 768 2485 823 Ea:
2512 770 2647 837 ipso,
2696 779 2743 825 et
2771 787 2860 840 per
2888 769 3097 841 ipsum,
3135 778 3183 824 et
3209 771 3263 823 in
3294 769 3410 839 ipso
3440 769 3603 822 omnia
3630 785 3647 823 :
3672 770 3755 834 ipsi

2198 862 2366 935 gloria
2412 863 2463 915 in
2505 863 2698 917 «ecula
2742 864 3085 928 sweuiorum,
3129 879 3280 917 amen
3310 860 3503 935 (Rom.
3552 877 3619 926 ιι,
3658 862 3755 933 55).

2199 955 2368 1025 Cujus
2390 957 2467 1011 rei
2494 971 2805 1024 congruens
2832 956 3002 1013 David
3032 956 3298 1027 propheta
3322 955 3459 1011 dicit
3488 955 3760 1010 :Bmdicat

2200 1066 2295 1104 nos
2320 1049 2483 1115 Deus,
2512 1050 2652 1106 Deus
2678 1060 2871 1116 noster,
2900 1051 3169 1105 benedieat
3193 1067 3287 1105 nos
3310 1049 3447 1105 Deus
3466 1066 3486 1116 ;
3506 1059 3551 1104 et
3569 1057 3760 1105 metuant

2202 1159 2317 1198 eum
2360 1160 2536 1198 omnes
2579 1145 2708 1214 ﬁnes
2750 1155 2899 1199 terra:
2943 1142 3122 1215 (Psal.
3172 1160 3325 1208 Lm,
3375 1142 3455 1213 8).
3484 1142 3633 1198 Pater
3655 1158 3760 1214 ergo

2205 1246 2358 1308 pater
2389 1239 2617 1294 estsine
2651 1239 2840 1302 initio;
2893 1252 3070 1307 neque
3104 1237 3249 1292 enim
3301 1245 3389 1291 est
3417 1235 3560 1290 aliud
3587 1234 3760 1304 aliquid

2203 1330 2348 1387 unde
2379 1331 2539 1386 Pater
2569 1332 2641 1386 sit
2674 1350 2686 1386 :
2726 1340 2796 1387 -ει
2850 1330 3021 1386 Filius
3047 1329 3221 1385 Filius
3260 1336 3347 1386 est
3393 1328 3593 1399 absque
3632 1326 3763 1383 initio

2206 1423 2519 1490 dumtaxat;
2565 1423 2635 1481 de
2666 1424 2825 1481 Patre
2866 1425 3009 1481 enim
3042 1432 3165 1492 est,
3210 1431 3265 1478 et
3300 1431 3517 1478 creator
3556 1421 3762 1476 omnium

2208 1528 2515 1589 temporum
2581 1527 2669 1573 est
2729 1537 2741 1573 :
2800 1527 2855 1574 ct
2894 1518 3022 1574 ideo
3080 1533 3187 1572 non
3253 1515 3425 1571 sumit
3466 1514 3657 1570 initium
3711 1528 3764 1568 ex

2209 1619 2458 1682 tempore
2503 1611 2701 1684 (Joan.
2747 1629 2785 1679 ι,
2830 1612 2907 1679 ll,
2959 1611 3086 1683 quia
3120 1609 3383 1676 Verbum,
3440 1607 3560 1680 quia
3599 1606 3763 1674 virtus,

2209 1706 2334 1776 quia
2363 1705 2633 1776 sapientia
2662 1715 2765 1768 est,
2796 1721 2918 1775 quae
2943 1720 3107 1760 omne
3136 1713 3355 1774 tempus
3384 1713 3439 1758 et
3469 1702 3589 1757 fecit
3612 1710 3659 1755 et
3681 1714 3764 1755 an.

505 1804 736 1866 potente
764 1795 901 1863 Deo,
931 1798 1022 1868 qui
1053 1799 1235 1855 omnia
1256 1813 1353 1869 per
1380 1799 1617 1855 Verbum
1648 1816 1809 1857 suum
1831 1816 1903 1857 ex
1928 1801 2101 1858 nihilo
2132 1799 2181 1861 B
2210 1799 2409 1853 lecedil
2439 1797 2499 1869 (Ι
2530 1798 2650 1853 Cor.
2684 1814 2733 1865 ι,
2762 1797 2832 1852 34
2855 1798 2897 1870 )-
2944 1797 3180 1868 Spirilus
3212 1805 3397 1850 autem
3431 1804 3635 1850 8300105
3659 1807 3766 1849 τθΐε

499 1886 661 1956 fecit,
718 1898 976 1961 poterunt
1019 1893 1300 1963 separari?
1346 1893 1482 1949 Nam
1509 1894 1666 1966 cujus
1688 1896 1796 1951 erit
1832 1896 1995 1953 Pater
2020 1914 2105 1953 se-

506 1981 749 2039 cundum
793 1985 992 2056 impios
1030 1986 1338 2052 haereticos,
1378 1987 1427 2042 si
1453 1988 1523 2043 ab
1552 2004 1619 2044 eo
1644 1988 1769 2044 Filii
1795 1999 1988 2045 natura
2015 2006 2104 2046 se-

508 2077 772 2147 paratur?
804 2076 870 2132 Et
901 2094 1092 2134 rursus
1124 2078 1293 2136 Filius
1333 2080 1490 2150 cujus
1519 2083 1625 2137 erit
1664 2082 1858 2149 Filius,
1904 2085 1950 2139 si
1999 2100 2106 2140 non

510 2170 672 2242 origo
701 2186 798 2227 sua
826 2171 1098 2230 referatur
1118 2175 1183 2229 ad
1206 2175 1460 2243 Patrem;
1486 2187 1542 2232 ut
1560 2179 1630 2233 sit
1658 2178 1748 2234 ille
1774 2179 1866 2250 qui
1898 2181 2105 2251 genuit,

503 2275 560 2325 et
588 2267 677 2322 ille
702 2270 792 2337 qui
827 2284 896 2324 ex
924 2283 993 2325 eo
1023 2270 1244 2340 genitus
1285 2271 1409 2327 cst?
1456 2271 1619 2328 Pater
1650 2288 1782 2343 ergo
1820 2274 1913 2345 qui
1957 2275 2109 2345 origo

506 2368 591 2416 est
615 2358 839 2416 deitatis
856 2372 911 2417 et
953 2362 1239 2431 bonitatis,
1293 2374 1441 2421 recte
1475 2374 1530 2420 et
1558 2366 1611 2421 in
1654 2365 1793 2422 Filio
1818 2368 1957 2423 etin
1987 2367 2111 2438 Spi-

509 2453 617 2512 ritu
664 2465 859 2511 sancto
905 2457 1232 2528 intelligitur
1254 2468 1307 2513 et
1334 2459 1575 2515 sentitur
1609 2476 1623 2514 :
1656 2460 1709 2516 in
1753 2460 1881 2527 illo,
1919 2462 1969 2516 id
2003 2471 2108 2527 εει,

510 2545 565 2603 in
597 2546 762 2614 Filio,
806 2548 962 2604 velut
1005 2549 1189 2606 Verbo
1210 2594 1225 2618 ,
1256 2552 1459 2608 virtute
1489 2562 1545 2608 et
1570 2554 1840 2625 sapientia
1869 2574 1881 2609 :
1917 2556 1972 2609 in
2007 2554 2111 2611 hoc

505 2648 713 2703 autem,
748 2639 774 2668 ⁸
797 2639 945 2696 velut
982 2638 1190 2711 Spiritu
1233 2642 1301 2697 ab
1331 2643 1450 2714 ipso
1486 2643 1843 2713 procedente.
1875 2644 1948 2699 Ita
1980 2661 2111 2716 ergo

511 2741 726 2786 rectum
756 2742 811 2786 et
838 2733 1168 2789 catholicum
1198 2745 1304 2801 est,
1347 2744 1407 2791 ut
1435 2745 1490 2790 et
1522 2752 1688 2792 unum
1719 2738 1887 2793 Deum
1917 2752 2113 2795 secun-

510 2822 641 2877 dum
667 2821 693 2860 δ
720 2823 1011 2880 veritatem
1039 2825 1365 2882 substantiae
1394 2827 1688 2895 fateamur,
1733 2840 1787 2885 et
1817 2830 2033 2887 Patrem
2062 2841 2116 2887 et

514 2912 715 2970 Filium
738 2956 754 2982 ,
787 2926 842 2972 et
869 2917 1130 2975 Spiritum
1179 2930 1431 2975 sanctum
1473 2922 1527 2976 in
1556 2938 1652 2977 sua
1683 2939 1953 2994 quemque
1983 2925 2113 2979 sul)-

514 3008 761 3065 sistentia
813 3012 1138 3067 sentiamus.
1185 3015 1405 3086 Absque
1459 3026 1480 3055 ο
1532 3016 1639 3071 ulla
1687 3027 1772 3072 est
1818 3033 1954 3089 ergo
2009 3017 2115 3074 fine

512 3101 787 3159 credenda
840 3116 1047 3161 sanctae
1092 3106 1379 3164 Trinitatis
1435 3107 1716 3175 divinitas,
1750 3107 1775 3146 ἀ
1809 3120 1861 3166 ει
1894 3110 1960 3166 ad
1990 3125 2116 3166 sen-

2210 1890 2447 1959 Spiritus
2494 1901 2599 1958 est,
2653 1890 2954 1959 procedens
3003 1891 3222 1962 quidem
3266 1905 3334 1944 ex
3379 1888 3537 1943 Patre
3572 1896 3595 1934 ε
3635 1904 3646 1941 :
3686 1886 3766 1941 sed

2211 2002 2319 2044 non
2353 1997 2439 2044 est
2466 1999 2521 2044 et
2549 1990 2667 2057 ipse
2698 1988 2900 2054 Filius;
2951 1988 3076 2058 quia
3128 2002 3239 2042 non
3281 1992 3595 2057 generatur,
3622 1980 3649 2020 λ
3686 1981 3766 2038 sed

2212 2084 2463 2151 procedit
2493 2098 2521 2137 a
2550 2082 2739 2138 Patre.
2773 2082 2945 2137 Omne
2973 2082 3119 2136 enim
3147 2080 3293 2151 quod
3326 2088 3431 2143 est,
3480 2088 3567 2134 aut
3592 2076 3768 2148 ingeni-

2216 2184 2326 2228 tum
2369 2184 2476 2241 est,
2529 2185 2623 2229 aut
2667 2174 2936 2244 genitum,
2984 2183 3079 2228 aut.
3123 2172 3349 2228 factum.
3390 2172 3484 2226 Est
3508 2186 3626 2243 ergo
3648 2170 3768 2242 quod

2214 2281 2391 2336 neque
2450 2277 2658 2331 natum,
2704 2283 2882 2339 neque
2924 2269 3128 2322 factum
3175 2276 3305 2323 est:
3345 2263 3590 2336 estquod
3613 2274 3768 2320 natum

2213 2372 2319 2426 εει,
2351 2372 2407 2417 ει
2448 2361 2654 2417 factum
2700 2378 2810 2418 non
2842 2371 2926 2418 est
2959 2380 2973 2415 :
3005 2371 3168 2418 etest
3200 2359 3347 2432 quod
3388 2374 3555 2431 neque
3581 2367 3768 2422 natum,

2216 2470 2395 2527 neque
2418 2455 2620 2511 factum
2651 2467 2732 2511 est
2765 2474 2778 2511 :
2812 2469 2863 2511 ει
2898 2466 2975 2511 εει
3013 2455 3158 2527 quod
3180 2453 3390 2511 factum
3421 2461 3521 2519 est,
3546 2461 3598 2509 et
3619 2461 3768 2507 natum

2220 2565 2329 2605 non
2355 2560 2442 2605 est
2472 2569 2485 2605 :
2518 2562 2574 2605 et
2619 2560 2704 2605 est
2734 2550 2877 2621 quod
2910 2549 3114 2605 factum
3146 2556 3249 2617 est,
3294 2558 3351 2604 et
3399 2557 3579 2603 natum
3606 2555 3693 2611 est,
3728 2554 3773 2600 et

2217 2651 2470 2697 renatum
2498 2652 2582 2697 est
2614 2659 2627 2695 :
2656 2652 2711 2698 et
2734 2652 2819 2697 est
2846 2643 2989 2714 quod
3033 2641 3235 2696 factum
3266 2650 3390 2707 est,
3432 2638 3585 2712 323
3626 2646 3673 2693 et
3692 2651 3771 2694 na-

2220 2746 2332 2791 tum
2359 2744 2464 2802 est,
2514 2747 2567 2791 et
2599 2745 2849 2791 renatum
2882 2751 2989 2790 non
3021 2744 3123 2789 est.
3169 2732 3326 2789 Nunc
3362 2742 3541 2787 autem
3569 2729 3775 2802 proposi-

2220 2838 2399 2885 torum
2456 2844 2773 2895 memores,
2830 2828 3059 2899 singulis
3106 2828 3221 2897 jam
3275 2826 3446 2882 rebus
3490 2821 3774 2881 substantias

2217 2922 2594 2993 deSignemus.
2626 2920 2784 2990 Quod
2809 2936 2940 2991 ergo
2965 2935 3143 2990 neque
3171 2930 3385 2983 natum,
3418 2931 3586 2988 neque
3612 2916 3774 2970 factum

2218 3025 2303 3072 est
2325 3058 2340 3082 ,
2372 3016 2534 3071 Pater
2562 3026 2646 3070 est
2670 3032 2682 3067 :
2717 3030 2824 3070 non
2849 3014 2995 3069 enim
3019 3012 3088 3067 ab
3114 3013 3301 3082 aliquo
3330 3020 3436 3065 est.
3462 3007 3608 3077 Quod
3627 3017 3777 3062 autem

2219 3118 2404 3165 natum
2430 3117 2536 3177 est,
2566 3115 2623 3164 et
2655 3110 2859 3163 factum
2884 3122 2993 3163 non
3025 3119 3131 3174 εει,
3159 3105 3333 3161 Filius
3357 3114 3464 3169 est,
3488 3104 3574 3175 qui
3600 3118 3627 3158 a
3648 3101 3778 3156 Patre

517 3195 762 3253 tiendum
801 3199 968 3254 etiam
1020 3200 1122 3270 ipsi
1173 3203 1342 3256 menti
1383 3200 1645 3258 difficilis.
1693 3202 1764 3258 Et
1812 3202 1915 3259 hoc
1944 3203 2118 3259 solum
2148 3203 2194 3267 C
2224 3204 2441 3275 genitus
2470 3212 2571 3258 εει.
2608 3201 2763 3271 Quod
2791 3216 2925 3257 vero
2955 3215 3135 3271 neque
3185 3208 3374 3254 natum
3411 3213 3578 3269 neque
3613 3197 3777 3250 factum

511 3300 619 3357 est,
644 3292 786 3361 quod
811 3307 877 3347 ex
905 3308 969 3349 ea
988 3294 1535 3364 comprehendimus,
1565 3297 1691 3366 quia
1719 3297 2119 3366 comprehendi

518 3400 629 3440 non
676 3396 878 3455 potest.
941 3386 1058 3444 Una
1106 3396 1191 3444 est
1238 3404 1371 3460 ergo
1409 3390 1461 3445 in
1506 3391 1681 3448 tribus
1709 3392 1908 3459 deitas,
1937 3402 1993 3447 et
2019 3394 2120 3449 tria

521 3484 649 3531 sunt
676 3476 729 3531 in
759 3479 955 3550 quibus
978 3480 1177 3536 deitas.
1198 3480 1354 3536 Nulla
1377 3496 1510 3553 ergo
1532 3484 1588 3538 in
1611 3485 1819 3539 unitate
1840 3483 2117 3555 confusio,

526 3580 548 3605 ι-
580 3585 759 3640 neque
780 3572 835 3626 in
867 3571 1159 3628 divinitate
1197 3573 1485 3630 discidium
1516 3587 1621 3632 est.
1674 3575 1742 3632 Et
1771 3576 1895 3634 ideo
1918 3580 2122 3650 pariter

521 3663 824 3735 abjicicnda
878 3678 963 3723 est
994 3676 1049 3723 et
1069 3669 1220 3724 stulti
1263 3669 1492 3726 Sabellii
1519 3671 1865 3739 commixtio,
1893 3682 1947 3728 et
1970 3674 2121 3744 impii

520 3756 638 3812 Arii
684 3760 961 3829 separatio
1003 3779 1019 3817 ε
1074 3765 1350 3818 contraria
1397 3765 1600 3820 etenim
1654 3764 1783 3832 sibi,
1829 3765 1927 3821 sed
1967 3782 2123 3836 teque

521 3850 687 3921 impia
712 3853 1077 3923 protulerunt.
1115 3853 1135 3892 τ
1171 3855 1447 3913 Sabellius
1477 3858 1625 3914 enim
1656 3858 1783 3913 dum
1811 3860 1999 3915 omnia
2025 3875 2124 3915 no-

524 3945 724 4000 minari
775 3956 950 4015 putat,
1002 3949 1136 4005 nihil
1188 3965 1312 4006 esse
1367 3952 1793 4022 unumquodque
1837 3952 2120 4023 designat;

522 4037 778 4105 quoniam
824 4040 1045 4110 quidem
1089 4040 1294 4097 desinit
1339 4058 1464 4099 esse
1490 4044 1635 4114 quod
1662 4054 1771 4113 ost,
1800 4060 1925 4101 cum
1957 4046 2009 4102 in
2039 4046 2121 4101 al-

523 4135 835 4192 terutrum,
908 4129 960 4185 id
1014 4132 1161 4201 quod
1222 4148 1345 4189 esse
1404 4134 1606 4191 dicitur
1655 4136 2121 4209 uniuscujusque,

525 4219 965 4277 transfunditur:
1000 4224 1161 4278 Arius
1200 4235 1382 4279 autem
1426 4224 1557 4282 dum
1598 4237 1908 4284 creaturam
1945 4227 2123 4284 Patris

529 4308 751 4378 Filium,
797 4310 1061 4384 Spiritum
1109 4331 1240 4371 vero
1279 4328 1527 4373 sanetum
1569 4316 1695 4375 Filii
1728 4320 1896 4391 impie
1927 4322 2124 4377 asserit

524 4417 648 4458 esse
679 4414 988 4462 creaturam
1001 4449 1015 4462 .

598 4496 828 4556 CAPUT
870 4499 959 4555 ill.
983 4533 1054 4543 —
1079 4502 1190 4560 Sed
1221 4504 1452 4574 abjectis
1492 4505 1614 4562 istis
1648 4507 2026 4579 impietatibus
2069 4519 2126 4565 et

2224 3309 2329 3366 est,
2378 3297 2614 3369 Spiritus
2662 3305 2884 3352 sanctus
2930 3304 3038 3361 est,
3087 3295 3179 3366 qui
3221 3310 3252 3349 a
3298 3293 3460 3348 Patre
3504 3289 3779 3361 iprocedit.

2224 3390 2386 3459 Quod
2418 3390 2581 3445 etiam
2613 3389 2817 3445 factum
2858 3398 2973 3454 est,
3004 3401 3059 3444 et
3100 3397 3287 3442 natum
3320 3401 3429 3442 non
3468 3394 3567 3451 est,
3594 3383 3778 3447 celum,

2223 3495 2280 3541 et
2319 3495 2487 3551 terra,
2538 3494 2593 3540 et
2634 3494 2833 3540 caetera
2875 3498 3001 3554 quae
3038 3491 3188 3537 sunt.
3221 3479 3380 3549 Quod
3408 3488 3585 3535 autem
3611 3476 3778 3531 factum

2226 3589 2335 3645 est,
2387 3587 2442 3633 et
2492 3584 2675 3632 natum
2725 3586 2834 3643 est,
2882 3585 2937 3631 et
2972 3584 3223 3631 renatum
3263 3583 3372 3641 est,
3416 3571 3577 3627 homo
3596 3577 3688 3635 est,
3709 3567 3793 3637 qui

2226 3672 2404 3742 primo
2444 3670 2688 3726 nascitur
2731 3669 2993 3735 carnalis,
3041 3676 3099 3724 et
3138 3667 3195 3722 in
3217 3667 3491 3737 baptismo
3519 3662 3793 3720 renascitur

2225 3762 2546 3833 spiritualis.
2589 3761 2743 3829 Quod
2789 3776 2921 3817 vero
2970 3760 3172 3815 factum
3201 3768 3310 3826 est,
3345 3767 3403 3814 et
3428 3766 3605 3813 natum
3627 3762 3720 3821 est,
3746 3762 3793 3807 et

2226 3864 2477 3910 renatum
2509 3870 2614 3908 non
2644 3863 2749 3921 cst,
2783 3853 3043 3908 animalia
3076 3861 3226 3908 sunt.

2298 3946 2530 4003 CAPUT
2570 3947 2660 4003 ιν.
2691 3978 2763 3988 -
2796 3947 2865 4003 Ut
2893 3962 3024 4018 ergo
3063 3946 3277 4017 singula
3322 3944 3611 4001 doceamus
3635 3953 3795 3997 exem-

2228 4044 2368 4115 plis;
2402 4044 2471 4099 de
2500 4044 2662 4099 Patre
2711 4043 2856 4098 enim
2898 4044 2970 4096 ita
3024 4042 3285 4111 scriptum
3335 4049 3461 4095 est:
3506 4037 3643 4095 Unus
3675 4035 3794 4089 enim

2230 4135 2370 4192 Deus
2408 4138 2584 4203 Pater,
2614 4152 2679 4190 ex
2704 4151 2805 4206 quo
2836 4134 3011 4189 omnia
3040 4140 3058 4205 (
3088 4132 3253 4191 lCor.
3289 4148 3407 4197 vut,
3450 4130 3542 4203 6);
3579 4128 3642 4184 de
3672 4125 3795 4181 Filio

2226 4237 2412 4283 autem
2438 4248 2449 4280 :
2478 4226 2625 4282 Unus
2649 4224 2905 4281 Dominus
2928 4223 3080 4280 Iesus
3102 4222 3363 4290 Christus,
3386 4239 3477 4295 per
3497 4218 3796 4293 quamam

2227 4320 2461 4394 (Ibid.);
2486 4330 2541 4376 et
2562 4321 2757 4377 iterum
2785 4338 2798 4375 :
2826 4319 2975 4377 Unus
3003 4319 3137 4375 enim
3150 4319 3317 4385 Deus,
3348 4334 3483 4373 unus
3507 4327 3553 4372 et
3576 4312 3796 4369 mediator

2229 4414 2327 4471 Dei
2350 4426 2401 4471 et
2428 4416 2695 4471 hominum
2717 4416 2869 4470 homo
2898 4413 3135 4471 Christus
3150 4412 3310 4468 Iesus
3332 4412 3375 4483 (I
3403 4411 3542 4468 Tim.
3562 4425 3617 4477 ιι,
3637 4408 3713 4479 5);
3735 4403 3793 4461 de

2228 4508 2437 4579 Spiritu
2466 4524 2596 4564 vero
2624 4518 2818 4563 sancto
2844 4525 2856 4561 :
2891 4505 3061 4562 Nemo
3082 4507 3218 4560 enim
3240 4506 3379 4560 novit
3396 4520 3511 4575 quis
3529 4512 3636 4557 sunt
3655 4499 3794 4554 homi-

526 4593 751 4662 spretis,
799 4595 991 4662 nobis,
1039 4595 1180 4652 sicut
1226 4598 1415 4654 beatus
1464 4598 1665 4655 Paulus
1691 4602 1974 4671 apostolus
2002 4602 2081 4657 ait
2113 4624 2126 4660 :
2156 4611 2210 4671 D
2234 4603 2336 4668 nis,
2361 4619 2476 4673 quae
2503 4603 2555 4657 in
2586 4604 2702 4673 ipso
2728 4611 2869 4667 sunt,
2899 4602 3001 4655 nisi
3024 4601 3239 4673 spiritus
3262 4601 3504 4667 hominis,
3528 4598 3608 4669 qui
3633 4598 3678 4651 in
3699 4595 3793 4667 ipso

531 4683 680 4739 Unus
711 4695 785 4740 est
815 4684 959 4742 Deus
986 4686 1168 4758 Pater,
1195 4707 1258 4746 ea:
1281 4708 1381 4762 quo
1403 4693 1611 4760 omnia;
1633 4704 1680 4748 et
1707 4710 1840 4749 unus
1870 4694 2125 4751 Dominus

528 4775 681 4832 Jesus
732 4778 1006 4849 Christus,
1062 4800 1153 4854 per
1190 4801 1335 4854 quem
1380 4787 1591 4853 omnia;
1630 4797 1677 4841 et
1724 4804 1858 4842 unus
1896 4787 2128 4860 Spiritus

528 4881 761 4938 sanctus,
808 4875 862 4929 in
909 4892 1010 4945 quo
1052 4878 1226 4933 omnia
1271 4878 1325 4948 (1
1355 4878 1475 4934 Cor.
1519 4895 1650 4947 vtu,
1692 4878 1772 4951 6).
1815 4881 2129 4951 Hocipsum

530 4973 712 5019 autem
757 4965 902 5037 quod
948 4968 1217 5038 dicimus,
1267 4986 1331 5025 ea:
1357 4987 1497 5042 quo,
1541 4980 1596 5027 et
1635 4989 1725 5044 per
1752 4989 1942 5043 quem,
1976 4984 2029 5028 et
2073 4975 2125 5029 in

535 5153 569 5206 ἀ
608 5092 654 5208 al
674 5083 876 5143 Eadem
908 5086 1067 5145 Rom.
1092 5088 1251 5157 edit.,
1291 5089 1430 5145 velut
1457 5089 1643 5161 spiritu
1672 5104 1706 5143 α
1725 5088 1913 5161 spiritu
1944 5104 2129 5158 proce-

574 5171 633 5207 en
658 5172 701 5208 e.

574 5171 701 5210 ente.

611 5225 637 5265 δ
681 5227 799 5285 Vat.
822 5230 972 5298 cod.,
1002 5233 1251 5287 unitatem
1276 5232 1593 5287 substantia.

617 5308 639 5376 ξ
680 5298 839 5376 gum.
865 5302 1023 5376 ed_it.,
1052 5305 1309 5376 ulloiergo
1339 5304 1614 5376 principio,
1647 5310 1695 5355 et
1725 5301 1848 5376 ﬁne.

612 5366 640 5405 ά
681 5367 895 5444 Eadem
915 5366 1072 5428 Rom.
1104 5366 1266 5437 edit;
1306 5366 1424 5429 licet
1466 5366 1805 5427 humanw'sit
1836 5375 1995 5444 menti
2021 5375 2138 5444 ipsa

546 5443 999 5561 comprehensione
1039 5446 1289 5516 difﬁcilis.
1336 5444 1485 5500 Unde
1510 5460 1615 5499 non
1640 5444 1922 5516 incongrue
1948 5443 2139 5503 dicitur

550 5524 647 5561 auo
694 5550 703 5560 .

550 5524 703 5577 quoa.

625 5590 649 5659 ξ
691 5580 894 5659 Eadem
923 5586 1086 5659 βοτη.
1112 5590 1269 5656 edit.,
1304 5606 1465 5659 neque
1491 5590 1544 5642 in
1572 5586 1848 5659 Trinitate.

628 5647 649 5733 ξ
686 5650 891 5733 Eadem
921 5655 1076 5733 Rom:
1128 5647 1288 5727 edit.,,
1333 5647 1596 5733 Sabellius
1619 5659 1758 5733 enim
1787 5657 1961 5715 docuit
1987 5677 2140 5718 unam

556 5721 1014 5807 substantiamesse
1033 5729 1241 5807 Patrem
1258 5721 1310 5787 et
1320 5731 1520 5786 Filium
1537 5742 1587 5787 et
1606 5730 1863 5799 Spiritum
1877 5743 2137 5798 sanctum,

546 5806 804 5862 unamque
846 5800 1118 5856 trinomine
1160 5812 1432 5873 personant
1463 5830 1481 5868 ς
1510 5814 1597 5868 sed
1620 5807 1747 5862 dum
1778 5817 1954 5859 omnes
1984 5810 2138 5861 unum

2233 4706 2339 4751 est:
2357 4696 2429 4749 ita
2446 4705 2491 4750 et
2507 4712 2619 4766 qua:
2645 4694 2740 4749 Dei
2761 4704 2899 4761 sunt,
2923 4693 3190 4748 hominum
3206 4708 3356 4747 nemo
3370 4691 3528 4758 novit,
3543 4689 3634 4744 nisi
3654 4685 3796 4759 Spiri-

2237 4802 2318 4845 tus
2340 4789 2441 4844 Dei
2457 4789 2501 4861 (Ι
2528 4789 2646 4845 Cor.
2678 4805 2735 4854 ιι,
2757 4789 2851 4859 ll)
2870 4805 2889 4853 ;
2910 4799 2965 4845 et
2986 4788 3183 4844 iterum
3213 4804 3227 4842 :
3255 4786 3489 4858 Spiritus
3511 4792 3665 4838 autem
3677 4796 3800 4835 scru-

2238 4894 2375 4938 tatur
2398 4885 2551 4939 etiam
2590 4885 2698 4940 alta
2726 4884 2823 4938 Dei
2842 4881 3035 4956 (Ibid.,
3064 4880 3178 4953 10).
3203 4880 3359 4947 Quod
3383 4888 3563 4936 autem
3582 4877 3723 4932 Pater
3756 4880 3804 4928 et

2236 4974 2404 5031 Filius
2450 4985 2505 5032 et
2534 4976 2774 5045 Spiritus
2812 4984 3036 5033 sanctus
3073 4974 3229 5028 initio
3260 4980 3492 5040 careat,
3521 4967 3698 5026 exinde
3719 4964 3803 5021 de-

2234 5106 2343 5145 esse
2387 5106 2656 5161 personam
2704 5099 2934 5160 reputat,
2986 5088 3121 5144 nihii
3170 5104 3281 5144 esse
3307 5099 3697 5157 unamquamque
3720 5082 3803 5135 de-

2237 5163 2429 5217 sianat.

2285 5181 2582 5289 ἔἰζιαῖέιιόειιι
2608 5232 2768 5288 Rom.
2799 5231 2958 5299 edit.,
2986 5242 3033 5286 et
3067 5230 3227 5286 Filio.

2312 5302 2341 5341 ιι
2383 5304 2585 5360 Eadem
2612 5305 2776 5359 Rom.
2825 5303 2987 5370 edit.,
3031 5318 3194 5373 neque
3245 5301 3434 5363 Pater,
3466 5300 3586 5371 quia
3612 5298 3805 5373 procedit

2243 5378 2307 5448 ab
2350 5378 2563 5447 utroque
2616 5392 2721 5448 non
2766 5375 2991 5448 genitus,
3038 5371 3143 5429 non
3185 5374 3472 5446 ingenitus,
3520 5389 3619 5448 non
3642 5371 3801 5441 factus.

2245 5447 2387 5503 Nam
2404 5444 2553 5502 omne
2567 5447 2704 5518 quod
2725 5444 2799 5502 est
2820 5459 2909 5501 aut
2927 5462 3088 5517 neque
3110 5444 3309 5509 natum,
3337 5460 3503 5513 neque
3523 5444 3694 5509 factum
3712 5449 3774 5494 est
3788 5456 3803 5491 .-

2246 5531 2338 5574 aut
2368 5530 2563 5586 natum,
2590 5530 2638 5573 et
2671 5523 2865 5590 factum
2889 5534 2993 5572 non
3025 5529 3122 5584 est,
3150 5527 3243 5572 aut
3269 5532 3435 5583 neque
3465 5526 3804 5590 natum,4nequr

2248 5596 2445 5664 factum
2468 5602 2541 5645 est
2569 5606 2588 5646 :
2619 5588 2707 5646 aut
2733 5594 2954 5661 factum,
2976 5600 3025 5644 et
3048 5602 3226 5643 natum
3258 5604 3365 5642 non
3392 5597 3466 5641 est
3499 5602 3518 5640 :
3542 5596 3622 5640 aut
3644 5588 3803 5664 factum

2248 5663 2295 5717 et
2320 5674 2499 5717 natum
2526 5672 2573 5718 et
2612 5672 2855 5720 renatum
2877 5671 2953 5718 est
2984 5670 3115 5718 :aut
3142 5665 3342 5733 factum
3372 5669 3422 5717 et
3445 5667 3635 5724 natum,
3678 5663 3720 5710 et
3743 5668 3806 5706 rs-

2247 5746 2425 5790 natum
2454 5750 2555 5788 non
2585 5747 2680 5801 est.

2327 5807 2338 5843 ί
2390 5807 2545 5862 Rom.
2571 5808 2729 5875 edit.,
2765 5816 2810 5862 et
2844 5805 2985 5862 Filio
3009 5805 3260 5877 procedit.
