3970 6316
132 231 233 288 515
1279 223 1370 285 DE
1409 222 1785 285 TRINITATE
1824 219 2263 281 TBACTATUS.
3314 218 3423 279 5N

133 344 626 412 monstratur,quia
649 342 795 413 quod
823 342 983 399 Pater
1013 349 1121 411 est,
1141 354 1268 399 esse
1296 358 1405 398 non
1437 343 1633 413 coepit;
1667 350 1719 398 et
1748 342 1801 403 Α
1827 338 1994 404 Patri,
2030 347 2123 393 aut
2168 334 2431 406 Spiritum
2482 338 2731 392 sanctum
2788 331 3025 391 defuisse
3074 332 3240 403 Filio,
3280 336 3424 392 sicut

128 440 169 493 si
199 453 304 493 non
334 438 522 507 coepit,
552 450 655 492 nec
679 436 854 492 Filius
872 434 1039 507 erepit
1067 453 1080 490 :
1116 434 1355 517 Spiritus
1374 446 1556 493 autem
1588 451 1713 490 san-
1825 433 1972 502 impii
1999 433 2239 488 lueretici
2276 431 2633 488 mentiuntur.
2662 430 2773 487 Nos
2792 445 2923 501 ergo
2953 429 3075 487 haec
3105 446 3422 502 praecaven-

126 540 295 597 ctus,‘
310 530 402 601 qui
428 546 459 584 a
482 530 641 585 Patre
664 528 933 601 procedit,
959 544 1061 585 nec
1084 529 1201 600 ipse
1221 528 1418 599 cmpit;
1442 527 1566 599 quia
1588 542 1713 598 pro-
1825 538 1927 594 tes,
1966 544 2251 585 servemus
2292 528 2493 583 bonum
2540 528 2878 598 pr0positum
2902 568 2916 593 ,
2961 526 3105 597 quod
3140 542 3171 581 a
3216 526 3423 583 sanctis

124 624 296 681 cessio
318 624 441 694 ejus
462 623 718 679 continua
741 631 844 689 est,
876 633 930 679 et
950 623 1020 679 ab
1040 639 1107 679 eo
1125 632 1229 689 est,
1255 622 1348 696 qui
1378 639 1488 678 non
1511 624 1713 695 cmpit:
1825 623 2076 679 Patrihus
2102 623 2464 690 suscepimus.
2492 620 2797 679 Adoremus
2821 621 3036 679 Patrem
3068 633 3123 678 ct
3142 622 3342 678 Filium
3370 628 3426 679 ει

126 734 228 774 non
256 720 401 773 enim
457 718 618 773 Pater
658 718 822 791 coepit
847 732 992 785 esse,
1021 726 1074 774 et
1109 718 1233 789 quia
1263 732 1372 772 nou
1402 718 1585 788 cmpit,
1615 730 1720 773 nec
1825 717 2089 790 Spiritum
2134 726 2406 781 sanctum,
2458 716 2511 772 in
2541 716 2679 773 Filio
2708 716 2950 785 Patrem,
3003 717 3057 773 in
3087 716 3295 789 Spiritu
3324 732 3426 772 au-

125 809 353 880 Spiritus
371 807 542 881 ca'pit
570 824 723 871 esse:
752 824 815 866 ea
838 810 1050 865 ratione
1072 811 1199 881 quia
1225 817 1279 865 et
1305 809 1357 864 in
1389 808 1510 881 ipso
1530 818 1636 877 est,
1666 817 1721 865 et
1825 821 1935 871 tem
1963 823 2158 870 sancto
2180 812 2397 869 Patrem
2429 821 2481 869 et
2509 810 2706 867 Filium
2730 810 3102 883 intelligentes
3132 829 3145 867 :
3175 810 3429 868 dividen-

124 905 238 973 ejus
260 910 368 957 εει.
397 902 474 958 De
489 901 626 957 Filio
649 902 849 958 iterum
874 902 1019 974 quod
1046 917 1154 958 non
1178 902 1364 973 coepit,
1386 902 1718 974 evangelista
1826 915 1909 965 tes
1937 916 2231 979 antequam
2262 906 2659 978 conjungamus
2683 947 2697 971 ,
2727 916 2779 961 et
2812 904 3105 977 jungenles
3135 900 3425 977 antequam

127 1004 350 1052 testatur
373 995 595 1052 dicens:
622 995 688 1051 In
709 997 965 1069 principio
994 1008 1103 1052 erat
1135 996 1375 1064 Verbum,
1411 1007 1458 1052 et
1496 995 1720 1051 Verbum
1825 1001 2134 1058 dividamus
2171 1018 2183 1053 :
2210 999 2375 1074 325
2400 1001 2660 1057 unitatem
2687 998 2740 1055 in
2770 998 3039 1056 Trinitate
3070 1010 3423 1067 venerantes,

125 1100 229 1145 erat
256 1091 399 1163 apud
437 1090 623 1157 Deum,
664 1101 712 1147 et
752 1090 895 1147 Deus
919 1104 1027 1147 erat
1075 1091 1321 1146 Verbum.
1368 1089 1485 1145 Hoc
1514 1099 1628 1145 erat
1663 1090 1720 1145 in
1826 1106 1881 1152 et
1906 1094 2226 1151 Trinitatem
2282 1094 2337 1149 in
2380 1094 2586 1150 unitate
2630 1093 2983 1151 conﬁtentes.
3032 1093 3170 1151 Tota
3215 1111 3346 1169 ergo
3395 1110 3427 1151 ι

128 1185 373 1256 principio
407 1186 553 1256 apud
592 1183 759 1239 Deum
790 1184 969 1256 (Joan.
998 1187 1109 1253 t,i,
1134 1186 1211 1257 2).
1259 1185 1403 1256 Ergo
1432 1185 1557 1256 quia
1586 1193 1716 1252 erat,
1826 1191 1986 1247 nobis
2013 1200 2199 1247 sancta
2224 1190 2463 1245 Trinitas
2489 1188 2764 1245 adoranda
2795 1197 2907 1257 est;
2937 1189 3064 1260 quia
3084 1197 3195 1246 tota
3226 1188 3430 1263 regalis

128 1294 229 1335 non
254 1277 455 1350 cmpit;
484 1287 535 1334 et
557 1278 681 1350 quia
695 1280 837 1348 apud
850 1278 1017 1333 Deum
1041 1288 1169 1345 erat,
1189 1294 1296 1334 nou
1312 1280 1505 1350 cmpit:
1524 1288 1579 1335 et
1591 1278 1718 1349 quia

127 1371 259 1429 Deus
270 1381 401 1441 erat,
420 1388 528 1427 non
545 1374 709 1445 coepit
731 1391 743 1427 :
764 1383 817 1428 et
838 1374 963 1446 quia
987 1376 1081 1429 hoc
1100 1384 1209 1428 crat
1231 1375 1282 1427 in
1307 1374 1567 1444 principio
1578 1373 1720 1446 apud

130 1464 307 1529 Deum,
334 1482 440 1520 non
474 1467 667 1537 coepit:
700 1465 825 1537 quia
857 1465 929 1521 ita
960 1468 1102 1523 Deus
1129 1482 1197 1522 ex
1222 1465 1506 1521 Deonatus
1530 1476 1636 1532 est,
1663 1472 1722 1520 ut

1825 1294 1931 1351 est,
1982 1286 2108 1357 quia
2161 1285 2323 1340 unius
2370 1281 2657 1355 potestatis
2687 1292 2794 1351 est,
2839 1292 2895 1338 et
2932 1281 3093 1337 unius
3132 1282 3318 1355 gloriae
3344 1289 3431 1340 est

1824 1393 1987 1448 supra
2012 1376 2296 1443 mundum,
2323 1391 2487 1447 supra
2521 1385 2789 1446 tempora,
2817 1374 3084 1441 increata,
3110 1372 3426 1441 invisibilis,

1826 1469 2421 1543 incomprehensibilis,
2475 1468 2868 1541 investigabilis
2902 1485 2915 1523 :
2948 1485 3071 1540 qua:
3101 1485 3209 1542 quo
3236 1469 3431 1527 ordine

126 1559 348 1630 coepisse
384 1559 614 1616 nesciat.
650 1560 981 1631 Nequeergo
1023 1559 1301 1615 fraudatus
1344 1559 1720 1625 estPater,eo
1824 1564 1967 1636 apud
2013 1566 2366 1636 semetipsam
2416 1565 2511 1632 sit,
2566 1565 2680 1635 ipsa
2727 1564 2841 1620 sola
2869 1564 3181 1636 cognoscit;
3214 1580 3244 1621 a
3272 1566 3433 1622 nobis

126 1651 263 1724 quod
309 1652 585 1724 ingenitus
627 1663 732 1721 est,
763 1662 855 1708 aut
883 1654 1008 1724 quia
1040 1653 1230 1725 genuit
1262 1652 1461 1708 Filium
1496 1672 1507 1705 :
1542 1667 1719 1722 neque
1826 1668 2005 1714 autem
2035 1659 2317 1729 aequaliter
2347 1658 2625 1713 adoratur.
2658 1658 2715 1713 In
2742 1674 2847 1730 qua
2876 1658 3135 1715 invisibili
3158 1671 3211 1716 et
3240 1659 3434 1715 ineii'a-

132 1747 294 1803 Filius
324 1747 704 1813 defraudatus,
751 1762 818 1804 eo
847 1748 991 1819 quod
1019 1758 1308 1819 generatus
1334 1754 1438 1812 est,
1474 1756 1569 1802 aut
1596 1745 1720 1816 quia
1752 1747 1802 1809 B
1827 1752 1920 1808 bili
1951 1760 2140 1806 sancta
2180 1751 2449 1806 Trinitate
2477 1750 2612 1805 nihil
2645 1758 2751 1805 tam
2785 1751 3091 1821 proprium,
3122 1760 3229 1807 tam
3266 1751 3433 1807 ﬁxum

133 1856 194 1896 ex
224 1840 466 1913 ingenito
502 1851 801 1912 generatur
833 1859 846 1895 :
886 1857 1063 1911 neque
1099 1842 1336 1911 Spiritus
1378 1852 1603 1896 sanctus
1631 1839 1725 1896 de-
1828 1843 2133 1914 intelligere
2169 1842 2454 1907 debemus,
2490 1858 2651 1912 quam
2699 1858 2886 1912 pacem
2935 1853 2991 1899 et
3034 1845 3294 1916 quietem.
3324 1843 3433 1900 Νε-

134 1933 406 1990 fraudatus
455 1942 564 1997 est,
612 1935 739 2004 quia
790 1944 1174 2005 utrorumque,
1223 1933 1275 1989 id
1321 1943 1426 2001 est,
1459 1932 1638 1989 Patris
1669 1941 1724 1988 et
1825 1950 1931 2008 que
1960 1936 2105 1991 enim
2137 1935 2408 1990 dissensio
2438 1934 2547 1989 ulla
2574 1936 2626 1991 in
2656 1946 2848 1992 natura
2879 1936 2972 1993 Dei
3003 1948 3109 2003 est,
3154 1937 3277 2007 quia
3327 1952 3433 1995 nec

134 2024 249 2082 Filii
293 2037 397 2083 est.
450 2028 543 2085 Sic
591 2036 770 2082 tamen
803 2043 995 2083 eorum
1027 2037 1133 2093 est,
1162 2034 1223 2082 ut
1251 2041 1430 2098 neque
1456 2026 1510 2081 in
1538 2026 1723 2090 Patre,

136 2137 303 2193 neque
326 2122 379 2177 in
407 2120 553 2178 Filio
577 2121 932 2189 refundatur;
958 2124 1081 2193 quia
1108 2122 1251 2179 Deus
1282 2131 1388 2185 est,
1413 2137 1589 2192 neque
1616 2120 1721 2175 ini-

135 2215 283 2280 tium,
314 2230 496 2286 neque
526 2215 695 2271 ullum
740 2214 903 2271 ﬁnem
935 2214 1166 2281 habens,
1211 2224 1398 2285 utpote
1446 2215 1535 2285 qui
1580 2214 1725 2269 l‘atri

136 2320 187 2367 et
212 2310 346 2367 Filio
370 2309 397 2348 ι)
429 2322 486 2367 ει
530 2319 844 2367 coaeternus
884 2322 1001 2377 est;
1044 2311 1170 2382 quia
1203 2310 1292 2365 ubi
1321 2309 1461 2377 vult,
1507 2318 1563 2365 et
1591 2324 1727 2380 quos

137 2405 267 2472 vult,
308 2415 359 2463 et
381 2416 621 2479 quantos
662 2406 801 2472 vult,
827 2415 881 2461 et
910 2414 1176 2475 quantum
1210 2404 1347 2471 vult,
1376 2403 1604 2473 inspirat
1631 2417 1726 2457 sua

140 2501 346 2571 propria
379 2502 669 2557 voluntate
698 2499 879 2571 (Joan.
924 2514 1005 2565 ιιι,
1036 2499 1126 2571 8).
1169 2497 1369 2568 Replet
1394 2512 1524 2569 ergo
1555 2496 1728 2568 gratia

139 2610 229 2651 sua
264 2612 398 2667 quos
431 2595 571 2662 vult,
623 2604 679 2649 et
721 2601 959 2665 quantos
998 2592 1133 2659 vult,
1176 2600 1231 2647 et
1278 2601 1542 2663 quantum
1575 2590 1726 2661 vultz;

139 2703 239 2743 non
264 2689 376 2761 ipse
402 2688 693 2758 repletur:
728 2687 1121 2757 perfectionem
1156 2691 1412 2755 prrestat,
1441 2699 1548 2741 non
1586 2686 1731 2740 acci-

140 2780 243 2849 pit:
277 2780 599 2847 sanctificat,
629 2793 735 2835 non
758 2787 939 2835 autem
971 2778 1089 2849 ipse
1113 2778 1505 2833 sanctificatur.

203 2872 424 2930 CAPUT
465 2872 534 2928 V.
567 2904 637 2913 —-
668 2873 765 2929 ilic
806 2888 937 2944 ergo
982 2873 1123 2927 sicut
1170 2872 1332 2927 Pater
1375 2888 1439 2927 ac
1481 2871 1647 2927 Filius
1677 2881 1732 2927 et

142 2968 240 3022 vita
265 2977 346 3024 est
370 2978 424 3024 et
450 2967 758 3034 vivificaris,
792 2976 847 3024 et
874 2967 968 3022 lux
998 2975 1082 3022 est
1110 2976 1164 3023 et
1193 2966 1527 3033 illuminaus,
1553 2974 1609 3023 et
1636 2966 1733 3021 bo-

144 3075 235 3115 nus
252 3070 306 3118 et
321 3062 562 3128 bonitas,
584 3070 639 3118 et
657 3068 880 3116 sanctus
899 3069 957 3117 et
974 3060 1234 3116 sanctitas
1254 3059 1433 3132 (Rom.
1458 3076 1574 3127 vttt,
1601 3059 1728 3128 i5):

1826 2029 2049 2085 dissolvi
2080 2044 2243 2100 posse
2264 2028 2550 2085 sentienda
2577 2039 2682 2098 est,
2718 2038 2906 2102 utpote
2934 2048 3055 2102 qua:
3084 2047 3185 2101 pax
3214 2047 3437 2103 semper

1826 2133 1881 2178 et
1909 2122 2149 2179 charitas
2177 2132 2279 2178 est.
2313 2122 2369 2177 Si
2420 2121 2566 2178 enim
2600 2131 2834 2192 quatuor
2864 2123 3207 2191 substantiae,
3237 2124 3288 2180 id
3317 2132 3435 2192 εει,

1829 2212 1854 2251 ἀ
1892 2217 2065 2281 calor,
2092 2216 2335 2288 sanguis,
2363 2216 2555 2286 llegma
2578 2226 2631 2272 et
2659 2218 2874 2283 humor,
2902 2218 3182 2274 hominem
3205 2218 3434 2288 faciunt,

1829 2318 1883 2364 et
1912 2323 2048 2364 unus
2079 2311 2243 2363 homo
2270 2317 2386 2375 est;
2436 2318 2494 2366 tu
2536 2310 2590 2364 in
2622 2310 2827 2365 unitate
2857 2310 3211 2379 Trinitatem,
3253 2322 3343 2365 aut
3378 2311 3435 2369 in

1831 2400 2097 2457 Trinitate
2145 2402 2407 2457 unitatem
2462 2402 2738 2473 quomodo
2780 2418 2888 2458 non
2938 2403 3237 2475 intelligis?
3288 2404 3435 2462 Deus

1831 2511 1962 2567 ergo
2016 2496 2181 2552 Pater
2228 2497 2623 2566 omnipotens,
2680 2496 3026 2566 omnipotens
3083 2496 3322 2553 Verbum
3378 2506 3438 2554 et

1830 2589 2097 2660 Spiritum
2149 2588 2393 2656 habens,
2454 2602 2620 2660 supra
2674 2588 2963 2644 humanam
3018 2590 3434 2662 intelligentiam

1832 2693 1938 2751 est,
1983 2694 2038 2739 et
2069 2682 2210 2739 ultra
2250 2698 2411 2754 quam
2452 2681 2683 2752 cogitari
2734 2690 2934 2754 potest,
2969 2682 3438 2754 incomprehensi-

1833 2777 1958 2833 bilis
1988 2786 2042 2832 et
2064 2786 2303 2833 mleruus
2331 2796 2344 2832 :
2379 2792 2540 2847 quem
2567 2787 2717 2844 tunc,
2749 2784 3009 2848 quantum
3042 2778 3121 2833 fas
3148 2776 3437 2833 imbecilli-

1835 2871 1960 2926 tatis
1992 2878 2197 2926 nostrae
2220 2870 2507 2941 permittit,
2542 2885 2830 2941 possumus
2858 2884 3189 2941 agnoscere;
3220 2870 3437 2941 quando

1836 2964 2124 3021 Dominum
2150 2963 2457 3029 Christum,
2481 2964 2570 3034 qui
2595 2963 2713 3034 ejus
2738 2973 2760 3000 θ
2788 2967 2981 3030 forma,
3004 2971 3059 3019 et
3082 2964 3270 3019 unicus
3294 2963 3439 3021 filius

1834 3068 1943 3126 est,
1963 3060 2282 3114 noverimus
2302 3074 2317 3123 ;
2337 3057 2462 3129 quia
2487 3057 2629 3112 sicut
2663 3056 2779 3126 ipse
2798 3056 2872 3111 ait
2896 3073 2908 3109 :
2942 3056 3042 3123 Qui
3064 3056 3189 3111 vidit
3214 3055 3438 3127 Filium,

143 3152 226 3209 hic
246 3164 325 3210 est
350 3155 589 3225 Spiritus
618 3153 954 3225 adoptionis,
987 3153 1075 3208 hic
1117 3164 1201 3209 εει
1237 3152 1330 3224 qui
1358 3153 1498 3208 dona
1529 3168 1622 3208 sua
1648 3152 1727 3207 di-
1759 3136 1805 3201 C
1838 3154 1962 3208 vidit
1990 3163 2037 3207 et
2070 3151 2304 3219 Patrem,
2337 3153 2425 3223 qui
2451 3153 2591 3206 misit
2618 3168 2756 3218 eum,
2787 3161 2834 3206 et
2858 3152 2949 3222 qui
2975 3152 3028 3206 in
3060 3168 3117 3206 eo
3147 3163 3244 3219 est,
3270 3162 3319 3207 et
3351 3152 3443 3220 qui

145 3250 269 3307 vidit
296 3252 548 3324 singulis,
582 3259 745 3322 prout
788 3251 899 3306 vult
930 3250 992 3323 (Ι
1038 3251 1159 3306 Cor.
1209 3267 1306 3318 xu,
1343 3252 1401 3306 ii
1430 3252 1450 3322 )
1475 3270 1487 3305 :
1515 3251 1603 3307 hic
1652 3258 1735 3307 est

147 3341 365 3413 Spiritus
390 3346 666 3413 sapientia:
691 3354 740 3397 et
770 3343 1090 3408 intellectus,
1138 3345 1367 3397 scientia:
1410 3356 1456 3399 et
1507 3345 1731 3414 pictatis,

146 3437 336 3490 consilii
363 3446 411 3492 et
442 3436 649 3491 virtutis
681 3453 741 3491 ac
760 3437 963 3491 timoris
992 3434 1092 3490 Dei
1114 3435 1288 3509 (Esai.
1316 3452 1393 3504 ιιι,
1420 3436 1477 3507 2)
1506 3454 1520 3490 :
1548 3438 1633 3493 hic
1652 3446 1737 3494 εει

146 3528 363 3599 Spiritus
388 3539 635 3597 sanctus,
665 3546 761 3601 per
788 3546 949 3602 quem
981 3529 1143 3585 Pater
1183 3531 1521 3601 agnoscitur,
1565 3540 1620 3585 ct
1643 3531 1735 3586 Fi-

148 3624 243 3680 lius
272 3626 637 3697 glorificatur;
667 3634 720 3681 et
751 3640 781 3679 a
823 3624 1024 3696 quibus
1051 3623 1183 3681 solis
1214 3625 1331 3695 ipse
1362 3624 1735 3695 cognoscitur,

148 3725 199 3773 et
216 3719 304 3789 qui
326 3720 475 3776 solus
497 3720 680 3776 omnia
707 3718 892 3775 eorum
914 3734 1013 3789 per
1031 3718 1290 3773 unitatem
1318 3727 1525 3773 natura:
1549 3718 1733 3774 novit:

151 3812 233 3870 hic
258 3825 339 3871 est
368 3815 435 3871 de
465 3833 577 3888 quo
602 3814 772 3870 Filius
799 3814 935 3870 dixit
963 3832 975 3869 :
1002 3812 1070 3869 Et
1091 3812 1251 3868 Pater
1277 3830 1419 3869 meus
1442 3812 1585 3868 dabit
1604 3814 1738 3869 bona

151 3910 419 3975 petentibus
447 3926 502 3965 se
543 3907 775 3977 (Matth.
806 3924 903 3972 vn,
940 3910 1001 3964 ii
1051 3907 1095 3978 ),
1130 3908 1235 3964 hoc
1274 3918 1376 3975 est,
1413 3917 1508 3964 aut
1534 3909 1735 3978 ipsum,

152 4008 237 4055 aut
259 4016 447 4058 omnes
468 4004 675 4075 gratias
695 4001 835 4073 ejus.
865 4001 1019 4057 Sicut
1040 4015 1169 4071 ergo
1200 4000 1466 4057 Dominus
1490 4000 1737 4055 Christus

152 4102 203 4148 et
236 4093 494 4161 Verbum,
544 4106 601 4151 et
643 4096 839 4161 virtus,
884 4104 940 4151 et
989 4094 1276 4163 sapientia,
1324 4104 1380 4150 et
1412 4094 1645 4165 iustitia,
1682 4102 1738 4148 et

152 4190 452 4259 margarita,
482 4197 541 4244 et
582 4188 695 4255 lux,
744 4198 799 4245 et
836 4188 943 4255 via,
984 4198 1038 4243 et
1070 4187 1425 4253 resurrectio,
1457 4196 1512 4243 et
1537 4196 1736 4243 caetera

153 4293 267 4349 qua:
292 4280 359 4338 de
386 4298 453 4338 eo
483 4285 686 4353 scripta
712 4290 864 4349 sunt,
907 4281 1243 4353 appellatur;
1287 4281 1360 4337 ita
1411 4289 1467 4337 et
1503 4280 1737 4352 Spiritus

154 4382 364 4431 sanctus
388 4377 695 4449 sapientiae,
740 4376 1073 4443 intellectus,
1105 4375 1345 4443 consilii,
1378 4373 1734 4443 fortitudinis,

156 4466 404 4534 scientia),
456 4469 679 4541 pietatis
723 4484 787 4525 ac
830 4469 1081 4535 timoris,
1124 4476 1183 4522 ut
1217 4468 1330 4538 jam
1372 4466 1576 4523 dictum
1617 4475 1735 4534 est,

1834 3248 1890 3302 in
1921 3264 1979 3303 co
2004 3258 2175 3301 manet
2196 3244 2378 3318 (Joan.
2405 3261 2518 3312 xrv,
2547 3245 2635 3316 9);
2664 3255 2718 3301 ct
2742 3246 2942 3301 iterum
2971 3263 2985 3300 :
3020 3244 3147 3301 Ha'c
3173 3256 3247 3301 est
3270 3256 3442 3301 autem

1834 3339 1939 3393 vita
1986 3349 2198 3406 a'terua,
2245 3348 2302 3392 ut
2349 3347 2662 3410 cognoscant
2712 3348 2760 3393 le
2804 3336 2970 3393 Deum
2997 3354 3189 3404 verum,
3225 3349 3441 3409 ctquem

1836 3433 2042 3497 misisti,
2072 3432 2254 3486 Jesum
2294 3430 2560 3486 Christum
2588 3428 2775 3500 (Joan.
2811 3446 2943 3497 xvtt,
2976 3431 3055 3502 5).
3087 3431 3233 3502 Ergo
3260 3430 3441 3487 omni-

1840 3535 2035 3595 potens
2071 3526 2233 3581 Pater
2260 3541 2461 3581 nomen
2494 3524 2671 3579 Patris
2699 3539 2797 3595 per
2825 3523 3023 3579 Filium
3070 3526 3297 3579 sortitus
3326 3531 3444 3592 est;

1838 3620 1965 3691 quia
2007 3636 2169 3675 nemo
2215 3620 2337 3675 sine
2367 3619 2480 3675 filio
2526 3628 2685 3690 pater
2712 3634 2835 3675 esse
2866 3619 2953 3675 vel
2980 3619 3086 3675 dici
3118 3628 3315 3690 potest,
3347 3634 3445 3676 ne-

1838 3728 1944 3783 que
1970 3714 2113 3769 filius
2145 3714 2265 3770 sine
2296 3723 2472 3785 patre.
2516 3713 2870 3785 Unigenitum
2904 3729 3037 3769 vero
3067 3713 3162 3769 Dei
3217 3714 3440 3782 Filium,

1840 3806 2103 3873 Verbum,
2153 3817 2208 3863 et
2248 3807 2600 3878 sapientiam,
2631 3822 2698 3863 ac
2737 3806 3003 3877 Spiritum
3048 3806 3167 3876 ejus
3191 3817 3444 3863 sanctum

1838 3901 2282 3956 substantialiter
2334 3901 2578 3971 aequales
2628 3916 2726 3972 per
2774 3901 2960 3958 omnia
3006 3901 3155 3956 Patri
3197 3902 3451 3959 confiteri

1840 3996 2204 4052 honorificum
2235 4005 2339 4053 est.
2387 3996 2521 4052 Nam
2546 3998 2671 4069 quis
2702 4012 2895 4054 revera
2926 4007 3019 4054 aut
3047 3997 3317 4063 colorem,
3350 4008 3447 4055 aut

1840 4092 2121 4159 habitum,
2170 4100 2265 4148 aut
2315 4092 2754 4164 magnitudinem
2809 4093 2971 4149 Verbi
3026 4103 3081 4148 et
3135 4092 3444 4165 sapientiae,

1836 4185 1996 4256 juxta
2043 4185 2188 4257 quod
2217 4186 2488 4256 sapientia
2515 4194 2619 4253 εει,
2662 4200 2727 4241 ac
2756 4185 3001 4257 Spiritus
3024 4188 3200 4242 sancti
3220 4196 3449 4258 coapta-

1840 4280 1954 4346 vit;
1999 4287 2061 4336 ut
2096 4279 2301 4352 gradus
2351 4280 2468 4335 illic
2508 4279 2777 4351 requirat,
2805 4289 2858 4335 et
2886 4280 3110 4336 ordines
3137 4279 3321 4348 faciat,
3351 4280 3446 4339 ubi

1842 4374 2026 4429 omnia
2058 4372 2356 4430 invisibilia
2380 4383 2437 4430 et
2456 4374 2609 4430 unita
2640 4387 2706 4429 ac
2737 4372 2961 4445 pacifica
2984 4388 3204 4445 semper
3226 4388 3444 4444 perma-

1841 4466 2016 4521 nent?

159 4532 502 4631 nuncupatur.
527 4561 645 4617 Non
670 4571 849 4618 tamen
878 4561 1022 4632 quod
1051 4532 1301 4616 diversus
1320 4559 1393 4615 sit
1408 4559 1562 4630 juxta
1582 4532 1739 4616 diii'es
1762 4532 1818 4593 Β
1914 4558 2147 4616 CAPUT
2190 4559 2277 4615 Vi.
2309 4589 2383 4602 —
2407 4558 2650 4616 Primum
2684 4574 2817 4633 ergo
2837 4559 3081 4617 omnium
3105 4559 3446 4619 credendum

160 4652 354 4709 rentias
376 4657 680 4724 nominum,
710 4655 807 4713 sed
833 4654 978 4726 quod
1007 4669 1149 4710 unus
1174 4662 1337 4725 atque
1357 4653 1500 4709 idem
1519 4663 1743 4710 cuncta-

160 4759 268 4800 rum
296 4748 550 4804 virtutqu
580 4749 702 4805 fons
727 4747 799 4804 sit
827 4757 992 4819 atque
1015 4746 1339 4819 principium
1363 4787 1376 4812 ,
1428 4746 1520 4817 qui
1552 4746 1605 4802 in
1636 4746 1743 4802 Do-

161 4841 300 4897 mino
339 4841 578 4911 Christo,
614 4852 803 4914 utpote
833 4858 945 4900 sum
974 4852 1183 4898 natura:
1210 4851 1492 4907 consorte,
1526 4852 1744 4912 semper

162 4932 486 4993 inhabitavit.
530 4938 622 4994 isti
668 4947 797 4995 sunt
838 4947 1051 5008 septem
1080 4938 1247 5005 oculi,
1277 4937 1366 5008 qui
1401 4936 1455 4990 in
1482 4933 1742 4990 Zacharia

165 5029 413 5099 prOpbeta
443 5032 625 5089 inuno
649 5033 833 5105 lapide
864 5032 1052 5104 (Zach.
1080 5048 1160 5097 ut,
1190 5031 1271 5101 9),
1304 5030 1355 5086 id
1379 5039 1483 5097 est,
1510 5028 1744 5085 Domino

165 5116 367 5178 Christo
404 5126 660 5183 dicuntur
691 5126 891 5183 inesse.
925 5125 1241 5197 Proprietas
1270 5134 1293 5161 ε
1326 5138 1458 5195 ergo
1480 5165 1494 5187 ,
1527 5120 1741 5178 unicui-

167 5226 264 5283 que
290 5217 578 5276 immobilis
604 5238 617 5276 :
649 5219 745 5277 sed
764 5236 905 5276 unus
932 5221 1135 5285 cultus,
1169 5233 1273 5273 una
1301 5218 1603 5283 veneratio,
1640 5230 1744 5272 una

172 5311 512 5367 sanctificatio
538 5330 755 5386 semper
777 5312 955 5369 Patris
981 5324 1037 5370 et
1066 5311 1189 5368 Filii
1222 5322 1275 5367 et
1303 5311 1541 5381 Spiritus
1569 5310 1745 5367 sancti

173 5407 265 5455 εει.
317 5402 498 5477 Neque
542 5409 687 5464 enim
736 5406 961 5479 dignum
1005 5417 1091 5465 est
1119 5414 1214 5462 aut
1258 5403 1457 5461 Filium
1504 5404 1747 5461 defuisse

240 5620 266 5690 ξ
300 5612 499 5690 Iliadem
525 5620 676 5678 Rom.
706 5621 867 5688 edit.,
898 5620 985 5690 qui
1010 5618 1072 5674 ab
1098 5627 1334 5689 utroque.

180 5680 266 5810 eu"
303 5685 497 5745 Eadem
525 5693 679 5750 lium.
713 5680 875 5761 edit.,
906 5680 1359 5747 consubstantialis
1386 5697 1435 5743 et
1462 5696 1743 5743 coaeternus

249 5839 270 5867 ⁸
312 5831 501 5891 Eadem
530 5837 681 5893 Rom.
721 5838 878 5903 edit.,
907 5836 1183 5908 unicuique
1213 5843 1308 5904 est,
1339 5842 1393 5889 ut
1415 5833 1480 5890 sit
1504 5830 1743 5887 immobi-

1842 4661 1930 4711 est
1962 4668 2129 4709 unum
2156 4668 2279 4710 esse
2309 4654 2503 4721 Deum,
2536 4654 2631 4725 qui
2657 4663 2855 4710 cuncta
2883 4670 2948 4710 ex
2979 4654 3153 4712 nihilo
3180 4670 3280 4727 per
3312 4654 3451 4713 Ver-

1844 4745 1975 4801 bum
2009 4762 2170 4801 suum
2200 4746 2351 4814 fecit,
2383 4754 2440 4803 et
2462 4761 2559 4817 per
2579 4746 2845 4817 Spiritum
2869 4758 3117 4805 sanctum
3146 4749 3447 4806 animavit:

1845 4842 1937 4913 qui
1978 4857 2100 4898 eum
2156 4841 2411 4899 universa
2439 4842 2642 4914 capiat,
2694 4842 2810 4913 ipse
2858 4859 2888 4898 a
2943 4844 3164 4901 nemine
3206 4846 3445 4917 capitur.

1846 4933 2002 5001 Quod
2051 4933 2125 4989 ita
2176 4948 2304 4991 esse
2354 4949 2466 4990 uno
2513 4934 2791 4991 versiculo
2820 4934 2986 4992 David
3011 4936 3272 5008 propheta
3297 4950 3448 4990 com-

1852 5025 2405 5096 preltenditdicens:
2456 5025 2628 5082 Verbo
2667 5024 2885 5083 Domini
2924 5029 3041 5083 caeli
3085 5029 3277 5097 ﬁrmati
3302 5036 3446 5095 sunt,

1852 5130 1901 5175 et
1920 5120 2129 5191 Spiritu
2152 5120 2258 5175 oris
2280 5120 2393 5192 ejus
2412 5120 2577 5175 omnis
2598 5120 2758 5176 virtus
2777 5136 2956 5177 eorum
2971 5117 3144 5191 (Psal.
3173 5135 3344 5184 xxx",
3367 5119 3444 5192 6).

1853 5214 1961 5270 Iste
1987 5222 2069 5270 est
2098 5214 2339 5285 Spiritus
2364 5224 2611 5281 sanctus,
2635 5215 2726 5285 (ιιιὶ
2760 5216 2814 5269 itt
2849 5214 3125 5285 principio
3150 5224 3207 5270 et
3244 5213 3451 5273 fabrica

1856 5307 2045 5363 mundi
2074 5306 2354 5364 ferebatur
2384 5322 2553 5378 super
2577 5321 2749 5377 aquas
2774 5305 2932 5377 (Gen.
2960 5320 3004 5373 I,
3028 5305 3110 5376 2).
3151 5303 3258 5362 iste
3289 5308 3447 5366 estin

1855 5417 1965 5474 quo
1996 5401 2211 5474 Moyses
2233 5411 2289 5459 et
2320 5404 2506 5459 Aaron
2536 5414 2724 5456 coram
2756 5398 3048 5457 Pharaone
3075 5416 3203 5475 rege
3228 5400 3455 5477 Egypti

1849 5612 1952 5677 lis;
1982 5613 2104 5679 quia
2129 5628 2262 5667 unus
2292 5610 2483 5675 cultus,
2514 5615 2623 5664 etc.

1924 5682 1949 5722 ά
1994 5684 2194 5739 Eadem
2235 5684 2392 5739 Rom.
2439 5681 2595 5741 edit.,
2624 5678 2742 5734 bilis
2770 5684 2955 5734 atrae!
2980 5678 3141 5749 ﬂaua,
3163 5681 3375 5754 sanguis
3404 5690 3457 5743 ct

1852 5755 2037 5829 ﬂegma
2069 5756 2325 5831 hominem
2356 5754 2695 5831 constituunt.

1926 5824 1949 5867 ὃ
1993 5828 2194 5886 Eadem
2223 5827 2381 5883 Rom.
2414 5826 2573 5895 edit.,
2605 5825 2874 5883 character
2896 5830 2943 5882 et
2971 5824 3161 5899 ﬁgura.
