3970 6316
592 281 696 342 510

1498 286 1591 344 AD
1626 285 1859 345 OPERA
1897 287 2146 347 SANCTI
2185 290 2520 351 AMBROSII
2560 290 2934 351 APPENDIX.

3727 307 3797 367 τιἳο

592 404 784 467 minus,
810 409 859 457 et
877 417 979 458 non
1001 410 1076 458 est
1097 409 1124 441 ι
1142 400 1369 474 amplius
1381 411 1533 460 castra
1556 403 1821 477 me(Esai.
1842 423 1969 474 xcv,
1994 408 2026 463 6
2046 418 2093 462 et
2118 406 2195 479 7),
2226 411 2280 470 Α
2309 407 2483 475 Opera
2510 425 2626 479 qua
2654 426 2747 483 ego
2778 410 2916 481 facio
2933 450 2949 477 ,
2978 406 3140 465 Pater
3164 408 3218 465 in
3248 424 3332 467 me
3354 426 3579 482 manens,
3603 415 3689 488 ipse
3715 424 3795 491 {acii

589 495 694 551 hoc
714 505 816 563 cst,
845 504 1041 567 praeter
1070 496 1308 554 Verbum
1328 506 1384 554 et
1410 496 1671 570 Spiritum
1703 514 1907 571 meum,
1939 502 2195 557 virtutem

587 601 653 643 ac
674 589 996 658 sapientiam
1028 589 1189 661 327
1220 605 1421 657 meum,
1455 606 1578 663 qua:
1605 591 1657 647 in
1704 608 1794 647 me
1832 602 1915 648 est
1949 609 2196 665 semper;

588 680 617 720 δ
663 682 844 738 nullus
871 693 954 740 est
983 684 1120 739 alter
1155 685 1297 741 Deus
1323 694 1485 757 atque
1513 687 1773 753 salvator,
1798 686 1866 743 de
1892 703 2000 760 quo
2051 688 2195 745 idem

590 778 854 849 propheta
882 776 1014 834 dicit
1045 795 1058 831 :
1089 776 1157 833 Et
1184 780 1350 835 mittet
1372 780 1445 835 eis
1467 777 1722 836 Dominus
1747 782 2079 850 salvatorem,
2108 782 2198 855 qui

585 890 675 931 eos
704 875 874 930 salvos
904 874 1063 947 faciat
1088 892 1119 928 a
1143 876 1367 947 peccatis
1407 892 1587 931 eorum
1622 874 1850 949 (Ibidem
1889 878 1967 949 5).
2001 879 2067 933 Et
2099 879 2199 935 ite-

588 984 707 1025 rum
734 985 800 1026 ex
824 984 1052 1039 persona
1096 968 1274 1025 Patris
1314 985 1475 1042 supra
1517 971 1757 1042 scriptus
1816 971 2088 1043 propheta
2118 972 2198 1027 di-

586 1063 659 1120 cit
688 1083 702 1119 :
736 1062 802 1118 In
830 1064 1130 1134 memetipso
1146 1065 1324 1137 juravi
1341 1106 1356 1132 ,
1386 1068 1513 1136 quia
1538 1068 1837 1137 egredietur
1877 1084 1943 1123 ea:
1970 1084 2058 1122 ore
2082 1083 2197 1122 meo

588 1157 823 1228 verbum,
841 1167 890 1215 et
906 1158 975 1213 ad
998 1174 1079 1214 me
1107 1175 1327 1215 vacuum
1350 1176 1454 1216 non
1471 1170 1752 1215 revertetur
1777 1160 2070 1230 (Βατίδα,
2093 1162 2194 1229 2ος

586 1266 709 1317 xcv,
734 1250 837 1317 25;
878 1267 969 1317 Lv,
1011 1251 1121 1325 tl).
1154 1252 1271 1308 Non
1302 1262 1387 1310 est
1415 1269 1608 1310 revera
1639 1254 1880 1311 Verbum
1923 1256 2101 1312 Patris
2129 1256 2197 1313 ad

586 1364 711 1406 cum
737 1364 966 1405 vacuum
1010 1365 1315 1419 reversum,
1348 1352 1471 1422 quia
1505 1350 1730 1409 obsides
1750 1352 1942 1408 salutis
1972 1362 2196 1421 nostrae,

588 1440 643 1497 id
673 1450 779 1508 est,
831 1457 1016 1498 veram
1049 1443 1285 1498 animam
1318 1452 1373 1499 et
1395 1458 1584 1499 verum
1638 1459 1837 1514 corpus
1883 1456 2197 1516 susceptum

585 1536 642 1591 in
670 1534 946 1591 dexteram
968 1535 1256 1592 collocavit
1282 1536 1481 1592 Patris.
1513 1536 1668 1604 Quod
1696 1537 1771 1592 ita
1809 1551 1932 1593 esse
1960 1536 2196 1593 futurum

586 1629 641 1685 in
695 1627 899 1700 Spiritu
922 1627 1189 1699 propheta
1243 1628 1460 1684 intuens
1489 1628 1617 1684 dicit
1648 1646 1663 1685 :
1723 1628 1848 1685 Vere
1889 1640 1945 1684 tu
1974 1646 2026 1685 es
2059 1629 2199 1687 Deus

584 1720 918 1777 absconditus
960 1721 977 1792 (
1009 1720 1155 1775 Esai.
1190 1737 1319 1786 XLV,
1340 1720 1409 1775 15
1435 1718 1478 1792 ),
1511 1720 1562 1775 id
1592 1729 1695 1788 cst,
1731 1721 1787 1776 in
1838 1737 2026 1788 carne,
2061 1721 2197 1778 Deus

2303 518 2362 556 ea
2382 500 2565 574 (Joon.
2598 518 2717 571 xiv,
2746 504 2863 574 10).
2888 502 3013 575 Ipse
3032 512 3119 559 est
3144 518 3281 576 ergo
3303 519 3512 577 semper
3529 505 3576 563 in
3597 507 3722 567 Patre
3738 513 3799 570 Fi-

2301 594 2427 662 lius,
2460 595 2554 667 qui
2584 596 2653 651 ad
2682 597 2907 668 Moysen
2945 595 3080 652 dicit
3112 614 3126 651 :
3160 597 3267 663 Qui
3301 606 3395 666 est,
3424 599 3556 655 misit
3588 618 3655 656 me
3675 604 3799 662 αόυοι

2305 684 2506 757 (Exod.
2532 702 2613 753 ιιι,
2646 687 2760 760 ﬂ).
2786 686 2908 759 Ipse
2936 698 3044 756 est,
3070 689 3157 745 cui
3183 688 3428 761 perfecto
3449 690 3569 748 orbe
3580 696 3802 766 congaude-

2300 778 2395 835 bat
2424 779 2611 847 Pater;
2632 782 2757 851 quia
2789 790 2995 837 tantam
3020 782 3221 839 molem
3248 790 3410 839 terrae
3437 782 3803 859 fundassetsuper

2301 872 2495 939 maria,
2526 881 2583 929 et
2610 888 2774 944 super
2803 874 3029 931 ﬁumina
3055 874 3384 933 collocasset
3404 890 3519 933 eam
3540 892 3554 942 ;
3575 886 3625 933 ut
3639 879 3804 938 elemea

2302 973 2415 1019 tum
2444 965 2832 1035 gravissimum
2873 982 3045 1039 super
3075 977 3271 1024 tenues
3306 983 3473 1039 aquas
3495 968 3603 1040 eius
3625 973 3806 1043 penderet

2301 1058 2548 1115 arbitrio.
2584 1060 2644 1116 lu
2685 1060 2989 1117 stabilitate
3032 1077 3163 1133 ergo
3190 1062 3338 1120 orbis
3365 1072 3637 1136 terrarum,
3659 1069 3806 1139 quando

2302 1149 2449 1209 illius
2480 1151 2833 1211 fundamenta
2865 1155 3026 1212 Pater
3059 1155 3345 1227 ﬁrmabat,
3392 1160 3562 1215 nullus
3603 1172 3698 1217 erat
3728 1180 3805 1219 cum

2300 1258 2369 1300 eo
2399 1254 2596 1317 praeter
2620 1262 2740 1316 eos,
2772 1248 2864 1319 qui
2895 1258 3056 1305 erant
3079 1250 3133 1306 in
3159 1266 3248 1320 eo,
3278 1251 3332 1307 id
3358 1262 3465 1318 est,
3494 1252 3648 1310 Filius
3666 1258 3806 1329 «διερί-

2300 1344 2440 1400 ritus
2482 1356 2725 1402 sanctus.
2761 1347 3100 1404 Erubescant
3130 1363 3263 1420 ergo
3312 1348 3463 1421 impii
3505 1350 3807 1425 hzercﬁci,qri

2302 1436 2500 1493 Filium
2532 1438 2627 1495 Dei
2658 1450 2751 1493 aut
2790 1440 3057 1511 Spiritum
3085 1450 3335 1497 sanctum
3361 1453 3645 1498 creaturam
3667 1444 3807 1514 dicunt,

2301 1543 2395 1588 aut
2425 1533 2593 1590 fuisse
2623 1546 2870 1607 tempus,
2899 1536 3118 1607 quando
3145 1553 3253 1592 non
3285 1537 3518 1603 iuerint;
3549 1544 3697 1611 neque
3717 1544 3807 1595 enim

2306 1636 2611 1697 temporum
2666 1626 2918 1684 conditor
2971 1628 3134 1684 habet
3197 1628 3499 1700 aliquando
3548 1631 3807 1704 principium.

2302 1720 2572 1790 Quidquid
2596 1736 2729 1791 ergo
2756 1720 2930 1777 Filius
2958 1722 3221 1793 loquitur,
3252 1724 3424 1780 verba
3460 1735 3582 1781 sunt
3616 1726 3811 1793 Patris,et

587 1815 761 1873 Israel
782 1816 1057 1883 Salvator;
1088 1824 1143 1870 et
1172 1815 1371 1871 iterum
1402 1832 1415 1869 :
1450 1813 1801 1871 Absconditus
1824 1817 1995 1872 vultus
2020 1818 2134 1889 ejus
2151 1824 2197 1872 et
2229 1818 2273 1877 Β
2303 1813 2471 1868 verba
2500 1823 2627 1869 sunt
2652 1813 2889 1884 Spiritus
2918 1817 3123 1871 sancti:
3152 1816 3421 1888 quidquid
3450 1817 3604 1875 Pater
3629 1821 3809 1892 loquitur,

581 1910 847 1982 despectus
894 1908 1065 1983 (Esai.
1094 1924 1207 1977 LIII,
1256 1906 1352 1980 2);
1386 1915 1446 1963 ut
1467 1907 1681 1963 scilicet
1703 1907 1941 1964 humano
1963 1923 2196 1981 corpore

583 2005 767 2062 divina
807 2003 1048 2075 potentia
1090 2003 1401 2068 celaretur;
1446 2012 1503 2058 et
1542 2002 1733 2057 iterum
1767 2020 1780 2055 :
1814 2002 1878 2057 Et
1920 2004 2069 2058 homo
2099 2012 2191 2069 est,

584 2108 635 2155 et
662 2098 778 2169 quis
805 2097 1068 2169 cognoscit
1118 2112 1236 2150 eum
1275 2094 1494 2167 (Ierem.
1546 2110 1675 2162 xvu,
1707 2094 1807 2165 9)?
1837 2094 1908 2149 Et
1947 2094 2141 2150 iterum
2176 2111 2195 2149 :

587 2189 692 2247 Hic
740 2189 884 2246 Deus
908 2198 1103 2251 noster.
1135 2205 1238 2243 non
1270 2188 1611 2244 wstimabitur
1660 2187 1728 2240 ad
1759 2203 1875 2242 eum
1918 2188 2076 2254 alius,
2108 2188 2195 2258 qui

579 2286 635 2341 in
671 2286 822 2340 terris
850 2285 990 2340 visus
1020 2295 1118 2349 est,
1161 2292 1210 2339 et
1252 2301 1370 2338 cum
1415 2284 1709 2339 hominibus
1747 2294 2077 2338 conversatus
2118 2293 2194 2339 est

580 2380 799 2454 (Boruc.
864 2394 945 2447 ιιι,
999 2378 1124 2450 36),
1176 2386 1231 2433 et
1278 2378 1512 2433 iterum:
1569 2376 1736 2432 Homo
1796 2377 1851 2431 in
1890 2376 2092 2444 dolore,
2146 2386 2194 2430 et

578 2475 745 2531 sciens
794 2476 930 2544 ferre
976 2470 1306 2541 inﬁrmitates
1350 2469 1515 2541 (Ibid.
1558 2467 1686 2538 38);
1728 2483 1914 2524 verum
1980 2467 2193 2523 scilicet

581 2582 782 2638 corpus
803 2565 1040 2621 hominis
1061 2580 1157 2633 per
1177 2566 1293 2619 ltch
1316 2564 1506 2627 verba,
1523 2570 1579 2617 et
1598 2577 1780 2618 veram
1810 2561 2192 2617 demonstrans

576 2662 839 2728 animam,
868 2660 958 2731 qui
996 2658 1164 2713 sciens
1193 2660 1328 2730 ferre
1363 2656 1693 2724 inﬁrmitates
1728 2654 2000 2710 divinitate
2041 2670 2193 2727 supe-

580 2756 738 2823 ravit,
787 2752 1069 2823 paciﬁcans
1098 2767 1188 2824 per
1227 2749 1534 2821 sanguinem
1572 2748 1741 2803 crucis
1772 2762 1903 2814 suat,
1946 2748 2052 2803 sive
2075 2762 2193 2817 qua:

582 2849 641 2904 in
674 2847 818 2903 caelis
853 2854 996 2911 sunt,
1047 2845 1152 2899 sive
1198 2859 1313 2915 qua:
1357 2843 1411 2897 in
1458 2851 1595 2896 terra
1643 2840 1812 2913 (Esai.
1846 2855 1960 2906 Lm,
1987 2838 2053 2906 4;
2086 2838 2187 2895 (Jo-

583 2941 710 2997 loss.
757 2955 794 3005 ι,
838 2938 957 3011 28).
1000 2937 1213 2993 Claruit
1238 2935 1385 2992 enim
1419 2951 1515 3007 per
1563 2934 1680 2989 haec
1706 2934 1891 3001 verba,
1921 2935 1977 2988 in
2008 2931 2182 2987 Domi-

582 3052 705 3090 num
729 3034 911 3089 Iesum
937 3030 1219 3099 Christum,
1251 3046 1357 3087 non
1390 3046 1457 3086 ex
1484 3040 1639 3101 parte
1674 3029 1979 3093 veritatem,
2020 3036 2076 3082 et
2121 3041 2186 3081 ex

584 3137 736 3199 parte
768 3124 1110 3182 mendacium
1146 3143 1158 3179 :
1185 3124 1280 3180 sed
1310 3138 1526 3179 omnem
1559 3122 1612 3178 in
1634 3136 1700 3178 eo
1725 3136 1847 3178 esse
1878 3120 2184 3187 veritatem,

583 3218 636 3275 id
662 3228 772 3287 est,
801 3227 857 3274 et
888 3218 981 3273 Dei
1018 3224 1074 3272 et
1103 3215 1358 3273 hominis.

651 3332 881 3389 CAPUT
922 3332 990 3387 Χ.
1027 3361 1101 3373 --
1129 3331 1235 3387 Sed
1264 3330 1368 3387 hoc
1392 3344 1502 3386 non
1527 3327 1785 3400 intelligit
1821 3326 2055 3383 humana
2088 3341 2178 3381 sa-

580 3429 803 3501 pientia,
831 3442 993 3499 quam
1024 3425 1353 3482 condemnat
1384 3424 1573 3480 beatus
1611 3420 1913 3493 Apostolus
1941 3419 2130 3475 dicens
2164 3436 2177 3474 :

580 3520 740 3576 Fides
769 3532 1064 3577 vestrauon
1112 3520 1177 3573 sit
1222 3519 1277 3572 in
1302 3517 1558 3586 sapientia
1606 3514 1903 3579 hominum,
1957 3527 2179 3582 quorum

575 3615 832 3674 Dominus
860 3614 1192 3687 cogitationes
1219 3612 1387 3677 novit,
1429 3609 1674 3682 quoniam
1702 3622 1849 3663 uanae
1890 3615 2011 3661 sunt
2041 3621 2058 3660 :
2088 3606 2179 3660 sed

572 3712 630 3769 in
654 3712 841 3768 virtute
881 3709 975 3765 Dei
1006 3707 1048 3781 (1
1078 3707 1202 3764 Cor.
1254 3722 1323 3773 ιι,
1352 3703 1445 3778 5);
1472 3711 1528 3760 et
1554 3704 1750 3759 iterum
1788 3718 1800 3753 :
1856 3699 1978 3755 Non
2010 3699 2179 3754 edocti

578 3807 870 3877 cqhumana:
900 3802 1170 3875 sapientia
1216 3798 1409 3866 verbis,
1460 3797 1550 3854 sed
1573 3796 1739 3852 edocti
1768 3794 1975 3866 Spiritu
2001 3802 2177 3848 sancto

573 3899 801 3972 (ibidem
830 3896 943 3970 15).
979 3897 1119 3967 Ergo
1153 3893 1293 3949 ﬁdes
1326 3907 1434 3949 non
1461 3892 1534 3947 sit
1570 3890 1623 3945 in
1652 3889 1933 3945 hominum
1961 3886 2176 3957 sapieno

570 3995 676 4062 tia,
707 4002 762 4051 et
788 3992 1014 4049 haeresis
1042 4006 1149 4045 non
1180 3998 1286 4045 est.
1318 3988 1375 4043 ιιι
1401 3987 1565 4042 Patre
1591 4000 1723 4056 ergo
1759 3998 1975 4054 semper
2003 3982 2176 4039 Filius

568 4096 629 4146 et
679 4085 917 4155 Spiritus
963 4092 1188 4139 sanctus
1233 4090 1355 4147 est;
1386 4078 1531 4150 quod
1564 4078 1636 4133 ita
1668 4092 1791 4134 esse
1838 4079 1955 4146 ipse
2004 4075 2174 4132 Filius

568 4178 858 4236 conﬁrmat
898 4174 1089 4231 dicens
1120 4192 1134 4228 :
1165 4172 1278 4243 Ego
1318 4181 1366 4226 et
1396 4170 1554 4224 Pater
1585 4184 1743 4223 unum
1776 4184 1955 4222 sumus
1986 4166 2169 4241 (loan.

571 4290 637 4342 χ,
665 4272 759 4343 50)
792 4289 805 4325 :
839 4286 1007 4326 unum
1057 4276 1279 4339 pmpter
1324 4274 1575 4321 naturam
1627 4262 1965 4328 divinitatis,
1995 4278 2172 4316 sumus

570 4375 793 4439 propter
808 4378 1160 4437 personarum
1192 4359 1580 4431 proprietates;
1608 4364 1664 4413 et
1687 4358 1911 4411 iterum:
1931 4355 2063 4410 Ecce
2089 4371 2173 4409 ve-

568 4460 643 4516 nit
670 4460 864 4515 liora...
896 4468 953 4514 ut
978 4472 1056 4512 me
1082 4455 1249 4512 soluat
1280 4449 1611 4523 relinquatis;
1639 4458 1686 4504 et
1725 4465 1828 4505 non
1865 4464 1981 4503 sunt
2003 4450 2167 4515 solus,

567 4552 691 4624 quia
724 4550 882 4607 Pater
925 4566 1123 4607 mecum
1161 4556 1237 4604 est
1269 4544 1449 4619 (Joan.
1479 4558 1600 4610 xvt,
1640 4540 1770 4612 32);
1814 4551 1872 4597 et
1917 4541 2119 4597 iterum
2153 4559 2165 4597 :

2300 1902 2466 1957 verba
2497 1912 2623 1958 sunt
2660 1902 2809 1970 Filii,
2858 1904 3023 1959 verba
3066 1914 3196 1961 sunt
3241 1905 3479 1977 Spiritus
3504 1911 3812 1981 sanctizquid-

2297 1997 2427 2067 quid
2483 1996 2727 2067 Spiritus
2771 2007 2994 2053 sanctus
3041 1999 3303 2069 loquitur,
3336 2000 3508 2057 verba
3546 2012 3656 2057 sunt
3679 2003 3810 2069 Patris,

2296 2092 2463 2147 verba
2489 2102 2618 2147 sunt
2642 2090 2765 2145 Filii
2791 2090 3071 2162 Dei.Ergo
3103 2093 3286 2161 unius,
3320 2094 3417 2166 qui
3438 2095 3656 2166 complet
3673 2098 3809 2165 omnis,

2295 2192 2352 2240 et
2377 2186 2429 2239 in
2454 2199 2561 2255 quo
2586 2194 2715 2239 sunt
2734 2184 2939 2250 omnia,
2969 2184 3052 2240 his
3076 2186 3257 2244 verbis
3291 2188 3397 2243 sub
3418 2190 3660 2260 mysterio
3676 2198 3812 2244 sancta

2295 2279 2581 2335 Trinitatis
2647 2278 2841 2334 notitia
2904 2279 3265 2350 praedicatur;
3340 2282 3423 2337 ait
3472 2283 3607 2339 enim
3663 2282 3810 2338 Filius:

2294 2368 2321 2409 ἀ
2353 2373 2586 2443 Spiritus
2614 2380 2825 2426 sanctus
2846 2388 2877 2424 α
2900 2369 3062 2428 Patre
3084 2362 3315 2445 procedit
3338 2372 3525 2447 (Joan.
3551 2391 3629 2443 xv,
3650 2374 3746 2445 26);
3763 2383 3813 2428 ta-

2300 2481 2423 2521 men
2455 2474 2680 2536 propter
2712 2463 3034 2521 socictutem
3067 2467 3446 2538 unitatemque
3471 2478 3659 2524 natura:
3680 2481 3705 2522 a
3725 2465 3813 2522 Filio

2294 2559 2529 2615 mittitur
2559 2575 2574 2617 ;
2609 2559 2702 2629 qui
2734 2555 2905 2612 Filius
2946 2558 3013 2614 ab
3040 2556 3181 2614 Isaia
3216 2560 3493 2631 propheta
3524 2561 3574 2616 in
3616 2560 3813 2631 regnantis

2294 2654 2482 2709 habitu
2508 2654 2658 2709 visus
2695 2664 2800 2723 est,
2829 2651 2939 2724 jscd
2971 2661 3192 2723 propter
3215 2652 3555 2709 consortium
3597 2652 3811 2723 inajestatis

2292 2749 2663 2821 unitatemque
2688 2748 3007 2807 substantia:
3044 2746 3284 2817 Spiritus
3311 2758 3538 2804 sanctus
3565 2748 3616 2802 in
3629 2746 3810 2818 propheta

2291 2855 2377 2900 est
2425 2845 2640 2901 locutus
2672 2862 2685 2897 ε
2716 2844 2770 2899 in
2820 2842 3144 2913 Cherubim;
3164 2857 3296 2898 sane
3346 2852 3403 2898 et
3462 2841 3732 2913 Seruphim,
3754 2840 3810 2895 ubi

2290 2939 2407 3010 ipsa
2432 2940 2569 2995 visio
2597 2939 2739 2995 facta
2770 2938 3126 3005 describitur,
3156 2953 3223 2994 ex
3273 2948 3433 3010 parte
3462 2938 3811 2995 ostenditurDo-

2290 3032 2493 3101 minus,
2518 3043 2571 3088 et
2593 3048 2662 3089 ex
2686 3041 2839 3104 parte
2869 3032 3111 3099 celatur;
3141 3031 3349 3087 duabus
3374 3032 3634 3104 siquidem
3658 3032 3733 3087 alis
3750 3044 3809 3084 ve-

2292 3128 2477 3185 labant
2556 3128 2753 3185 faciem
2807 3126 2959 3199 ejus,
3011 3134 3069 3182 et
3129 3125 3340 3182 duabus
3400 3128 3646 3182 vetabant
3700 3124 3811 3195 pedes

2214 3207 2259 3270 Ο
2293 3224 2443 3295 ejus,
2482 3234 2536 3280 et
2575 3224 2791 3279 duabus
2846 3221 3111 3278 volabant
3169 3220 3337 3292 (Esai.
3372 3237 3462 3289 vl,
3511 3220 3590 3293 Ξ).
3622 3219 3811 3276 Velautur

2286 3333 2418 3391 ergo
2472 3333 2559 3387 ea,
2609 3332 2734 3389 quae
2774 3324 2903 3372 ante
2954 3314 3217 3371 mundum
3270 3315 3537 3381 luerunt,
3580 3323 3629 3372 et
3663 3326 3809 3384 eaque

2286 3420 2412 3483 post
2460 3410 2723 3467 mundum
2774 3417 2969 3478 erunt,
3026 3424 3152 3481 quae.
3185 3424 3276 3463 nec
3333 3410 3519 3464 oculus
3564 3408 3716 3474 vidit,
3753 3421 3809 3461 res

2282 3505 2428 3559 auris
2457 3504 2655 3558 audivit
2681 3503 2727 3577 (Ι
2757 3499 2879 3557 Cor.
2913 3517 2984 3566 ιι,
3018 3498 3074 3571 9)
3101 3517 3115 3554 :
3146 3515 3210 3556 ea
3241 3516 3373 3557 vero
3413 3518 3539 3573 qua:
3568 3500 3618 3556 in
3639 3515 3716 3556 sex
3738 3499 3810 3553 die

2283 3599 2387 3655 bus
2411 3596 2554 3653 facta
2585 3606 2747 3663 sunt,
2772 3596 2936 3651 nobis
2967 3595 3021 3650 in
3050 3594 3297 3650 notitiam
3327 3610 3429 3665 per
3459 3611 3657 3651 sacram
3680 3594 3810 3650 lectio

2282 3707 2405 3747 nem
2429 3699 2714 3747 venerunt.
2742 3688 2851 3745 Nos
2874 3703 3007 3761 ergo
3039 3689 3091 3743 in
3137 3687 3302 3744 Patre
3332 3698 3389 3744 et
3418 3689 3562 3747 Filio
3592 3700 3640 3745 et
3662 3686 3806 3757 Spiritu

2282 3792 2472 3841 sancto
2498 3801 2607 3840 non
2630 3785 2808 3842 solum
2841 3798 3006 3838 unam
3032 3783 3433 3853 operationem,
3465 3783 3557 3841 scd
3581 3792 3631 3840 et
3647 3779 3807 3852 aequali-

2281 3891 2449 3937 tatem
2492 3880 2844 3945 conﬁtemur;
2883 3891 2905 3917 ο
2933 3879 3058 3950 quia
3101 3878 3195 3934 ubi
3239 3880 3549 3951 aequalitas,
3592 3880 3729 3953 328
3761 3874 3807 3929 ibi

2278 3976 2471 4033 eadem
2505 3985 2724 4044 natura,
2755 3973 3059 4045 eademque
3086 3972 3397 4029 substantia
3430 3984 3535 4030 est.
3572 3972 3590 4011 ί
3618 3974 3806 4041 Promer-

2279 4086 2368 4138 ea,
2434 4068 2613 4141 inquit
2660 4066 3007 4140 Evangelista
3060 4066 3240 4139 (Joan.
3291 4067 3497 4139 v.19).
3553 4060 3806 4123 eumludzei

2279 4164 2768 4235 persequebantur,
2799 4163 2926 4234 quia
2958 4176 3065 4217 non
3098 4162 3278 4217 solum
3298 4162 3553 4218 solvebat
3568 4161 3804 4219 sabbatum.

2273 4257 2369 4315 sed
2396 4259 2557 4314 etiam
2584 4256 2781 4313 Filium
2818 4256 2910 4311 Dei
2936 4271 2999 4312 se
3028 4254 3260 4311 dicendo
3287 4297 3303 4323 ,
3327 4256 3597 4328 aequalem
3624 4270 3675 4311 se
3695 4251 3807 4309 iacie-

2274 4350 2368 4407 bat
2408 4350 2545 4406 Deo.
2574 4347 2732 4417 Quod
2786 4348 2906 4418 ipsc
2953 4346 3219 4403 Dominus
3271 4348 3600 4419 comprobat
3640 4346 3806 4402 dicens:

2274 4444 2389 4517 Ego
2419 4454 2466 4499 et
2492 4443 2652 4499 Pater
2696 4458 2859 4497 unum
2887 4458 3090 4510 sumus,
3136 4451 3185 4497 et
3211 4458 3305 4513 ego
3333 4443 3390 4496 in
3410 4440 3592 4510 Patre,
3635 4452 3675 4497 ct
3697 4439 3807 4493 Pater

2272 4541 2328 4595 in
2354 4555 2434 4594 me
2456 4546 2566 4606 est;
2608 4545 2665 4595 et
2696 4536 2892 4593 iterum
2926 4554 2940 4591 :
2974 4535 3137 4592 Pater
3162 4536 3301 4608 quod
3338 4535 3485 4593 dedit
3510 4538 3649 4604 mihi,
3686 4536 3805 4605 majus

639 4747 665 4775 ⁸
706 4735 909 4792 Eadem
959 4732 1119 4787 Rom.
1150 4728 1306 4796 edit.,
1340 4725 1583 4797 amplius.
1627 4723 1744 4795 Ego
1782 4722 1871 4792 qui
1913 4722 2163 4793 fabricavi
2189 4732 2246 4799 1)
2269 4723 2589 4799 reputabitur
2620 4721 2762 4799 alius
2783 4720 3031 4799 adversus
3059 4737 3197 4787 eum,
3229 4730 3278 4775 et
3302 4736 3321 4775 :
3359 4719 3490 4776 Post
3517 4719 3681 4799 hocin
3698 4714 3804 4770 terrt'tl

564 4809 735 4866 lucem
761 4815 869 4863 etc.
904 4803 1163 4872 Quoniam
1190 4817 1291 4855 non
1319 4808 1393 4854 est
1423 4799 1558 4872 Deus
1588 4804 1777 4867 prtcter
1800 4811 1899 4872 rue.

636 4865 666 4921 Β
705 4880 865 4938 Rom.
899 4865 1063 4943 edit.,
1116 4872 1183 4928 Et
1233 4874 1420 4926 iterum
1472 4865 1610 4924 idem
1661 4866 1953 4943 propheta:
2115 4877 2164 4922 te

564 4936 725 5011 Deus:
741 4936 843 5017 est,
874 4961 920 5005 et
960 4936 1063 5002 non
1093 4954 1166 5002 est
1197 4944 1331 5017 alius
1361 4948 1641 5017 praeter-te.
1662 4936 1669 4938 “
1690 4939 1755 4993 Et
1782 4939 1956 5017 alibi.-
1990 4936 2164 4993 Mittet

560 5010 639 5083 eis
663 5010 948 5087 hominem,
970 5020 1058 5089 qui
1088 5015 1304 5089 salvabiﬁt
1332 5010 1416 5089 eos
1440 5029 1457 5089 ς
1471 5012 1724 5089 judicans
1750 5010 1973 5065 salvabit
2001 5027 2158 5065 eos...

562 5099 669 5155 Per
722 5083 1079 5164 memctips'unt
1111 5088 1312 5164 juravi,
1358 5083 1791 5164 nisi'egredietur
1835 5099 2160 5164 ea;_ore-rneo

549 5152 789 5245 iustitia,
805 5182 850 5245 et
867 5152 1129 5222 sermones
1150 5152 1366 5245 meinati
1391 5152 1709 5213 avertantur.
1739 5152 1803 5208 Et
1825 5155 1951 5245 alibi
1969 5170 1997 5245 ί
2023 5153 2158 5245 Ver:

559 5226 680 5298 bum
707 5226 1064 5314 quodcumque
1084 5232 1357 5314 exieritlde
1380 5246 1467 5284 ore
1497 5242 1631 5293 meo,
1657 5243 1757 5280 non
1783 5237 2065 5314 revertetur
2067 5226 2151 5314 πρά

559 5297 641 5371 me
665 5297 904 5378 vdcuum,
934 5297 1095 5364 donec
1115 5304 1485 5378 compleantur;
1508 5313 1839 5378 quaecumque
1866 5299 2026 5354 volui.
2056 5297 2153 5353 Est

557 5387 718 5460 igitur
758 5370 930 5440 Filius
973 5396 1150 5437 revera
1186 5370 1791 5460 Verbum.Patris,.c‘um
1830 5387 2048 5460 vacuum
2072 5388 2154 5460 Le-

556 5441 756 5514 v'ersum
780 5474 882 5511 non
911 5455 1105 5524 fuerit;
1133 5450 1256 5524 quia
1281 5445 1584 5524 obsides”:
1638 5442 1840 5524 intuens
1869 5441 1995 5497 dicit
2027 5441 2154 5524 $.th

555 5511 702 5585 enim
721 5511 772 5585 es
798 5511 935 5583 Deus
965 5535 1011 5582 et
1030 5511 1365 5584 nesciuimus,
1391 5515 1531 5570 Deus
1553 5511 1724 5568 Israel
1746 5513 1988 5585 salvator.
2016 5513 2067 5567 Ν
2074 5533 2152 5569 es-

554 5583 786 5667 civimus,
814 5599 932 5669 quia
958 5583 1460 5669 carnevelatus.‘Et
1481 5589 1668 5669 iterum
1701 5601 1728 5669 ε.
1770 5583 1897 5669 Non,
1924 5596 2000 5641 est
2038 5603 2155 5669 spef

552 5673 657 5730 cies
684 5657 954 5740 ei,'ncque
999 5668 1167 5737 gloria
1199 5681 1217 5720 :
1265 5674 1323 5740 et
1356 5661 1515 5740 facies
1545 5659 1655 5729 ejus
1694 5657 1933 5727 despecta
1975 5657 2081 5740 e_s_t,_
2104 5668 2154 5715 et

553 5762 658 5801 non
699 5730 773 5799 es't
812 5730 1087 5812 reputala;
1119 5748 1173 5812 ut
1212 5730 1404 5812 scilicet
1452 5733 1683 5812 humano
1717 5746 1939 5812 corpore
1977 5730 2149 5785 divina

555 5799 785 5890 potentia
818 5799 1095 5867 citaretur".
1126 5809 1356 5890 Etnalius
1384 5803 1680 5890 prapltetan:
1709 5800 1778 5857 Et
1804 5799 1956 5890 homo
1981 5812 2075 5868 est,
2100 5811 2148 5857 et

551 5873 671 5965 quis
698 5890 969 5961 cognoscet
996 5880 1149 5937 eum?
1180 5878 1247 5934 Et
1278 5873 1579 5935 irerum'hic
1618 5873 1763 5932 Deus
1805 5886 2001 5944 noster,
2041 5890 2149 5929 non

2268 4790 2405 4850 visus
2439 4804 2532 4861 est,
2579 4803 2626 4848 et
2649 4797 2782 4847 inter
2826 4794 3059 4849 homines
3085 4804 3423 4847 conversatus
3451 4804 3544 4849 est.
3585 4790 3650 4846 Et
3666 4791 3803 4843 iterum

2264 4868 2514 4936 scriptunt
2540 4876 2657 4920 est:
2687 4863 2863 4920 Homo
2903 4868 2957 4919 in
2980 4867 3141 4938 plaga
3167 4866 3441 4929 exsistens,
3472 4874 3521 4919 et
3564 4864 3709 4918 sciens
3728 4864 3802 4931 [εῖ-

2263 4947 2604 5085 ragadia"!
2639 5008 2799 5085 Βρω.
2827 5009 2961 5085 edit.
2984 5051 2999 5074 ,
3031 5007 3155 5064 Non
3177 5011 3229 5085 in
3260 5008 3599 5085 persuasoriis
3618 5006 3803 5085 humarat

2263 5083 2535 5153 sapientia:
2559 5082 2725 5136 verbis
2745 5123 2760 5147 ,
2788 5084 2880 5137 sed
2910 5083 2964 5136 in
2994 5080 3286 5136 ostensione
3310 5083 3528 5149 spiritus
3556 5089 3604 5134 et
3627 5080 3797 5132 virtutis.

2338 5152 2363 5191 ⁶¹
2406 5154 2611 5208 Eadem
2641 5152 2801 5209 Rom.
2834 5154 2969 5208 edit.
2988 5194 3003 5209 .
3039 5153 3273 5209 Spiritus
3298 5153 3549 5209 veritatis.
3570 5151 3715 5209 aui...
3738 5145 3801 5200 Ιιιι

2338 5167 2363 5191 σι
2406 5167 2611 5208 nauem
2642 5167 2801 5209 nom.
2834 5167 3003 5220 edit.,
3039 5167 3273 5222 bpﬂ‘tlus
3298 5167 3549 5217 veritatis,
3570 5167 3715 5220 qui...
3738 5167 3801 5200 Ht'

2258 5226 2390 5297 quit,
2420 5243 2451 5279 a
2493 5224 2655 5280 Patre
2689 5224 2921 5295 procedit
2952 5234 3159 5295 propter
3189 5225 3462 5296 originem.
3489 5220 3674 5293 Inquit,
3696 5232 3801 5298 quc-3

2255 5290 2460 5425 gilfltlm
2503 5290 2719 5369 prapter
2748 5290 3059 5353 societatem
3090 5290 3445 5367 unitatemque
3490 5290 3697 5350 natura.
3727 5290 3799 5357 Qui

2308 5389 2321 5424 t
2351 5387 2449 5425 ius.

2308 5389 2603 5498 Ife“Eadem
2635 5442 2793 5498 Rom.
2824 5440 2996 5510 edit.,
3036 5439 3134 5498 Ubi
3178 5442 3314 5496 enim
3362 5439 3537 5497 eadem
3579 5435 3796 5509 Operatio.

2254 5514 2327 5568 ibi
2356 5514 2648 5581 inqualitas.

2331 5584 2348 5623 ί
2394 5577 2603 5659 Eadem
2652 5584 3017 5659 Romaedig,
3049 5584 3334 5659 PrOpterea
3385 5583 3628 5659 Dominus
3665 5577 3793 5659 inquit

2257 5657 2661 5729 (cumJudazi...
2685 5658 2905 5723 faciebat
2939 5655 3073 5729 Deo)
3094 5652 3196 5729 non
3220 5666 3391 5729 potest
3429 5652 3477 5729 Ε
3480 5654 3597 5709 ilius
3621 5668 3650 5705 ιι
3669 5666 3715 5729 ιε
3737 5652 3795 5729 [ας

2257 5714 2401 5797 cere;
2428 5730 2551 5802 quia
2586 5714 2696 5783 nisi'
2725 5730 2866 5801 quod
2906 5714 3093 5784 viderit
3125 5714 3333 5802 Patrem
3361 5728 3645 5802 [acicntenu
3680 5714 3794 5788 Quod

2256 5802 2382 5857 alibi
2409 5798 2605 5858 clarius
2633 5798 2858 5857 ostendit
2885 5802 3061 5858 dicens
3085 5818 3104 5857 :
3133 5799 3240 5873 Egr
3285 5811 3327 5855 el
3357 5798 3536 5864 Pater,
3565 5805 3663 5852 etc.
