3970 6316
180 259 285 318 52!

1341 244 1429 299 DE
1470 238 1846 299 TRINITATE
1888 239 2325 301 'l‘llACTATUS.

3396 253 3504 309 522

176 374 433 431 omnibus
464 380 539 430 est
570 378 662 439 ;et
702 382 849 424 nemo
894 374 1063 438 potest
1118 380 1298 435 rapere
1336 363 1400 417 de
1455 379 1613 416 manu
1644 376 1795 425 mea;
1825 365 1870 424 Λ
1904 359 2065 430 pheta
2092 361 2228 418 dicit
2260 382 2271 416 :
2314 362 2718 421 Generationem
2745 367 2859 437 ejus
2900 366 3013 436 quis
3039 369 3299 424 enarravit
3324 367 3501 440 (Esai.

180 470 496 541 statimque
537 466 701 522 infert
735 484 748 518 :
785 461 853 517 Et
901 478 1049 516 nemo
1100 470 1265 533 potest
1313 474 1496 529 rapere
1540 457 1604 511 de
1643 472 1799 510 utanu

178 560 372 617 Patris
404 560 585 635 (Joan.
632 575 692 625 χ,
724 557 830 624 30;
876 571 993 621 xw,
1046 554 1150 622 t0;
1182 570 1239 620 x,
1291 552 1408 624 29).
1464 552 1524 609 Si
1566 566 1700 623 ergo
1728 551 1797 607 de

176 672 353 713 manu
380 656 507 712 Filii
531 670 654 727 quae
678 653 841 707 Pater
868 650 1046 716 dedit,
1074 663 1241 705 nemo
1270 655 1453 717 potest
1482 661 1703 718 rapere,
1744 654 1801 701 et

178 748 304 808 haec
330 750 523 807 eadem
552 748 605 804 in
634 762 793 802 manu
826 745 1005 801 Patris
1042 750 1192 810 sunt,
1225 756 1346 812 qua:
1368 757 1476 796 non
1512 740 1799 811 rapiuntur

177 844 251 901 ab
281 858 392 909 eo;
428 839 634 911 liquido
665 838 1052 910 comprobatur
1073 835 1256 891 omnia
1284 833 1462 889 Patris
1499 841 1555 888 et
1592 830 1713 886 Filii
1739 844 1801 886 ac

176 937 424 1011 Spiritus
450 935 650 1001 sancti,
678 932 773 1005 qui
800 942 856 988 et
886 931 1064 987 Patris
1100 938 1173 985 et.
1196 927 1321 983 Filii
1348 935 1457 990 est,
1485 940 1612 981 esse
1641 939 1797 980 com-

180 1033 377 1091 munia
413 1049 428 1087 :
471 1038 529 1087 et
554 1028 678 1086 Filii
723 1042 890 1083 manu
925 1024 1125 1089 teneri,
1158 1036 1281 1094 quae
1324 1019 1502 1076 Patris
1553 1026 1715 1085 sunt;
1746 1026 1804 1075 et

178 1125 371 1183 Patris
401 1139 564 1181 manu
596 1121 794 1187 teneri,
844 1134 964 1191 qua:
1003 1116 1125 1173 Filii
1171 1124 1321 1171 sunt.
1370 1112 1639 1170 Dominus
1668 1126 1802 1182 ergo

175 1220 443 1276 Christus
468 1215 565 1273 Dei
587 1226 643 1272 et
673 1214 915 1269 hominis
955 1210 1121 1276 titius,
1153 1209 1249 1281 qui
1280 1222 1499 1279 semper
1529 1215 1649 1262 erat
1677 1220 1798 1261 cum

178 1311 353 1371 Patre
382 1322 439 1367 et
467 1310 524 1366 in
548 1308 734 1371 Patre,
762 1306 978 1361 duobus
1010 1305 1223 1359 locutus
1252 1312 1337 1357 est
1366 1298 1567 1364 modis,
1608 1297 1661 1353 iit
1691 1308 1799 1361 est,

179 1420 336 1463 nunc
366 1400 666 1461 secundum
694 1397 1000 1455 divinitatis
1018 1411 1131 1451 sua:
1155 1394 1408 1467 gloriam,
1438 1406 1583 1448 nunc
1606 1405 1802 1446 secun-

178 1501 317 1557 dum
353 1506 562 1554 nostra:
595 1504 804 1550 natura:
833 1491 1112 1548 hominem
1144 1496 1480 1559 susceptum.
1516 1485 1678 1539 Pater
1717 1499 1804 1538 er-

178 1610 255 1666 go
287 1594 346 1649 in
374 1591 539 1657 Filio,
573 1599 628 1646 et
659 1587 836 1645 Filius
865 1587 918 1641 in
951 1586 1113 1641 Patre
1144 1594 1248 1648 est,
1280 1584 1333 1637 in
1362 1591 1595 1651 utroque
1626 1578 1801 1649 Spiri-

182 1697 278 1746 tus
304 1692 533 1743 sanctus
574 1690 660 1739 est
692 1698 706 1735 :
739 1690 763 1717 δ
788 1688 844 1737 et
873 1678 998 1735 ideo
1030 1686 1185 1733 recta
1233 1673 1509 1730 confessio
1552 1671 1802 1743 mysterii

1901 468 1994 509 Llll
2013 496 2027 520 ,
2061 454 2163 524 8)?

1969 546 2200 607 CAPUT
2241 550 2332 606 Xl.
2357 583 2427 593 —-
2465 554 2521 608 In
2548 553 2693 610 hunc
2723 569 2855 626 ergo
2885 570 3051 611 unum
3080 555 3254 612 Deum
3286 556 3504 613 Patrem

1900 642 2340 713 omnipotentem
2372 645 2678 714 credimus,
2721 648 3022 703 visibilium
3058 658 3113 705 et
3157 649 3514 706 invisibilium

1899 734 2265 802 conditorem,
2288 735 2443 807 cujus
2464 736 2669 807 judicia
2684 746 2849 810 atque
2863 740 3093 796 consilia
3125 742 3341 797 occulta
3360 752 3512 807 sunt,

1900 827 2088 901 iniqua
2138 841 2321 888 autem
2346 847 2669 903 numquam.
2703 834 2805 901 Qui
2836 845 3017 890 tamen
3063 835 3224 891 Pater
3249 838 3371 892 sine
3400 836 3514 892 ullo

1901 922 2007 979 sibi
2038 935 2193 995 patre
2222 924 2387 981 Pater
2409 933 2496 982 est
2530 944 2542 979 :
2575 936 2630 983 et
2669 926 2877 982 idcirco
2906 927 3080 984 Filius
3108 929 3175 985 de
3217 929 3319 985 hoc
3350 931 3509 1001 geni-

1903 1028 2017 1085 tus,
2060 1018 2217 1089 cujus
2271 1022 2685 1090 generationem
2737 1021 3010 1078 humanus
3057 1040 3243 1079 sermo
3295 1026 3517 1082 edicere

1903 1126 2014 1167 non
2044 1112 2211 1178 valet,
2246 1112 2482 1169 inferior
2510 1114 2578 1169 ab
2605 1130 2672 1169 eo
2708 1130 2831 1171 esse
2863 1131 2969 1171 non
3006 1125 3217 1185 potest;
3265 1120 3421 1189 quia,
3457 1130 3517 1174 ttt

1903 1205 2107 1261 dictum
2143 1215 2251 1272 est,
2302 1205 2551 1273 verbum,
2597 1208 2774 1263 virtus
2819 1217 2873 1263 et
2928 1210 3194 1278 sapientia
3246 1211 3365 1281 ejus
3410 1224 3515 1269 est.

1905 1297 2075 1354 Deutn
2120 1312 2253 1369 ergo
2287 1296 2304 1335 τ
2336 1298 2627 1354 Dominum
2680 1302 2932 1365 fatemur,
2974 1300 3149 1356 Deum
3184 1302 3382 1357 Filium
3421 1305 3518 1360 Dei

1903 1392 2079 1447 Patris
2108 1391 2386 1460 altissimi,
2418 1392 2562 1447 unici
2595 1393 2836 1458 unicum,
2866 1402 2922 1448 et
2948 1409 3071 1448 cum
3101 1395 3262 1451 Patre
3290 1412 3353 1451 ac
3383 1396 3509 1466 Spi-

1905 1492 2013 1542 ritu
2042 1496 2240 1543 sancto
2270 1503 2435 1542 unum
2464 1488 2631 1542 Deum
2663 1472 2787 1543 esse
2819 1488 3173 1555 conﬁtemur;
3203 1488 3357 1559 cujus
3395 1490 3525 1546 licet

1906 1593 1929 1631 8
1967 1585 2337 1653 aequalitatem
2389 1584 2659 1639 humanus
2700 1598 2885 1638 sermo
2916 1585 3201 1654 explicare
3245 1594 3518 1657 nequeat,

1907 1678 2302 1734 incarnationis
2332 1688 2514 1734 tamen
2556 1677 2676 1746 ejus
2704 1688 3060 1733 sacrosancta
3106 1694 3172 1734 ac
3205 1680 3525 1737 veneranda

182 1789 403 1840 sanctae
446 1786 504 1835 et
548 1774 927 1847 inseparabilis
968 1770 1259 1827 Trinitatis
1308 1766 1579 1840 ignoratio
1622 1774 1808 1821 nostra
1843 1767 1885 1827 Β
1913 1773 2175 1845 mysteria
2202 1788 2231 1827 a
2264 1783 2454 1828 sancto
2480 1771 2733 1828 Gabriele
2760 1772 3108 1843 Archangelo
3136 1785 3381 1831 sanciam
3408 1776 3525 1831 vir-

180 1885 276 1936 est
306 1892 322 1941 ;
355 1889 486 1931 cum
510 1871 655 1929 enim
676 1879 905 1927 sanctus
930 1866 1229 1938 Apostolus
1252 1863 1459 1933 judicia
1478 1864 1573 1918 Dei
1597 1863 1808 1917 inseru-

184 1970 384 2029 tabilia
416 1980 541 2023 esse
570 1972 805 2021 testetur
840 1961 1019 2035 (Rom.
1057 1976 1108 2014 χι
1134 2001 1149 2027 ,
1185 1957 1301 2029 '53),
1352 1957 1462 2028 jam
1498 1957 1614 2026 ipse
1652 1955 1809 2025 cujus

186 2057 578 2121 inscrutabilia
618 2064 674 2112 et
709 2054 921 2111 occulta
953 2059 1104 2116 sunt,
1136 2066 1298 2122 quam
1348 2048 1725 2104 inscrutabilis
1757 2057 1811 2101 et

187 2158 453 2216 occultus
493 2152 591 2219 sit,
638 2151 862 2222 sapiens
910 2149 1083 2205 lector
1136 2145 1413 2216 intelligit.
1464 2143 1567 2210 Qui
1632 2151 1809 2197 tamen

189 2260 430 2311 sanctus
476 2246 777 2321 Apostolus
809 2260 917 2298 non
958 2241 1135 2297 dixit:
1186 2238 1417 2295 Difﬁcile
1466 2237 1815 2293 inveniuntur

186 2347 405 2420 judicia
433 2342 553 2410 Dei,
595 2348 691 2397 aut
720 2350 1053 2408 numquam;
1089 2349 1157 2388 ue
1188 2347 1343 2402 spem
1375 2330 1591 2402 penitus
1630 2327 1813 2399 inqui-

193 2439 445 2497 rentium
478 2442 769 2505 amputare
807 2430 1088 2486 videretur
1124 2444 1136 2480 :
1167 2425 1264 2483 sed
1298 2425 1412 2489 ait,
1442 2421 1819 2479 Inscrutabilia

194 2542 329 2589 sunt
341 2529 551 2604 judicia
578 2527 697 2583 Dei.
717 2524 978 2595 Quamvis
997 2538 1128 2594 ergo
1153 2520 1404 2592 proficiat
1422 2519 1547 2590 quis
1565 2517 1621 2573 in
1642 2516 1821 2573 scien-

199 2625 304 2692 tia,
357 2631 415 2679 et
444 2618 735 2693 sapientia:
782 2616 1022 2682 deditus,
1081 2628 1279 2669 arcana
1330 2611 1586 2676 rimetur;
1639 2619 1817 2664 tamen

198 2728 398 2777 creata
428 2724 621 2772 natura
655 2712 879 2769 increati
912 2707 1276 2766 substantiam
1317 2706 1344 2746 ι)
1389 2720 1685 2777 numquam
1721 2719 1821 2775 po-

207 2820 325 2869 test
367 2805 864 2880 comprehendere.
916 2803 1051 2860 Cum
1098 2802 1246 2857 enim
1290 2800 1471 2870 aliqua
1523 2798 1822 2866 invenerit,

205 2918 429 2964 rursum
444 2901 549 2959 alia
575 2915 635 2956 se
657 2896 894 2954 offerunt
916 2896 1234 2968 quaestioni;
1263 2908 1383 2948 cum
1407 2891 1496 2947 illa
1531 2890 1820 2961 repererit,

216 3009 243 3040 ε
274 2997 383 3053 alia
410 2996 702 3052 innumera
745 3006 964 3063 quoque
1004 2990 1268 3046 inveniet.
1303 2987 1478 3042 Tanta
1526 2985 1709 3054 itaque
1742 2984 1823 3039 in-

209 3090 511 3162 vestiganti
537 3101 757 3158 semper
780 3084 1008 3141 materia
1030 3081 1365 3154 suggeritur,
1397 3089 1454 3135 ut
1481 3078 1822 3150 reliquorum

1910 1868 2095 1939 ginem
2129 1866 2380 1931 Mariam,
2423 1863 2451 1903 ιι
2477 1879 2600 1937 quae
2631 1865 2801 1921 verbo
2842 1864 2948 1921 feta
2981 1866 3097 1921 sola
3130 1869 3355 1923 conscia
3387 1884 3525 1926 aure

1912 1962 2164 2016 maritata
2222 1970 2335 2025 est,
2394 1960 2708 2029 alloquente
2756 1960 3136 2030 cognovimus.
3192 1960 3282 2016 Ait
3323 1964 3474 2018 enim
3517 1982 3530 2019 :

1912 2055 2148 2125 Spiritus
2176 2063 2386 2108 sanctus
2412 2056 2731 2125 superveniet
2769 2055 2821 2107 in
2864 2065 2932 2119 te,
2974 2065 3022 2109 et
3062 2055 3226 2109 virtus
3267 2058 3525 2111 Altissimi

1910 2148 2235 2204 obumbrabit
2266 2149 2390 2213 tibi;
2435 2147 2653 2218 ideoque
2680 2157 2727 2202 et
2752 2149 2889 2218 quod
2929 2159 3171 2203 nascetur
3195 2165 3258 2204 ea:
3297 2160 3345 2203 te
3375 2167 3529 2205 sanc-

1914 2251 2043 2307 tum,
2070 2241 2333 2295 vocabitur
2361 2239 2407 2293 F
2409 2241 2533 2295 ilius
2556 2239 2652 2294 Dei
2681 2239 2839 2310 (Luc.
2875 2258 2922 2305 ι,
2958 2241 3072 2313 55).
3097 2240 3216 2296 Non
3250 2258 3381 2312 ergo
3411 2244 3530 2299 lucc

1915 2336 2222 2406 generatio,
2242 2349 2347 2405 qua
2374 2332 2443 2388 de
2462 2332 2675 2403 virgine
2697 2348 2794 2401 pro
2817 2334 2994 2387 salute
3018 2345 3201 2388 nostra
3228 2346 3390 2389 natus
3415 2348 3523 2397 est,

1920 2427 2281 2497 posteriorem
2310 2441 2437 2481 eum
2460 2423 2589 2480 facit
2615 2424 2759 2480 Patri
2787 2425 2953 2497 329
2973 2424 3091 2480 sive
3110 2433 3381 2495 tempore,
3407 2426 3531 2482 sive

1921 2530 2222 2594 potestate;
2248 2520 2376 2592 quia
2409 2536 2515 2576 non
2540 2529 2627 2575 est
2649 2520 2967 2590 temporalis
3006 2521 3248 2591 genitor,
3290 2529 3347 2575 ttt
3386 2520 3527 2575 Filio

1922 2617 2309 2689 prmjudicetur
2336 2631 2401 2671 ex
2434 2614 2843 2685 tempore,quia
2873 2625 3117 2670 aeternus
3142 2615 3307 2670 Pater
3336 2614 3534 2672 Filium

1921 2712 2111 2784 genuit
2137 2720 2473 2768 coaeternum
2504 2727 2518 2764 :
2554 2724 2655 2765 nec
2686 2709 3031 2764 extrinsecus
3071 2716 3259 2764 natum
3302 2720 3394 2765 aut
3422 2710 3537 2766 fac-

1922 2812 2058 2871 tum,
2080 2803 2402 2860 uthteretici
2426 2802 2787 2868 mentiuntur,
2814 2802 2911 2855 sed
2937 2816 3006 2856 ex
3029 2802 3251 2871 propria
3274 2802 3530 2857 substan—

1926 2901 1999 2955 tia
2027 2898 2210 2954 Patris
2249 2909 2572 2968 generatum
2606 2910 2733 2950 vera
2769 2894 2906 2949 ﬁdes
2940 2894 3126 2949 habet.
3171 2895 3249 2949 Ex
3274 2894 3387 2950 Deo
3410 2911 3543 2967 ergo

1926 3008 2078 3058 vero,
2114 2992 2167 3046 in
2198 3008 2307 3062 quo
2336 2990 2617 3046 :cternilas
2647 2998 2703 3043 et
2752 2988 3147 3058 omnipotentia
3193 2988 3452 3057 perfecta:
3484 2999 3542 3045 ct

1926 3097 2131 3142 sanctae
2160 3083 2447 3139 Trinitatis
2483 3081 2769 3146 consistit,
2818 3096 3007 3136 verum
3044 3080 3241 3136 Filium
3291 3082 3540 3138 conﬁteri

207 3180 241 3223 ά
273 3184 555 3257 ignoratio
581 3180 833 3237 involvat
865 3178 1107 3249 priorum
1139 3175 1449 3232 scientiam.
1478 3172 1633 3230 Unde
1654 3182 1709 3228 et
1738 3186 1828 3226 sa-
1851 3168 1896 3232 C
1932 3178 2295 3234 honoriﬁcum
2327 3190 2409 3232 εει
2441 3191 2455 3230 :
2488 3184 2544 3230 et
2568 3173 2690 3229 ideo
2712 3174 2854 3230 sicut
2885 3173 2937 3227 in
2964 3172 3124 3229 Patre
3148 3188 3250 3228 nos
3279 3174 3543 3230 convenit

210 3277 593 3352 pientissimus
625 3274 890 3332 Salomon
925 3282 947 3310 θ
973 3282 1197 3327 naturas
1237 3286 1421 3327 rerum
1450 3268 1831 3325 difﬁcultates-

212 3389 326 3447 que
369 3385 741 3445 cognoscens,
784 3378 836 3424 et
868 3368 1160 3438 imponens
1202 3381 1513 3421 mensuram
1546 3360 1833 3434 sapientiae

212 3485 332 3528 sua:
359 3468 475 3525 ait:
500 3466 648 3531 Dixi,
672 3464 878 3537 sapiens
897 3463 1104 3533 eﬂiciar,
1130 3474 1177 3515 et
1200 3461 1313 3531 ipsa
1338 3460 1543 3532 longius
1569 3457 1776 3513 recessit
1799 3472 1831 3510 a

214 3580 301 3620 me
330 3577 487 3633 quam
531 3568 673 3627 erat,
706 3567 753 3613 et
803 3555 1006 3611 excelsa
1039 3554 1369 3626 profunditas
1394 3592 1410 3618 ,
1458 3551 1573 3621 quis
1608 3548 1829 3603 inveniet

212 3658 372 3714 eam?
399 3665 457 3713 et
486 3654 684 3711 iterum
714 3670 729 3707 :
785 3650 955 3706 Plura
984 3648 1121 3703 enim
1166 3662 1325 3717 Opera
1355 3644 1567 3699 Domini
1611 3645 1665 3696 in
1714 3641 1832 3697 ubs-

214 3751 446 3809 conditis
493 3756 649 3817 sunt;
701 3756 758 3803 et
810 3746 1061 3801 iterum:
1118 3738 1695 3810 Quemadmadmodum
1735 3752 1827 3790 ne-

213 3848 323 3903 scis
350 3860 466 3917 quia
499 3844 568 3901 sit
599 3843 682 3899 via
706 3841 947 3913 spiritus,
977 3849 1023 3894 et
1066 3854 1167 3908 qua
1195 3836 1395 3892 ratione
1426 3834 1828 3905 compingantur

214 3956 341 3997 ossa
364 3940 421 3994 in
464 3947 639 3993 ventre
682 3934 1035 4008 prtegnantis;
1074 3932 1148 3987 sic
1191 3931 1361 3986 nescis
1407 3945 1565 3999 apera
1592 3926 1711 3992 Dei,
1741 3925 1829 3997 qui

216 4033 502 4106 fabricator
529 4039 606 4087 est
634 4029 866 4085 omnium
894 4045 912 4095 ;
940 4036 997 4084 et
1019 4026 1218 4081 iterum
1247 4044 1259 4079 :
1301 4024 1504 4080 Altiora
1525 4032 1573 4077 te
1599 4038 1663 4076 ne
1689 4036 1829 4089 qua:—

211 4128 391 4194 sieris,
436 4134 485 4181 et
524 4125 747 4197 {artiora
793 4133 839 4178 te
886 4138 948 4177 ne
979 4130 1244 4176 scrutatus
1274 4120 1467 4192 fueris;
1494 4126 1548 4174 et
1581 4119 1824 4173 iterum:

220 4219 678 4289 Quemadmodum
697 4219 787 4290 qui
826 4218 928 4273 mel
972 4218 1192 4272 multum
1236 4216 1498 4281 comedit,
1546 4230 1648 4267 non
1682 4222 1755 4267 est
1782 4211 1828 4267 ei

215 4318 412 4376 bonum
430 4334 449 4384 ;
479 4318 554 4372 sic
574 4316 662 4387 qui
687 4324 948 4370 scrutator
978 4322 1053 4369 est
1076 4312 1364 4386 majestatis
1382 4309 1696 4381 opprimitur
1711 4307 1825 4379 glo-

218 4415 305 4472 ria
334 4412 492 4481 (Sap.
528 4424 639 4476 vn,
674 4410 775 4474 i7;
819 4408 969 4463 Eccl.
1008 4422 1113 4473 vn,
1159 4405 1231 4460 24
1262 4415 1310 4459 et
1340 4405 1444 4469 25;
1499 4419 1584 4467 st,
1619 4401 1686 4466 5;
1734 4400 1825 4469 ut,

221 4506 339 4578 12).
372 4506 438 4562 Et
468 4520 671 4562 revera
697 4503 837 4560 nihil
868 4513 974 4559 tam
1004 4518 1219 4568 verum,
1253 4500 1389 4554 nihil
1428 4509 1534 4553 tam
1566 4495 1830 4551 manifesa

1933 3270 2182 3336 credere,
2216 3270 2289 3324 ita
2320 3277 2377 3325 et
2420 3270 2473 3323 in
2503 3266 2675 3333 Filio;
2710 3264 2725 3303 ί
2766 3266 2890 3337 quia
2938 3266 3039 3321 hoc
3065 3267 3293 3321 omnino
3322 3275 3408 3322 est
3449 3267 3544 3323 ille

1931 3365 2025 3435 qui
2048 3362 2263 3434 genitus
2291 3369 2395 3427 est,
2427 3358 2573 3431 quod
2604 3360 2699 3414 ille
2722 3356 2815 3430 qui
2837 3357 3044 3429 genuit.
3078 3355 3371 3415 Credimus
3401 3369 3455 3413 et
3489 3360 3543 3415 in

1933 3458 2197 3530 Spiritum
2227 3464 2502 3520 sanctum,
2542 3453 2701 3525 cujus
2734 3452 3108 3523 tuajestalem,
3160 3454 3454 3523 potentiam
3487 3463 3545 3509 ct

1932 3526 2325 3624 aqualitatem,
2352 3562 2513 3619 quam
2538 3562 2664 3603 cum
2693 3546 2853 3601 Patre
2879 3552 2936 3600 et
2956 3544 3097 3599 Filio
3124 3545 3392 3615 possidet,
3424 3526 3545 3615 ipso

1932 3646 2192 3707 donante,
2218 3646 2333 3713 jam
2363 3639 2617 3711 superius
2652 3637 3014 3704 ostendimus,
3048 3638 3439 3709 procedentem
3473 3655 3541 3695 ex

1931 3736 2115 3803 Patre,
2146 3746 2202 3791 et
2231 3748 2576 3791 communem
2605 3747 2727 3787 cum
2779 3731 2938 3786 Patre
2973 3740 3027 3785 et
3066 3730 3210 3787 Filio
3249 3731 3537 3800 deitatem,

1932 3832 2343 3903 operationem,
2384 3843 2450 3883 ac
2496 3826 2859 3881 substantiam
2904 3823 3277 3893 possidentem
3324 3843 3336 3878 :
3373 3837 3424 3879 et
3458 3826 3545 3879 di-

1930 3924 2265 3995 stinguentes
2284 3933 2551 3991 personas
2570 3918 2625 3972 in
2650 3915 3078 3988 proprietatibus
3097 3917 3211 3970 suis
3233 3933 3248 3981 ;
3275 3915 3542 3973 deitatem

1930 4028 2113 4074 tamen
2154 4026 2359 4071 sanctae
2400 4011 2684 4069 Trinitatis
2712 4010 3136 4081 inseparabilem
3165 4011 3494 4067 confitemur
3525 4029 3541 4077 ;

1930 4116 2060 4188 quia
2086 4112 2230 4184 quod
2264 4108 2604 4170 nominibus,
2655 4115 2711 4161 et
2756 4105 3007 4176 personis
3057 4102 3387 4170 dirimimus,
3438 4104 3543 4162 hoc

1929 4217 2203 4280 potestate
2231 4214 2287 4262 et
2308 4203 2512 4260 deitate
2536 4210 2593 4258 et
2622 4200 2829 4256 unitate
2864 4198 3165 4269 jungimus.
3207 4198 3348 4268 Ergo
3380 4214 3544 4255 vocn-

1932 4303 2119 4359 bulum
2145 4307 2351 4355 sancta:
2378 4294 2662 4351 Trinitatis
2697 4290 2904 4363 grande
2937 4290 3259 4363 mysterium
3289 4299 3344 4346 et
3388 4306 3544 4347 arca-

1931 4412 2059 4451 num
2084 4402 2200 4460 est;
2233 4403 2290 4449 et
2321 4390 2444 4446 ideo
2467 4386 2686 4460 quando
2718 4385 2785 4441 de
2816 4382 3193 4454 spiritualihus
3224 4383 3386 4439 nobis
3421 4400 3543 4440 ser-

1932 4505 2024 4545 mo
2066 4498 2169 4556 est,
2204 4484 2343 4542 nihil
2368 4482 2439 4538 de
2467 4479 2781 4537 carnalibus
2807 4488 2891 4533 est
2931 4479 3155 4534 omnino
3187 4487 3317 4534 ante
3354 4479 3545 4537 oculos

223 4570 374 4664 tum;
403 4597 666 4667 scriptum
696 4603 781 4652 est
803 4594 985 4651 enim:
1016 4591 1226 4648 Delicta
1251 4592 1366 4662 quis
1393 4588 1641 4661 intelligit
1666 4586 1824 4657 (Psal
1855 4577 1909 4637 D
1933 4581 2117 4638 cordis
2166 4574 2612 4650 proponendum.
2658 4573 2872 4627 Sancta:
2917 4585 3047 4641 ergo
3089 4579 3146 4625 et
3192 4570 3546 4641 inseparabili

222 4708 399 4760 xvut,
434 4690 530 4763 '5)?
567 4690 624 4747 Si
656 4704 790 4760 ergo
843 4688 1037 4745 delicta
1078 4703 1175 4743 sua
1210 4686 1463 4742 homines
1490 4699 1597 4739 non
1630 4682 1832 4738 intelli-

223 4795 395 4861 gunt;
452 4794 662 4857 quanto
702 4784 875 4855 magis
922 4790 1174 4837 naturam
1206 4781 1300 4835 Dei
1348 4789 1401 4834 et
1446 4776 1676 4833 consilia
1710 4773 1834 4846 ejus

224 4883 457 4942 minime
502 4886 763 4953 poterunt
792 4877 1071 4934 invenire!
1105 4875 1261 4945 Quod
1293 4872 1660 4945 comprobans
1706 4885 1833 4941 pro-

303 5073 328 5100 ἰ
371 5059 577 5117 Eadem
625 5058 785 5113 Rom.
834 5055 994 5119 edit.,
1028 5054 1199 5121 Quare
1253 5053 1369 5108 licet
1415 5050 1561 5105 nobis
1606 5046 1836 5121 mysterii

229 5142 425 5193 sancta
468 5143 519 5187 et
555 5127 923 5201 inseparabilis
970 5120 1240 5201 Trinitatis
1271 5125 1489 5192 confusa
1519 5122 1588 5201 sit
1612 5120 1798 5201 notitia
1818 5159 1833 5184 ,

231 5192 413 5263 nostra
458 5213 632 5260 tamen
669 5192 746 5257 est
774 5199 1053 5271 confessio.
1106 5197 1268 5271 Unde
1299 5206 1508 5250 sanctus
1556 5192 1838 5262 Apostolus

223 5278 436 5353 judicia
472 5275 571 5331 Dei
612 5275 731 5330 licet
750 5268 1304 5353 _inco'mpt_'eI-tlensibilia
1324 5283 1452 5353 Iesse.
1470 5275 1839 5353 testetur,.non

234 5333 404 5408 iumen
435 5366 495 5404 ea
511 5362 724 5420 prorsus
744 5333 1104 5420 inseratabilia
1121 5352 1166 5420 et
1189 5340 1391 5420 occulta
1418 5337 1682 5420 decernit.
1706 5333 1729 5388 Ι
1738 5333 1836 5388 deo

235 5406 340 5477 non
369 5406 547 5475 dixit':
576 5416 934 5483 [inpossibilia
980 5415 1311 5469 inveniuntur
1334 5409 1536 5482 judicia
1584 5406 1712 5471 Dei,
1743 5417 1837 5483 aut

236 5508 521 5563 numquam
546 5507 601 5545 se
630 5480 855 5557 offerunt
883 5480 1344 5563 apprehensibitiﬂa,
1369 5498 1439 5563 ne
1465 5496 1609 5563 spem
1634 5480 1838 5547 penitus

236 5552 611 5635 inquirentium
638 5552 927 5632 amputare.
954 5552 1237 5614 uideretur.
1272 5553 1379 5611 Sed
1424 5554 1498 5606 ait
1544 5552 1839 5623 incompre-

239 5634 542 5699 hensibilia,
570 5640 679 5690 etc.

310 5707 341 5748 δ
382 5706 589 5763 Eadem
614 5705 776 5761 Rom.
810 5703 968 5769 edit.,
1002 5711 1057 5756 ut
1084 5701 1204 5756 talis
1229 5707 1328 5766 est,
1368 5712 1651 5768 numquam
1677 5703 1841 5769 potest

240 5778 312 5837 ad
337 5780 549 5852 plcitum
577 5775 1025 5852 comprehendere.

319 5838 349 5892 ε
385 5848 509 5908 Vat.
540 5838 827 5915 cod.,'alia
891 5845 1286 5909 immutabilia;
1332 5843 1490 5900 Rom.
1522 5839 1685 5907 edit.,
1735 5838 1845 5894 alia

681 5941 955 6003 PATROL.
1006 5923 1211 5999 XVII.

1940 4675 2192 4732 Trinitati
2227 4686 2239 4723 t
2280 4672 2371 4726 lux
2403 4667 2722 4733 invisibilis,
2767 4666 2939 4721 virtus
2972 4665 3386 4736 inseparabilis,
3418 4668 3544 4723 sub-

1942 4770 2145 4826 stantia
2178 4761 2774 4836 incomprehensibilis,
2826 4760 2935 4814 vita
2987 4760 3411 4817 interminabilis
3442 4770 3549 4831 est,

1940 4865 2025 4921 cui
2071 4878 2173 4933 pax
2212 4859 2546 4931 sempiterna
2575 4855 2757 4912 omnis
2787 4852 3023 4921 assistit,
3064 4870 3225 4925 quam
3254 4854 3400 4911 nulla
3430 4871 3548 4910 um-

1939 5044 2091 5099 etiam
2121 5041 2310 5097 altiora
2331 5053 2544 5112 quaeque
2570 5047 2870 5093 occurrunt.

2011 5113 2037 5152 ἀ
2080 5115 2237 5168 Rom.
2266 5108 2428 5177 edit.,
2454 5108 2794 5181 perscrutatio
2826 5110 3085 5164 obliuione
3108 5108 3355 5163 inuoluat.

2016 5196 2038 5223 θ
2082 5185 2284 5241 Eadem
2317 5183 2475 5236 Rom.
2512 5181 2672 5244 edit.,
2705 5181 2978 5237 hominum
3006 5182 3375 5252 cogitationes,
3419 5187 3543 5239 sic]-

1942 5260 2113 5315 larum
2143 5256 2509 5325 dispositiones
2532 5264 2577 5325 et
2604 5254 2906 5325 abscondita
2929 5268 3145 5325 quicque
3169 5268 3505 5325 cognoscens.

2022 5328 2042 5369 ι
2085 5322 2288 5384 Eadem
2322 5328 2479 5381 Rom.
2515 5324 2649 5381 edit.
2670 5364 2688 5392 ,
2720 5322 3127 5378 Patrem'Deum
3153 5322 3400 5395 fatemur.

2017 5412 2042 5450 8
2086 5400 2289 5457 Eadem
2328 5399 2486 5453 Rom.
2524 5396 2656 5452 edit.
2683 5438 2697 5463 ,
2729 5396 3075 5466 ntajestatem.

2014 5472 2042 5511 ιι
2083 5472 2284 5528 Eadem
2315 5470 2475 5524 Rom.
2506 5467 2666 5527 edit.,
2707 5467 2874 5538 Verbo
2900 5468 3058 5538 fetam
3102 5466 3419 5538 alloquente.

2022 5544 2037 5583 ί
2066 5545 2226 5615 Rom.
2261 5542 2418 5615 edit.,
2450 5540 2571 5615 quia
2600 5540 2730 5593 sicut
2753 5536 2837 5615 hic
2865 5536 3073 5592 omnino
3103 5536 3329 5612 est,’qui
3351 5545 3553 5615 genitus

1940 5627 2037 5683 est,
2072 5619 2145 5671 ita
2175 5614 2265 5669 ille
2283 5614 2371 5684 qui
2398 5609 2604 5684 omnino
2634 5609 2831 5684 genuit.

2023 5678 2036 5740 ἰ
2075 5687 2279 5743 Eadem
2295 5678 2470 5739 'Rom.
2500 5678 2661 5746 edit.,
2681 5680 2774 5734 tua;
2803 5679 3192 5753 inaccessibilis,
3216 5686 3379 5742 virtus
3408 5688 3554 5747 insu-

1946 5760 2211 5836 perabilis.

3195 5923 3270 5985 17
