3970 6316
209 292 312 351 διες

1342 284 1430 340 DE
1474 281 1856 340 TRIM'I‘ATE
1899 277 2338 352 TRACTATUS.

3411 293 3520 356 526

209 408 309 462 vita
341 415 550 472 nostra,
585 402 651 458 de
679 416 780 474 qua
809 400 1104 474 Apostolus
1133 400 1207 454 ait
1241 418 1254 453 :
1284 399 1350 454 Et
1386 403 1492 455 rita
1516 408 1682 456 vestra
1710 399 1805 454 ab-
1834 403 1889 462 Α
1915 393 2199 450 hominum.
2231 396 2452 453 Calicem
2482 401 2617 455 enim
2661 416 2810 471 quem
2845 402 2987 460 dedit
3032 403 3158 458 mihi
3205 402 3386 474 Pater,
3418 424 3525 463 non

203 499 434 557 scandita
454 508 522 552 est
543 513 656 551 cum
680 494 886 550 Christo
907 495 959 548 in
973 493 1081 548 Deo
1107 491 1330 565 (Coloss.
1352 509 1430 562 tu,
1447 494 1502 564 5)
1528 493 1677 548 εΙιιιεε
1701 501 1804 557 est,

204 608 322 668 qua:
369 592 553 651 dilexit
585 589 888 662 juStitiam,
937 598 993 644 et
1037 587 1212 643 odivit
1242 587 1580 658 iniquitatem
1626 586 1802 660 (Psal.

205 705 344 755 χιιι,
380 688 433 759 δ)
469 705 482 742 :
528 686 643 742 ha:c
671 685 842 744 tristis
882 699 989 739 non
1035 699 1132 754 pro
1163 693 1337 739 morte
1362 725 1377 751 ,
1407 683 1500 738 sed
1536 698 1706 754 usque
1736 681 1805 736 ad

202 792 428 842 mortem
461 781 561 837 fuit
609 779 826 854 (Matth.
875 793 1031 844 xxvr,
1061 775 1196 849 38):
1249 776 1366 832 haec
1410 776 1467 832 in
1495 791 1657 832 cruce
1697 791 1803 832 non

201 896 297 955 pro
324 895 412 948 se,
441 877 534 935 sed
577 891 674 948 pro
706 874 864 932 nobis
904 875 1118 931 turbata
1149 883 1231 929 est
1262 890 1275 927 :
1308 889 1414 928 non
1447 873 1618 927 virtus
1644 913 1659 940 ,
1696 888 1802 928 non

202 974 487 1047 sapientia,
517 987 622 1028 non
654 969 890 1026 Verbum
917 967 1036 1035 Dei,
1064 978 1089 1004 τι
1111 968 1198 1038 qui
1224 981 1340 1022 eam
1367 981 1464 1037 pro
1495 976 1804 1022 nostrarum

201 1070 500 1126 animarum
547 1066 724 1122 salute
773 1064 1098 1134 assumpsit,
1133 1072 1188 1115 (ιι
1237 1060 1382 1116 oumi
1439 1061 1697 1114 virtutum
1743 1074 1806 1114 ac

198 1161 502 1220 sanctitatis
546 1160 743 1214 decore
773 1157 1079 1223 adornatis,
1125 1156 1177 1211 in
1207 1154 1540 1210 consortium
1590 1154 1805 1210 deitatis

199 1253 470 1327 perduxit.
521 1252 595 1308 De
625 1253 725 1306 hac
757 1267 919 1321 ergo,
952 1265 1072 1321 quae
1117 1265 1209 1317 per
1261 1248 1443 1304 omnia
1494 1255 1803 1302 nostrarum

199 1348 496 1406 animarum
520 1345 714 1402 similis
739 1355 817 1400 est
839 1386 853 1409 ,
879 1344 1132 1400 Salvator
1160 1344 1230 1395 ait
1260 1359 1272 1394 :
1304 1339 1617 1396 Potestatetn
1645 1339 1806 1394 habeo

197 1442 419 1515 ponendi
458 1442 690 1500 animum
731 1457 897 1496 ineant
923 1482 938 1505 ,
968 1449 1012 1494 et
1045 1440 1228 1496 iterum
1267 1437 1508 1493 sumendi
1532 1453 1643 1490 cam
1662 1453 1681 1501 ;
1706 1445 1758 1489 et
1790 1453 1802 1488 :

199 1534 366 1594 Nemo
394 1552 510 1592 eam
535 1535 670 1588 tollit
701 1551 732 1588 a
761 1550 869 1600 nte,
903 1535 992 1588 sed
1017 1549 1109 1604 ego
1133 1548 1270 1603 pono
1293 1548 1403 1585 eam
1431 1548 1462 1584 a
1490 1547 1566 1584 me
1597 1529 1733 1598 ipso,
1759 1538 1806 1581 et

194 1630 372 1688 iterum
404 1644 549 1684 sumo
575 1644 686 1684 eam
721 1626 903 1700 (Joan.
932 1643 988 1692 ιι,
1012 1625 1122 1696 18).
1157 1625 1281 1680 llaec
1312 1633 1396 1680 cst
1421 1625 1575 1678 beata
1599 1622 1802 1688 anima,

195 1736 313 1792 quae
344 1722 397 1777 in
427 1735 590 1778 cruce
613 1719 678 1776 ad
707 1719 1051 1775 divinitatem
1081 1718 1335 1774 clamavit
1365 1717 1552 1772 dicens
1586 1733 1597 1768 :
1629 1714 1804 1776 Deus,

197 1798 331 1871 Deus
358 1830 525 1880 meus,
549 1815 746 1884 respice
772 1814 827 1867 in
849 1829 952 1878 me,
973 1829 1130 1882 quare
1153 1827 1231 1864 me
1247 1809 1562 1877 dereliquisti
1585 1806 1801 1880 (Matth.

197 1924 358 1973 xsvn,
391 1908 530 1979 46)?
570 1908 836 1963 Clamavit
879 1922 1006 1977 ergo
1038 1906 1200 1959 homo
1240 1903 1540 1958 divinitatis
1588 1915 1810 1971 separa-

197 2001 340 2066 tione
391 2000 734 2054 tnoriturus:
789 2015 913 2054 nam
945 2014 1068 2054 cum
1098 1997 1354 2052 divinitas
1399 1997 1591 2050 mortis
1637 1995 1807 2048 libera

195 2094 288 2160 sit,
321 2093 514 2164 utique
538 2110 684 2147 mors
713 2109 835 2148 esse
860 2107 966 2147 non
1003 2100 1253 2160 poterat,
1283 2090 1386 2144 nisi
1419 2089 1522 2143 vita
1555 2088 1804 2142 tllSCt‘dC-A

194 2196 302 2253 ret,
332 2187 456 2258 quia
497 2186 605 2242 vita
654 2184 912 2240 divinitas
937 2191 1058 2248 est;
1092 2198 1386 2253 numquam
1418 2181 1560 2235 enim
1608 2183 1808 2249 patilttt‘

195 2281 276 2336 vel
327 2289 602 2344 mortem,
661 2279 745 2333 vel
800 2280 1253 2347 corruptionem,
1303 2277 1449 2346 quod
1499 2276 1810 2330 immortale

193 2391 406 2446 semper
433 2387 489 2430 et
541 2376 915 2446 incorruptum
958 2384 1065 2430 e5t.
1119 2373 1265 2429 Deus
1291 2386 1420 2442 ergo
1449 2373 1538 2442 qui
1573 2371 1805 2426 V'crbunt

192 2480 244 2530 et
271 2467 506 2538 Spiritus
531 2477 642 2535 est,
690 2472 780 2538 qui
819 2467 905 2524 ubi
935 2469 1043 2520 vult
1092 2467 1312 2536 inspirat
1346 2463 1534 2537 (Joan.
1570 2480 1658 2530 ιιι,
1695 2463 1805 2534 8),

193 2579 405 2621 carnem
431 2579 534 2618 seu
563 2564 798 2618 animam
826 2571 1138 2631 susceptam
1168 2576 1273 2614 non
1298 2559 1544 2616 dCSL’l‘llll
1567 2559 1765 2614 invitus
1792 2575 1805 2612 :

193 2655 283 2712 sed
332 2656 462 2726 qttia
505 2655 713 2721 voluit,
767 2655 857 2710 ubi
914 2654 1121 2720 voluit,
1179 2652 1455 2724 quomodo
1503 2651 1712 2717 voluit,
1757 2659 1810 2705 et

191 2747 403 2820 quando
428 2749 600 2803 voluit
627 2789 640 2812 ,
676 2748 992 2818 relinquens
1028 2746 1204 2817 posuit
1235 2761 1354 2800 eam
1380 2787 1392 2810 ,
1420 2757 1474 2800 et
1497 2745 1692 2801 iterum
1723 2759 1809 2800 as-

191 2845 418 2913 sumpsit
447 2857 594 2898 eam.
624 2841 742 2897 Non
775 2858 905 2914 ergo
936 2841 1260 2911 cujusquam
1288 2839 1411 2910 jure
1444 2855 1504 2893 ac
1536 2847 1807 2908 potestate

192 2944 380 2998 exutus
421 2945 512 2991 est
538 2950 736 3001 carne,
767 2933 861 2990 sed
902 2935 1018 3006 ipse
1046 2950 1106 2990 se
1132 2933 1309 2998 exuit;
1343 2949 1464 2987 nam
1497 2932 1589 3003 qui
1632 2942 1809 3004 potest

192 3046 295 3086 non
323 3030 498 3098 mori,
531 3032 574 3085 si
601 3030 798 3096 nollet,
833 3031 1021 3101 procul
1044 3030 1242 3100 dubio,
1269 3030 1392 3102 quia
1423 3030 1622 3098 voluit,
1656 3047 1804 3086 mor-

197 3134 313 3194 tuus
340 3137 448 3182 est.
483 3125 640 3194 Quod
675 3126 747 3180 ita
777 3140 898 3182 esse
929 3126 1294 3196 comprobaus
1322 3125 1651 3197 Apostolus,
1681 3127 1756 3181 ait
1791 3146 1803 3182 :

1911 493 1985 547 uis
2013 501 2069 546 ut
2095 493 2260 548 bibam
2305 493 2454 548 illum
2481 496 2698 564 (Matth.
2728 513 2844 564 xw,
2888 498 2991 563 25;
3024 498 3186 554 Joan.
3234 516 3397 566 xvttt,
3431 502 3519 568 il;

1911 584 2103 639 Matth.
2141 601 2291 654 xxvi,
2326 585 2442 657 23).
2480 587 2732 660 Alioquin
2768 591 2811 646 si
2847 606 2954 647 non
2989 591 3209 662 propria
3243 592 3524 649 voluntate

1909 677 2122 734 oblatus
2153 689 2340 748 esset,
2372 689 2427 736 et
2455 695 2674 738 crucem
2697 685 2968 740 sustinere
2996 685 3288 754 voluisset,
3321 688 3412 758 qui
3438 688 3520 744 in-

1906 774 2088 830 dicare
2112 785 2164 830 et
2191 774 2489 846 pra-dicere
2523 785 2736 846 poterat
2763 779 3099 848 proditorem
3121 822 3136 848 .
3167 791 3221 840 et
3250 783 3522 854 apostolis

1905 868 2124 924 dicebat
2157 887 2168 922 :
2205 867 2394 928 Ontnes
2420 887 2508 926 vos
2532 871 2587 926 in
2613 872 2707 928 hac
2738 887 2885 932 nocte
2910 875 3219 932 scandalum
3250 879 3349 934 mei
3370 880 3522 935 susti-

1907 961 2087 1018 nebitis
2129 960 2347 1032 (Matth.
2398 978 2547 1028 xxvr,
2583 964 2712 1036 3i)?
2757 964 2980 1024 Poterat
3025 984 3121 1025 eos
3159 971 3254 1041 qui
3295 971 3364 1028 ad
3395 989 3517 1028 eum

1906 1056 2484 1127 comprehendendum
2521 1057 2672 1114 missi
2711 1069 2906 1129 erant,
2950 1062 3275 1122 declinare:
3326 1068 3526 1138 quibus

1905 1151 2212 1218 intrepidus
2244 1151 2488 1206 occurrit
2531 1158 2587 1206 et
2615 1149 2755 1208 dixit
2790 1170 2802 1205 :
2849 1153 3014 1221 Quem
3052 1158 3287 1224 quteritis
3327 1157 3520 1230 (Joan.

1905 1258 2059 1310 xvnt,
2091 1241 2193 1312 4)?
2239 1242 2341 1310 Qui
2371 1243 2555 1300 statim
2603 1253 2624 1282 ε
2656 1243 2979 1302 ceciderunt
3016 1255 3353 1315 retrorsum;
3397 1252 3526 1320 quia

1908 1354 2094 1394 vocem
2129 1338 2418 1408 pricsentis
2447 1338 2548 1394 Dei
2595 1339 2740 1398 ferre
2781 1354 2890 1395 non
2937 1349 3212 1409 poterant.
3246 1343 3366 1401 Non
3395 1361 3529 1416 ergo

1905 1433 2248 1488 necessitatis
2274 1430 2376 1488 iuit
2399 1439 2457 1486 ut
2484 1439 2785 1501 pateretur,
2809 1432 2906 1490 sed
2939 1434 3256 1503 voluntatis;
3283 1453 3390 1494 non
3416 1447 3525 1495 tam

1904 1542 2051 1592 suat,
2088 1526 2186 1582 sed
2217 1536 2271 1582 et
2300 1526 2509 1592 Patris,
2542 1526 2629 1582 cui
2662 1525 2835 1582 dicit:
2869 1526 2938 1584 Ut
2962 1530 3185 1600 facerem
3213 1531 3528 1588 voluntatem

1907 1631 2070 1683 tuam,
2101 1617 2242 1674 Deus
2264 1635 2424 1685 meus,
2459 1619 2596 1674 uolui
2624 1618 2796 1688 (Psal.
2827 1635 3017 1688 um,
3050 1621 3126 1693 9).
3157 1618 3183 1660 ά
3202 1624 3310 1682 Per
3338 1641 3524 1682 veram

1904 1731 2038 1786 ergo
2067 1729 2289 1772 carnem
2320 1713 2647 1770 immortalis
2678 1715 2996 1774 mediatoris
3025 1717 3122 1776 Dei
3153 1728 3210 1774 et
3241 1719 3525 1778 hominum

1839 1805 1884 1866 Β
1911 1826 2015 1868 nos
2045 1809 2306 1866 mortales
2332 1808 2628 1880 redempti,
2658 1809 2914 1868 viviﬁcati
2941 1851 2957 1877 ,
2986 1812 3180 1868 salvati
3203 1823 3367 1883 atque
3396 1815 3536 1872 libe-

1910 1907 2013 1962 rati
2065 1919 2253 1960 sumus
2284 1920 2314 1958 a
2363 1903 2574 1974 laqueis
2615 1912 2671 1959 et
2716 1905 3030 1974 captivitate
3078 1906 3315 1974 diaboli,
3367 1924 3533 1978 super

1909 2014 2069 2069 quem
2103 1997 2260 2054 nobis
2292 2007 2617 2068 potestatem
2647 1997 2800 2052 dedit
2829 1997 3052 2054 dicens:
3084 1999 3221 2056 Ecce
3247 2001 3368 2056 dedi
3389 2002 3532 2058 vobis
3597 2063 3602 2066 _

1909 2103 2211 2165 potestatem
2237 2093 2444 2147 calcare
2464 2107 2622 2160 super
2643 2103 2903 2161 serpentes
2926 2103 2975 2147 et
2999 2095 3302 2163 scorpiones
3326 2136 3339 2160 ,
3372 2105 3419 2150 et
3440 2113 3532 2150 su-

1912 2205 2002 2258 μιαν
2053 2205 2256 2244 omnem
2286 2188 2532 2242 uirtutem
2579 2187 2779 2240 inimici
2815 2187 2976 2258 (Luc.
3021 2204 3077 2254 ιι,
3127 2189 3242 2260 19).
3272 2201 3293 2227 θ
3340 2190 3535 2247 Omnis

1909 2299 2042 2352 ergo
2081 2282 2405 2338 humilitatis
2436 2296 2500 2336 ac
2547 2281 2796 2352 mysterii
2827 2282 3129 2339 incarnatio
3155 2283 3225 2340 ob
3259 2284 3360 2340 hoc
3394 2284 3535 2344 facta

1910 2387 1992 2432 est
2015 2417 2029 2440 ,
2067 2386 2123 2432 ut
2150 2391 2248 2430 nos
2281 2383 2603 2444 potestatem
2636 2387 2804 2444 super
2829 2374 3105 2432 diabolum
3131 2377 3526 2446 acciperemus,

1917 2465 1934 2503 ί
1967 2468 2059 2545 qui
2083 2482 2144 2522 se
2172 2466 2434 2522 facturam
2461 2480 2557 2536 per
2595 2465 2906 2534 superbiam
2939 2481 3301 2537 cognoscens,
3330 2467 3383 2522 in
3417 2480 3537 2524 tan-

1912 2569 2019 2616 tam
2053 2560 2389 2616 dementiam
2431 2557 2672 2626 decidit,
2726 2568 2781 2612 ut
2825 2559 3091 2628 aqualem
3123 2574 3182 2615 se
3211 2561 3392 2616 lacere
3433 2575 3534 2616 vo-

1905 2654 2072 2711 luerit
2122 2653 2395 2709 altissimo
2443 2651 2710 2718 creatori,
2754 2650 2992 2710 dicens:
3038 2651 3245 2708 Ponant
3287 2653 3534 2709 thronum

1906 2764 2074 2803 meum
2097 2747 2166 2802 ad
2192 2748 2505 2820 aquilonem,
2535 2755 2583 2800 et
2603 2745 2791 2800 similis
2813 2761 2901 2800 ero
2924 2742 3190 2800 Altissimo
3211 2744 3384 2815 (Esai.
3414 2763 3527 2813 Itv,

1911 2841 2023 2914 li).
2050 2842 2205 2911 Quod
2226 2843 2297 2896 ita
2321 2857 2443 2898 esse
2464 2839 2788 2910 comprobat
2815 2837 3112 2910 Apostolus
3134 2841 3323 2897 dicens
3349 2860 3360 2894 :
3391 2841 3533 2896 Nam

1901 2939 2041 3008 quod
2067 2936 2382 3009 impossibile
2412 2943 2523 2990 erat
2549 2933 2703 3008 Legis
2723 2976 2737 3000 ,
2765 2935 2819 2990 in
2861 2951 2961 3003 quo
3003 2936 3371 3005 inﬁrntabatur
3392 2979 3407 3005 ,
3441 2955 3536 3007 pcr

1907 3047 2114 3086 carnem
2139 3040 2163 3076 κ
2197 3029 2338 3086 Deus
2369 3027 2569 3084 Filium
2597 3045 2749 3084 suum
2797 3030 3004 3088 mittens
3042 3031 3097 3086 in
3131 3031 3531 3088 similitudinem

1905 3125 2078 3180 carnis
2109 3124 2338 3196 peccati,
2363 3134 2410 3178 et
2441 3123 2505 3179 de
2536 3134 2777 3192 peccato,
2809 3121 2860 3178 id
2895 3133 2975 3178 est
2997 3164 3010 3190 ,
3055 3124 3217 3194 primi
3252 3124 3490 3180 hominis
3513 3167 3528 3192 ,

198 3221 437 3298 Spolians
469 3237 526 3278 se
563 3237 749 3287 carne,
781 3221 1108 3294 principatus
1147 3232 1192 3275 et
1236 3232 1512 3290 potestates
1547 3220 1809 3292 exspolia-
1837 3206 1883 3272 C
1915 3218 2176 3274 damnauit
2208 3227 2473 3290 peccatum
2503 3213 2527 3252 δ
2557 3217 2609 3270 in
2637 3231 2818 3281 carne;
2837 3225 2893 3272 ut
2915 3218 3048 3272 sicut
3077 3218 3130 3273 in
3156 3218 3325 3273 Adam
3354 3235 3532 3275 omnes

197 3316 294 3385 ait,
319 3313 654 3385 triumphans
682 3313 804 3368 illos
829 3314 883 3370 in
911 3315 1184 3385 semetipso
1229 3312 1456 3386 (Coloss.
1483 3330 1540 3382 tt,
1570 3315 1682 3385 l5),
1713 3330 1807 3384 per

197 3420 424 3466 mortem
455 3411 673 3465 scilicet
704 3408 939 3466 hominis
971 3410 1242 3480 suscepti;
1273 3419 1370 3477 ut,
1394 3408 1535 3464 sicut
1564 3409 1704 3464 idem
1729 3409 1809 3463 di-

197 3505 268 3564 cit
295 3506 487 3562 beatus
512 3504 830 3576 Apostolus,
862 3521 953 3576 per
976 3513 1193 3558 mortem
1225 3503 1450 3558 hominis
1471 3503 1695 3573 suscepti
1717 3502 1809 3558 dc-

198 3607 410 3656 strueret
442 3613 583 3662 eum,
617 3597 707 3668 qui
733 3595 951 3652 habebat
982 3597 1164 3651 mortis
1200 3595 1478 3665 imperium
1509 3595 1699 3666 (Hebr.
1737 3612 1803 3662 ιι,

201 3689 285 3762 ll)
305 3732 318 3754 .
362 3689 415 3746 id
441 3699 560 3756 est,
604 3689 879 3746 diabolum
908 3733 922 3758 ,
953 3700 1010 3746 et
1040 3690 1298 3746 liberaret
1327 3705 1453 3756 eos,
1476 3690 1566 3759 qui
1597 3704 1692 3758 per
1723 3698 1807 3744 to-

200 3790 300 3840 tam
327 3783 491 3838 vitam
522 3782 740 3840 obnoxii
765 3792 919 3838 erant
957 3783 1234 3838 servituti.
1267 3781 1421 3850 Quod
1452 3782 1524 3838 ita
1565 3781 1806 3838 futurum

198 3879 508 3934 multoante
537 3879 724 3934 Esaias
753 3877 1017 3948 propheta
1049 3878 1373 3947 praedixerat
1400 3877 1588 3933 dicens
1614 3896 1625 3930 :
1659 3878 1807 3932 Sicut

199 3971 303 4034 ovis
330 3971 398 4026 ad
437 3971 746 4026 occisionem
774 3972 1003 4036 ducitur,
1039 3982 1084 4026 et
1113 3970 1244 4025 sicut
1285 3988 1450 4041 agnus
1481 3987 1654 4026 coram
1693 3979 1808 4025 ton-

199 4062 345 4126 dente
368 4081 422 4120 se
449 4065 476 4102 ι’
510 4063 800 4128 obmutuit;
825 4075 877 4119 et
902 4065 1097 4120 iterum
1132 4082 1145 4119 :
1182 4063 1399 4118 Oblatas
1425 4072 1520 4130 est,
1549 4065 1670 4133 quia
1699 4064 1809 4132 ipse

199 4156 353 4216 coluit
377 4198 394 4224 ,
425 4156 499 4212 ad
526 4157 807 4211 multorum
834 4157 1190 4212 exhauriendo
1216 4167 1460 4226 peccata;
1483 4167 1538 4212 et
1567 4159 1763 4212 iterant
1790 4172 1804 4213 :

203 4246 437 4306 Tradidit
471 4252 528 4304 in
561 4262 778 4306 mortem
804 4251 1032 4305 animum
1073 4268 1221 4306 suam
1242 4293 1256 4317 ,
1291 4261 1337 4305 et
1385 4267 1504 4305 cum
1547 4251 1809 4306 sceleratis

200 4354 464 4414 reputatus
496 4353 614 4410 est;
655 4354 702 4398 et
747 4346 856 4415 ipse
893 4355 1100 4416 peccata
1144 4345 1426 4400 multorum
1453 4345 1602 4412 tulit,
1633 4354 1681 4399 et
1714 4361 1808 4413 pro

201 4439 664 4513 trattsgt'essoribus
690 4440 799 4510 ipse
822 4441 1021 4511 rogavit
1045 4437 1215 4512 (Esai.
1249 4455 1362 4505 Llll,
1387 4440 1418 4494 7
1437 4450 1482 4495 et
1508 4439 1662 4509 seq.).
1689 4439 1806 4496 Non

203 4529 358 4606 331
381 4547 516 4603 ergo
544 4533 872 4588 necessitate
899 4547 1114 4588 crucem
1143 4532 1391 4588 Christus
1408 4532 1686 4597 dominus,
1710 4533 1806 4588 sed

1907 3314 2224 3379 moriuntur,
2251 3314 2326 3366 ita
2348 3321 2394 3365 et
2419 3311 2472 3364 in
2504 3309 2709 3365 Christo
2730 3350 2745 3376 ,
2776 3314 2867 3381 qui
2901 3311 3056 3368 nobis
3087 3328 3182 3382 per
3213 3313 3527 3383 passionem

1908 3409 2088 3463 crucis
2111 3407 2179 3461 de
2209 3405 2380 3461 latere
2402 3421 2502 3461 suo
2532 3405 2815 3460 lavacrum
2845 3413 2901 3460 et
2923 3415 3108 3475 potum
3141 3407 3405 3478 martyrio
3431 3407 3532 3463 de-

1910 3499 2137 3565 dicavit,
2167 3514 2343 3554 omnes
2371 3496 2756 3565 civi/icarentur
2779 3493 2957 3567 (Rom.
2990 3512 3102 3564 uti,
3144 3499 3199 3562 5;
3235 3497 3436 3555 Coloss.
3467 3516 3530 3566 ιι,

1913 3596 2011 3659 i5;
2045 3593 2061 3648 Ι
2094 3591 2215 3647 Cor.
2247 3588 2476 3660 xv,‘21‘).

1981 3683 2216 3740 CAPUT
2244 3681 2384 3737 XIV.
2405 3679 2573 3736 —Ob
2602 3679 2705 3735 hoc
2733 3695 2863 3749 ergo
2887 3694 2986 3736 nos
3013 3681 3269 3738 convenit
3293 3681 3528 3753 diligen-

1913 3776 2407 3846 tiusintueri,quis
2428 3775 2642 3841 olierat,
2670 3775 2755 3828 cui
2779 3772 2998 3838 offerat,
3025 3772 3038 3809 ί
3069 3774 3196 3842 quid
3222 3775 3437 3841 oll‘erat,
3469 3788 3528 3832 et

1912 3895 2010 3950 pro
2041 3877 2240 3948 quibus
2263 3873 2458 3930 oll‘erat
2487 3873 2553 3940 is,
2589 3870 2684 3942 qui
2717 3869 2874 3926 nobis
2899 3872 3003 3937 via,
3037 3869 3260 3935 veritas,
3283 3879 3338 3926 et
3360 3881 3522 3941 porta

1911 3975 2138 4030 eliectus
2153 3979 2266 4036 est;
2288 3970 2358 4025 de
2376 3981 2485 4039 qua
2502 3977 2651 4037 porta
2669 3966 2901 4036 Spiritus
2920 3976 3144 4021 sanctus
3165 3981 3259 4035 per
3273 3965 3521 4035 Prophe-

1913 4080 2019 4125 tam
2053 4070 2128 4124 ait
2156 4085 2168 4120 :
2207 4066 2334 4122 Hac
2355 4074 2502 4137 porta
2524 4063 2752 4126 Domini,
2789 4063 2914 4127 iusti
2941 4061 3226 4116 introibant
3259 4077 3520 4132 peream;

1910 4175 1964 4218 et
1982 4163 2178 4218 iterum
2200 4178 2211 4214 :
2237 4158 2410 4232 (Psal.
2438 4171 2600 4222 cxvn,
2621 4155 2735 4226 ‘20).
2761 4153 2883 4210 Non
2904 4154 3274 4225 confundetur,
3295 4153 3418 4207 dum
3441 4153 3521 4210 lo-

1910 4267 2092 4327 quetur
2117 4253 2341 4308 inimicis
2362 4252 2468 4306 suis
2497 4251 2549 4304 in
2583 4259 2733 4318 porta
2761 4248 2936 4319 (Psal.
2958 4263 3150 4313 cxxvr,
3181 4246 3258 4319 5).
3295 4246 3403 4304 Sed
3449 4249 3521 4304 ad

1911 4351 2076 4404 istam
2106 4356 2315 4416 portam
2343 4360 2448 4399 non
2474 4344 2719 4408 venient,
2753 4340 2853 4396 nisi
2885 4339 2939 4394 bi
2969 4341 3060 4411 qui
3092 4341 3396 4396 meruerint
3421 4357 3519 4412 per

1912 4443 2008 4498 Dei
2037 4442 2267 4513 gratiam
2293 4451 2349 4496 et
2376 4437 2706 4508 adiutorium
2731 4434 2801 4490 de
2831 4434 3002 4504 portis
3026 4433 3218 4489 mortis
3253 4435 3516 4504 exaltari,

1913 4539 2016 4592 hoc
2037 4546 2145 4601 est,
2166 4535 2421 4606 peccatis.
2445 4533 2575 4602 Ejus
2603 4545 2735 4601 ergo
2756 4528 3043 4598 supplicia,
3061 4528 3146 4583 cui
3179 4529 3365 4609 Credo,
3393 4543 3519 4585 cou-

204 4625 480 4688 voluntate
503 4627 778 4692 sustinuit,
801 4626 993 4682 dicens
1009 4628 1076 4682 ad
1097 4627 1335 4693 Petrum,
1361 4627 1449 4698 qui
1475 4627 1686 4682 timoris
1704 4626 1812 4682 l‘ra-
1835 4616 1888 4678 D
1915 4632 2076 4686 stanti
2099 4628 2439 4700 professione
2466 4637 2856 4688 commemoro,
2885 4636 2985 4676 uec
3011 4639 3096 4675 tne
3110 4622 3275 4692 pudet
3299 4637 3516 4690 eorum,

205 4719 410 4794 gilitate
435 4721 506 4780 ad
531 4721 708 4780 crucis
756 4725 1074 4794 mysterium
1115 4724 1582 4780 scaudalizabatur
1609 4733 1664 4780 et
1707 4724 1808 4778 bu-

207 4827 363 4872 mano
399 4830 600 4886 pavore
642 4817 984 4887 trepidabat:
1023 4816 1165 4872 Vade
1187 4827 1342 4882 retro,
1369 4817 1618 4886 Satanas,
1659 4835 1809 4874 scan-

208 4903 381 4970 dalum
407 4908 537 4964 mihi
564 4925 653 4976 es;
675 4911 798 4980 quia
832 4927 933 4966 non
964 4911 1105 4981 sapis
1129 4927 1243 4982 qua:
1277 4909 1373 4966 Dei
1400 4922 1542 4979 sunt,
1573 4914 1664 4966 sed
1691 4927 1808 4982 qute

278 5106 303 5133 ⁸
329 5097 532 5175 Eadem
555 5099 714 5175 non].
747 5102 904 5167 edit.,
933 5102 1087 5157 Hanc
1116 5119 1209 5174 pro
1231 5102 1385 5175 totius
1415 5100 1627 5156 humani
1655 5117 1808 5175 gene-

209 5168 474 5246 risaaluts
499 5172 552 5224 in
581 5173 776 5246 unitate
802 5177 1054 5246 suppositi
1084 5168 1381 5240 assumpsit.

280 5239 304 5278 δ
338 5243 540 5297 Eadem
586 5243 720 5300 Rom
776 5239 947 5314 edit.)
996 5257 1183 5314 ntutus,
1244 5239 1315 5302 sic
1352 5262 1448 5300 non
1493 5245 1697 5314 aperuit
1752 5261 1808 5299 os

209 5328 379 5368 suum.

215 5461 232 5508 ι
281 5396 306 5424 ι
331 5385 499 5440 Rom.
531 5389 664 5444 edit.
710 5389 959 5445 Abierant
1005 5401 1307 5461 retrorsum,
1338 5405 1383 5448 et
1429 5392 1719 5447 ceciderunt
1752 5389 1806 5443 in

235 5471 420 5508 mm.

235 5471 420 5512 munt.

284 5525 310 5564 <1
337 5531 535 5584 Eadem
583 5532 740 5588 Rom.
786 5534 942 5602 edit.,
979 5535 1046 5589 Et
1092 5536 1217 5590 alibi
1247 5553 1263 5592 :
1295 5535 1553 5592 Descendi
1585 5537 1646 5591 de
1678 5535 1802 5589 caelo

217 5615 317 5654 non
359 5611 414 5654 ut
446 5604 634 5673 faciam
683 5607 993 5661 voluntatem
1039 5625 1221 5674 meam,
1266 5611 1356 5665 sed
1385 5613 1498 5681 ejus
1529 5610 1618 5679 qui
1666 5607 1806 5662 misit

216 5685 315 5726 me.

225 5813 236 5826 .
289 5744 546 5828 183%"?
600 5749 761 5828 Rom-
813 5750 969 5815 ῡάίιο,
1005 5749 1183 5807 Tanta:
1235 5769 1356 5828 ergo
1410 5750 1714 5808 humilitatis
1763 5758 1810 5801 et

221 5814 494 5889 inefabilis
525 5821 702 5889 hujus,
736 5833 839 5876 etc.

298 5887 312 5926 ί
346 5889 545 5948 Eadem
574 5887 732 5951 Rom.
765 5895 920 5963 edit,
954 5896 1040 5968 qui
1069 5896 1320 5967 superbia:
1365 5900 1524 5968 typho
1569 5912 1620 5950 sc
1647 5896 1812 5967 [actu-

1912 4741 2034 4796 qua:
2076 4723 2409 4790 Redemptor
2437 4719 2618 4774 mundi
2663 4726 2716 4772 et
2763 4731 2859 4785 pro
2890 4729 3007 4770 mea
3039 4715 3216 4770 salute
3246 4716 3511 4786 suscepit,

1915 4827 1970 4874 et
1995 4832 2090 4886 pro
2119 4832 2218 4871 sua
2249 4815 2450 4870 virtute
2481 4811 2782 4883 superavit.
2812 4809 3011 4864 Rideas
3037 4809 3188 4875 licet,
3217 4808 3407 4866 Judtce
3430 4818 3513 4864 at-

1914 4925 2018 4982 que
2047 4909 2289 4979 gentilis,
2339 4907 2481 4976 quod
2517 4906 2568 4960 in
2599 4920 2666 4960 eo
2707 4919 2860 4973 spem
2909 4918 3086 4958 meam
3119 4903 3313 4969 locem,
3348 4915 3507 4971 quem

1914 5116 2024 5154 ram
2050 5113 2152 5151 non
2179 5108 2512 5166 cognoscens,
2538 5088 2757 5143 creatori
2780 5085 3030 5166 aequalem
3063 5101 3114 5137 se
3145 5087 3313 5153 facere
3339 5082 3514 5138 volue-

1912 5173 2000 5234 rit,
2031 5171 2205 5224 dicens
2239 5162 2256 5221 Ξ
2285 5165 2568 5220 Ascendam
2593 5177 2748 5230 super
2779 5162 2956 5234 ntt_bes.
3268 5224 3278 5234 .

1985 5227 2009 5288 ii
2046 5241 2244 5296 Eadem
2272 5240 2422 5291 lioui.
2453 5236 2614 5298 edit.,
2646 5227 2781 5284 Deus
2819 5229 3010 5282 Filium
3036 5241 3182 5298 suum
3207 5227 3419 5278 mittens
3450 5227 3504 5282 in

1909 5314 2297 5371 similitudinem
2325 5310 2494 5362 carnis
2521 5296 2736 5376 peccati,
2764 5304 2826 5354 de
2857 5305 3060 5376 peccato
3089 5296 3352 5376 destinavit
3380 5314 3504 5376 pec-

1911 5369 2080 5442 catum
2111 5389 2161 5438 in
2199 5398 2385 5446 carne;
2417 5369 2624 5439 hoc'est,
2652 5377 2900 5446 Satqnam
2924 5372 2974 5421 in
3007 5383 3160 5446 carne
3188 5369 3505 5439 Saluatoris,

1909 5440 2040 5514 sicut
2069 5467 2113 5511 et
2135 5459 2187 5508 in
2216 5455 2321 5507 alia
2347 5440 2562 5523 epistola
2589 5451 2662 5501 ait
2681 5440 3165 5523 epatriumphans.

1979 5529 2006 5566 ll
2034 5529 2231 5583 Eadem
2275 5514 2433 5578 lium.
2467 5524 2630 5583 edit.,
2673 5519 2791 5571 illos
2819 5517 2870 5567 in
2913 5519 3069 5564 sentet
3110 5514 3241 5582 ipso,
3284 5522 3339 5565 ut
3371 5514 3506 5569 sicut

1908 5602 2030 5658 alibi
2059 5601 2179 5653 dicit
2207 5597 2485 5667 Apostolus
2509 5609 2526 5646 :
2551 5593 2712 5667 Sient
2726 5589 2780 5641 in
2803 5586 2969 5639 Adam
2996 5598 3168 5637 omnes
3192 5585 3506 5651 moriuntur,

1909 5676 1982 5729 ita
2005 5685 2049 5728 et
2072 5673 2124 5724 in
2151 5660 2357 5725 Christo
2377 5680 2549 5718 omnes
2575 5660 2976 5729 civi/icorentttr.
3043 5727 3050 5729 _
3281 5727 3306 5729 _
3409 5677 3412 5682 -

1994 5746 2006 5782 ί
2047 5743 2246 5798 Eadem
2277 5739 2434 5792 Rom.
2465 5736 2623 5797 edit.,
2651 5727 2773 5799 quid
2803 5727 3007 5796 offerat.
3036 5727 3085 5780 is
3115 5729 3202 5798 qui
3223 5727 3395 5794 offert,
3415 5743 3509 5780 no-

1915 5820 1988 5872 bis
2009 5818 2108 5870 via.
2143 5822 2250 5868 ρκ’.
