3970 6316
486 300 589 355 527

1420 286 1511 342 Al)
1549 284 1783 342 OPERA
1820 282 2065 342 SANCTI
2106 281 2427 340 AMBROSII
2479 284 2843 341 APPENDIX.
3636 290 3716 348 518

478 410 796 467 cruciﬁxum
828 414 1211 473 mortuumque
1253 400 1540 471 proﬁtear;
1573 416 1674 472 ego
1703 411 1881 457 tamen
1914 400 1966 455 in
1995 399 2081 455 his
2106 402 2161 463 Α
2185 400 2543 457 Justiticatum
2564 412 2744 458 autem
2771 402 2945 457 claret
2970 401 3018 455 in
3045 400 3281 471 Spiritu;
3305 402 3544 473 quoniam
3566 406 3720 459 media-

474 501 792 558 vuluerihus
828 499 1053 569 glorior,
1080 511 1177 567 per
1206 510 1328 565 quae
1361 510 1447 549 me
1479 495 1698 564 placere
1727 493 2082 563 Redemptori

483 612 630 662 tneo,
654 592 794 665 quod
818 602 872 646 ιιι
896 594 1135 662 ignoras,
1156 587 1399 659 intelligo
1427 605 1440 641 :
1472 587 1700 642 Verbum
1730 590 1864 643 enim
1890 588 2079 652 crucis,

478 702 536 746 ut
582 690 659 745 ait
684 684 1001 757 Apostolus,
1055 681 1386 753 pereuntibus
1414 680 1637 736 stultitia
1662 690 1757 748 est,
1799 681 1958 735 salvis
1987 697 2085 733 au-

478 798 579 839 tem
607 781 796 855 futuris
838 779 1003 834 virtus
1053 776 1145 830 Dei
1176 785 1249 830 est
1284 775 1329 847 (Ι
1354 772 1478 830 Cor.
1511 790 1549 841 ι,
1582 774 1652 829 2i
1696 784 1741 828 et
1771 774 1888 842 25).
1941 773 2084 830 Ecce

478 876 637 933 Pilati
664 872 865 945 judicis
895 870 1036 926 facio
1069 869 1426 936 mentionem,
1458 883 1486 921 a
1518 882 1626 939 quo
1658 866 1934 938 judicatus
1974 873 2080 931 est,

477 971 569 1043 qui
598 979 681 1027 est
707 966 894 1025 mundi
921 966 1086 1035 judex
1128 964 1362 1019 futurus.
1398 971 1424 999 ιι
1452 962 1595 1031 Quid
1634 972 1812 1017 autem
1843 962 2081 1033 dignita-

478 1075 586 1119 tem
612 1060 739 1118 ﬁdei
767 1076 903 1116 meae
930 1057 1221 1113 mordeant
1256 1071 1431 1127 pmna:
1462 1056 1610 1111 illius
1640 1055 1782 1112 beati
1810 1056 2080 1125 corporis,

475 1170 613 1228 quas
639 1155 787 1211 celer
828 1150 1161 1209 resurrectio
1206 1158 1499 1205 consecuta
1544 1148 1851 1205 destruxit?
1897 1147 2085 1220 Neque

474 1252 620 1307 enim
639 1248 729 1304 hic
754 1246 875 1303 linis
899 1245 1022 1301 fidei
1048 1260 1181 1300 mea:
1203 1242 1677 1313 eonfessionisque
1700 1252 1817 1297 est:
1839 1241 1934 1297 sed
1954 1240 2083 1313 quid

477 1350 741 1415 sequatur
770 1339 1029 1409 accipito.
1074 1337 1261 1393 Tertia
1303 1335 1393 1392 die
1420 1335 1721 1391 resurrexit
1755 1349 1786 1390 a
1830 1334 2078 1400 mortuis,

474 1435 727 1494 ascendit
756 1434 811 1490 in
842 1433 1033 1497 caelos,
1066 1430 1221 1486 sedet
1268 1429 1337 1485 ad
1384 1428 1669 1484 dexteram
1711 1427 1914 1493 Patris,
1955 1426 2084 1483 inde

477 1537 743 1586 venturus
770 1537 856 1583 est
880 1525 1129 1595 judicare
1156 1524 1309 1579 vivos
1332 1533 1388 1579 et
1424 1534 1667 1577 mortuos
1696 1521 1835 1594 (Act.
1866 1538 1918 1589 x,
1962 1521 2079 1593 42),

478 1624 531 1681 id
554 1632 660 1690 est,
679 1622 931 1693 etjustos
959 1630 1017 1677 et
1045 1629 1379 1690 peccatores,
1398 1629 1455 1674 et
1481 1617 1728 1675 Gentiles
1757 1626 1811 1672 et
1838 1616 2079 1682 Iudaeos,

480 1736 575 1775 seu
622 1718 831 1773 animas
857 1725 913 1771 et
953 1728 1205 1783 corpora.
1241 1711 1540 1767 Videturne
1584 1710 1677 1766 tibi
1717 1711 1828 1780 jam
1868 1710 2083 1765 stabilis

2188 507 2270 549 tor
2298 492 2394 549 Dei
2424 506 2473 549 et
2500 495 2769 551 hominum
2796 495 2948 551 homo
2976 494 3213 551 Christus
3234 494 3386 550 Iesus
3410 494 3452 563 (1
3475 493 3598 549 Tim.
3619 512 3666 562 ιι,
3685 496 3727 565 5)

2188 602 2297 643 non
2341 588 2522 643 solum
2557 587 2573 625 ί
2620 588 2907 660 sperandae
2938 588 3095 644 nobis
3141 587 3437 653 felicitatis,
3467 587 3555 642 sed
3597 588 3727 644 etiam

2186 681 2535 753 capessenda:
2587 684 2817 755 ρι’ωὺυὶι
2868 683 2880 734 ι
2948 683 3199 739 veritatis
3249 682 3570 755 exemplum.
3609 684 3729 751 Quod

2187 789 2320 831 sane
2350 786 2753 833 sacramentum
2797 775 3042 847 pietatis,
3089 791 3189 848 per
3215 775 3361 847 quod
3405 791 3501 831 nos
3527 776 3732 832 conditor

2188 880 2375 927 noster
2406 888 2470 928 ac
2517 872 2833 945 redemptor
2871 874 3243 945 amplectitur,
3276 872 3423 929 sicut
3468 873 3734 930 testimonio

2185 964 2406 1020 virtutis
2435 966 2794 1038 resplenduit,
2819 967 2894 1022 ita
2921 968 3085 1023 etiam
3114 967 3168 1023 in
3190 967 3510 1023 ascensione
3532 981 3737 1039 assump-

2188 1066 2297 1113 tum
2332 1060 2383 1114 in
2412 1060 2607 1132 gloria,
2632 1061 2973 1118 celebratum
3002 1071 3086 1118 est
3106 1061 3391 1131 obsequiis
3414 1060 3734 1133 Angelorum;

2184 1162 2239 1206 et
2272 1151 2395 1209 ideo
2427 1169 2535 1208 non
2573 1165 2658 1210 est
2684 1155 3035 1226 despicienda
3068 1154 3253 1215 carnis
3284 1156 3532 1212 humana:
3561 1165 3735 1223 natura,

2184 1259 2308 1314 qua:
2342 1245 2393 1299 in
2424 1254 2630 1302 sanctae
2655 1246 2942 1303 Trinitatis
2968 1248 3333 1303 substantiam
3361 1258 3523 1318 atque
3550 1262 3738 1303 consor-

2185 1335 2320 1391 tium
2356 1352 2450 1408 per
2484 1339 2769 1394 Dominum
2815 1340 3093 1396 Christum
3140 1340 3349 1411 ingredi
3396 1342 3605 1395 meruit.
3634 1340 3740 1396 Puto

2184 1446 2321 1489 sane
2348 1433 2516 1504 quod,
2548 1434 2660 1490 Deo
2689 1434 2951 1501 donante,
2981 1436 3048 1492 de
3079 1435 3347 1507 mysterio
3373 1445 3577 1490 sanctae
3599 1434 3741 1490 Trini-

2186 1527 2332 1589 tatis,
2360 1536 2415 1582 et
2435 1526 2808 1584 incarnatione
2836 1530 3053 1585 Domini
3082 1528 3393 1587 Salvatoris
3414 1529 3548 1584 satis
3575 1528 3739 1585 dictum

2186 1620 2256 1673 sit
2292 1636 2303 1672 :
2338 1635 2522 1676 verum
2569 1623 2824 1692 quoniam
2853 1621 2876 1659 ¹ί
2904 1623 2958 1677 in
3001 1623 3107 1678 ﬁne
3132 1622 3413 1697 dogmatis
3440 1624 3607 1678 nostri
3647 1639 3740 1679 car-

2186 1711 2273 1766 nis
2324 1723 2527 1769 nostrze
2584 1716 2809 1785 ponitur
2858 1716 3233 1783 resurrectio;
3290 1716 3485 1772 eadem
3540 1732 3567 1771 a
3619 1717 3742 1773 nobis

478 1828 622 1879 esse,
667 1810 693 1850 δ
722 1820 884 1882 atque
932 1808 1059 1863 felix
1104 1818 1289 1864 nostra
1334 1806 1651 1873 credulitas,
1696 1822 1818 1876 quae
1845 1806 1893 1861 ei
1941 1806 2082 1861 inni-
2116 1784 2161 1844 Β
2188 1816 2316 1860 sunt
2367 1806 2577 1863 ﬁrmius
2629 1821 2855 1880 propter
2897 1809 3191 1867 haereticos
3246 1826 3312 1867 ac
3361 1810 3565 1882 saepius
3613 1826 3740 1881 repe-

473 1908 629 1971 titur,
657 1905 745 1962 cui
790 1919 890 1959 nec
930 1903 1047 1973 ipsa
1091 1918 1238 1958 mors
1271 1901 1503 1957 obviare
1541 1916 1605 1956 ae
1636 1902 1896 1956 resistere
1930 1911 1953 1939 ο
1984 1915 2081 1971 po-

480 2002 659 2059 terit?

545 2094 776 2152 CAPUT
816 2093 935 2149 XV.
965 2122 1034 2135 -—
1073 2093 1317 2161 Denique
1351 2105 1646 2162 numquam
1677 2090 1850 2160 magis
1877 2101 2079 2161 quanta

472 2189 764 2245 clementia
814 2197 871 2242 et
920 2186 1179 2256 patientia
1224 2184 1559 2255 Redemptor
1600 2193 1786 2238 noster
1834 2183 2082 2239 abunda-

473 2293 576 2349 ret,
623 2282 908 2354 apparuit;
954 2296 1115 2352 quam
1159 2295 1282 2336 cum
1316 2280 1565 2351 mysterii
1624 2280 1783 2350 hujus
1823 2267 2081 2350 egressus

470 2378 712 2432 ofﬁcium
762 2385 871 2440 est,
915 2390 973 2428 ut
1016 2372 1368 2443 suscipiendo
1398 2373 1611 2428 scilicet
1662 2382 1909 2427 nostram
1952 2371 2083 2428 sub-

470 2471 762 2533 stantiam,
818 2476 875 2524 et
920 2468 1147 2537 patibuli
1205 2478 1261 2522 et
1318 2466 1509 2521 tumuli
1563 2466 1686 2535 jura
1748 2464 2079 2535 susciperet.

467 2562 682 2621 Nostris
728 2578 859 2633 ergo
908 2564 1190 2632 prosperis
1237 2560 1465 2616 adversa
1498 2560 1619 2631 ejus
1652 2562 1896 2630 impensa
1928 2566 2076 2625 sunt,

465 2667 525 2712 et
574 2656 759 2711 divina
808 2664 972 2726 atque
1025 2654 1259 2708 humana
1307 2651 1332 2689 ἀ
1385 2654 1437 2707 in
1472 2663 1661 2708 nostro
1708 2652 2079 2723 Redemptore

468 2758 661 2804 natura
709 2747 982 2818 quoddam
1035 2746 1177 2801 inter
1217 2761 1277 2801 se
1322 2760 1539 2801 sacrum
1586 2746 1760 2801 iniere
1805 2760 2080 2801 commer-

464 2847 644 2911 cium;
699 2855 757 2898 ut
800 2844 1176 2899 testimonium
1209 2841 1277 2895 ab
1310 2841 1650 2896 humanitate
1679 2840 1843 2913 332
1871 2840 2078 2896 divini-

467 2950 581 3001 tas,
634 2938 922 3008 praemium
976 2950 1006 2989 a
1040 2934 1330 2989 divinitate
1366 2933 1536 2989 ferret
1588 2933 1927 3000 humanitas,
1971 2933 2081 2990 hoc

471 3042 589 3098 est,
646 3042 705 3086 ut
758 3030 1079 3085 vulneribus
1126 3028 1377 3097 corporis
1428 3027 1576 3082 Deus
1628 3035 1818 3082 noster
1872 3029 2081 3098 magni-

470 3125 714 3180 tudinem
766 3136 893 3191 erga
948 3136 1046 3176 nos
1090 3120 1173 3175 sui
1205 3120 1409 3175 amoris
1449 3118 1787 3186 ostenderet,
1843 3126 1899 3174 et
1947 3133 2080 3173 con-

467 3220 645 3274 sortiu
695 3214 995 3271 divinitatis
1036 3223 1058 3251 θ
1104 3212 1383 3283 repensari
1431 3212 1534 3267 sibi
1580 3212 1908 3269 obcdientiae
1955 3227 2080 3283 gra-
2107 3183 2152 3247 (ἶ

467 3311 628 3376 tiam,
652 3318 708 3364 et
744 3308 957 3363 animus
992 3314 1178 3361 noster
1209 3314 1266 3361 et
1311 3321 1513 3376 corpus
1544 3313 1929 3374 agnoscerent.
1962 3305 2077 3372 Qua

467 3407 637 3478 igitur
670 3404 797 3466 ﬁde,
830 3417 1007 3474 quave
1048 3401 1343 3457 devotione
1374 3401 1504 3454 huic
1540 3401 1770 3455 Domino
1798 3408 2076 3456 tantorum

467 3502 525 3557 in
556 3515 654 3556 nos
680 3498 950 3553 donorum
979 3496 1232 3552 muniﬁco
1254 3495 1536 3551 adhaerere
1561 3509 1624 3550 ac
1646 3495 1853 3550 servire
1875 3494 2078 3551 debea-

470 3613 616 3661 mus,
651 3594 970 3651 intuendum
998 3601 1122 3657 est;
1157 3590 1173 3629 ί
1211 3589 1304 3661 qui
1332 3589 1405 3644 ita
1436 3589 1642 3643 nullum
1670 3590 1937 3659 largiendi
1965 3604 2082 3645 mo-

472 3693 601 3747 dum
626 3689 838 3754 habuit,
873 3698 929 3742 ιιι
954 3694 1166 3741 tantum
1209 3683 1465 3739 fidelibus
1489 3682 1721 3738 donaret
1749 3682 1801 3737 in
1829 3684 2079 3753 przemio,

472 3795 733 3858 quantum
761 3784 879 3853 ipse
918 3777 1233 3850 possidebat
1267 3777 1319 3832 in
1356 3791 1566 3846 regno:
1601 3776 1764 3829 ctiam
1800 3784 1859 3830 ut
1887 3774 2082 3831 crede-

474 3896 658 3938 remus
688 3895 787 3934 nos
809 3878 929 3948 ejus
958 3875 1075 3929 ﬁeri
1106 3888 1268 3944 posse
1302 3870 1644 3936 cohaeredes,
1675 3868 1841 3925 etiam
1872 3877 2080 3924 natura:

472 3984 676 4031 nostra:
704 3986 933 4028 consors
966 3984 1089 4024 esse
1119 3967 1351 4037 delegit;
1379 3980 1486 4019 non
1522 3973 1701 4019 tamen
1739 3972 1797 4017 nt
1826 3963 2083 4019 substan-

472 4074 603 4126 tiam
646 4084 672 4123 a
702 4067 1003 4122 divinitatis
1042 4076 1170 4117 arce
1199 4058 1538 4123 detruderet,
1573 4057 1669 4113 sed
1701 4067 1760 4112 ut
1788 4072 1889 4112 nos
1930 4056 2082 4111 inﬁr-

476 4178 615 4226 mos,
663 4169 718 4215 et
760 4159 813 4213 in
844 4164 1090 4214 extrema
1124 4151 1321 4208 mortis
1353 4150 1563 4205 vilitate
1592 4164 1657 4205 ac
1690 4153 2015 4205 necessitate
2053 4159 2078 4197 ε

476 4256 741 4326 degentes
769 4252 834 4307 ad
875 4248 1103 4320 gloriam
1138 4243 1564 4301 resurrectionis
1593 4240 1919 4296 attraheret.
1944 4242 2079 4309 Quia

476 4365 610 4419 ergo
640 4348 693 4402 in
722 4364 802 4409 se,
829 4341 1091 4415 quidquid
1120 4340 1278 4396 nobis
1308 4337 1687 4409 pollicebatur,
1718 4333 1996 4400 ostendit;
2026 4344 2082 4391 et

475 4459 583 4497 non
615 4439 796 4510 perire
823 4438 1005 4492 carnis
1028 4436 1186 4490 istius
1206 4431 1569 4487 substantiam
1594 4427 1935 4499 resurgendo
1960 4442 2080 4497 per-

474 4536 660 4591 docuit
691 4550 704 4587 :
740 4540 795 4587 et
840 4528 931 4585 ubi
962 4528 1011 4582 ei
1044 4534 1168 4595 post
1197 4523 1658 4578 resurrectionem
1705 4522 1887 4576 futura
1935 4530 2081 4577 esset

480 4626 766 4685 habitatio,
800 4619 1122 4676 ascensione
1154 4616 1497 4671 monstravit.
1535 4614 1648 4670 Hoc
1692 4625 1774 4668 est
1804 4628 1937 4683 ergo
1967 4629 2081 4667 ma-

472 4738 663 4795 gnum,
708 4726 763 4772 et
794 4729 1016 4786 prorsus
1046 4711 1071 4749 ¹ι
1102 4725 1361 4780 magnum
1402 4707 1617 4777 pietatis
1646 4716 2074 4774 sacramentum,

475 4814 619 4887 quod
653 4814 706 4867 in
738 4823 905 4865 carne
936 4806 1340 4859 manifestatum
1367 4816 1490 4857 esse
1518 4800 1564 4867 (ι
1598 4800 1730 4855 Tim.
1759 4816 1839 4865 ιιι,
1867 4800 1985 4867 16),
2020 4809 2079 4856 ιιι

478 4925 659 4969 rerum
700 4908 1024 4977 proventus,
1060 4899 1129 4953 ita
1176 4894 1418 4967 gentium
1463 4894 1662 4950 Doctor
1707 4895 2073 4949 annuntiavit.

547 5083 572 5110 ι
612 5069 814 5126 Eadem
849 5067 1005 5119 Rom.
1049 5060 1208 5125 edit.,
1254 5074 1343 5111 nec
1383 5062 1457 5111 est
1484 5056 1621 5127 quod
1666 5056 1918 5127 dignitate
1948 5056 2072 5126 ﬁdei

478 5161 603 5199 mea:
634 5144 889 5195 minuant.
954 5146 957 5147 '

552 5215 578 5251 ³)
609 5212 833 5267 Eadem.
860 5208 1017 5264 Rom.
1053 5204 1209 5267 edit.,
1241 5212 1395 5267 atque
1420 5200 1591 5267 ﬁrma.

556 5296 575 5321 ε
609 5284 814 5339 Eadem
844 5280 1002 5334 Rom.
1026 5275 1183 5335 edit.,
1209 5272 1438 5340 poterit?
1468 5270 1532 5324 Et
1562 5279 1740 5339 portat,
1772 5270 1968 5338 inquit,
1996 5270 2077 5323 in-

479 5357 577 5425 [eri
606 5371 705 5408 non
740 5345 1389 5425 prazualebuntadversnm
1417 5358 1549 5425 eam.

551 5426 577 5461 ιι
610 5412 810 5479 Eadem
853 5422 1011 5478 Rom.
1044 5418 1206 5487 edit.,
1246 5425 1432 5470 natura
1460 5415 1514 5467 in
1544 5412 1883 5483 redemptoris
1914 5414 2077 5465 nostri

500 5511 721 5548 tersona.

482 5515 735 5617 νεξδᾛιὲι..
775 5563 923 5626 cod.,
950 5557 1323 5631 recompensari
1345 5554 1746 5631 sibi_obe_t_liente_
1775 5553 1962 5622 gratia.

563 5633 773 5687 Hlom.
806 5622 962 5695 edit.,
1000 5633 1087 5701 qui
1118 5622 1303 5684 nedum
1336 5624 1593 5699 largiendi
1634 5625 1836 5701 nullum
1860 5622 2072 5677 modum

508 5706 705 5768 habuit,
734 5703 824 5757 sed
845 5696 1041 5754 omnem
1066 5702 1195 5755 adeo
1221 5696 1514 5754 mensuram
1539 5696 1775 5768 excessit.

556 5788 578 5824 ε
615 5767 813 5829 Eadem
842 5772 995 5825 Rom.
1027 5772 1183 5835 edit.,
1198 5773 1523 5839 jacentes....
1549 5767 1836 5823 extolleret.

555 5845 580 5887 ι·
610 5847 808 5903 liadetn
838 5843 987 5898 Rotn.
1014 5842 1169 5908 edit.,
1191 5842 1419 5895 onmium
1446 5839 1767 5911 confessione
1794 5853 2059 5909 magnum,

2184 1900 2370 1956 tenda.

2256 1996 2485 2055 CAPUT
2541 1997 2681 2054 XVI.
2721 2030 2793 2041 ——
2827 1998 3065 2055 Verbum
3108 2000 3257 2055 enim
3310 2000 3446 2066 Dei,
3496 1999 3630 2070 quod
3670 1998 3745 2054 do-

2187 2091 2365 2147 minus
2413 2091 2666 2147 Christus
2715 2103 2820 2156 est,
2869 2093 2963 2164 qui
3020 2101 3107 2148 est
3164 2093 3570 2164 primogenitus
3604 2092 3745 2147 omnis

2185 2193 2479 2251 creaturae,
2536 2194 2592 2241 et
2645 2187 2737 2257 qui
2794 2194 2881 2241 est
2940 2185 3344 2257 primogenitus
3404 2202 3475 2241 ex
3533 2186 3743 2249 mortuis,

2184 2277 2252 2333 ad
2308 2278 2601 2350 imaginem
2647 2295 2827 2343 suam,
2860 2294 3024 2349 quam
3061 2280 3211 2349 prius
3261 2279 3378 2349 ipse
3429 2277 3746 2344 condiderat,

2184 2370 2372 2435 venit;
2420 2372 2488 2426 de
2532 2385 2637 2442 qua
2685 2371 2923 2442 imagine
2964 2373 3232 2442 scriptum
3276 2380 3361 2426 est
3416 2369 3529 2425 :Et
3557 2372 3747 2442 plasma-

2184 2466 2253 2519 vit
2310 2464 2450 2519 Deus
2512 2466 2771 2521 hominem
2822 2466 2888 2520 ad
2960 2468 3246 2540 imaginem
3296 2476 3345 2521 et
3391 2465 3751 2520 similitudinem

2185 2572 2334 2610 suam
2386 2554 2557 2627 (Gen.
2594 2573 2633 2623 ι,
2666 2558 2817 2630 27);
2871 2569 2926 2614 et
2978 2574 3201 2614 carnem
3255 2567 3489 2630 propter
3536 2573 3746 2625 carnem,

2186 2650 2467 2708 mediante
2521 2653 2702 2706 anima
2774 2653 3132 2721 rationabili,
3186 2669 3254 2709 ex
3320 2662 3517 2709 saneta
3583 2652 3750 2723 virgine

2184 2745 2350 2801 Maria
2382 2746 2721 2817 suscipiens,
2756 2756 2811 2801 et
2837 2748 3063 2814 similia,
3098 2747 3151 2802 id
3182 2757 3288 2816 est,
3315 2748 3560 2803 animam
3589 2757 3637 2802 et
3660 2760 3752 2801 car-

2186 2854 2309 2894 nem
2341 2856 2438 2909 per
2463 2840 2666 2895 similia
2697 2840 3015 2911 puriﬁeans,
3043 2841 3221 2896 factus
3252 2851 3338 2897 est
3361 2856 3466 2912 per
3491 2840 3658 2896 omnia
3678 2837 3753 2894 ho-

2186 2948 2277 2986 mo
2308 2933 2515 3004 absque
2565 2944 2814 3004 peccato.
2860 2933 3131 2991 Mediante
3176 2950 3307 3005 ergo
3347 2936 3533 2990 anima
3584 2935 3679 2989 Deo
3708 2941 3749 2987 et

2184 3027 2359 3092 carni,
2400 3025 2507 3092 hic,
2537 3028 2628 3097 qui
2678 3042 2894 3093 omnes,
2940 3028 3083 3084 sicut
3122 3029 3200 3082 ait
3233 3026 3561 3099 Apostolus,
3592 3026 3753 3082 divites

2185 3121 2413 3189 faciens,
2449 3138 2660 3194 pauper
2697 3123 2928 3179 effectus
2958 3134 3063 3189 e5t,
3091 3133 3148 3177 ιιι
3179 3123 3327 3178 illius
3357 3122 3545 3193 inopia
3578 3137 3666 3178 nos
3694 3121 3755 3175 di-

2184 3218 2324 3272 vinis
2370 3228 2537 3289 atque
2586 3218 2904 3274 cheStibus
2957 3218 3167 3273 divitiis
3213 3217 3528 3273 ditaremur
3571 3216 3635 3290 (ΙΙ
3660 3214 3752 3271 Cor.

2184 3328 2297 3377 vin,
2328 3312 2384 3383 9)
2412 3330 2424 3374 ;
2462 3328 2557 3383 per
2584 3314 2799 3385 signum
2832 3313 2965 3368 illttd
3000 3311 3221 3379 salutis,
3244 3313 3393 3384 quod
3430 3313 3576 3369 Deus
3601 3310 3754 3383 generi

2182 3406 2333 3462 dedit
2385 3407 2647 3470 humano,
2682 3408 2901 3462 dicente
2956 3408 3117 3463 Esaia
3168 3409 3437 3478 propheta
3482 3407 3650 3479 (Esai.
3683 3420 3753 3471 tu,

2186 3500 2254 3554 H
2281 3510 2329 3553 et
2359 3501 2496 3571 seq.)
2529 3518 2540 3553 :
2580 3499 2713 3555 Ecce
2744 3500 3001 3555 Dominus
3043 3500 3189 3554 dabit
3231 3501 3373 3554 vobis
3402 3502 3625 3571 signum,
3667 3512 3756 3552 ecce

2194 3591 2349 3663 Virgo
2369 3593 2616 3663 concipiet
2646 3594 2701 3647 in
2728 3604 2894 3659 utero,
2940 3604 2989 3647 et
3018 3595 3188 3665 pariet
3215 3594 3410 3663 ﬁlium,
3454 3605 3502 3649 et
3534 3592 3759 3648 vocabitur

2185 3701 2369 3739 nomen
2397 3688 2511 3759 ejus
2544 3687 2563 3721 ι
2601 3683 2933 3753 Emmanuel,
2971 3687 3113 3757 quod
3141 3696 3215 3741 est
3244 3687 3658 3758 interpretatum,
3687 3700 3758 3737 no-

2184 3776 2378 3831 biscum
2403 3775 2538 3831 Deus
2570 3778 2701 3848 :qui
2724 3787 3017 3848 antequam
3044 3778 3213 3833 sciret
3240 3793 3447 3833 vocare
3477 3790 3672 3847 patrem
3690 3781 3757 3829 aut

2185 3878 2414 3923 matrem
2445 3885 2622 3935 suam,
2657 3869 2916 3941 butyrum
2948 3880 3004 3925 et
3046 3870 3153 3925 mel
3184 3869 3559 3938 manducavit,
3605 3868 3650 3924 id
3675 3876 3756 3934 est,

2183 3959 2393 4032 Spiritu
2417 3970 2611 4016 sancto
2638 3962 2882 4033 repletus
2901 3964 3182 4033 est,cujus
3202 3963 3461 4018 doctrina
3495 3962 3646 4017 nobis
3668 3960 3759 4014 dul«

2183 4053 2301 4109 cior
2331 4068 2495 4124 super
2526 4054 2631 4108 mel
2662 4066 2716 4109 et
2749 4054 2930 4110 favum
2960 4066 3043 4111 est
3080 4073 3093 4108 :
3124 4056 3217 4127 qui
3247 4055 3425 4129 spolia
3468 4055 3713 4112 Samaria:
3734 4067 3755 4106 ι

2184 4148 2353 4220 Magis
2389 4148 2689 4219 accipiens,
2721 4149 2912 4216 homo,
2956 4165 3079 4216 rex,
3106 4158 3164 4205 et
3206 4150 3353 4205 Deus
3402 4148 3758 4220 comprobatus

2183 4251 2286 4298 est.
2316 4243 2395 4298 De
2422 4241 2525 4297 hoc
2563 4242 2727 4298 etiam
2758 4243 3002 4298 mirabili
3029 4244 3194 4314 signo
3221 4253 3450 4300 sanctus
3481 4244 3687 4299 Simeon
3706 4237 3757 4294 ad

2184 4335 2405 4390 Mariam
2440 4335 2707 4407 virginem
2736 4335 2873 4391 dicit
2899 4353 2915 4393 :
2949 4336 3085 4393 Ecce
3113 4337 3200 4392 hic
3228 4339 3436 4407 positus
3476 4348 3553 4393 est
3587 4337 3637 4391 in
3668 4335 3754 4388 rui-

2184 4444 2303 4481 nam
2326 4436 2374 4482 et
2403 4429 2458 4481 in
2483 4430 2911 4483 resurrectionem
2942 4431 3230 4484 multorum
3248 4431 3305 4485 in
3335 4429 3531 4497 Israel,
3560 4440 3607 4485 et
3635 4430 3682 4483 in
3702 4425 3756 4480 si-

2184 4536 2342 4591 gnum
2372 4521 2456 4574 cui
2482 4522 2866 4575 contradicetur
2890 4520 3042 4590 (Luc.
3074 4539 3134 4589 ιι,
3166 4524 3285 4592 54).
3313 4523 3393 4578 De
3418 4539 3530 4595 quo
3559 4522 3755 4593 signoet

2188 4612 2382 4669 beatus
2411 4613 2694 4681 apostolus
2726 4614 2929 4669 Paulus
2955 4615 3030 4669 ait
3066 4634 3079 4669 :
3126 4614 3307 4671 Judwi
3334 4617 3487 4688 signa
3518 4624 3698 4689 petunt,
3722 4619 3759 4665 et

2187 4708 2357 4763 Grazci
2376 4709 2688 4778 sapientiam
2718 4718 2953 4779 quierunt
2993 4708 3036 4780 (l
3064 4708 3186 4764 Cor.
3209 4727 3247 4776 ι,
3272 4710 3395 4784 22).
3430 4711 3537 4766 Pro
3558 4707 3757 4778 imagine

2187 4816 2320 4873 ergo
2351 4817 2446 4855 sua
2468 4801 2739 4867 Christus,
2765 4818 2925 4873 quam
2960 4804 3012 4858 in
3044 4805 3226 4875 primo
3251 4805 3582 4861 condiderat
3609 4799 3755 4858 homi-

2186 4911 2278 4963 ne,
2312 4911 2471 4966 quam
2505 4896 2717 4952 viderat
2760 4898 2812 4952 in
2863 4897 3089 4955 homine
3120 4899 3330 4955 diaboli
3370 4910 3491 4956 arte
3536 4899 3754 4959 fucatam,

2180 5057 2384 5127 pietatis
2412 5058 2641 5128 mysterii
2671 5070 3073 5115 sacramentum.
3114 5061 3253 5117 Nam
3283 5063 3609 5119 declaratum
3626 5071 3693 5117 est
3714 5061 3754 5111 is

2178 5146 2351 5253 farize,
2396 5142 2450 5182 ut
2484 5145 2657 5184 rerum
2695 5131 2976 5187 declaravit
3003 5144 3237 5202 eventus,
3266 5136 3410 5205 quod
3447 5136 3498 5190 in
3542 5131 3754 5206 mysterio

2203 5209 2283 5252 ate
2320 5212 2394 5253 at.

2203 5209 2394 5253 alebat.

2263 5269 2517 5347 i_i5adem
2547 5272 2710 5347 Rom.
2746 5273 2901 5347 edit.,
2933 5278 3236 5347 sperandae,
3281 5279 3377 5335 sed
3407 5279 3560 5334 etiam
3603 5289 3753 5347 capa-

2182 5342 2357 5421 cenda:
2388 5343 2601 5421 prtebuit
2638 5345 2779 5421 inire
2816 5342 2971 5400 nobis
2990 5350 3261 5417 felicitatis
3288 5350 3601 5421 exemplum.
3632 5342 3752 5403 Sicut

2181 5414 2316 5467 enim
2344 5412 2577 5484 operibus
2606 5424 2652 5469 et
2670 5420 2852 5471 virtute
2874 5412 3167 5475 testimonio
3195 5412 3502 5479 veritatis'in
3523 5420 3752 5475 nativitm

2182 5486 2355 5571 carnis
2383 5485 2561 5571 qualis.
2580 5497 2709 5541 esset
2726 5490 3074 5571 .resplenduit.

2254 5567 2268 5633 ι
2309 5556 2430 5633 _V_at.
2460 5557 2612 5633 cod..
2645 5556 2862 5633 unitatis
2887 5563 3202 5633 exemplum.

2248 5624 2275 5703 ξι
2307 5625 2455 5703 [_dem
2485 5628 2635 5703 co_d_.,
2662 5630 2850 5703 in_ﬁde
2880 5624 3139 5703 dogmatis
3165 5636 3353 5691 nostri.

2251 5695 2267 5735 ¹
2312 5698 2469 5753 Rom.
2503 5699 2658 5763 edit.,
2690 5695 3001 5780 Emmanuel
3041 5721 3061 5780 ξ
3090 5709 3179 5776 qui
3216 5720 3497 5780 antequam
3523 5707 3643 5780 sciat
3677 5718 3746 5780 r9-

2169 5785 2287 5847 care
2310 5780 2506 5839 patrem
2526 5780 2616 5824 aut
2638 5783 2852 5847 matrem
2879 5775 3108 5839 accipiet
3123 5775 3481 5847 fortitudinem
3507 5775 3742 5841 Damasci;

2167 5851 2215 5895 et
2243 5844 2478 5913 butyrum
2509 5853 2553 5897 et
2586 5845 2683 5899 mel
2714 5848 3063 5903 manducabit.
