3970 6316
211 319 312 378 529

1330 317 1420 374 DE
1463 316 1836 376 TRINITATE
1874 317 2312 377 TRACTATUS.

3387 323 3494 382 550

211 434 356 489 venit
381 433 430 488 in
458 430 868 488 similitudinem
894 441 918 468 η
949 432 1189 502 peccati;
1223 441 1281 487 ut
1318 431 1597 489 hominem
1629 431 1658 470 δ
1685 448 1784 504 per
1810 442 1861 500 Α
1959 432 2192 491 CAPUT
2232 434 2396 490 XVII.
2431 467 2502 478 —
2542 437 2668 492 Ilaec
2699 436 2768 492 de
2801 436 3039 510 imagine
3075 437 3206 503 Dei,
3238 437 3304 494 ad
3331 454 3496 511 quam

207 527 503 600 passionem
542 528 720 582 crucis
748 535 798 582 et
834 536 1063 581 mortem
1089 525 1156 580 ad
1182 527 1467 599 pristinam
1499 537 1785 583 revocaret

207 621 483 692 imaginem
524 617 696 692 (Rom.
733 635 846 686 vin,
877 618 931 692 3)
960 637 972 672 :
1016 636 1136 690 qua:
1167 621 1345 692 imago
1387 635 1485 692 per
1514 620 1782 676 incuriam

205 713 412 785 quidem
441 713 721 769 obscurari
755 723 954 784 putest,
981 713 1151 770 deleri
1182 725 1365 770 autem
1409 731 1504 786 per
1531 724 1782 770 naturain

204 825 306 867 non
336 820 530 881 potest.
577 809 650 866 De
698 809 796 865 hac
839 810 1074 882 imagine
1103 813 1178 866 ait
1208 811 1478 882 PrOpheta
1524 831 1538 866 :
1585 811 1779 880 Quam-

201 918 347 974 quam
393 903 445 956 in
488 903 712 974 imagine
741 901 839 957 Dei
883 903 1199 975 perambulet
1237 903 1415 972 homo,
1449 914 1620 959 tamen
1655 920 1784 958 vane

201 995 573 1051 conturbabitur
607 995 778 1070 (Psal.
810 1013 1036 1065 xxxvtu,
1068 998 1150 1069 7).
1179 997 1371 1054 Nullus
1394 1015 1524 1070 ergo
1553 1008 1658 1065 εει,
1687 999 1782 1067 qui

202 1103 304 1144 non
332 1090 565 1162 aliquam
600 1091 888 1162 imaginem
919 1091 1136 1159 habeat,
1173 1092 1224 1148 id
1255 1102 1361 1161 est,
1396 1101 1490 1148 aut
1520 1093 1784 1149 sanctita-

200 1182 265 1238 tis
292 1193 384 1238 aut
414 1184 639 1254 peccati.
671 1185 832 1258 333
860 1185 915 1240 In
948 1185 1240 1257 imaginem
1283 1187 1375 1241 Dei
1417 1186 1777 1253 ambulamus,

198 1278 406 1349 quando
446 1278 808 1350 cogitationes
837 1280 1018 1343 boum.
1050 1297 1170 1352 quae
1203 1281 1362 1336 nobis
1402 1296 1429 1333 a
1462 1281 1573 1335 Deo
1603 1283 1782 1337 insita:

198 1379 338 1437 sunt,
365 1372 416 1426 in
443 1372 602 1427 nobis
625 1383 972 1442 permanent,
1002 1385 1054 1429 ει
1082 1375 1150 1429 ad
1177 1389 1343 1445 opera
1369 1389 1470 1430 nos
1494 1375 1633 1430 bona
1660 1390 1782 1446 per-

195 1462 410 1518 ducunt.
448 1474 470 1502 ο
498 1464 750 1521 Memoria
777 1480 910 1536 ergo
936 1466 1034 1523 Dei
1065 1467 1308 1522 excludit
1335 1484 1362 1520 a
1395 1468 1563 1525 corde
1594 1480 1782 1526 nostro

195 1566 383 1613 cuncta
416 1558 620 1630 ﬂagitia
664 1569 828 1632 atque
860 1572 1108 1633 peccata,
1141 1579 1262 1634 qnze
1303 1563 1557 1620 diabolus
1594 1565 1783 1621 nititur

195 1652 245 1707 in
272 1652 438 1709 corde
467 1663 656 1710 nostro
678 1657 956 1711 seminare
978 1667 1138 1728 atque
1169 1657 1486 1728 depingere.
1519 1658 1671 1715 Unde
1697 1659 1782 1715 di-

193 1747 328 1802 citur
357 1763 385 1802 a
416 1747 688 1818 Propheta
730 1768 746 1806 :
775 1747 1020 1816 Domine,
1064 1754 1117 1806 in
1149 1753 1350 1808 civitate
1396 1763 1486 1808 tua
1530 1755 1780 1827 imagines

1888 529 2063 586 factus
2102 542 2188 586 est
2237 542 2432 599 nomo,
2461 533 2606 589 dicta
2655 533 2952 588 sufficiant.
3004 533 3158 590 Nunc
3202 545 3385 591 autem
3425 536 3495 590 ad

1886 624 2133 680 ordinem
2178 634 2544 680 revertamur.
2586 626 2664 680 Ex
2707 634 2881 681 matre
2924 642 3055 698 ergo
3084 627 3293 700 virgine
3334 639 3494 682 natus

1886 727 1972 775 est
2001 720 2143 775 inter
2180 718 2472 786 homines,
2505 720 2624 775 sine
2666 719 2888 776 homine
2920 730 3102 791 patre;
3128 723 3252 792 quia
3282 729 3491 792 patrem

1889 813 2058 868 Deum
2107 811 2342 868 habebat
2385 813 2437 867 in
2479 811 2669 880 caelis,
2706 829 2866 883 quem
2921 829 3120 884 negare
3163 829 3270 869 non
3319 828 3489 870 vene-

1884 917 1993 973 rat,
2029 917 2086 960 ut
2116 923 2182 961 ex
2213 907 2320 961 alio
2362 918 2704 963 nasceretur.
2741 907 2970 979 Propter
2999 911 3326 965 sententiam
3364 925 3496 981 ergo

1889 1001 2016 1056 EH13
2043 1000 2266 1073 virginis
2293 1000 2447 1075 (Gen.
2477 1017 2566 1066 Ill,
2599 1001 2714 1073 I6),
2736 1018 2899 1074 quam
2927 1013 3048 1075 post
3079 1016 3366 1075 peccatum
3394 1021 3497 1061 ex-

1883 1095 2048 1165 cepit,
2079 1109 2201 1165 qnae
2227 1109 2350 1149 cum
2382 1094 2712 1150 immortalis
2739 1105 2916 1162 esset,
2950 1106 3072 1166 post
3103 1099 3497 1170 transgressio-

1884 1201 2010 1243 nem
2043 1185 2239 1242 effecta
2284 1188 2532 1244 mortalis
2559 1197 2684 1255 est,
2716 1188 2831 1259 ipse
2860 1205 2958 1259 per
2989 1189 3264 1261 Virginem
3297 1195 3447 1247 venit
3481 1209 3495 1246 :

1882 1288 1937 1336 et
1976 1281 2118 1336 sicut
2167 1294 2264 1350 per
2300 1280 2559 1352 virginem
2607 1296 2754 1336 mors
2785 1280 3063 1337 dominata
3104 1293 3222 1348 est;
3273 1284 3345 1338 ita
3397 1300 3494 1355 per

1883 1373 2107 1430 Mariam
2149 1374 2415 1446 virginem
2455 1376 2604 1430 venit
2651 1376 2777 1444 ille,
2823 1377 2914 1447 qui
2967 1386 3198 1432 mortem
3232 1379 3494 1433 vinceret.

1883 1469 2115 1526 Occasio
2149 1470 2341 1525 mortis
2382 1471 2629 1542 ingressa
2674 1486 2770 1542 per
2800 1471 3007 1542 lignum
3041 1481 3158 1537 est,
3191 1473 3287 1527 sed
3320 1481 3498 1529 morte

1885 1563 2100 1619 Domini
2151 1579 2248 1633 per
2286 1564 2492 1636 lignum
2534 1565 2753 1621 exclusa
2790 1575 2875 1622 εει
2917 1583 2931 1620 :
2982 1566 3177 1622 mulier
3219 1567 3286 1622 de
3325 1569 3496 1624 latere

1882 1658 1982 1712 viri
2013 1657 2338 1712 dormientis
2371 1657 2632 1727 producta
2664 1669 2748 1714 est
2782 1657 2934 1730 (Gen.
2964 1675 3034 1724 ιι,
3066 1659 3160 1730 22)
3189 1676 3202 1724 ;
3241 1659 3496 1716 similiter

1885 1760 2064 1805 autem
2094 1761 2146 1805 et
2178 1749 2421 1805 Ecclesia
2447 1750 2514 1804 de
2542 1751 2713 1806 latere
2736 1751 2935 1806 Christi
2967 1752 3019 1808 in
3051 1767 3216 1808 cruce
3245 1767 3345 1823 per
3371 1769 3498 1824 pas-

193 1856 361 1896 sorum
389 1842 458 1896 ad
489 1841 714 1899 nihilum
735 1844 935 1918 rediges
961 1843 1132 1918 (Psal.
1156 1847 1454 1919 Lxxu,20).
1478 1848 1620 1903 Nihil
1651 1865 1781 1919 ergo
1809 1841 1857 1901 Β
1886 1845 2095 1900 sionem
2141 1851 2197 1899 ει
2245 1858 2501 1916 soporem
2551 1844 2744 1900 mortis
2790 1844 3019 1900 formata
3061 1857 3166 1901 cst.
3202 1846 3283 1902 Ex
3325 1847 3498 1902 latere

193 1935 406 2006 prodest
440 1935 639 2007 legisse
670 1937 754 1992 vel
789 1937 1032 2002 audisse,
1065 1939 1167 1992 nisi
1199 1954 1259 1992 ea
1290 1955 1409 2010 qum
1438 1951 1528 1994 aut
1558 1939 1776 2012 legeris,

191 2037 277 2081 aut
300 2027 544 2084 audieris
569 2029 734 2094 bona,
758 2031 810 2084 in
845 2031 1126 2086 memoria:
1155 2030 1412 2087 thesauro
1441 2034 1776 2104 reposueris.

191 2120 336 2177 Sicut
357 2137 486 2194 ergo
519 2124 620 2177 tria
648 2135 772 2179 sunt
819 2125 872 2179 in
902 2124 1148 2192 homine,
1185 2125 1236 2180 id
1269 2137 1373 2193 est,
1400 2142 1625 2198 corpus,
1661 2129 1780 2183 ani-

189 2226 292 2282 ma,
321 2225 376 2269 et
406 2215 664 2286 spiritus;
702 2218 782 2273 sic
810 2218 910 2272 tria
942 2227 1072 2273 sunt
1099 2220 1487 2287 eminentiora,
1531 2237 1652 2292 quae
1681 2236 1783 2277 nos

188 2317 274 2364 aut
301 2309 367 2365 ad
401 2309 542 2365 bona
567 2321 658 2365 ant
687 2311 752 2366 ad
780 2313 918 2367 mala
953 2311 1279 2383 perducunt.
1311 2313 1414 2370 hoc
1435 2325 1542 2382 est,
1574 2323 1668 2368 aut
1689 2331 1782 2370 co-

186 2403 392 2473 gitatio,
417 2415 515 2461 aut
548 2406 774 2475 locutio,
805 2417 900 2462 aut
938 2408 1214 2478 Operatio.
1241 2409 1371 2477 Qua-
1403 2409 1504 2464 tria
1539 2409 1782 2466 breviter

188 2496 411 2568 Spiritus
439 2508 664 2556 sanctus
694 2503 746 2556 in
781 2500 959 2572 primo
997 2501 1212 2574 psalmo
1244 2503 1664 2572 comprehendit
1696 2503 1782 2559 di-

185 2607 312 2648 cens
337 2611 349 2647 :
385 2593 578 2651 Beatus
605 2597 702 2663 vir,
743 2598 834 2668 qui
865 2614 966 2651 non
993 2597 1117 2652 abiit
1147 2599 1200 2651 in
1226 2599 1440 2652 consilio
1477 2599 1777 2669 impiorum,

188 2695 232 2741 et
260 2688 312 2741 in
334 2689 413 2742 via
434 2699 764 2760 peccatorum
796 2707 895 2744 non
925 2691 1082 2756 stetit,
1111 2701 1158 2746 et
1185 2693 1238 2746 in
1264 2689 1510 2746 cathedra
1540 2693 1782 2764 pestilen-

188 2781 268 2834 tiae
295 2798 394 2836 non
426 2782 564 2837 sedit
596 2781 776 2854 (Psul.
805 2800 844 2849 ι,
875 2785 950 2855 1).
982 2783 1076 2839 Isti
1107 2794 1235 2840 sunt
1267 2783 1290 2822 ά
1345 2785 1483 2840 terni
1513 2794 1782 2841 stratores

187 2876 503 2950 diaboli.qui
537 2880 750 2935 miserm
773 2878 1103 2935 insidiantur
1123 2880 1351 2944 animm;
1385 2890 1444 2934 ut
1466 2888 1561 2936 aut
1583 2881 1634 2936 in
1665 2881 1783 2936 dic-

187 2977 260 3039 to,
284 2980 375 3027 aut
406 2973 457 3026 in
495 2973 661 3037 iacto,
687 2981 777 3026 aut
806 2971 860 3026 in
889 2972 1130 3044 cogitatu
1157 2988 1276 3028 eam
1314 2973 1540 3029 incitent
1561 2973 1639 3054 ad.
1661 2989 1783 3045 pec-

185 3074 379 3120 catum.
423 3065 637 3136 Spiritu
681 3080 836 3137 ergo,
883 3065 1086 3132 anima,
1127 3075 1182 3122 et
1229 3081 1461 3138 corpore
1514 3078 1607 3120 aut
1646 3067 1785 3122 bene

187 3160 413 3231 agimus,
438 3168 538 3215 aut
560 3161 733 3228 male;
765 3169 855 3215 aut
879 3164 1014 3216 casti
1041 3175 1252 3227 sumus,
1280 3173 1372 3241 aut
1403 3161 1737 3216 fornicamur
1767 3179 1780 3216 :

1885 1937 1983 1992 viri
2017 1937 2242 1991 formata
2275 1947 2356 1992 est
2385 1937 2623 2002 femina;
2657 1948 2710 1992 ει
2743 1937 2869 1994 ideo
2900 1939 2955 1993 in
2989 1939 3159 1994 latere
3191 1944 3496 2011 percutitur

1886 2029 2169 2097 Dominus,
2198 2040 2255 2085 ut
2282 2046 2378 2100 pro
2405 2031 2634 2087 muliere
2653 2031 2736 2085 vir
2762 2032 3021 2100 patiatur,
3049 2047 3115 2088 ex
3139 2032 3295 2103 cujus
3321 2033 3495 2090 latere

1883 2124 2113 2178 formata
2143 2135 2259 2189 est,
2293 2141 2416 2196 qua:
2444 2140 2568 2180 eum
2605 2135 2628 2173 ε
2660 2127 2853 2181 suasit.
2891 2125 3000 2181 Sed
3029 2125 3342 2194 videamus,
3372 2130 3499 2199 quia

1885 2217 2038 2272 locus
2061 2234 2127 2273 ex
2141 2218 2294 2286 petit,
2321 2219 2433 2290 jam
2462 2219 2590 2290 quid
2625 2220 2902 2275 haereticis
2930 2221 3370 2292 respondendum
3402 2223 3496 2291 sit,

1883 2311 1976 2382 qui
2022 2311 2259 2365 animam
2301 2311 2430 2366 Adm
2473 2322 2565 2366 aut
2606 2314 2914 2383 portionem
2961 2314 3057 2369 Dei
3105 2329 3229 2369 esse
3268 2317 3494 2382 volunt,

1882 2414 1973 2458 aut
2005 2413 2132 2459 ante
2159 2420 2281 2460 cum
2315 2404 2532 2473 laetam,
2556 2422 2716 2476 quam
2745 2407 2862 2477 ejus
2889 2423 3090 2478 corpus
3119 2407 3184 2462 de
3216 2418 3360 2463 terra
3394 2410 3494 2464 lin-

1883 2509 2105 2570 geretur
2139 2517 2151 2552 :
2187 2500 2334 2571 quod
2368 2516 2592 2571 prorsus
2619 2501 2857 2557 alienqu
2900 2519 2929 2558 a
2973 2501 3078 2559 fide
3110 2504 3406 2570 catholica,
3439 2515 3497 2559 et

1885 2604 2208 2650 extraneum
2242 2604 2344 2650 est.
2381 2594 2656 2665 Scriptum
2692 2612 2928 2666 namque
2951 2607 3036 2652 est
3063 2597 3188 2667 quia
3220 2596 3496 2666 plasmauit

1885 2685 2027 2742 Deus
2051 2689 2311 2742 hominem
2337 2685 2362 2725 δ
2392 2689 2456 2744 de
2483 2689 2609 2743 limo
2644 2700 2813 2756 terrte,
2847 2701 2892 2745 et
2926 2699 3046 2761 post
3076 2691 3494 2761 plasmatiouetu

1885 2782 2159 2853 insufﬂauit
2194 2783 2246 2835 in
2288 2799 2346 2835 eo
2385 2783 2626 2853 spiritum
2672 2783 2822 2850 rita‘;
2854 2795 2901 2837 et
2939 2787 3110 2854 factus
3149 2795 3222 2838 est
3261 2783 3414 2838 homo
3443 2783 3497 2836 in

1885 2878 2112 2932 animam
2159 2879 2404 2932 viventem
2455 2876 2608 2948 (Gen.
2649 2893 2722 2942 ιι,
2757 2879 2812 2943 7;
2863 2878 2995 2948 Sap.
3040 2894 3137 2944 xv,
3180 2877 3292 2950 Η).
3338 2878 3493 2945 Quod

1888 2971 1958 3026 ita
2002 2986 2123 3026 esse
2173 2972 2295 3026 Evze
2336 2971 2582 3027 mulieris
2625 2986 2730 3026 non
2773 2971 2968 3028 edocet
3005 2973 3338 3042 exemplum,
3377 2987 3500 3042 qute

1887 3077 2010 3117 cum
2035 3062 2102 3117 de
2129 3073 2279 3118 costa
2309 3062 2440 3118 Adm
2474 3064 2524 3118 in
2560 3064 2845 3119 mulierem
2879 3064 3111 3119 formata
3140 3076 3308 3129 esset,
3340 3074 3493 3137 post-

1889 3173 1951 3213 ea
1995 3158 2232 3213 animam
2280 3174 2308 3213 a
2358 3160 2468 3215 Dco
2517 3159 2769 3231 accepit;
2811 3175 2933 3231 qua:
2977 3161 3275 3216 creationis
3317 3159 3492 3216 forma

187 3261 241 3308 et
267 3253 388 3308 ideo
415 3254 564 3310 sicut
595 3255 748 3310 avari
787 3262 953 3326 atque
983 3265 1232 3326 raptores
1265 3257 1407 3311 servi
1441 3267 1562 3310 sunt
1613 3271 1784 3310 mam-
1811 3250 1856 3311 C
1892 3268 2064 3323 usque
2105 3251 2171 3307 ad
2223 3251 2384 3307 finem
2433 3252 2620 3308 mundi
2671 3253 2724 3307 in
2773 3253 2934 3308 nobis
2983 3261 3256 3320 servatur,
3304 3251 3316 3289 ί
3360 3252 3503 3308 sicut

189 3361 393 3413 monac;
429 3356 487 3403 et
518 3349 659 3402 sicut
689 3347 970 3419 gluttones
1002 3357 1056 3402 et
1084 3347 1288 3403 ebriosi
1328 3348 1471 3404 servi
1499 3357 1625 3402 sunt
1657 3364 1787 3402 vcn-
1891 3344 2080 3400 Esaias
2117 3348 2382 3414 propheta
2419 3355 2651 3400 testatur
2686 3345 2877 3401 dicens
2917 3364 2931 3400 :
2969 3347 3073 3412 Qui
3102 3350 3296 3417 format
3336 3348 3502 3418 spiri-

191 3439 284 3495 tris
313 3449 476 3510 atque
521 3439 806 3504 libidinis;
840 3441 920 3496 sic
951 3455 1113 3495 omne
1145 3449 1430 3511 peccatum
1473 3441 1786 3496 dominatur
1890 3450 1998 3494 tum
2029 3438 2256 3493 hominis
2297 3439 2350 3492 in
2395 3455 2491 3506 eo;
2519 3449 2574 3495 et
2606 3439 2775 3494 David
2807 3455 2822 3492 :
2855 3439 2956 3506 Qui
2998 3440 3153 3509 finxit
3194 3439 3500 3511 singillatim

190 3533 522 3600 hominibus,
544 3535 808 3606 probante
836 3533 936 3588 hoc
965 3532 1228 3604 pr0pheta
1255 3547 1318 3587 ac
1345 3533 1594 3588 dicente:
1619 3531 1787 3587 Erunt
1890 3533 2050 3587 corda
2077 3550 2252 3587 eorum
2281 3531 2457 3604 (Psal.
2483 3549 2628 3589 χχιιι
2650 3576 2664 3600 ,
2693 3533 2802 3602 15).
2836 3533 2978 3605 Ergo
3003 3534 3307 3589 secundum
3335 3535 3348 3584 l
3389 3543 3498 3590 tam

187 3628 402 3700 quinque
451 3629 687 3683 civitates
726 3629 780 3682 in
821 3637 960 3682 terra
1010 3627 1254 3702 .Egypti,
1309 3629 1574 3698 loquentes
1611 3628 1787 3698 lingua
1890 3623 2116 3679 evidens
2154 3624 2506 3695 exemplum,
2543 3640 2644 3680 nec
2693 3625 2846 3696 prior
2884 3633 2971 3680 est
3013 3625 3197 3679 anima
3236 3639 3500 3696 corpore,

191 3719 432 3777 Chanaan
455 3721 760 3796 (Esai.xrx,
789 3721 906 3793 18),
933 3722 1034 3776 Ιιοε
1057 3731 1163 3787 εει,
1189 3721 1430 3792 quinque
1453 3736 1646 3776 sensus
1671 3735 1791 3775 car-
1894 3732 1994 3772 nec
2041 3725 2196 3772 antea
2244 3716 2484 3782 condita,
2519 3731 2621 3772 nec
2670 3734 2737 3772 cx
2786 3716 2883 3772 Dei
2930 3715 3262 3784 substantia,
3302 3733 3403 3772 nec
3444 3719 3498 3772 in

191 3815 357 3885 nales,
387 3816 480 3888 qui
513 3817 727 3872 misera:
756 3817 954 3870 anima:
988 3815 1229 3871 tenebris
1255 3813 1480 3886 Egypti
1509 3829 1790 3885 oppressae
1893 3811 2172 3881 corporeis
2203 3819 2366 3880 atque
2401 3807 2867 3864 irrationabilibus
2897 3809 3201 3874 "ealuris.
3229 3818 3286 3863 ιιι
3317 3808 3498 3864 ha‘re-

191 3909 518 3981 loquuntur;
548 3907 816 3982 .‘Egyptus
841 3909 986 3964 enim
1014 3923 1349 3978 persequens
1377 3908 1491 3962 sive
1523 3905 1792 3961 tribulans
1895 3905 1990 3960 tici
2015 3905 2224 3968 volunt,
2250 3903 2420 3958 multo
2443 3915 2568 3958 ante
2587 3903 2700 3974 jam
2726 3911 2972 3972 tempore
2999 3901 3187 3958 nescio
3211 3901 3301 3957 ubi
3329 3900 3498 3957 fuisse

193 4009 348 4073 atque
377 4013 669 4059 coarctans
695 4002 1108 4071 interpretatur.
1153 3999 1264 4054 Nisi
1297 4015 1430 4070 ergo
1471 3998 1788 4069 aquilonem
1895 4007 2249 4062 conversata,
2279 3997 2419 4068 quod
2449 3997 2596 4052 unde
2629 3997 2882 4067 probent,
2912 4012 3019 4051 non
3054 3995 3280 4050 habent.

194 4095 608 4167 frigidissimum
639 4103 858 4151 ventum
902 4096 1084 4150 calore
1134 4094 1276 4159 lidei,
1312 4091 1532 4148 Christo
1563 4108 1663 4147 nos
1705 4093 1793 4164 ju-
1968 4091 2133 4165 335
2158 4091 2388 4148 CAPUT
2421 4091 2610 4146 XVIII.
2644 4121 2714 4132 —
2745 4091 3000 4159 Quotidie
3036 4107 3171 4162 ergo
3209 4091 3354 4146 Deus
3383 4107 3496 4145 ma-

196 4197 372 4257 vante,
413 4189 506 4260 qui
542 4188 681 4242 bona
713 4197 767 4242 et
790 4187 948 4243 docet
977 4197 1030 4241 et
1057 4198 1078 4224 ί·
1106 4187 1434 4252 delectatur,
1470 4187 1788 4252 vicerimus;
1891 4186 2180 4256 jcstatisin
2206 4184 2617 4255 plasmatisjam
2637 4185 3194 4255 corporibusanimas
3215 4182 3361 4250 facit,
3385 4181 3408 4221 κ
3444 4194 3499 4239 ει

195 4282 372 4336 statim
401 4281 562 4335 nobis
591 4280 829 4334 calorem
863 4281 1322 4350 concupiscentia:
1354 4291 1514 4352 atque
1555 4280 1792 4336 libidinis
1901 4278 2166 4342 immittit.
2197 4279 2339 4334 sicut
2364 4278 2579 4352 Moyses
2607 4279 2886 4350 legislator
2914 4278 2984 4334 de
3009 4277 3330 4334 mulieribus
3358 4293 3496 4349 prm-

198 4375 506 4430 suscitabit.‘
554 4375 887 4430 Attenuetur
915 4389 1047 4446 ergo
1074 4375 1298 4446 jejuniis
1329 4391 1478 4444 caro,
1513 4386 1567 4430 et
1616 4373 1635 4413 τ
1682 4376 1790 4430 cir-
1898 4372 2192 4445 gnantihus
2236 4380 2470 4428 testatur
2517 4389 2532 4425 :
2589 4387 2711 4442 qua:
2759 4373 3073 4436 formatum,
3124 4379 3218 4426 aut
3265 4370 3496 4426 necdum

198 4467 538 4524 cumcidatur
563 4469 709 4523 omni
743 4468 1210 4539 concupiscentia:
1241 4469 1438 4537 cultro,
1474 4484 1572 4524 nec
1602 4477 1796 4540 regnet
1899 4466 2190 4522 formatum
2236 4463 2498 4520 infantem
2545 4463 2746 4518 habent
2789 4462 2986 4537 (Exod.
3031 4479 3122 4518 χχι
3144 4506 3158 4530 ,
3188 4463 3261 4519 23
3289 4473 3344 4518 et
3380 4461 3499 4536 2i).

199 4571 480 4630 peccatum
514 4562 566 4615 in
599 4569 791 4616 nostro
829 4561 1045 4616 mortali
1078 4578 1311 4632 corpore
1344 4561 1524 4634 (Rom.
1557 4577 1627 4621 vt.
1662 4560 1789 4630 l2);
1899 4559 2053 4628 Quod
2097 4559 2167 4613 ita
2217 4572 2340 4614 esse
2385 4558 2700 4628 comprobat
2742 4556 3008 4613 Dominus
3047 4556 3241 4612 ditCIIS
3287 4576 3299 4610 :
3343 4553 3508 4610 Pater

199 4665 253 4710 ut
275 4655 512 4728 eﬂ'ugere
536 4657 810 4711 consmtia
836 4655 1026 4711 mundi
1053 4665 1108 4710 et
1128 4656 1418 4728 opprobria
1447 4655 1645 4710 diaboli
1672 4669 1795 4724 pos-
1822 4653 1877 4715 D
1903 4669 2044 4706 meus
2073 4666 2234 4722 usque
2263 4651 2416 4705 modo
2442 4661 2704 4720 aperntur,
2736 4658 2782 4702 et
2810 4666 2905 4720 ego
2933 4647 2950 4686 ι
2986 4666 3173 4719 operor
3203 4647 3422 4720 (Iohan.
3449 4664 3502 4714 v,

201 4750 392 4807 simus.
434 4749 712 4820 Jejuuium
763 4766 920 4822 ergo,
969 4749 1232 4805 contritio
1281 4758 1446 4821 atque
1488 4747 1794 4804 humiliatio
1903 4745 2018 4814 I7).
2049 4743 2199 4799 Sicut
2227 4758 2360 4813 ergo
2391 4742 2612 4812 impium
2644 4751 2727 4796 est
2757 4741 2991 4797 animam
3020 4741 3256 4796 hominis
3281 4740 3349 4794 de
3374 4739 3504 4795 sub-

201 4846 396 4901 anima:
427 4854 512 4902 est
543 4865 557 4907 ;
583 4844 806 4900 afﬂictio
827 4855 1011 4899 autem
1036 4844 1306 4915 corporis.
1902 4837 2101 4892 stantia
2136 4837 2261 4903 Dei,
2291 4836 2377 4892 vel
2406 4837 2642 4891 animam
2672 4852 2737 4891 cx
2779 4836 2960 4892 anima
2986 4835 3091 4890 dici
3121 4852 3136 4893 :
3169 4835 3242 4889 ita
3275 4835 3501 4904 impium

275 4969 299 5032 ξι
327 4959 531 5016 Eadem
563 4960 722 5016 Rom.
753 4960 910 5028 edit.,
938 4961 1107 5014 carnis
1137 4959 1358 5032 peccati.

270 5029 298 5068 δ
334 5032 539 5088 Eadem
589 5032 746 5086 Rom.
780 5032 892 5088 edit
922 5077 936 5099 ,
973 5049 1062 5102 per
1109 5027 1304 5102 lignum
1353 5027 1795 5099 praevaricationis

203 5113 366 5158 morte
404 5104 728 5176 damnatum,
757 5121 848 5175 per
878 5105 1191 5176 passionem,
1219 5113 1323 5157 etc.

275 5186 297 5245 εἴ
327 5177 484 5230 Rom.
517 5175 673 5238 edit.,
701 5173 886 5245 Imago
907 5191 1127 5242 namque
1142 5173 1234 5228 Dei
1262 5173 1513 5238 excludit,
1545 5183 1652 5245 etc.

276 5244 302 5282 *³
343 5247 544 5302 Eadem
576 5247 734 5301 Rom.
761 5243 921 5311 edit.,
939 5243 1606 5308 sternistrutores,emenda
1635 5261 1664 5297 e
1689 5251 1798 5296 vat.

205 5318 328 5372 cod.
371 5320 504 5372 terni
526 5329 792 5374 stratores.
821 5318 921 5373 Est
946 5327 1127 5372 autem
1159 5327 1373 5377 strator.
1407 5317 1450 5370 is
1488 5315 1578 5384 qui
1605 5313 1806 5384 princi-

209 5390 291 5460 pis
317 5406 513 5468 equum
544 5390 820 5468 insternit,
853 5402 906 5468 et
933 5386 1594 5468 conscensuroadmovet.
1624 5385 1806 5468 Nihilo

208 5457 388 5516 autem
421 5463 814 5516 incommodius
861 5460 994 5531 Reg.
1023 5460 1144 5515 cod.
1190 5459 1320 5514 terni
1350 5469 1568 5520 statores
1597 5473 1612 5522 ;
1644 5457 1805 5531 iidem

210 5532 474 5603 siquidem
505 5527 1152 5600 stratoresdicunt'ur,qui
1186 5542 1240 5587 et
1271 5534 1488 5586 lietores
1529 5527 1802 5603 apparito-

211 5599 465 5671 resuue,a
482 5605 677 5672 quibus
689 5605 903 5659 scilicet
918 5599 1184 5674 quispiam
1200 5599 1806 5671 sietiturapudjudices.

287 5686 310 5753 ξ
351 5675 553 5753 Eadem
583 5675 743 5753 Rom.
773 5676 930 5753 edit.,
963 5675 1266 5753 melioribus
1284 5676 1590 5753 delectatur.
1776 5742 1788 5753 ο

292 5745 310 5782 ί
355 5747 556 5804 Eadem
583 5747 741 5802 Rom.
776 5749 933 5811 edit.,
963 5748 1190 5818 spiritali
1219 5748 1624 5802 circumcidatur
1645 5745 1816 5797 omnis

219 5820 630 5887 concupiscentia
652 5821 844 5874 cultro.

295 5899 318 5935 ⁸
361 5889 558 5946 Eadem
589 5890 746 5944 Rom.
777 5892 933 5959 edit.,
966 5891 1126 5946 suasit
1161 5891 1230 5944 ad
1265 5888 1740 5959 trausg‘ressidnent.
1801 5887 1814 5897 '

1979 4953 2006 5042 ξ
2047 4955 2250 5042 ἓθίξθῐη
2281 4956 2440 5042 E0"!-
2475 4955 2632 5042 eqitq
2676 4958 2945 5042 pulverem.
2963 4958 3218 5042 accipiens
3243 4957 3306 5010 de
3342 4965 3500 5042 terra.

1984 5026 1999 5100 ἦ
2049 5027 2249 5100 Eadem
2282 5027 2442 5083 Rom.
2475 5029 2634 5094 edit.,
2665 5026 2798 5084 sicut
2829 5031 3038 5096 sapiens
3067 5026 3292 5100 impium,
3323 5026 3503 5100 redar-

1907 5099 2017 5170 guit
2044 5115 2062 5164 ;
2094 5099 2354 5167 Quoniam
2411 5101 2664 5172 ignoravit
2692 5103 2781 5172 qui
2812 5103 2963 5170 ﬁnxit
2989 5117 3062 5166 se,
3086 5098 3247 5168 et‘qui
3275 5098 3508 5172 inspira-

1908 5173 1977 5246 vit
2005 5172 2082 5246 illi
2109 5172 2337 5246 animant
2363 5170 2477 5246 quia
2497 5170 2759 5246 aperatu'r,
2806 5175 2892 5243 qui
2932 5171 3220 5242 insufﬂavit
3265 5170 3508 5240 spiritum

1911 5243 2139 5296 vitalem.
2172 5241 2242 5296 Et
2271 5241 2465 5310 David,
2495 5241 2601 5300 etc.

1981 5314 2030 5438 id
2052 5313 2254 5397 Eadem
2285 5315 2444 5370 Rom.
2474 5316 2636 5386 edit.,
2658 5321 2816 5392 juxta
2843 5313 3130 5369 testimonia
3149 5311 3378 5367 veritatis
3405 5321 3509 5365 tam

1981 5402 1991 5438 l
2031 5397 2188 5438 entia.

1915 5397 2188 5441 εινισειιιια.

1991 5455 2012 5493 lt
2061 5457 2258 5512 Eadem
2290 5456 2450 5515 Rom.
2483 5459 2612 5515 edit.
2638 5502 2652 5524 ,
2706 5457 2770 5512 Et
2817 5454 3069 5526 infundit.
3109 5453 3260 5511 Unde
3304 5454 3512 5527 Moyses

1917 5529 2181 5600 legislator
2230 5530 2444 5584 damnat
2489 5531 2825 5601 percutientes
2855 5528 3123 5601 mulierem
3147 5529 3201 5582 in
3227 5538 3395 5601 ventre
3420 5527 3515 5583 ha-

1919 5598 2139 5665 bentem,
2172 5600 2348 5655 dicens
2380 5619 2393 5655 ε
2430 5598 2499 5657 Si
2535 5611 2703 5654 autem
2729 5603 2897 5672 fuerit
2917 5598 3200 5672 ﬁguratum
3232 5600 3372 5654 dabit
3399 5601 3515 5654 ani-

1918 5687 2058 5742 mam
2089 5688 2183 5742 pro
2203 5673 2400 5738 anima,
2427 5673 2632 5727 oculum
2659 5686 2750 5738 pro
2779 5671 2953 5726 oculo.

2003 5741 2020 5817 ξ
2069 5744 2271 5817 Eadem
2301 5743 2458 5798 Rom.
2479 5743 2880 5817 edit.,operor.
2912 5741 3038 5817 Non
3077 5741 3253 5817 semel
3280 5757 3400 5817 ergo
3437 5741 3519 5817 in_-

1931 5815 2150 5880 spiravit
2174 5815 2226 5868 in
2258 5818 2442 5884 faciem
2470 5812 2690 5868 hominis
2710 5812 3040 5884 spiraculum
3068 5815 3208 5882 ritte,
3239 5814 3329 5868 sed
3356 5813 3527 5881 quati»

1932 5890 2016 5941 die
2057 5887 2296 5956 inspirat.
