3970 6316
402 317 505 376 531

1337 307 1429 364 AD
1469 303 1701 364 OPERA
1742 296 1992 362 SANCl'i
2027 294 2355 365 ASiBROSﬂ
2393 308 2768 368 APPENDIX.
3574 310 3659 373 532

392 445 482 491 est
524 433 709 490 dicere
748 431 894 505 quod
939 436 1065 486 ante
1114 428 1536 499 plasmationem
1579 425 1828 498 corporis
1866 420 2010 481 facta
2041 440 2087 499 Α
2118 440 2232 482 sam
2259 428 2566 496 passionem
2603 429 2839 484 hominis
2864 429 3105 500 suscepti
3142 428 3391 486 traditum
3416 438 3507 497 est,
3531 431 3660 503 pleno

397 529 502 595 sit;
536 542 658 584 cum
706 527 829 598 ipse
856 524 1029 581 Adam
1065 522 1398 595 proclamet,
1433 520 1621 578 dicens
1660 538 1679 578 :
1726 514 1841 575 Hoc
1878 538 2014 576 nunc

398 639 457 678 os
484 638 547 676 ex
577 618 779 676 ossibus
811 618 953 681 meis,
977 627 1024 672 et
1054 632 1180 671 caro
1207 618 1271 671 de
1304 630 1457 670 carne
1482 631 1595 669 mea
1626 609 1784 685 (Gen.
1810 628 1868 677 tt,
1893 612 2009 686 25).

399 708 568 768 Aliud
605 718 734 783 ergo
761 717 847 767 est
878 712 1038 776 Deus,
1070 706 1217 765 aliud
1257 708 1438 764 anima
1481 705 1753 771 hominis;
1785 707 1908 778 quia
1946 702 2016 763 ab

319 836 325 843 ~
401 822 490 875 eo,
523 822 629 861 non
660 804 727 861 de
757 819 823 860 eo
868 801 1008 861 facta
1036 814 1139 861 est.
1174 803 1317 859 Deus
1352 800 1499 857 enim
1535 801 1561 830 ⁸
1592 800 1881 856 invisibilis
1908 807 2013 869 est,

404 898 861 970 incorruptibilis,
898 895 1356 969 impenetrabilis,
1389 893 1888 968 incoioquinahilis,
1923 893 2016 964 qui

400 994 547 1050 nulla
576 1008 642 1051 ex
672 1004 826 1066 parte
853 993 1133 1063 corrumpi
1163 1001 1367 1064 potest,
1398 1000 1447 1047 et
1473 991 1558 1047 cui
1594 991 1740 1045 nulla
1766 1007 1830 1045 cx
1864 1003 2017 1059 parte

407 1089 595 1146 noceri
626 1096 807 1161 potest
835 1107 848 1142 :
880 1088 1060 1143 anima
1088 1096 1270 1143 autem
1304 1085 1560 1152 hominis,
1591 1102 1711 1156 quae
1738 1085 1880 1141 Dens
1909 1101 2016 1140 non

402 1192 510 1249 est,
556 1185 764 1255 peccati
797 1196 970 1253 capas
1003 1191 1108 1247 est,
1134 1187 1190 1236 et
1218 1182 1271 1236 in
1302 1195 1547 1236 aerumna
1578 1189 1849 1247 versatur,
1878 1187 1929 1233 et
1964 1178 2017 1232 in

406 1277 701 1334 falsitatem
743 1274 988 1344 ducitur,
1033 1284 1295 1343 tentatur,
1337 1283 1596 1340 ca-catur,
1637 1273 2017 1340 conturbatur,

405 1369 435 1411 b
477 1370 868 1441 corrumpitur,
911 1371 1249 1442 captivatur;
1299 1378 1354 1426 et
1401 1368 1524 1425 ideo
1569 1370 1767 1424 virtute
1817 1367 2021 1440 indiget

408 1465 744 1522 liberatoris.
777 1466 905 1523 llaec
931 1481 1064 1537 ergo
1111 1466 1341 1520 mutatio
1364 1462 1579 1531 animm,
1637 1462 1753 1520 huc
1780 1464 2019 1520 varietas

409 1562 653 1619 ostendit
691 1562 827 1619 mihi
877 1562 1188 1629 manifeste,
1237 1561 1379 1633 quod
1436 1561 1618 1616 anima
1651 1560 1889 1616 hominis
1917 1574 2021 1616 nec

410 1654 581 1723 Deus,
615 1670 716 1711 nec
743 1653 809 1711 de
854 1655 972 1725 ejus
1004 1654 1308 1710 substantia
1338 1654 1446 1719 sit;
1479 1669 1601 1709 nam
1630 1655 1672 1707 si
1705 1653 1887 1708 anima
1920 1653 2021 1709 h0-

412 1749 578 1806 minis
609 1748 909 1806 substantia
942 1748 1043 1805 Dei
1069 1757 1177 1817 est,
1206 1748 1507 1804 secundum
1536 1746 1655 1803 illos
1687 1747 1777 1817 qui
1812 1746 1913 1802 hoc
1938 1744 2021 1802 di-

2115 535 2367 577 sermone
2386 529 2619 577 testatur
2645 523 2832 578 dicens
2860 541 2871 577 :
2901 521 3033 579 Cum
3063 524 3197 579 enim
3222 522 3660 580 ueneritFitiusbo-

2116 613 2269 668 minis
2293 632 2409 669 cum
2436 615 2650 690 Angelis
2672 618 2867 672 sanctis
2899 618 2952 672 in
2983 617 3249 691 majestate
3271 617 3439 673 Patris
3458 620 3547 686 sui,
3570 625 3665 675 hinc

2116 706 2296 763 reddet
2348 710 2625 781 unicuique
2676 710 2961 766 secundum
2999 728 3159 782 opera
3198 714 3309 786 ejus
3330 710 3530 785 (Matth.
3557 728 3667 783 xxv,

2117 802 2229 877 5i).
2265 800 2389 860 Haec
2419 806 2599 861 omnia
2652 823 2781 878 ergo
2838 805 3020 863 futura
3044 818 3212 875 sunt;
3257 806 3377 875 quia
3406 806 3535 879 quod
3560 807 3671 864 tntu-

2120 916 2240 955 rum
2271 908 2374 963 est,
2408 916 2503 972 per
2533 901 2829 973 prephetas
2862 902 3128 958 Dominus
3153 912 3236 958 est
3269 902 3492 969 locutus,
3510 900 3588 973 qui
3608 901 3674 958 di-

2121 995 2194 1049 cit
2225 1012 2241 1050 :
2276 994 2389 1067 Ego
2441 997 2661 1051 visiones
2709 995 3073 1070 multiplicari,
3111 1007 3156 1052 et
3186 999 3239 1053 in
3268 1015 3417 1053 manu
3447 998 3673 1070 propheta-

2121 1106 2236 1143 rum
2267 1090 2586 1145 assimilatas
2613 1108 2729 1145 sum
2771 1090 2929 1163 (Osee
2961 1109 3058 1157 stt,
3093 1092 3206 1165 10).

2158 1182 2386 1240 CAPUT
2413 1184 2587 1241 XIX.-
2610 1185 2690 1244 Ad
2710 1187 2855 1258 quod
2876 1184 3314 1243 incarnationish
3336 1196 3583 1242 secretum
3605 1200 3678 1243 su-

2124 1294 2220 1349 pra
2248 1280 2484 1350 scriptus
2510 1280 2776 1352 propheta
2802 1280 3032 1338 miratur
3057 1298 3120 1338 ac
3143 1282 3275 1338 dicit
3299 1302 3313 1339 :
3340 1280 3384 1337 0
3403 1291 3561 1338 custos
3581 1281 3683 1353 quid

2125 1372 2189 1428 de
2218 1375 2408 1427 nocte?
2437 1375 2562 1446 quid
2595 1375 2659 1430 (te
2680 1388 2829 1431 nocte
2856 1379 3066 1433 custos?
3094 1378 3361 1435 Secretum
3387 1395 3543 1433 meum
3561 1378 3683 1447 mihi,

2124 1480 2373 1525 secretum
2419 1486 2588 1525 meum
2632 1472 2785 1527 mihi.
2823 1472 2836 1510 ί
2883 1472 2970 1529 Va:
2998 1474 3149 1528 mihi.
3185 1472 3341 1537 Cant,
3397 1474 3559 1544 inquit
3582 1490 3690 1545 pro-

2126 1562 2311 1634 pheta,
2336 1564 2448 1619 Iure
2474 1565 2738 1621 audissem
2760 1564 2933 1635 (Esai.
2961 1583 3084 1634 χιι,
3110 1567 3200 1633 ll;
3223 1566 3371 1623 Esai.
3415 1583 3554 1632 xstv,
3594 1568 3687 1639 16);

2123 1655 2265 1727 quod
2281 1655 2530 1713 videlicet
2554 1656 2697 1713 Dens
2716 1658 3014 1729 majestatis
3034 1674 3257 1715 carnem
3277 1670 3422 1716 esset
3440 1659 3695 1716 induturns

2122 1758 2177 1805 et
2210 1749 2524 1806 vaticinium
2555 1752 2606 1806 in
2637 1767 2761 1806 eum
2792 1751 3123 1822 explendum
3151 1767 3278 1808 esse
3308 1754 3692 1823 prospicerem:

410 1851 561 1910 cunt,
589 1842 946 1899 contristatur
977 1843 1279 1899 substantia
1306 1842 1425 1908 Dei,
1458 1841 1728 1914 pecipitur
1758 1841 2013 1895 substan-
2050 1843 2095 1904 B
2124 1842 2336 1899 locutus
2362 1858 2481 1899 sum
2513 1842 2641 1899 mihi
2668 1846 2882 1900 interno
2937 1843 3122 1900 cordis
3168 1843 3401 1905 allecto;
3456 1843 3567 1915 quia
3604 1860 3700 1900 non

413 1937 485 1991 tia
520 1935 635 2003 Dei,
669 1946 906 1992 ezccatnr
934 1936 1238 1992 substantia
1263 1935 1381 2005 Dei,
1417 1946 1439 1974 ε
1468 1935 1842 2006 corrumpitur
1892 1934 2023 1991 θυι)-

415 2028 612 2086 stantia
647 2028 762 2097 Dei,
790 2030 1099 2101 captivatur
1129 2029 1434 2085 substantia
1468 2027 1597 2096 Dei;
1645 2038 1701 2083 et
1742 2026 1904 2083 modo
1930 2028 2022 2098 jus

416 2122 652 2187 dicatur,
676 2131 732 2179 et
772 2125 825 2179 in
858 2124 945 2179 die
969 2122 1163 2195 judicii
1192 2138 1358 2179 carne
1380 2133 1637 2192 suscepta
1662 2136 1785 2176 cum
1801 2120 2022 2176 diabolo

416 2221 471 2274 in
505 2229 713 2274 :eterno
738 2219 860 2290 igne
875 2213 901 2256 δ
917 2218 1267 2275 damnabitur
1292 2235 1304 2270 :
1329 2215 1475 2288 quod
1503 2232 1663 2287 quam
1680 2216 1752 2271 sit
1769 2215 2016 2285 impium,

417 2314 514 2386 qui
559 2330 751 2371 sanum
803 2314 966 2386 sapit,
1022 2313 1297 2384 intelligit.
1351 2309 1562 2367 Clamat
1610 2310 1729 2381 ipse
1760 2308 2021 2366 Dominus

417 2406 698 2480 apostolos
727 2422 856 2464 suos
886 2406 1224 2473 confortans,
1276 2419 1341 2461 ac
1389 2403 1563 2460 dicit:
1610 2402 1793 2459 Nolite
1849 2403 2024 2457 timere

417 2517 524 2567 eos,
571 2503 657 2571 qui
704 2500 943 2555 occidunt
974 2516 1185 2568 corpus,
1214 2499 1443 2553 anintam
1472 2505 1643 2553 autem
1677 2500 1779 2551 nan
1811 2503 2027 2566 possunt

416 2593 684 2659 occidere;
716 2593 806 2648 sed
836 2611 952 2647 eum
982 2594 1173 2657 timete,
1202 2591 1291 2663 qui
1316 2601 1479 2660 potest
1501 2600 1549 2646 et
1575 2592 1805 2645 animam
1832 2599 1879 2645 et
1908 2605 2022 2643 ror-

417 2704 514 2758 pus
537 2684 750 2760 perdere
774 2687 828 2740 in
856 2685 1145 2759 gehennam
1177 2682 1391 2756 (llatth.
1411 2701 1468 2748 ιι,
1492 2684 1608 2757 28).
1634 2680 1908 2756 Numquid
1938 2696 2026 2738 se-

417 2779 808 2837 cundumistos
836 2796 1089 2843 vesanos,
1118 2788 1177 2834 ttt
1203 2778 1314 2851 jam
1346 2779 1551 2835 dictum
1585 2788 1691 2846 est,
1720 2777 2024 2849 portionem

420 2884 511 2929 aut
545 2886 792 2931 naturam
826 2890 978 2931 suam
1006 2873 1152 2931 Deus
1177 2872 1485 2945 judicabit?
1515 2873 1689 2929 Absit.
1723 2872 1791 2929 Et
1819 2873 1943 2929 ideo
1971 2872 2025 2929 in

422 2968 560 3038 ipsis
613 2968 961 3040 corporibus,
1002 2965 1193 3040 quibus
1217 2969 1326 3023 nati
1358 2984 1568 3035 sumus,
1603 2978 1625 3003 θ
1655 2975 1708 3023 ct
1737 2983 1803 3022 ex
1833 2966 2028 3039 quibus

421 3060 618 3116 animm
652 3071 855 3118 uestra:
884 3078 1120 3131 egressa:
1152 3063 1348 3116 mortui
1377 3077 1586 3128 sumus,
1620 3061 1673 3117 in
1724 3063 1856 3133 ipsis
1906 3069 2030 3131 post

423 3156 883 3212 resurrectionem
941 3156 1137 3211 animae
1190 3169 1422 3221 nosme,
1476 3154 1589 3210 Deo
1638 3152 1897 3225 jnbentc,
1950 3155 2030 3209 in-

2124 1950 2345 2005 possum
2375 1946 2569 1992 cuncta
2603 1952 2851 2001 narrare.
2907 1954 3026 2009 qua:
3080 1952 3250 1992 cerno
3286 1955 3301 1990 :
3334 1936 3501 1993 haeret
3546 1937 3703 2008 lingua

2124 2028 2369 2085 faucibus
2395 2029 2551 2096 meis,
2609 2046 2709 2085 vos
2741 2029 2932 2086 dolore
2986 2044 3050 2085 ac
3094 2045 3298 2101 pavore
3350 2029 3701 2096 concluditur;

2125 2120 2269 2192 quod
2303 2129 2451 2177 tanta
2500 2124 2761 2196 mysteria
2802 2133 2931 2180 ante
2984 2125 3173 2180 oculos
3227 2133 3512 2180 versantur
3551 2139 3704 2180 meos.

2127 2214 2299 2271 Video
2354 2218 2499 2271 enim
2553 2217 2863 2286 prmsentia,
2922 2234 3042 2288 qua:
3066 2217 3252 2272 futura
3283 2225 3415 2273 sunt
3446 2234 3458 2271 :
3489 2217 3710 2288 intelligo

2123 2309 2269 2378 quod
2297 2318 2478 2365 custos
2502 2312 2873 2366 Samaritanus
2906 2309 2920 2360 i
2962 2310 3051 2365 ille
3102 2320 3186 2366 est
3215 2311 3357 2381 ejus,
3390 2312 3478 2382 qui
3509 2310 3568 2365 de
3594 2309 3712 2366 ttio-

2125 2401 2361 2458 rusalem
2384 2402 2727 2458 descendens
2754 2404 2807 2457 in
2841 2400 3124 2469 Hiericho,
3153 2401 3350 2457 incidit
3377 2401 3428 2457 in
3476 2402 3711 2458 latrones.

2127 2490 2278 2568 (Luc.
2314 2512 2372 2559 ι,
2398 2495 2517 2566 55).
2550 2495 2656 2552 Iste
2678 2505 2762 2552 est
2791 2506 2993 2563 custos,
3037 2492 3200 2570 335
3255 2497 3344 2551 eui
3400 2496 3575 2553 beatus
3614 2497 3713 2553 Job

2128 2590 2263 2646 dixit
2296 2588 2439 2666 (Job.
2472 2608 2568 2659 vtt,
2599 2591 2692 2665 9.0)
2725 2612 2738 2647 :
2770 2593 2814 2647 0
2845 2606 3018 2650 custos
3047 2594 3342 2661 hominum,
3365 2609 3519 2666 quare
3554 2592 3720 2667 posui-

2129 2686 2194 2741 sti
2235 2703 2318 2740 me
2348 2685 2373 2724 ll
2406 2688 2729 2742 contrarium
2777 2688 2893 2753 tibi,
2943 2699 2990 2743 et
3022 2693 3194 2761 [actus
3246 2707 3361 2744 sum
3406 2687 3719 2759 mihimetipsi

2130 2783 2301 2852 gravis
2330 2780 2481 2835 ?Cur
2512 2799 2611 2835 non
2642 2781 2782 2836 tollis
2831 2793 3098 2852 peccatum
3146 2800 3339 2849 meum,
3371 2796 3418 2839 et
3443 2800 3590 2854 quare
3614 2798 3721 2837 non

2131 2872 2307 2942 aufers
2335 2873 2659 2944 iniquitatem
2686 2875 2896 2929 meum?
2948 2874 3057 2932 Iste
3112 2885 3194 2930 cst
3222 2888 3409 2933 t'llSlOS
3436 2877 3522 2947 qui
3548 2876 3672 2931 dicit
3702 2891 3719 2931 :

2135 2965 2151 3004 1
2188 2967 2360 3037 Super
2389 2968 2677 3022 custodiam
2703 2985 2870 3023 meam
2899 2985 2987 3040 ego
3015 2987 3127 3023 sum
3142 2972 3367 3044 jugiter,
3402 2981 3468 3025 tot
3490 2970 3651 3025 dirbtts
3670 2980 3723 3024 rt

2133 3058 2367 3115 noctibus
2395 3069 2537 3115 stans
2565 3058 2738 3132 (Esai.
2770 3078 2881 3127 χχι,
2913 3062 2967 3134 8)
3000 3079 3014 3126 ;
3049 3072 3101 3117 ct
3132 3062 3200 3117 de
3230 3080 3339 3133 quo
3357 3055 3612 3135 Drapheta
3638 3062 3726 3118 di-

2133 3157 2209 3211 cit
2241 3176 2253 3210 :
2283 3152 2419 3212 Ecce
2447 3174 2550 3212 non
2574 3157 2891 3224 dormitabit,
2933 3175 3096 3230 neque
3126 3157 3429 3222 obdormiet,
3452 3157 3533 3228 qui
3558 3167 3725 3212 casto-

424 3257 672 3316 troeunt;
705 3259 758 3305 et
788 3250 1164 3322 resurgunt,si
1196 3250 1331 3304 bona
1361 3249 1631 3319 fecerunt,
1662 3248 1716 3303 in
1749 3262 2028 3304 resurrcc-
2060 3234 2105 3297 C
2137 3253 2211 3305 dit
2262 3249 2431 3307 Israel
2458 3251 2634 3323 (Psal.
2666 3268 2790 3318 cxx,
2854 3252 2930 3328 4).
2964 3253 3195 3323 Propter
3241 3252 3361 3308 lucc
3402 3268 3527 3324 ergo
3570 3266 3729 3307 voca-

429 3349 632 3403 tionem
682 3349 804 3404 vita:
862 3344 928 3403 ad
983 3346 1211 3418 gloriam
1241 3346 1391 3417 regni
1422 3346 1686 3403 caelorum
1721 3344 2029 3416 percipien-

426 3444 551 3498 dam
587 3462 598 3496 :
632 3444 679 3497 si
712 3450 890 3497 autem
926 3442 1065 3497 mala
1094 3452 1350 3510 egerunt,
1374 3440 1425 3495 in
1457 3436 1915 3495 resurrectionem
1948 3441 2036 3508 ju-

425 3536 553 3593 dicii
583 3547 636 3592 et
681 3534 1036 3607 opprobsitun
1083 3543 1139 3591 et
1189 3533 1566 3590 confusionem
1616 3534 2029 3602 sempiternam.

334 3658 338 3662 -
429 3630 582 3699 Quod
608 3631 679 3686 ita
735 3629 975 3685 futurum
1023 3629 1341 3698 comprobat
1383 3629 1575 3684 beatus
1635 3627 1928 3697 Apostolus
1954 3625 2037 3680 di-

429 3740 604 3781 cens:
643 3720 834 3780 Omnes
884 3741 976 3778 nos
1029 3723 1352 3793 manifestari
1400 3731 1597 3795 oportet
1648 3731 1767 3775 ante
1809 3719 2039 3775 tribunal

431 3818 645 3884 Christi,
672 3829 727 3874 ut
757 3820 970 3888 recipiat
1015 3818 1363 3888 unusquisque
1385 3816 1598 3888 propria
1651 3814 1887 3884 corporis
1932 3815 2035 3881 sui,

432 3923 584 3982 prout
641 3915 818 3985 gessit,
870 3912 974 3966 sive
1003 3911 1215 3978 bonum,
1239 3911 1343 3964 sive
1365 3910 1559 3964 malum
1590 3906 1658 3981 (ll
1687 3907 1807 3962 Cor.
1832 3924 1885 3975 ν,
1926 3906 2032 3980 l0).

426 4004 582 4061 Tunc
630 4005 772 4060 enim
821 4003 1115 4059 secundum
1181 4004 1493 4059 vaticinium
1549 4003 1720 4058 Esaia:
1752 4001 2040 4073 prepheta:

436 4098 611 4173 (Esai.
636 4115 785 4167 ntv,
821 4098 1098 4170 2),“nulla
1124 4102 1230 4152 erit
1259 4097 1547 4153 diversitas
1605 4096 1748 4152 inter
1796 4095 2038 4151 nobilem

435 4205 487 4250 et
524 4193 843 4265 ignobilem,
872 4189 892 4230 ί
927 4191 1268 4248 sacerdotem
1301 4203 1354 4247 et
1377 4192 1594 4257 laicum,
1617 4205 1835 4246 servum
1864 4202 1917 4246 et
1943 4190 2042 4247 do-

440 4288 673 4353 minum,
699 4285 949 4342 ancillam
982 4296 1036 4341 et
1064 4286 1335 4340 dominam
1370 4284 1509 4355 ejus,
1538 4280 1760 4339 divitem
1810 4292 1865 4339 et
1912 4300 2043 4355 pau-

431 4395 651 4451 perem,
688 4388 713 4425 κ
745 4377 1110 4434 feneratorem
1135 4386 1190 4434 et
1209 4391 1333 4432 eum
1361 4376 1451 4447 qui
1476 4392 1585 4432 tere
1616 4376 1881 4447 premitur
1907 4376 2042 4432 alie-

436 4486 531 4539 no,
582 4473 727 4526 inter
781 4478 1055 4526 ementem
1102 4470 1158 4525 et
1198 4469 1522 4524 vendentem
1579 4466 1691 4542 (Ita
1748 4464 2043 4524 Hieron.in

438 4548 612 4620 eumd.
648 4563 750 4617 loc.
790 4560 983 4635 Erat).
1009 4561 1212 4618 Omnes
1236 4576 1367 4634 ergo
1394 4577 1459 4617 ex
1491 4578 1648 4633 aequo
1679 4562 2043 4619 Stabuntante

2138 3345 2284 3413 bula,
2317 3345 2617 3418 prophetm,
2648 3356 2703 3402 et
2728 3347 2851 3416 quia
2885 3355 3295 3401 commutantur
3316 3346 3511 3418 saepius
3535 3360 3729 3416 perso-

2139 3454 2222 3493 nre
2255 3440 2308 3493 in
2339 3438 2423 3494 eis
2449 3440 2697 3510 plurima:
2726 3453 2790 3494 ac
2835 3438 3130 3509 parabolae,
3159 3438 3381 3495 obscuri
3428 3444 3569 3493 sunt.
3623 3436 3735 3494 Sed

2139 3546 2280 3586 nunc
2297 3529 2407 3602 jam
2438 3531 2503 3585 ad
2537 3533 2781 3589 ordinem
2809 3541 3169 3587 revertamur.

2210 3625 2441 3683 CAPUT
2482 3625 2599 3682 XX.
2632 3658 2700 3667 —
2723 3627 2911 3684 Solent
2937 3628 3101 3699 igitur
3126 3627 3282 3684 nobis
3335 3625 3595 3693 hmretici,
3642 3625 3739 3696 qui

2139 3719 2324 3775 carnis
2370 3729 2571 3789 negant
2617 3720 3101 3786 resurreCIionem,
3136 3718 3263 3774 illud
3318 3718 3461 3774 beati
3493 3718 3739 3789 Apostoli

2141 3813 2514 3870 testimonium
2566 3829 2863 3887 opponere,
2922 3830 3029 3885 qtto
3069 3811 3409 3871 dicit:Caro
3456 3823 3503 3867 et
3527 3812 3743 3885 sanguis

2141 3924 2353 3982 regnum
2379 3907 2471 3964 Dei
2501 3926 2603 3965 non
2634 3908 3032 3981 possidebunt“
3062 3908 3179 3965 Cor.
3213 3924 3301 3975 xv,
3357 3907 3483 3980 50);
3509 3907 3741 3964 reticen-

2144 4008 2230 4056 tes
2251 4000 2380 4055 iltud
2410 3999 2632 4068 callide,
2654 4001 2799 4073 quod
2823 4002 3093 4073 sequitur.
3126 4000 3263 4057 Cum
3294 4002 3439 4056 enim
3466 4000 3695 4056 dixisset
3724 4018 3742 4056 :

2143 4090 2280 4149 Caro
2304 4104 2351 4147 et
2372 4095 2584 4168 sanguis
2610 4111 2823 4166 regnum
2853 4094 2953 4148 Dei
2981 4111 3083 4149 non
3111 4093 3464 4166 possidebunt,
3494 4094 3746 4161 sequitur

2144 4200 2207 4241 ac
2234 4184 2365 4241 dicit
2392 4203 2411 4240 :
2439 4185 2551 4241 Nec
2575 4188 2839 4255 corruptio
2868 4186 3278 4257 incorruptetam
3298 4186 3577 4254 possidebit
3610 4172 3747 4257 (ibi-

2146 4276 2305 4352 dem).
2347 4278 2471 4334 llaec
2498 4295 2631 4352 ergo
2654 4279 2796 4335 dicta
2825 4290 2973 4345 sunt,
3006 4296 3112 4335 non
3142 4296 3250 4351 quo
3279 4279 3553 4349 dispereat
3586 4291 3748 4335 natu-

2147 4389 2203 4429 ra
2239 4388 2530 4444 corporum
2578 4383 2891 4429 sanctorum
2924 4384 3261 4441 nostrorum,
3297 4368 3393 4429 sed
3418 4389 3522 4444 quo
3549 4388 3745 4429 corru-

2147 4468 2354 4539 ptivum
2385 4466 2485 4522 hoc
2507 4465 2697 4523 induat
2724 4468 3377 4539 incorruptionem,sicut
3422 4468 3564 4523 idem
3596 4482 3749 4523 rom-

2150 4563 2345 4633 probat
2380 4561 2675 4631 Apostolus
2712 4563 2899 4617 dicens
2936 4582 2949 4616 :
2984 4562 3077 4619 Sic
3106 4572 3153 4617 et
3179 4562 3488 4617 resurrectio
3516 4571 3751 4616 mortuo-

438 4658 675 4715 trihunal
706 4654 931 4724 Christi,
967 4673 1067 4713 nec
1090 4658 1197 4714 erit
1225 4672 1587 4728 personarum
1627 4656 1876 4728 acceptio
1899 4656 2039 4728 apud
2068 4640 2123 4703 D
2150 4657 2592 4725 rum;seminatur
2612 4656 2667 4710 in
2695 4656 3046 4724 corruptione,
3076 4657 3314 4728 surgetin
3338 4655 3751 4724 incorruptione:

437 4750 632 4807 Deum.
663 4747 818 4818 Quod
832 4756 887 4804 et
907 4757 1127 4804 sanctos
1155 4748 1257 4805 Job
1287 4748 1479 4805 iisdem
1502 4750 1899 4822 propemodum
1919 4766 2041 4807 vcr-

437 4843 523 4900 his
554 4842 839 4898 annuntiat
888 4840 1075 4897 dicens
1110 4859 1122 4894 :
1162 4840 1362 4897 Parvus
1388 4852 1436 4897 et
1463 4860 1680 4914 magnus
1705 4842 1777 4897 ibi
1802 4855 1941 4910 sunt,
1995 4855 2044 4900 et

438 4952 618 4994 servus
655 4946 729 4992 est
769 4932 900 4991 liber
927 4938 958 4989 ὰ
984 4932 1212 4989 Domino
1232 4950 1324 4990 suo
1345 4930 1468 5006 (Job
1495 4950 1574 5005 tu,
1607 4934 1718 5008 l9).
1751 4932 1819 4991 Et
1850 4938 2043 4994 Salva-

439 5038 524 5087 tor
554 5026 607 5087 in
638 5027 961 5103 Evangelio,
989 5026 1078 5085 cui
1101 5043 1266 5085 omne
1288 5027 1549 5099 judicium
1583 5040 1805 5102 pr0pter
1832 5031 2042 5103 glorio-

446 5221 459 5233 .
512 5158 539 5188 ει
562 5148 766 5235 Eadem
798 5149 956 5235 lto-tn.
991 5143 1521 5235 edisnintpeccabilis
1544 5156 1616 5202 est
1640 5156 1685 5202 et
1715 5146 2039 5220 iufattibitt‘s,

440 5221 779 5286 impassibiiis
799 5230 848 5276 et
878 5219 1358 5288 incoinquinabilis.
1776 5219 1781 5220 ⁷

505 5290 533 5332 δ
572 5290 761 5349 Eidem
802 5293 957 5349 Rom.
1010 5290 1169 5358 edit.,
1212 5288 1389 5355 deest,
1414 5291 1784 5357 corrumpitur.

514 5375 536 5433 9
581 5364 782 5420 Eadem
813 5365 973 5433 Rom.
996 5364 1152 5431 etlit.,
1178 5362 1376 5433 patitur
1397 5362 1690 5417 substantia
1737 5361 1853 5417 Dei.

507 5430 535 5471 ιι
578 5426 956 5507 Eademﬂom.
988 5426 1149 5507 cdit.,
1178 5426 1373 5507 'po_terit
1412 5433 1675 5507 damnari.

512 5515 538 5542 θ
582 5504 780 5561 Eadem
817 5509 971 5563 ltum.
1009 5504 1198 5574 cdlt.,'
1228 5504 1298 5559 Et
1347 5504 1532 5576 quibus
1574 5505 1763 5559 unione
1820 5514 2033 5573 nostris,

440 5573 551 5651 Deo
564 5573 1431 5651 jubentedntrant,Aresurgent,'_si
1457 5575 1610 5642 bana,
1638 5586 1743 5631 etc.

515 5648 534 5686 ί
564 5644 780 5721 Eadem
811 5648 971 5721 R_om.
1001 5644 1159 5718 edit,
1207 5644 1522 5703 sacerdotem
1550 5658 1596 5702 et
1625 5647 1890 5721 papulum.

484 5729 543 5846 ἴε
587 5716 786 5774 Eadem
842 5717 1004 5774 Rom.
1037 5716 1192 5788 edit},
1247 5721 1566 5791 fenei-antem
1608 5716 1655 5775 et
1692 5716 1846 5791 Tenus
1903 5722 2043 5777 acci-

504 5801 689 5846 cutem.

447 5801 689 5859 pientem.

509 5862 533 5905 ιι
576 5861 776 5919 Eadem
808 5860 965 5923 Rom.
998 5862 1153 5932 edit.,
1212 5872 1587 5923 sacramentum
1616 5880 1670 5921 se
1693 5878 1904 5940 vergens
1952 5865 2033 5923 al;-

104 5978 507 6135 μνη.

2148 4752 2428 4807 seminatur
2457 4752 2511 4805 in
2537 4750 2878 4822 ignobilitate,
2910 4760 3084 4823 surget
3124 4751 3176 4804 in
3223 4750 3392 4823 gloria
3418 4766 3436 4804 :
3461 4750 3751 4804 seminatur

2149 4846 2201 4899 in
2229 4845 2550 4915 inﬁrmitate,
2579 4853 2751 4916 surget
2778 4843 2832 4898 in
2861 4845 3044 4897 virtute
3072 4859 3091 4897 :
3118 4844 3402 4897 seminatur
3426 4858 3616 4913 corpus
3632 4843 3755 4895 ani-

2149 4936 2325 5003 mate;
2380 4945 2552 5010 surget
2592 4952 2777 5009 corpus
2833 4935 3104 5005 spirituale
3136 4928 3385 5009 (Ibidem,
3410 4933 3480 4990 42
3512 4942 3557 4989 et
3583 4932 3751 5004 seq.).

2151 5029 2243 5085 lsti
2271 5040 2392 5085 sunt
2422 5029 2567 5085 enim
2596 5037 2828 5100 quatuor
2848 5028 3069 5085 ordines
3100 5029 3543 5094 resurrectionis,
3566 5026 3663 5098 qui
3692 5027 3753 5084 in

2144 5156 2219 5202 ter
2248 5145 2518 5202 uronheta.

2221 5167 2699 5294 ip,E°£_i_:tlr(il.Rom._
2721 5218 2874 5294 edit,
2906 5223 3053 5291 quasi
3076 5220 3266 5277 diceret
3292 5235 3310 5276 :
3342 5232 3457 5275 eum
3485 5220 3749 5294 propheta

2142 5292 2251 5347 liceo
2277 5290 2535 5352 audirem.
2560 5290 2699 5360 quod
2730 5290 2981 5359 uidelicet,
3018 5300 3123 5349 etc.

2216 5361 2231 5414 ἱ
2280 5362 2482 5418 Eadem
2512 5361 2671 5418 Rom.
2705 5365 2861 5428 edit.,
2893 5362 2981 5421 ille
3007 5376 3102 5434 est,
3128 5364 3215 5435 qui
3234 5363 3458 5419 hominis
3485 5360 3629 5419 illius
3655 5383 3748 5420 cu-

2138 5451 2251 5506 ram
2283 5437 2401 5504 egit,
2426 5436 2531 5506 qui,
2564 5445 2671 5491 etc.

2212 5505 2238 5544 ιι
2274 5507 2430 5561 item.
2457 5506 2612 5567 etlit.,
2646 5509 2966 5562 contrarium
3005 5509 3190 5565 tuum?
3236 5527 3350 5565 sum
3392 5515 3564 5563 autem
3616 5510 3674 5563 in
3704 5518 3757 5571 te

2143 5577 2304 5633 onus?
2336 5576 2511 5633 Etear
2548 5595 2650 5633 non
2684 5580 2849 5646 fecisti
2870 5580 3156 5651 iniquitatis
3186 5597 3310 5638 mete
3339 5580 3673 5647 oblivionem,
3699 5590 3756 5636 et

2143 5650 2557 5689 nrwiﬁrnlinnam
2590 5651 2783 5689 osori-nti
2810 5654 2908 5689 mni
2933 5653 2957 5689 9

2141 5650 2559 5722 puriﬁcationem
2590 5651 2783 5722 peccati
2810 5654 2908 5705 mei
2932 5650 2963 5705 ἶ)

2220 5714 2238 5759 1
2274 5716 2477 5799 Eadem
2508 5718 2666 5776 Rom.
2699 5721 2860 5790 etlit.,
2889 5726 3007 5781 steti
3036 5740 3128 5797 per
3152 5734 3319 5782 totum
3336 5723 3494 5792 diem,
3520 5728 3566 5779 et
3587 5739 3753 5799 super

2139 5803 2311 5849 castra
2339 5796 2455 5850 steti
2475 5803 2581 5850 tota
2602 5805 2771 5853 nocte.
