3970 6316
151 367 254 427 533
1304 349 1391 407 DE
1429 342 1761 406 TRINI‘I’AT

1874 337 2292 402 FRACTATUS.
3347 341 3453 401 554

152 484 295 553 virga
319 478 407 534 illa
441 473 776 537 sacerdotali,
807 485 927 542 qum
949 471 1000 524 in
1031 467 1382 524 tabernaculo
1401 464 1738 521 Domlnlilo-
1769 466 1812 523 Λ
1842 471 2116 529 cottspcctn
2142 463 2392 534 Dotttini(
2431 463 2572 518 Esai.
2617 475 2760 529 thtt,
2789 459 2880 532 εἴη
2921 462 2940 518 I
2975 463 3109 518 Tim.
3149 475 3210 529 ll,
3250 463 3330 535 8)
3359 505 3372 528 ,
3401 455 3454 517 itl

150 578 274 640 ruit,
326 572 808 643 prteilgurabantur
842 564 1034 637 (Nam.
1085 573 1215 624 xvu.
1269 562 1336 627 8;
1374 559 1538 614 Leuit.
1577 567 1732 620 xm,
1842 565 1945 622 est,
1971 563 2062 610 aut
2089 553 2142 609 in
2179 555 2520 611 Hierusalem
2549 556 2783 621 etalesti,
2813 565 2903 610 aut
2934 557 2985 609 in
3012 557 3162 612 omni
3187 557 3330 621 loco,
3362 555 3458 611 ubi

152 670 258 740 l9).
292 667 384 723 Sic
405 679 532 736 ergo
572 661 946 732 accipiendum
979 667 1065 714 est
1101 655 1273 713 :Caro
1329 664 1375 709 et
1424 653 1636 723 sanguis
1656 665 1740 704 re—
1842 651 2132 717 corruerit,
2158 651 2474 720 autsepulta
2497 651 2998 718 fuerit,secundum
3019 652 3153 707 illud
3174 651 3455 721 Apostoii:

148 775 299 833 gnum
345 756 442 812 Dei
490 767 594 810 non
651 753 1016 827 possidebunt,
1067 748 1341 822 quomodo
1384 748 1538 811 Illud,
1596 743 1738 815 quod
1853 745 1982 801 Volo
2004 748 2137 800 t-lros
2159 761 2308 800 orare
2339 747 2391 798 lu
2424 745 2565 799 omni
2587 745 2721 811 loco,
2749 745 3458 812 lerantesmanusmundas;

148 851 506 911 comminatur
533 851 675 906 Deus
722 847 922 919 popqu
950 844 1252 917 peccaturi,
1283 843 1471 898 dicens
1503 839 1742 894 :Ponnm
1846 839 1889 894 sl
1907 840 2052 894 enim
2077 838 2293 908 sol,qul
2313 849 2564 892 creatura
2581 845 2686 901 est,
2708 840 2796 893 cui
2825 835 3204 909 ρτίυιιίρίιιιιηιιι
3224 839 3456 906 oriatur,

148 948 348 1011 etclam,
382 943 518 1017 quod
561 953 717 1015 super
747 957 833 996 ros
856 949 952 1005 est,
975 953 1212 1002 aeneum;
1240 945 1290 992 et
1323 945 1534 999 terram,
1585 945 1743 1003 quam
1844 932 1899 987 in
1929 933 2072 987 omni
2115 931 2249 986 orbe
2287 939 2552 986 terrarutn
2589 929 2822 996 videtur,
2878 946 2941 986 ac
2983 932 3168 987 radios
3201 943 3331 988 suos
3359 943 3456 988 ex‘

148 1041 374 1106 calcatis,
423 1039 644 1109 ferream
675 1051 693 1090 :
727 1048 832 1090 non
887 1033 1033 1105 quod
1094 1031 1492 1085 elementorum
1551 1033 1742 1080 natura

149 1133 402 1198 mutetur,
437 1129 529 1186 sed
560 1128 701 1200 quod
745 1143 842 1198 por
867 1141 943 1182 a's
985 1135 1035 1180 et
1071 1122 1277 1180 ferrum
1309 1129 1592 1192 pretiorum
1625 1127 1742 1173 ma-

147 1226 367 1297 gnitudo
400 1230 756 1277 monstretur.
797 1220 990 1274 Veram
1022 1231 1152 1287 ergo
1177 1213 1635 1270 resurrectionem
1665 1211 1748 1266 luo

150 1329 318 1376 turam
372 1317 427 1371 In
478 1315 779 1384 seinetlpso
810 1313 964 1368 nobis
1001 1310 1261 1365 Dominus
1286 1305 1537 1362 Christus
1578 1304 1750 1358 mani-

147 1415 383 1476 lestavit,
417 1412 505 1483 qui
559 1421 681 1482 post
728 1409 908 1464 tertiro
956 1407 1066 1463 diei
1097 1401 1557 1460 resurrectionem
1591 1408 1751 1472 typos

147 1508 420 1565 clavorum
450 1514 504 1561 et
535 1507 734 1559 lancea:
785 1503 984 1558 vulnus
1039 1498 1329 1571 discipulis
1367 1493 1747 1551 dubitantibus

150 1601 549 1658 demonstravit
574 1598 730 1669 (Luc.
755 1610 908 1666 utr,
947 1595 1064 1665 40).

215 1693 442 1752 CAPUT
491 1691 632 1748 XXI.
689 1721 758 1733 —
796 1691 913 1746 Non
968 1702 1100 1759 ergo
1149 1694 1566 1744 contemnamus
1616 1695 1752 1738 car-

153 1805 268 1846 nctn
326 1796 568 1842 nostram
614 1785 757 1841 male
803 1795 852 1840 et
903 1783 1178 1838 luxuriose
1235 1777 1494 1846 vivendo,
1548 1778 1597 1831 in
1651 1787 1753 1847 qua

1849 1025 2269 1096 tendit;quanto
2297 1024 2469 1094 magis
2492 1033 2713 1079 creator
2733 1034 2786 1078 et
2807 1024 3316 1094 omnipotensDeus
3347 1035 3370 1062 ο
3401 1025 3456 1079 in

1848 1119 2159 1193 3330mm
2172 1118 2475 1175 credendus
2495 1125 2578 1175 est
2592 1119 2899 1174 consistere
2917 1120 3057 1174 loco!
3075 1119 3173 1174 Cui
3189 1118 3459 1190 Propheta

1850 1213 2015 1270 dicit:
2043 1213 2156 1281 Quo
2182 1214 2264 1269 ibo
2292 1231 2324 1268 a
2347 1215 2481 1286 {acie
2507 1223 2595 1266 tua
2619 1213 2644 1266 ι
2673 1213 2734 1269 Si
2764 1213 3080 1267 descendere
3101 1215 3156 1267 in
3171 1214 3458 1285 infernum,

1851 1310 1971 1364 ades
1998 1308 2172 1382 (Psal.
2204 1321 2462 1372 ctsxvut,
2486 1311 2516 1363 τ
2541 1319 2589 1364 et
2609 1310 2708 1380 8);
2739 1317 2792 1362 et
2822 1315 3044 1362 cratera.
3079 1307 3136 1362 Si
3177 1322 3306 1376 ergo
3337 1319 3458 1362 om-

1855 1406 1938 1459 nis
1964 1418 2094 1458 caro
2115 1403 2403 1458 adoratura
2452 1411 2536 1458 est
2583 1403 2890 1466 Dominum,
2923 1409 2978 1455 et
3005 1417 3034 1455 e
3066 1399 3345 1454 contrario
3371 1413 3464 1453 cn-

1853 1497 2055 1552 davcra
2081 1496 2811 1568 virorum,quipraavaricatl
2842 1495 3044 1550 suntin
3075 1493 3271 1559 Deum,
3301 1501 3462 1547 teter-

1856 1592 1941 1646 nis
1981 1590 2266 1646 tradentur
2307 1587 2634 1655 ardoribus;
2673 1589 2728 1644 in
2769 1597 3056 1658 utramque
3089 1596 3299 1656 partem
3327 1599 3460 1641 vera

1855 1685 2036 1741 carnis
2077 1683 2185 1738 erit
2223 1681 2572 1737 resurrectio.
2621 1679 2684 1736 Et
2731 1680 2852 1736 ideo
2883 1694 2984 1734 nec
3031 1678 3097 1734 ad
3131 1679 3416 1734 dexteram
3446 1717 3462 1741 ,

1859 1792 1958 1834 nec
1984 1776 2051 1833 ad
2080 1776 2358 1832 sinistram
2383 1775 2451 1831 ab
2479 1774 2580 1830 hac
2619 1784 2804 1829 sancta
2827 1783 2882 1829 et
2924 1773 3191 1829 catholica
3233 1772 3340 1828 lide
3367 1771 3464 1827 de—

158 1882 417 1940 nominus
464 1880 720 1935 Christus
765 1887 820 1934 et
866 1885 1022 1932 Italus
1067 1885 1120 1931 et
1160 1887 1352 1945 passus
1392 1879 1506 1938 est,
1559 1878 1613 1924 et
1656 1883 1745 1923 re-
1778 1868 1824 1930 Β
1852 1871 2167 1928 ciinandum
2201 1870 2363 1927 nobis
2381 1879 2486 1936 est,
2520 1869 2572 1925 id
2605 1877 2711 1935 est,
2754 1877 2813 1923 ut
2857 1883 2957 1924 nec
2997 1868 3278 1939 judaicum
3304 1910 3318 1933 ,
3363 1879 3465 1921 nee

154 1975 386 2033 surrexit
426 1991 442 2028 :
495 1987 603 2028 non
657 1970 1021 2042 despiciemus
1071 1969 1240 2022 lutum
1286 1966 1468 2022 carnis
1520 1972 1748 2026 nostras,

154 2069 292 2143 qttod
336 2070 393 2123 In
450 2066 666 2122 Domini
717 2063 921 2120 Christi
965 2063 1250 2129 deitatem,
1285 2073 1409 2133 quae
1447 2059 1588 2131 Ignis
1618 2068 1699 2113 est
1735 2099 1749 2122 ,

156 2173 437 2222 excoctum
494 2163 546 2218 in
595 2169 789 2217 testam
832 2158 1175 2230 purissimam
1224 2163 1417 2228 regnat
1471 2155 1526 2208 in
1579 2153 1750 2208 cmlis.

156 2258 515 2328 Qurerendum
563 2266 695 2307 sane
732 2259 847 2316 est,
893 2263 993 2305 cur
1025 2248 1320 2322 Apostolus
1351 2247 1552 2302 dixerit
1586 2262 1599 2297 :
1634 2243 1755 2298 Ets-

158 2352 256 2405 nim
299 2349 440 2404 Deus
493 2356 666 2401 noster
715 2345 850 2416 ignis
906 2357 1214 2397 consumens
1261 2341 1385 2410 est(
1422 2337 1581 2394 Hebr.
1634 2350 1712 2392 xtt
1740 2378 1755 2404 ,

157 2444 244 2514 29)
272 2463 283 2498 :
312 2442 462 2499 Deos
488 2440 635 2497 enim
680 2449 887 2503 noster,
921 2437 1012 2508 qui
1065 2434 1205 2507 ignis
1236 2435 1410 2498 virus,
1452 2431 1674 2487 divinus
1701 2441 1756 2486 ot

161 2550 390 2595 :cterous
437 2542 570 2602 est,
619 2547 728 2590 non
779 2533 912 2588 istas
959 2530 1220 2585 materias
1269 2525 1605 2599 corporales,
1662 2524 1758 2580 sed

160 2628 522 2687 conscientias
562 2637 912 2698 peccatorum
946 2624 1246 2689 consumit,
1284 2631 1340 2678 et
1379 2622 1430 2675 in
1464 2622 1546 2675 sui
1575 2617 1759 2675 chari-

164 2735 265 2782 tate
292 2724 462 2781 corda
492 2730 680 2779 nostra
710 2721 1015 2777 succendit.
1043 2721 1106 2775 Et
1129 2720 1253 2775 ideo
1269 2718 1464 2789 Angeli
1492 2717 1580 2789 qui
1614 2711 1759 2788 pleni

163 2829 280 2875 sunt
303 2819 593 2880 charitate,
610 2827 664 2873 et
686 2816 791 2888 ipsi
817 2816 955 2886 ignis
984 2814 1330 2885 appellantur
1355 2810 1530 2884 (Psal.
1547 2811 1758 2881 cuni).

165 2912 264 2970 Sed
305 2923 357 2969 ct
387 2912 568 2968 sancti
611 2911 832 2982 quique,
875 2910 964 2980 qui
997 2909 1088 2964 illo
1115 2909 1237 2979 igne
1265 2906 1479 2962 accensi
1505 2912 1652 2971 sunt,
1695 2901 1764 2962 de

167 3019 266 3078 quo
295 3008 559 3065 Dominus
590 3007 706 3062 ait:
737 3004 919 3077 Ignem
944 3004 1056 3058 veni
1096 3004 1296 3057 mittere
1335 3002 1388 3056 in
1412 3010 1622 3066 terram,
1643 3008 1670 3037 ι
1715 3009 1765 3055 et

167 3119 312 3172 quam
339 3103 456 3157 volo
486 3111 544 3156 ut
573 3101 884 3156 accendatur
931 3099 1081 3170 (Luc,
1115 3112 1185 3152 sit
1205 3137 1220 3165 ,
1247 3094 1380 3168 49)ι
1424 3103 1477 3150 ct
1518 3096 1717 3150 iterum
1747 3111 1761 3148 :

172 3197 281 3252 Sint
304 3197 464 3252 lumbi
492 3197 648 3251 uestri
679 3195 962 3265 prwcinrti,
997 3201 1047 3248 et
1072 3193 1298 3247 lacerare
1319 3189 1561 3243 ardentes
1581 3189 1636 3241 in
1657 3201 1767 3242 ma-

1855 1966 2170 2022 haereticum
2198 1977 2438 2022 errorem
2465 1975 2791 2036 sequamur;
2824 1975 3056 2034 quorum
3086 1959 3176 2017 uiii
3214 1961 3305 2034 qui
3337 1971 3462 2016 car-

1858 2061 2008 2118 nales
2040 2071 2188 2126 sunt,
2219 2061 2364 2116 solas
2393 2058 2632 2131 diligunt
2653 2071 2849 2115 carnes
2874 2075 2886 2112 :
2915 2058 3005 2112 alii
3038 2057 3236 2129 ingrati
3259 2053 3467 2113 beneii-

1857 2157 2067 2213 ciorum
2094 2157 2186 2212 Dei
2222 2155 2424 2211 habere
2451 2153 2781 2220 detrectant,
2828 2151 2975 2224 quod
3000 2152 3261 2206 Dominus
3301 2149 3466 2207 Jesus

1855 2251 2108 2306 Christus
2153 2256 2209 2304 et
2257 2256 2416 2304 natus
2467 2247 2678 2310 habuit,
2704 2255 2758 2301 et
2785 2255 3080 2315 resurgens
3120 2240 3367 2312 possidet
3411 2241 3464 2294 in

1857 2355 2141 2402 aeternum.
2176 2343 2304 2399 Haec
2347 2350 2434 2397 est
2477 2341 2623 2396 enim
2677 2351 2807 2395 vera
2835 2337 3187 2404 resurrectio,
3220 2347 3342 2406 qute
3382 2335 3465 2390 sic

1860 2440 2084 2514 gloriam
2112 2439 2262 2494 carui
2288 2437 2496 2502 tribuit,
2527 2441 2586 2490 ut
2616 2441 2722 2490 non
2746 2432 2957 2488 auferat
2987 2430 3294 2490 veritatem,
3323 2428 3470 2482 sicut

1860 2534 1967 2607 jam
1998 2533 2201 2588 dictum
2227 2539 2332 2596 est,
2359 2529 2492 2585 dicit
2516 2523 2810 2600 Apostolus
2841 2543 2853 2580 :
2892 2522 3246 2596 Corruptibile
3267 2521 3363 2576 hoc
3385 2522 3469 2576 in-

1864 2628 1982 2682 due!
2009 2627 2470 2695 incorruptionem,
2505 2634 2550 2678 et
2578 2621 2799 2677 mortale
2835 2622 2930 2676 Iter:
2953 2619 3134 2674 induet
3159 2618 3473 2672 immortali-

1865 2729 2020 2775 tatem
2047 2735 2063 2784 ;
2095 2726 2152 2774 et
2193 2717 2390 2774 iterum
2418 2734 2433 2773 :
2469 2714 2732 2770 Nolumus
2771 2715 2932 2785 igitur
2957 2703 3208 2782 spoliari,
3239 2707 3475 2765 subaudi

1865 2825 2030 2870 carne
2057 2831 2070 2869 :
2099 2813 2190 2867 sed
2217 2809 2525 2881 superindui
2545 2809 2810 2881 cupientes
2828 2807 3072 2878 gloriam,
3093 2803 3110 2843 ί
3132 2819 3247 2876 quia
3263 2805 3328 2860 de
3349 2805 3476 2859 ciale

1867 2917 1939 2963 est
1962 2924 1982 2976 ;
2007 2914 2062 2963 et
2093 2906 2293 2961 iterum
2327 2920 2340 2957 :
2369 2901 2438 2958 Ut
2464 2900 2633 2956 vestiti
2655 2909 2702 2954 et
2730 2911 2834 2953 non
2864 2896 2992 2952 nudi
3019 2897 3380 2962 inueniamur,
3423 2904 3482 2948 ut

1868 3003 2156 3065 devoretur,
2194 2999 2332 3070 quod
2361 2995 2580 3052 mortale
2601 3001 2695 3060 est,
2729 3007 2762 3046 a
2803 2992 2909 3046 rita
2934 2989 2981 3059 (ι
3010 2988 3130 3045 Cor.
3159 3001 3255 3056 xv,
3288 2987 3358 3043 55
3382 3003 3400 3053 ;
3431 2986 3478 3041 ll

1868 3093 1991 3151 Cor.
2021 3112 2077 3160 v,
2104 3095 2160 3159 2,
2190 3094 2266 3164 5).
2297 3090 2468 3147 Nemo
2496 3102 2628 3160 ergo
2648 3085 3083 3157 superinduitur,
3109 3084 3216 3140 nisi
3233 3083 3325 3154 qui
3351 3091 3478 3136 ante

1869 3190 2096 3245 vestitus
2122 3196 2209 3244 est
2236 3201 2250 3252 ;
2282 3187 2423 3241 sicut
2452 3194 2508 3240 et
2536 3184 2798 3239 Dominus
2827 3189 3041 3246 noster,
3073 3178 3170 3251 qui
3201 3178 3255 3233 in
3283 3185 3472 3232 monte

171 3287 308 3344 nibus
349 3288 534 3343 vestris
579 3286 805 3359 (Ibidem
844 3286 960 3357 55).
1007 3286 1080 3338 De
1107 3293 1216 3353 quo
1241 3291 1293 3337 et
1331 3279 1619 3350 Apostolus
1641 3279 1717 3334 ait
1749 3293 1763 3335 ι
1795 3270 1839 3336 C
1874 3281 2284 3352 transllguratus
2308 3286 2394 3334 est
2425 3278 2476 3331 In
2511 3277 2761 3347 gloriam,
2805 3282 2938 3329 tunc
2981 3269 3203 3342 quando
3250 3268 3472 3341 Moysen

173 3386 365 3459 Spiritu
413 3385 694 3456 ferventes,
733 3382 958 3436 Domino
995 3381 1266 3435 servientes
1309 3375 1489 3446 (liam.
1521 3390 1617 3441 xu,
1651 3373 1763 3446 II).

174 3479 307 3553 Ergo
333 3480 558 3536 divinus
589 3491 771 3533 sermo
802 3476 1001 3547 ignitus
1030 3483 1114 3530 est
1137 3480 1192 3528 et
1209 3470 1446 3526 fervens.
1467 3468 1621 3537 Quod
1651 3469 1766 3538 ipse

176 3575 426 3631 Dominus
478 3573 801 3643 comprobat
844 3570 1029 3625 dicens
1079 3567 1143 3620 ad
1177 3565 1506 3620 Hieremiam
1532 3563 1768 3633 prophe«

175 3676 277 3723 tam
311 3684 324 3721 :
352 3663 488 3722 Ecce
514 3663 637 3719 dedi
661 3663 814 3717 verba
841 3676 950 3715 mea
977 3661 1028 3712 in
1053 3675 1140 3714 ore
1161 3669 1248 3713 tuo
1272 3658 1403 3710 sicut
1425 3656 1594 3727 ignem
1625 3652 1766 3720 (λετ.

175 3779 224 3828 ν,
259 3761 554 3835 li);quem
576 3762 753 3832 ignem
783 3759 921 3812 intra
947 3770 1006 3811 se
1036 3752 1152 3826 ipse
1173 3753 1438 3824 prephetn
1461 3760 1770 3805 extestusn-

177 3867 275 3914 tetn
307 3859 550 3915 declarat
581 3855 767 3910 dicens
801 3872 811 3907 :
847 3852 874 3891 δ
903 3851 1218 3921 Factumque
1258 3856 1334 3903 est
1367 3849 1420 3902 in
1459 3845 1615 3900 corde
1658 3857 1769 3898 meo

177 3954 314 4025 quasi
350 3953 490 4027 ignis
536 3959 827 4008 ematuans
868 3947 1035 4020 (Ibid.
1075 3961 1166 4010 xx,
1197 3945 1277 4016 9).
1311 3941 1466 4011 Quod
1499 3953 1630 4010 ergo
1656 3938 1772 3994 dic-

179 4055 281 4101 tum
310 4055 391 4103 est
416 4065 428 4100 :
466 4044 609 4101 Deus
639 4052 809 4099 noster
838 4043 976 4116 ignis
1003 4052 1308 4095 consumens
1334 4045 1408 4091 est
1429 4079 1442 4103 ,
1472 4036 1543 4090 ita
1566 4034 1770 4091 dictum

179 4151 275 4208 est,
302 4149 405 4198 non
429 4153 542 4213 quo
561 4140 702 4196 Deus
731 4140 820 4210 qui
847 4137 1072 4208 spiritus
1099 4146 1204 4203 est,
1240 4134 1378 4205 ignis
1405 4134 1474 4188 sit
1500 4149 1514 4199 ;
1546 4131 1642 4187 sed
1667 4143 1773 4202 quo

177 4235 342 4306 justus
367 4235 659 4301 illumlnet,
690 4231 1093 4290 suetinentibus
1111 4243 1240 4283 vero
1259 4239 1471 4299 pcenatn
1492 4225 1631 4296 ignis
1652 4235 1773 4278 esse

182 4331 438 4385 videatur.
482 4328 610 4385 limo
641 4327 708 4382 de
749 4339 814 4382 eo
856 4325 995 4395 quod
1039 4323 1242 4378 dictum
1275 4327 1397 4376 est:
1433 4316 1572 4372 Deus
1603 4325 1774 4370 noster

183 4423 306 4493 ignis
335 4437 636 4478 consumens
668 4429 760 4475 est.
794 4421 944 4474 Nunc.
969 4415 1036 4473 atl
1065 4417 1313 4472 ordinem
1341 4422 1699 4470 revertamur.

266 4515 496 4574 CAPUT
543 4514 715 4571 XXII.
772 4545 840 4556 -—-
891 4509 1180 4581 Quomodo
1244 4523 1374 4579 ergo
1440 4505 1776 4562 resurrectio

1869 3381 1924 3432 et
1955 3375 2123 3430 Etiam
2145 3372 2212 3428 ad
2235 3370 2608 3427 testimonium
2632 3367 2878 3424 exhibuit
2903 3377 3062 3422 suum
3087 3361 3306 3437 (Matth.
3334 3371 3474 3424 xvtt.

1869 3469 1926 3541 5)
1957 3486 1973 3537 ;
2001 3469 2157 3540 cuius
2178 3478 2285 3522 non
2311 3466 2487 3522 solum
2519 3463 2867 3525 vestimenta,
2895 3458 2993 3515 sed
3024 3469 3080 3514 et
3109 3454 3280 3512 facies
3303 3455 3478 3525 fulge-

1871 3564 2045 3620 botut
2075 3561 2192 3626 sol;
2242 3560 2332 3615 ubi
2393 3564 2573 3612 autem
2625 3554 2796 3610 facies
2848 3551 3208 3614 nominatur,
3264 3547 3480 3602 restituo

1871 3655 2014 3728 quod
2041 3665 2096 3710 et
2124 3664 2321 3709 extera
2353 3648 2596 3706 membra
2619 3653 2911 3718 conspecta
2940 3642 3077 3698 sint.

1943 3749 2177 3805 CAPUT
2238 3745 2431 3802 XXIII.
2486 3771 2560 3786 —-
2616 3741 2695 3797 Ad
2737 3741 2876 3794 hanc
2915 3736 3082 3808 igitur
3135 3730 3487 3790 cIariiIcatio-

1876 3842 2179 3914 nem,justi
2226 3853 2416 3896 omnes
2463 3839 2515 3893 in
2567 3833 2976 3892 resurrectione
3007 3823 3483 3883 transl‘ortuabun.

1877 3949 1983 4005 tur,
2018 3937 2284 4008 probante
2334 3933 2436 3990 hoc
2484 3931 2696 3988 Joanne
2735 3924 3082 3998 Evangelista
3128 3934 3196 3978 ac
3227 3919 3482 3976 dicente:

1875 4030 2204 4095 Charlssimi,
2226 4027 2324 4099 ﬁlii
2366 4025 2463 4082 Dei
2494 4039 2694 4087 sumus,
2729 4030 2776 4074 et
2821 4018 3052 4074 nondum
3073 4014 3316 4086 apparuit
3353 4013 3482 4083 quid

1877 4127 2084 4182 erimus.
2137 4124 2349 4180 Scimus
2418 4121 2539 4190 quia
2601 4129 2719 4172 cum
2771 4112 3114 4185 apparuerit,
3185 4106 3379 4164 similes
3438 4107 3487 4160 ei

1877 4221 2070 4276 erimus
2126 4213 2204 4290 (I
2253 4215 2414 4270 Joan.
2472 4227 2556 4277 ιιι,
2599 4210 2634 4264 2
2669 4212 2706 4280 ).
2762 4208 2832 4264 Et
2884 4207 3065 4276 justus
3118 4201 3251 4257 dicit
3305 4218 3318 4253 :
3376 4196 3491 4270 Ego

1877 4323 2046 4368 autem
2118 4325 2235 4366 cum
2293 4308 2505 4381 justitia
2573 4300 2836 4377 apparebo
2894 4299 2950 4353 in
3016 4305 3298 4363 conspectu
3355 4301 3488 4355 tu:

1879 4406 2131 4470 satiubor,
2164 4403 2290 4457 dum
2318 4397 2739 4469 manifestabitur
2781 4392 2910 4447 mihi
2946 4390 3120 4462 gloria
3167 4398 3256 4441 tua
3279 4385 3302 4456 (
3329 4382 3482 4438 Paul.

1880 4515 1969 4556 xu
2005 4539 2019 4567 ,
2091 4498 2158 4553 I5
2189 4497 2228 4569 ).
2309 4495 2617 4563 liesurgent
2682 4502 2813 4558 ergo
2868 4497 3102 4555 corpora
3171 4487 3359 4536 nostra
3427 4477 3486 4532 in

187 4609 356 4669 carnis
399 4617 654 4686 negatur,
704 4622 830 4668 eum
891 4607 1060 4666 multo
1127 4611 1252 4660 ante
1307 4616 1400 4670 per
1452 4597 1775 4671 prophetam
1805 4675 1852 4686 ᾳ
1883 4605 2147 4658 aeternum
2171 4600 2266 4648 aut
2289 4589 2355 4646 ad
2396 4588 2623 4660 gloriam
2659 4594 2752 4639 aut
2783 4594 3001 4651 poenam
3035 4591 3290 4636 mansura
3320 4573 3487 4645 (Dan.

189 4717 247 4756 cx
282 4669 509 4774 persona
563 4669 660 4761 sua
714 4701 974 4758 Dominus
1023 4698 1272 4754 Christus
1311 4669 1531 4751 dixe—rit
1560 4669 1590 4749 ι
1642 4692 1779 4750 Caro
1805 4675 1858 4737 D
1884 4705 1977 4754 xu,
2009 4687 2090 4758 2).
2123 4684 2288 4755 Cujus
2317 4691 2483 4738 testes
2512 4683 2636 4735 sunt
2668 4674 2814 4731 Elias
2841 4683 2894 4730 et
2925 4671 3134 4739 Henoc,
3164 4669 3260 4742 qui
3284 4671 3382 4739 per
3409 4674 3493 4730 tot

191 4809 296 4850 mea
341 4795 617 4866 requiescit
654 4795 708 4848 lrt
766 4811 856 4866 spe
896 4792 1091 4868 (Psal.
1149 4803 1239 4854 xv,
1282 4789 1395 4859 9);
1464 4797 1517 4843 et
1558 4786 1611 4840 In
1675 4785 1780 4840 aiio

191 4883 340 4943 loco:
378 4886 512 4944 Caro
557 4887 669 4964 ejus
700 4903 800 4941 non
849 4885 1036 4942 videbit
1080 4883 1464 4955 corruptionem
1507 4878 1664 4954 (Act.
1697 4891 1731 4932 II
1766 4919 1782 4948 ,

192 4977 326 5051 3i);
377 4990 431 5037 et
484 4983 724 5036 iterum:
776 4991 796 5017 ε
833 4978 1118 5049 Sepultum
1167 4980 1279 5049 ejus
1331 4974 1533 5029 sublata
1577 4983 1694 5029 est:
1727 4979 1784 5030 et

194 5070 381 5128 iterum
410 5089 425 5128 ι
459 5071 526 5128 Et
553 5073 741 5128 ridebit
773 5073 940 5128 omnis
987 5086 1110 5124 caro
1159 5069 1390 5124 salutare
1433 5066 1533 5121 Dei
1551 5083 1570 5132 ;
1595 5075 1651 5121 ot
1683 5065 1785 5120 lte-

197 5179 307 5220 rum
353 5184 368 5222 :
413 5167 601 5223 Veniet
654 5169 819 5223 omnis
876 5179 996 5222 caro
1023 5209 1036 5234 ,
1069 5161 1095 5201 ά
1128 5177 1245 5238 quae
1289 5163 1574 5218 adoratura
1623 5161 1786 5216 estin

205 5379 292 5495 ωδ*
321 5370 523 5429 Eadem
554 5372 714 5428 Rom.
747 5371 903 5439 edit.,
936 5381 982 5426 et
1007 5369 1134 5446 quid
1157 5368 1295 5438 volo,
1325 5367 1427 5426 nisi
1453 5374 1512 5420 ut
1535 5366 1791 5420 accenda-

263 5459 306 5495 Γ.

229 5456 306 5497 ω’.

267 5513 294 5554 ιι
324 5511 522 5574 Eadem
545 5517 704 5573 Rom.
730 5517 886 5582 edit.,
919 5521 1114 5587 factum
1138 5521 1236 5579 est,
1268 5514 1456 5582 inquit,
1486 5509 1636 5580 quasi
1657 5508 1792 5581 ignit

205 5588 402 5654 ardens,
436 5590 736 5644 comburens
761 5591 812 5641 in
842 5587 1038 5642 ossibus
1070 5589 1218 5642 meis.

272 5671 296 5701 ⁸
325 5660 522 5718 Eadem
557 5662 715 5715 Horn.
746 5660 903 5725 edit.,
948 5659 1066 5713 Erit
1105 5658 1159 5712 in
1194 5672 1319 5726 pace
1347 5656 1619 5728 sepultura
1656 5654 1793 5728 ejus,

209 5731 373 5786 ttblala
396 5747 469 5788 est
499 5736 560 5788 de
589 5733 780 5789 medio.

273 5799 512 5883 fliadem
541 5805 700 5883 Rom.
733 5804 891 5883 edit.,
923 5811 978 5858 ut
1000 5803 1178 5883 adoret
1208 5801 1260 5854 in
1288 5806 1566 5871 conspectu
1597 5812 1707 5851 meo
1736 5795 1790 5849 in

217 5870 550 5940 Hierusalem,
576 5879 675 5932 hoc
705 5886 800 5941 est,
833 5877 889 5930 in
916 5876 1063 5941 caelo,
1094 5883 1206 5928 etc.

286 5954 307 5980 '
339 5945 534 6006 Eadem
561 5949 718 6008 lium.
742 5948 898 6014 edit.,
918 5961 1121 6002 omnem
1138 5942 1423 6001 credendus
1441 5951 1512 5996 est
1531 5949 1794 6013 penetrare

1886 4783 2058 4839 series
2107 4793 2378 4836 annorum
2411 4778 2486 4833 ita
2525 4789 2698 4846 usque
2735 4770 2803 4832 ad
2849 4767 3147 4828 secunde
3198 4764 3490 4822 adventum

1887 4873 2101 4931 Domini
2131 4871 2331 4928 Christi
2356 4876 2703 4948 permanent.
2735 4864 2890 4934 Quod
2919 4865 2990 4918 ita
3030 4874 3153 4918 esse
3177 4853 3496 4926 comprobat

1889 4969 2085 5028 beatus
2105 4964 2209 5026 Job
2236 4946 2456 5021 dicens:
2479 4972 2503 5014 ὂ
2529 4959 2654 5018 Scio
2676 4960 2799 5032 quia
2825 4957 3139 5027 Redemptor
3166 4965 3307 5009 meus
3335 4946 3457 5001 rivis
3477 4984 3496 5012 ,

1891 5073 1938 5117 et
1967 5063 2022 5118 in
2049 5060 2326 5117 novissime
2348 5057 2433 5114 die
2460 5055 2523 5112 de
2569 5066 2708 5110 terra
2747 5057 3071 5108 surrecturus
3108 5058 3266 5110 sum;
3294 5048 3342 5103 et
3374 5053 3495 5096 rur-

1893 5175 1981 5212 sus
2034 5152 2394 5212 circumdabor
2443 5151 2576 5223 pelle
2616 5163 2751 5214 mea,
2805 5155 2853 5199 et
2894 5144 2948 5197 in
2996 5151 3154 5194 cortu
3174 5129 3497 5191 mcat‘idebo

1899 5371 1948 5417 et
1973 5362 2192 5432 implere
2219 5361 2408 5415 locum.

1978 5432 1997 5471 τ
2029 5419 2227 5488 Eadem
2260 5432 2418 5487 Rom.
2456 5428 2614 5493 edit.,
2641 5439 2756 5497 qua!
2785 5424 2850 5478 de
2889 5419 3000 5497 Deo
3025 5427 3121 5475 est.

1974 5507 2002 5547 ⁸
2029 5505 2234 5559 Eadem
2280 5502 2441 5558 Rom.
2481 5491 2807 5564 edit.,XScio
2853 5492 2994 5564 quod
3012 5503 3236 5564 retentus
3275 5499 3371 5552 est,
3411 5491 3504 5560 qui

1902 5577 2097 5634 soluere
2126 5589 2204 5629 me
2232 5575 2397 5640 debet,
2429 5584 2582 5640 super
2609 5581 2797 5624 terram
2822 5563 3074 5640 suscitare
3098 5563 3284 5640 pellem
3308 5570 3501 5640 meum,

1903 5665 2018 5720 qua:
2044 5648 2225 5702 tolerat
2253 5634 2394 5701 lucc;
2422 5634 2718 5720 A:l)omino
2761 5641 2899 5694 enim
2944 5638 3053 5720 litae
3097 5634 3226 5688 milii
3268 5637 3506 5720 conferta

1906 5704 2047 5784 inut,
2074 5735 2188 5786 quas
2210 5731 2304 5790 ego
2325 5716 2566 5790 conscius
2596 5721 2882 5790 sum,_guae
2907 5708 3092 5764 oculus
3137 5719 3282 5760 meas
3330 5704 3468 5785 uidit.
3487 5744 3502 5768 ,

1897 5803 1944 5848 ct
1973 5775 2264 5858 no'n'alius:
2288 5787 2427 5842 omni
2456 5796 2628 5840 autent
2659 5775 2790 5838 mihi
2815 5789 3172 5839 consummata
3199 5786 3316 5831 sunt
3349 5776 3400 5829 iu
3423 5775 3500 5828 sie

1901 5877 1972 5918 nu
1998 5873 2130 5917 meo.
