3970 6316
117 302 230 361 537

1290 304 1376 360 DE
1416 300 1795 360 TRINITATE
1836 301 2276 363 TRAC'I‘ATUS.

3317 302 3427 361 558

114 420 372 491 perit.ln
402 420 485 477 illa
503 429 681 476 autem
697 418 1038 476 Hierusalem
1067 417 1409 487 ctelesti,ubi
1424 418 1505 475 sol
1524 419 1627 473 iste
1652 433 1717 474 ac
1747 426 1787 482 Α
1821 420 2098 490 sanguinis
2143 442 2155 477 :
2196 419 2407 489 Veniet,
2435 421 2509 477 ait
2537 420 2818 489 Dominus,
2849 426 2979 476 liora
2999 462 3012 485 .
3041 421 3096 475 in
3120 437 3221 492 qua
3249 438 3428 478 omnes

110 511 244 568 luna
270 514 581 586 septuplnm
605 512 883 579 lucebunt,
903 511 1250 568 diversitates
1270 528 1378 566 non
1402 520 1562 566 erunt
1582 518 1712 566 teta-

108 614 257 677 tum;
286 608 365 664 ibi
387 609 527 665 enim
548 622 645 664 nec
666 605 865 675 infans,
899 622 1000 663 nec
1027 621 1218 675 senex,
1247 620 1348 662 nec
1370 621 1569 677 parvus
1590 606 1717 672 erit,

104 702 203 775 qui
255 718 370 758 non
402 702 621 773 impleat
646 701 763 757 dies
794 717 943 769 suos,
974 710 1168 771 utpote
1197 700 1337 756 filius
1355 698 1716 755 resurrectio~

102 796 217 865 nis,
269 806 333 854 et
374 798 426 853 in
471 812 779 852 mensuram
815 798 1095 867 perveniat
1144 795 1321 850 aetatis
1365 791 1717 864 plenitudinis

97 889 347 958 Christi,
379 898 434 944 ut
460 906 558 947 nec
586 889 766 945 desint
791 889 951 944 alicui
979 904 1242 943 annorum
1271 886 1467 958 spatia,
1496 900 1595 941 nec
1622 900 1716 939 su-

96 983 344 1055 persint.
370 984 425 1039 In
452 983 550 1037 illo
580 992 603 1018 η
628 998 759 1053 ergo
792 991 1056 1053 tempore,
1088 995 1209 1037 cum
1237 990 1369 1035 tetas
1396 978 1563 1034 fuerit
1613 993 1716 1033 una

94 1085 455 1141 cunctorum,
488 1086 541 1130 et
571 1086 796 1130 sanctus
826 1082 882 1129 et
910 1083 1163 1144 peccator
1190 1081 1354 1128 erunt
1400 1070 1568 1126 simili
1622 1084 1709 1124 re-

101 1171 458 1227 surrectione
481 1168 728 1240 perfecti,
751 1184 852 1225 nec
881 1168 1024 1223 inter
1046 1181 1106 1222 se
1124 1166 1412 1221 variabunt
1434 1174 1711 1233 tempore:

100 1263 199 1321 sed
232 1264 380 1319 alius
405 1264 470 1319 ad
519 1262 740 1334 prsentia
770 1270 1003 1325 aeterna,
1050 1270 1105 1316 et
1132 1260 1187 1315 in
1210 1257 1526 1329 centuplum
1572 1256 1713 1312 bona

100 1356 461 1427 recipiendia,
516 1356 658 1410 alios
695 1354 759 1408 ad
807 1350 1444 1424 supplicia'pertrahitur
1486 1358 1711 1403 (eterna.

96 1448 236 1505 Cum
262 1466 396 1521 ergo
422 1449 473 1505 iu
506 1465 707 1520 genere
735 1450 975 1503 humano
997 1448 1159 1502 aliter
1180 1456 1233 1501 et
1272 1446 1436 1500 aliter
1484 1458 1714 1499 nascan-

97 1552 188 1600 tur
218 1543 496 1608 homines,
530 1543 582 1597 in
611 1542 794 1598 carnis
824 1540 1228 1596 resurrectione
1252 1553 1355 1592 una
1388 1536 1638 1592 omnibus
1658 1544 1714 1591 ct

96 1637 305 1692 similis
336 1637 437 1692 erit
466 1636 492 1673 ι)
525 1636 861 1692 resurrectio
892 1652 906 1701 ;
946 1635 1109 1689 aliter
1137 1633 1282 1689 enim
1312 1631 1522 1698 Adam,
1555 1631 1713 1685 aliter

100 1729 241 1795 Eva,
276 1730 438 1784 aliter
463 1728 597 1784 Cain
629 1729 857 1795 etAbel,
884 1736 939 1783 et
962 1741 1155 1781 omnes
1173 1725 1424 1780 homines
1450 1724 1558 1778 nati
1584 1734 1709 1778 sunt

1820 513 1909 583 qui
1936 513 1991 567 in
2021 515 2364 569 monumentis
2391 524 2511 570 sunt
2541 557 2557 582 ,
2600 515 2813 570 audient
2840 530 3013 568 vocem
3045 512 3175 568 Filii
3201 511 3303 569 Dei
3328 556 3344 583 ,
3378 525 3428 574 et

1821 606 2095 675 procedent
2125 604 2308 678 (Joan.
2339 622 2394 675 v,
2425 606 2496 662 28
2520 616 2567 662 et
2593 607 2711 680 29).
2748 605 2983 663 Audierit
3022 621 3152 679 ergo
3178 606 3425 675 auribus,

1819 710 1874 755 et
1902 699 2201 771 procedent
2230 700 2460 770 pedibus
2480 742 2494 765 ,
2524 701 2663 756 sicut
2690 701 2955 768 Lazarus,
2990 712 3045 757 et
3073 718 3263 759 omnes
3289 717 3426 773 quos

1820 795 2069 853 Salvator
2088 796 2371 850 suscitavit
2393 795 2571 869 (Joan.
2606 812 2678 862 at,
2706 796 2820 867 44).
2846 797 2946 867 ipsi
2978 813 3107 868 ergo
3130 796 3429 868 precedent

1819 887 1888 944 de
1910 890 2300 956 monumentis,
2321 890 2411 961 qui
2437 890 2490 944 in
2508 890 2876 945 monumentis
2901 890 3038 945 illati
3058 889 3294 945 fuerant.
3317 888 3425 946 Ve-

1819 982 1933 1039 niet
1959 998 2088 1054 ergo
2119 985 2297 1039 omnis
2326 999 2454 1038 caro
2498 1000 2604 1038 non
2636 983 2811 1039 solum
2838 983 2906 1039 de
2934 993 3101 1051 terra,
3134 983 3229 1040 sed
3258 984 3424 1040 etiam

1818 1078 1885 1133 de
1915 1079 2072 1143 mari,
2104 1088 2158 1132 et
2202 1077 2270 1133 de
2316 1077 2665 1143 ﬂuminibus;
2703 1086 2760 1131 ut
2799 1077 3017 1133 videant
3045 1077 3284 1133 salutare
3326 1077 3423 1132 Dei

1820 1171 2064 1244 (Tertull.
2099 1172 2137 1225 Ι.
2167 1171 2231 1226 de
2260 1170 2477 1225 Resurr.
2504 1168 2661 1224 Carn.
2687 1187 2805 1241 cap.
2831 1172 2945 1239 31).
2973 1169 3249 1225 Mandabit
3276 1169 3423 1225 enim

1819 1265 1845 1302 ¹ι
1891 1266 2129 1337 piscibus
2162 1280 2225 1321 ac
2252 1264 2565 1320 ﬂuminibus
2597 1265 2791 1331 maris,
2823 1274 2876 1320 et
2906 1265 3095 1320 bestiis
3139 1273 3334 1329 terrae,
3369 1272 3425 1319 et

1818 1358 2134 1417 volatilibus
2172 1359 2337 1425 coeli;
2378 1369 2431 1414 et
2462 1359 2785 1414 eructabunt
2818 1372 2942 1414 ossa
2988 1367 3042 1413 et
3068 1372 3258 1413 carnes
3307 1372 3425 1411 om-

1819 1454 1965 1509 nium
1994 1462 2332 1508 mortuorum
2361 1470 2376 1519 ;
2410 1462 2465 1508 ut
2496 1461 2803 1524 resurgant,
2850 1452 2942 1507 alii
2985 1452 3036 1505 in
3072 1452 3235 1506 vitam
3266 1459 3426 1506 mter-

1817 1562 1961 1613 nam,
2008 1546 2098 1601 alii
2143 1548 2194 1601 in
2226 1547 2580 1617 opprobrium
2611 1556 2664 1601 et
2709 1544 3089 1601 confusionem
3131 1544 3425 1615 sempiter-

1816 1658 1963 1697 nam.
2018 1642 2171 1699 Tunc
2212 1642 2632 1712 videbuutjnsti
2683 1641 2972 1711 impiorum
3025 1655 3214 1711 ptenas
3263 1649 3427 1710 atque

1815 1735 2110 1799 cruciatus;
2136 1736 2389 1804 quoniam
2414 1735 2598 1788 vermis
2625 1749 2800 1788 eorum
2817 1751 2920 1788 non
2947 1733 3198 1788 morietur
3218 1743 3262 1787 et
3288 1732 3427 1805 ignis

95 1831 263 1892 θιαυε
294 1830 591 1877 luscum“?
620 1840 633 1874 ί
663 1822 821 1876 θυίαν
844 1828 1024 1875 autem
1055 1817 1219 1874 homo
1239 1815 1488 1872 (Ἃιΐῖδίυε
1516 1817 1701 1883 18505.
1736 1831 1783 1890 B
1809 1843 1988 1881 eorum
2011 1845 2112 1881 non
2152 1829 2524 1896 exstinguetur,
2554 1837 2601 1880 et
2621 1838 2773 1881 erunt
2805 1827 2856 1880 in
2899 1837 3111 1897 aspectu
3134 1826 3272 1879 οηιηὶ
3303 1841 3425 1878 car-

96 1916 190 1985 qui
222 1925 310 1971 est
332 1916 598 1972 mediator
634 1914 727 1970 Dei
761 1926 814 1969 et
838 1913 1140 1979 hominum,
1168 1918 1325 1966 natus
1358 1920 1438 1966 est
1463 1908 1617 1981 (Gen.
1644 1925 1702 1975 ιι,

95 2007 201 2076 22;
232 2025 323 2075 tv;
353 2016 412 2076 I;
444 2008 463 2064 l
494 2008 627 2064 Tim.
663 2024 721 2073 tt,
753 2009 831 2079 5).
868 2008 1023 2063 Licet
1044 2021 1174 2079 ergo
1205 2005 1439 2059 diversis
1465 2002 1705 2058 exordiis

101 2104 269 2159 homo
290 2115 571 2167 nascatur,
590 2118 694 2158 una
717 2113 895 2157 tamen
921 2100 1154 2155 hominis
1174 2106 1366 2153 natura
1392 2112 1497 2153 neu
1521 2096 1706 2151 diﬂ'ert

98 2201 505 2254 resurrectione
526 2199 708 2253 carnis
726 2197 1083 2265 omniumque
1106 2194 1478 2250 membrorum
1507 2211 1519 2245 :
1544 2202 1565 2230 ε
1584 2206 1705 2262 quin

99 2293 283 2347 omnia
301 2293 543 2347 membra
561 2307 663 2346 una
682 2291 889 2346 Domini
909 2290 1176 2347 sententia
1196 2287 1563 2349 declarantur,
1579 2301 1702 2341 cum

100 2385 167 2439 dc
190 2385 285 2439 illo
309 2384 527 2440 homine
545 2386 883 2455 loqueretur,
907 2384 997 2454 qui
1023 2397 1127 2437 non
1144 2381 1328 2437 habuit
1347 2389 1549 2435 vestem
1572 2394 1706 2448 nup-

101 2478 284 2534 tialem
310 2476 335 2514 d
370 2478 584 2547 (Matth.
618 2494 749 2542 χχιι,
786 2478 897 2547 ll).
932 2491 1033 2532 nec
1064 2475 1302 2529 servavit
1330 2474 1456 2528 illttd
1485 2472 1707 2527 manda-

103 2583 250 2629 tum:
284 2574 437 2628 Omni
463 2583 691 2645 tempore
721 2570 914 2625 munda
944 2571 1047 2625 sint
1079 2570 1378 2623 vestimenta
1408 2576 1521 2630 tua;
1546 2580 1705 2635 quem

103 2666 354 2722 manibus
384 2665 725 2737 pedibusque
768 2663 1069 2733 constringi
1096 2661 1262 2733 jussit
1290 2671 1344 2717 et
1371 2658 1606 2726 auferri,
1639 2673 1707 2713 ne

103 2762 449 2818 recumberet
473 2762 523 2816 itt
548 2758 816 2827 convivio,
846 2775 914 2814 tte
942 2757 1157 2814 sederet
1187 2757 1238 2810 in
1258 2756 1418 2821 solio,
1446 2770 1511 2809 ne
1538 2762 1707 2808 staret

104 2855 167 2912 ad
198 2854 483 2911 dexteram
533 2854 627 2909 Dei
660 2871 672 2907 :
707 2852 801 2907 sed
836 2850 975 2905 mitti
1011 2850 1063 2904 in
1092 2849 1397 2920 gehennam
1430 2846 1586 2916 ignis,
1618 2843 1706 2899 ubi

102 2949 356 3004 cstlletus
379 2946 684 3009 oculorum,
710 2952 763 2999 et.
790 2942 991 2997 stridor
1016 2940 1255 2996 dentium
1279 2936 1457 3011 (Conf.
1485 2935 1701 2990 Tertull.

104 3049 119 3101 l
164 3047 227 3101 tle
254 3046 474 3100 Resurr.
501 3042 661 3097 Carn.
689 3059 802 3114 cap.
833 3040 952 3110 55).

168 3139 401 3196 CAPUT
424 3135 868 3193 XXVl.-—I’orro
895 3134 963 3189 de
989 3130 1196 3201 capillis
1226 3130 1430 3184 nostris
1455 3126 1705 3182 dubitare

1809 1924 1862 1976 ni
1908 1922 2091 1993 (Esai.
2119 1938 2266 1987 LXVI,
2298 1920 2418 1990 24).
2450 1922 2585 1989 Quia
2617 1935 2750 1991 ergo
2778 1920 3061 1975 verissime
3090 1919 3231 1974 hanc
3260 1916 3429 1974 habe-

1811 2030 1929 2070 mus
1959 2031 2109 2087 spem
2133 2017 2294 2078 sicut,
2324 2014 2673 2069 exhibuimus
2701 2013 2945 2068 membra
2979 2020 3160 2067 nostra
3192 2010 3423 2066 famula-

1809 2110 1851 2164 ri
1884 2109 2261 2176 immunditite,
2290 2119 2343 2163 et
2375 2107 2646 2176 iniquitati
2679 2107 2745 2162 ad
2772 2106 3112 2177 iniquitatem
3137 2104 3314 2169 (Rom.
3344 2120 3420 2173 vt,

1810 2204 1935 2273 l3);
1966 2205 2034 2258 ita
2068 2204 2424 2259 exhibeatnns
2453 2218 2514 2257 ea
2547 2201 2798 2256 famulari
2826 2202 3055 2271 iustitia:
3095 2202 3147 2255 in
3180 2198 3424 2256 sanctiﬁ-

1807 2297 2076 2352 cationem
2110 2298 2231 2350 vita:
2261 2314 2273 2350 :
2302 2306 2356 2349 ut
2390 2304 2747 2366 resurgentes
2778 2310 2807 2347 a
2839 2294 3091 2359 mortuis,
3128 2292 3140 2331 ί
3178 2295 3231 2349 in
3264 2294 3419 2349 novi-

1810 2400 1918 2445 tate
1948 2389 2071 2444 vitze
2102 2388 2467 2454 ambulemus,
2502 2396 2558 2443 ut
2604 2389 2710 2442 vita
2743 2387 2979 2441 nominis
3007 2386 3134 2441 Jesu
3165 2386 3427 2441 manifes-

1809 2494 1953 2539 tetur
1985 2482 2036 2538 in
2071 2497 2235 2538 carne
2267 2492 2451 2536 nostra
2484 2481 2701 2535 mortali
2742 2489 2965 2549 pr0ptcr
3006 2478 3270 2546 Spiritum
3300 2478 3423 2548 ejus

1810 2577 2144 2634 habitantem
2172 2577 2223 2629 iu
2249 2576 2405 2629 nobis
2428 2574 2495 2645 (ll
2523 2574 2642 2627 (ἔον.
2672 2588 2747 2635 ιιι,
2769 2573 2881 2641 18;.
2909 2571 3127 2627 Justttm
3156 2585 3285 2641 ergo
3313 2579 3424 2637 est,

1808 2682 1863 2729 et
1885 2688 2009 2727 vere
2027 2672 2257 2741 justum.
2281 2680 2337 2724 ιιι
2361 2670 2451 2741 qui
2476 2685 2693 2737 semper
2718 2668 3191 2723 mortificationem
3216 2664 3423 2723 Christi

1808 2766 1860 2821 in
1887 2780 2119 2835 cropore
2144 2775 2331 2819 nostro
2353 2762 2785 2817 circumtulimus
2816 2761 2882 2832 (ll
2914 2761 3035 2815 Cor.
3063 2776 3137 2827 tv,
3165 2760 3281 2832 12),
3312 2760 3425 2814 vita

1806 2872 2030 2930 quoque
2056 2859 2175 2925 ejus
2227 2857 2279 2910 in
2310 2870 2548 2924 corpore
2594 2867 2787 2909 nosuo
2834 2853 3233 2909 manifesletur.
3277 2851 3423 2924 Spo-

1808 2951 1992 3006 liautes
2021 2966 2152 3021 ergo
2182 2966 2295 3014 nos,
2327 2948 2470 3003 sicut
2495 2947 2622 3001 dicit
2653 2947 2950 3017 Apostolus
2974 2945 3198 3018 (Coloss.
3227 2959 3305 3010 ιιι,
3337 2943 3424 3015 9),

1805 3054 2021 3099 veterem
2043 3043 2299 3097 hominem
2325 3057 2442 3094 cum
2466 3041 2663 3094 actibus
2691 3039 2822 3103 suis,
2860 3038 3064 3092 erroris
3093 3035 3328 3092 tunicam
3356 3051 3421 3095 ac

1810 3140 1824 3189 i
1862 3135 2073 3208 peccati
2120 3152 2227 3191 non
2261 3134 2640 3205 requiramus;
2688 3144 2744 3186 ιιι
2778 3147 3005 3197 novam,
3054 3131 3145 3200 qtti
3172 3128 3424 3185 Christus

103 3236 227 3290 satis
241 3237 311 3289 itn
321 3235 467 3305 pium
482 3241 728 3301 est,quos
741 3226 1165 3302 338Dominus
1185 3224 1560 3277 diuttmcratos
1573 3234 1694 3276 esse

1814 3241 1903 3296 est,
1940 3230 1962 3268 κ
2010 3228 2297 3285 induamus
2325 3226 2546 3299 (Ephes.
2583 3240 2653 3290 tv,
2689 3224 2807 3293 9.4),
2843 3224 3120 3278 imitantes
3160 3236 3417 3292 sponsam

104 3328 330 3400 signavit
347 3322 975 3401 (Mattli.x,30).Fru5Ira
991 3335 1118 3389 ergo
1134 3316 1398 3372 munerati
1415 3322 1538 3367 sunt
1551 3314 1594 3367 si
1608 3312 1701 3367 ali-

103 3423 309 3495 quando
326 3421 554 3493 perituri
573 3428 698 3473 sunt
719 3436 731 3471 :
748 3415 844 3472 sed
862 3429 968 3470 non
986 3420 1232 3483 pereunt,
1250 3409 1372 3480 quia
1388 3408 1439 3462 in
1455 3405 1701 3461 similitu-

102 3516 273 3573 dinem
296 3514 512 3571 Domini
527 3512 728 3569 Christi
743 3526 863 3566 cum
879 3507 1131 3563 omnibus
1148 3502 1405 3560 membris
1423 3513 1702 3557 resurrec-

102 3611 203 3667 turi
219 3623 430 3666 sumus.
459 3608 516 3664 Si
548 3605 694 3663 enim
727 3604 782 3659 in
803 3604 965 3658 istum
996 3602 1173 3672 ignem
1202 3594 1583 3666 temporalem,
1609 3590 1702 3661 qui

100 3720 251 3761 omne
273 3702 423 3776 quod
450 3700 679 3771 accipit,
704 3697 959 3763 absumit,
984 3693 1331 3762 omnipotens
1349 3688 1490 3743 Deus
1512 3694 1705 3758 poten-

102 3798 219 3852 tiam
234 3812 390 3852 suam
407 3796 460 3850 in
479 3795 653 3849 tribus
666 3791 845 3862 pueris
862 3786 1121 3851 ostendit,
1145 3783 1237 3856 qui
1258 3783 1312 3838 in
1326 3779 1540 3837 camino
1563 3779 1704 3849 ignis

100 3890 338 3947 ardentis
366 3886 598 3957 capillos
620 3900 809 3941 eorum
835 3885 1068 3937 intactos
1098 3876 1399 3934 reservavit
1431 3873 1593 3946 (Dan.
1620 3886 1701 3938 ttt,

99 3984 213 4053 50);
237 3984 290 4039 itt
320 3980 726 4037 resurrectione
756 3977 982 4045 capillos
1013 3984 1230 4030 nostros
1266 3989 1370 4026 nou
1401 3968 1702 4024 resuscita-

100 4077 170 4133 bit
188 4079 208 4132 ?
229 4075 607 4133 Resnscitabit
629 4074 786 4144 plane
807 4071 926 4127 sine
947 4069 1130 4135 aliquo
1168 4074 1462 4137 augmento
1488 4061 1572 4117 vel
1608 4059 1701 4115 de-

101 4170 372 4225 trimento.
399 4166 556 4223 Nulla
576 4182 707 4237 ergo
731 4166 781 4219 in
813 4161 1221 4219 resurrectione
1246 4154 1586 4213 mortuorum
1615 4169 1706 4206 ra-

103 4266 252 4322 rietas
276 4276 303 4304 ε
330 4276 423 4321 aut
445 4264 749 4320 diﬂ'erentia
775 4264 899 4327 erit,
920 4261 1059 4316 sicut
1082 4273 1225 4313 nunc
1249 4255 1453 4326 fragilis
1474 4256 1525 4308 in
1548 4252 1705 4308 nobis

100 4366 177 4415 est
192 4357 376 4414 carnis
398 4357 708 4420 iulirmitas,
732 4370 852 4424 qua:
876 4354 957 4408 sui
982 4351 1168 4407 oneris
1191 4350 1333 4405 mole
1356 4346 1701 4416 deprimitur,

108 4449 122 4488 ί
149 4468 258 4523 quae
284 4451 522 4513 fucatur.
546 4448 800 4514 laedatur,
830 4455 1085 4513 caecatur,
1113 4445 1422 4516 injuriatur,
1451 4444 1706 4497 vulnera-

103 4555 198 4614 tur,
241 4556 492 4612 sanatur,
532 4545 780 4609 moritur,
808 4541 1202 4611 corrumpitur,
1237 4548 1291 4595 et
1320 4539 1372 4593 in
1408 4549 1609 4591 terram
1640 4550 1703 4591 ac

1805 3325 2211 3396 ejusdicenlem
2240 3333 2402 3378 nocte
2434 3340 2447 3375 :
2478 3320 2707 3375 Exuinte
2734 3320 2959 3373 tunicam
2990 3334 3179 3382 meam,
3204 3331 3420 3387 quomo-

1806 3419 1871 3473 do
1898 3418 2089 3472 induar
2118 3418 2266 3471 illuni
2296 3416 2320 3469 Ζ)
2350 3414 2478 3469 Lari
2508 3415 2662 3485 pedes
2692 3430 2849 3477 meos,
2884 3413 3141 3483 quomodo
3169 3412 3414 3483 inquina-

1805 3511 1867 3566 bo
1897 3511 2019 3565 illos
2050 3508 2227 3581 (Cant.
2258 3524 2311 3573 v,
2340 3508 2436 3578 5)?

1876 3602 2103 3659 CAPUT
2144 3600 2359 3656 XXVII.
2386 3632 2456 3642 —
2484 3600 2497 3637 ¹
2540 3601 2690 3655 Hauc
2721 3615 2855 3671 ergo
2886 3596 3191 3667 majestatis
3220 3611 3282 3650 ac
3315 3611 3416 3664 po-

1806 3696 1990 3751 tentia:
2015 3702 2210 3758 artem,
2236 3692 2287 3747 id
2315 3702 2419 3757 est,
2445 3692 2902 3747 resurrectionem
2931 3687 3126 3758 figulus
3150 3687 3242 3742 ille
3266 3688 3419 3752 facit,

1805 3790 1894 3861 qui
1926 3804 2021 3860 per
2049 3788 2373 3843 Hieremiam
2408 3785 2729 3856 prophetam
2762 3783 2828 3837 ad
2865 3781 3121 3853 populum
3178 3779 3419 3848 loquitur

1806 3894 2168 3956 peccatorcm,
2196 3881 2386 3937 dicens
2431 3898 2444 3933 :
2480 3879 2752 3949 Numquid
2792 3878 2921 3931 sicut
2950 3874 3163 3948 ﬁgulus,
3195 3873 3289 3927 iste
3313 3889 3417 3926 non

1806 3988 1984 4048 potero
2009 3986 2049 4011 ηι
2093 3991 2181 4029 vos
2211 3976 2496 4045 reformare
2523 3988 2583 4024 ac
2627 3971 2979 4038 redintegrare
3033 3965 3216 4019 domus
3247 3961 3421 4018 Israel

1807 4068 2025 4143 (Jerem.
2057 4083 2205 4134 xvrtt,
2243 4064 2295 4135 6)
2320 4066 2344 4120 2
2373 4064 2474 4133 Qtti
2502 4064 2670 4119 etiam
2705 4061 2843 4115 hanc
2884 4058 3186 4113 mirabilem
3219 4055 3422 4125 majes-

1807 4163 1931 4217 tatis
1956 4176 2070 4216 sua:
2101 4169 2127 4197 ιλ
2161 4174 2381 4229 operam
2415 4158 2467 4212 in
2519 4172 2680 4211 manu
2710 4154 2881 4224 Moysi
2939 4150 3173 4207 ostendit
3204 4146 3419 4219 (Exod.

1806 4271 1879 4321 tv,
1903 4254 1936 4310 6
1965 4266 2011 4310 et
2040 4250 2114 4326 7),
2150 4266 2310 4323 quam
2339 4253 2393 4305 iu
2422 4249 2664 4304 candore
2693 4255 2955 4301 mutatam
2986 4244 3245 4313 deinceps
3271 4243 3419 4297 colo-

1808 4350 1851 4406 ri
1897 4350 2124 4419 pristino
2157 4345 2418 4401 restituit.
2445 4342 2551 4399 Sed
2580 4352 2633 4397 et
2664 4342 2840 4411 ipsum
2873 4334 3293 4393 resurrectionis
3324 4349 3424 4389 vo-

1805 4442 2057 4497 cabulum
2086 4451 2273 4511 aperte
2317 4436 2607 4507 signiﬁcat,
2646 4448 2751 4487 non
2798 4430 2945 4487 aliud
2980 4433 3142 4497 tttori,
3176 4436 3232 4484 cl
3273 4427 3420 4482 aliud

1808 4533 2139 4590 resuscitari.
2197 4529 2351 4598 Quod
2402 4542 2535 4598 ergo
2580 4526 2632 4581 iu
2686 4524 2907 4578 ltumiuc
2940 4520 3197 4586 moritur,
3232 4519 3335 4575 hoc
3367 4526 3424 4575 et

102 4641 371 4710 pulverem
394 4646 817 4703 revocatur;8et
838 4646 1017 4691 tamen
1047 4642 1168 4703 post
1189 4632 1305 4687 hate
1327 4631 1509 4686 omnia
1537 4630 1589 4684 in
1615 4628 1704 4683 die
1729 4618 1781 4678 D
1810 4628 2132 4684 viviﬁcalur.
2172 4624 2248 4679 lta
2273 4637 2403 4693 ergo
2446 4619 2746 4675 secundum
2777 4616 3237 4671 resurrectionem
3268 4628 3421 4667 mor-

97 4736 266 4805 jndicii
294 4738 350 4791 in
374 4733 640 4806 simplicis
660 4732 829 4803 gloria
851 4730 1009 4801 primi
1030 4728 1158 4785 Adae
1183 4737 1344 4797 atque
1358 4724 1587 4781 secundi
1610 4738 1697 4778 re-

102 4830 431 4888 formabitur.
467 4829 603 4886 Vera
632 4842 764 4899 ergo
796 4827 847 4881 in
879 4840 1045 4881 carne
1077 4821 1406 4878 resurrectio
1452 4827 1695 4875 mortuo-

102 4940 224 4993 rum,
257 4934 427 4996 atqne
457 4922 747 4978 diversitas
777 4934 942 4977 sexus
970 4917 1072 4974 erit
1098 4916 1218 4971 sine
1242 4929 1409 4985 opere
1433 4913 1616 4969 carnis
1640 4921 1695 4967 et

164 5050 185 5078 ³
220 5040 425 5096 Eadem
461 5039 620 5095 Rom.
645 5038 781 5095 edit.
810 5080 824 5100 .
882 5052 1003 5109 ergo
1031 5035 1209 5090 die....
1244 5047 1335 5087 nec
1364 5032 1497 5086 inter
1520 5046 1575 5085 se
1600 5045 1687 5083 va-

101 5112 291 5167 riabunt
324 5124 570 5183 tempore,
600 5120 889 5183 neegwtate.

165 5184 188 5223 δ
226 5176 438 5240 Εςιιιειιί
460 5176 616 5237 Rom.
650 5181 785 5238 edit.
806 5224 821 5247 ,
846 5188 1048 5235 natum
1085 5176 1389 5245 resumptio.

164 5261 184 5290 °
218 5256 421 5312 Eadem
460 5256 621 5310 Rom.
654 5245 816 5320 edit.,
866 5268 986 5307 nam
1025 5250 1192 5305 omnis
1236 5264 1380 5313 caro,
1423 5245 1699 5315 omniaque

103 5331 307 5383 membra
336 5328 513 5382 eadem
540 5343 741 5394 unaque
770 5330 900 5397 fore.

164 5398 409 5456 d"Eadem
438 5399 597 5455 Rom.
620 5396 779 5462 edit.,
804 5396 1111 5464 nuptialem,
1139 5407 1254 5460 qum
1285 5406 1389 5464 una
1415 5399 1543 5454 erat,
1589 5397 1697 5444 etc.

168 5482 188 5509 °
218 5471 417 5527 Eadem
457 5470 616 5525 Rom.
648 5470 805 5535 edit.,
836 5462 924 5523 aut
951 5464 1234 5536 deperditio
1263 5462 1379 5517 erit.

1807 4729 2021 4777 tuorum
2054 4732 2079 4754 υ
2135 4732 2234 4772 nec
2264 4730 2385 4770 cum
2416 4723 2587 4779 errat,
2621 4713 2852 4783 ignorat.
2890 4709 3215 4763 Vulneratus
3264 4704 3419 4761 deni-

1802 4832 1908 4887 que
1938 4826 1964 4865 r
1995 4814 2083 4869 ille
2112 4812 2317 4868 teneris
2358 4807 2764 4864 lliericuntinus
2804 4804 2960 4869 (Luc.
2996 4820 3026 4858 χ
3055 4846 3070 4868 ,
3110 4800 3221 4871 54)
3270 4810 3421 4855 totus

1804 4907 2039 4965 refertur
2064 4905 2131 4961 ad
2176 4903 2471 4969 stabulum,
2504 4910 2558 4956 et
2597 4900 2921 4955 delictorum
2971 4897 3140 4968 plagae
3171 4909 3269 4965 per
3316 4892 3417 4947 mi-

1796 5024 2076 5095 imaginem
2105 5037 2136 5074 a
2158 5017 2477 5095 glarilatejn
2503 5017 2789 5095 claritatem
2819 5017 3268 5095 transformentur.

1873 5087 2129 5149 iandem
2158 5090 2316 5146 Rom.
2343 5090 2496 5155 edit.,
2521 5089 2721 5161 peccati
2742 5087 2985 5161 pallium.

1878 5164 1903 5204 ¹ί
1938 5165 2136 5221 Eadem
2167 5163 2326 5218 Rom.
2354 5158 2823 5228 edit.,induamus
2845 5158 3125 5212 hominem.

1879 5237 1897 5276 ι
1945 5238 2145 5292 Eadem
2174 5236 2333 5289 Rom.
2366 5227 2523 5300 edit.,
2560 5232 2675 5287 Hoc
2695 5227 3199 5303 emensam/icium.

1874 5320 1914 5347 ω
1946 5309 2145 5364 Eadem
2170 5305 2329 5362 Rom.
2360 5295 2519 5371 edit.,
2543 5304 2711 5374 facere
2734 5295 2842 5365 eos,
2874 5295 3053 5353 domus
3078 5295 3264 5363 Israel,
3291 5295 3413 5350 dicit

1808 5381 2141 5508 Delml'Cnalgem
2171 5448 2330 5504 Rom.
2360 5448 2517 5513 edit.,
2571 5446 2963 5515 potentiam.....
2991 5439 3409 5515 quandoquidem

1799 5528 1853 5583 in
1880 5528 2039 5595 lepra?
2062 5522 2337 5578 candorem
2359 5513 2627 5590 confestim
2653 5516 2795 5571 illam
2830 5517 3040 5568 mutavit
3067 5529 3085 5568 :
3118 5529 3236 5567 mox
3270 5513 3409 5568 colo-

1801 5610 2124 5725 ηόθὲῗιιιθιιι
2153 5665 2313 5721 Rom.
2341 5662 2499 5725 edit.,
2527 5660 2583 5714 id
2608 5659 2745 5727 quod
2766 5668 2896 5722 erat,
2926 5661 3169 5786 resurgit.

1872 5754 1899 5786 ιτ
1941 5742 2141 5786 Rullum
2185 5737 2345 5786 Rom.
2391 5734 2560 5786 edit..
2600 5730 2991 5786 Hirricuntinus
3032 5734 3123 5786 ile
3165 5763 3169 5783 4

1872 5754 1899 5793 ιν
1941 5742 2141 5797 Eadem
2185 5737 2345 5791 Rom.
2391 5734 2560 5798 edit.,
2600 5730 2991 5786 Hicricuntinus
3032 5730 3123 5787 ille
3165 5734 3406 5788 continuo

1798 5819 1963 5887 fertur
1996 5813 2063 5887 ad
2099 5809 2479 5866 stabulum.....
2529 5820 2633 5887 per.
2669 5803 2987 5887 Samaritani
3012 5804 3156 5862 illius
3184 5807 3406 5877 gratiam

1796 5874 2096 5944 miserearis.
2220 5892 2471 5952 suspensa
2496 5874 2767 5950 pendebat.

169 5542 185 5579 ί
212 5543 348 5615 Reg.
382 5544 653 5611 cod..qua:
674 5542 907 5615 fugatur,
940 5537 1174 5615 sedatur.

167 5625 188 5660 κ
209 5605 364 5669 Rom.
412 5605 567 5677 edit.,
617 5605 707 5667 sed
734 5605 787 5668 in
816 5605 901 5667 die
921 5609 1115 5684 judicii
1141 5610 1196 5662 in
1218 5605 1463 5684 simplici
1509 5613 1699 5660 natura

107 5687 237 5756 primi
268 5687 417 5747 Adda.
445 5695 597 5755 atque
623 5687 677 5739 in
714 5680 934 5740 secundi
949 5681 1115 5755 gloria
1141 5680 1532 5756 reformabitur.

167 5756 192 5795 λ
212 5759 410 5821 Eadem
447 5750 601 5817 Rom.
630 5756 788 5822 edit.,
814 5750 1286 5827 piscibusmaris‘et
1318 5750 1611 5827 fluminum.

131 5870 149 5901 ,τ
177 5820 421 5886 iEadem
463 5829 621 5885 Rom.
648 5820 824 5901 edit...
847 5837 921 5897 ut,
950 5836 999 5881 et
1017 5825 1088 5898 .in
1117 5823 1339 5899 nouitate
1366 5825 1483 5901 uita:
1513 5820 1695 5901 antiit;-i

113 5884 277 5974 iantes,
295 5902 491 5959 τηου..
515 5884 568 5959 in
592 5884 758 5967 uoltis,
783 5884 829 5956 et
852 5884 1169 5967 t'Eittrgetttes
1189 5896 1218 5951 α
1240 5884 1482 5965 mortuis,
1505 5892 1559 5948 in
1582 5884 1693 5960 ejus
