  <div class='ocr_page' id='page_1' title='image "/cluster/home/n/w/nwhite01/storage/ocr_20150623/17/hvd.32044015471329/275.png"; bbox 0 0 3970 6316; ppageno 0'>
   <div class='ocr_carea' id='block_1_1' title="bbox 566 277 674 334">
    <p class='ocr_par' dir='ltr' id='par_1_1' title="bbox 566 277 674 334">
     <span class='ocr_line' id='line_1_1' title="bbox 566 277 674 334; baseline -0.009 0"><span class='ocrx_word' id='word_1_1' title='bbox 566 277 674 334; x_wconf 73' lang='lat'><strong>533</strong></span> 
     </span>
    </p>
   </div>
   <div class='ocr_carea' id='block_1_2' title="bbox 1498 255 3785 360">
    <p class='ocr_par' dir='ltr' id='par_1_2' title="bbox 1498 255 3785 360">
     <span class='ocr_line' id='line_1_2' title="bbox 1498 255 3785 360; baseline 0.01 -25"><span class='ocrx_word' id='word_1_2' title='bbox 1498 279 1592 336; x_wconf 83' lang='lat' dir='ltr'><strong>AD</strong></span> <span class='ocrx_word' id='word_1_3' title='bbox 1629 279 1859 338; x_wconf 65' lang='lat' dir='ltr'><strong>orans</strong></span> <span class='ocrx_word' id='word_1_4' title='bbox 1909 280 2152 339; x_wconf 79' lang='lat' dir='ltr'><strong>SANCTI</strong></span> <span class='ocrx_word' id='word_1_5' title='bbox 2194 255 2520 343; x_wconf 67' lang='lat' dir='ltr'><strong>annnosn</strong></span> <span class='ocrx_word' id='word_1_6' title='bbox 2561 287 2926 346; x_wconf 77' lang='lat' dir='ltr'><strong>APPENDIX.</strong></span> <span class='ocrx_word' id='word_1_7' title='bbox 3705 299 3785 360; x_wconf 80' lang='lat' dir='ltr'><strong>sto</strong></span> 
     </span>
    </p>
   </div>
   <div class='ocr_carea' id='block_1_3' title="bbox 562 397 3786 488">
    <p class='ocr_par' dir='ltr' id='par_1_3' title="bbox 562 397 3786 488">
     <span class='ocr_line' id='line_1_3' title="bbox 562 397 3786 488; baseline 0.003 -34"><span class='ocrx_word' id='word_1_8' title='bbox 562 400 790 454; x_wconf 61' lang='lat' dir='ltr'><strong>semotis</strong></span> <span class='ocrx_word' id='word_1_9' title='bbox 818 397 1045 472; x_wconf 85' lang='lat' dir='ltr'><strong>gratiam</strong></span> <span class='ocrx_word' id='word_1_10' title='bbox 1099 399 1513 457; x_wconf 88' lang='lat' dir='ltr'><strong>immortalitate</strong></span> <span class='ocrx_word' id='word_1_11' title='bbox 1544 415 1826 458; x_wconf 80' lang='lat' dir='ltr'><strong>sanantur.</strong></span> <span class='ocrx_word' id='word_1_12' title='bbox 1870 403 2160 476; x_wconf 79' lang='lat' dir='ltr'><strong>Propltetia</strong></span> <span class='ocrx_word' id='word_1_13' title='bbox 2197 411 2238 468; x_wconf 78' lang='grc' dir='ltr'><strong>Λ</strong></span> <span class='ocrx_word' id='word_1_14' title='bbox 2269 407 2492 464; x_wconf 88' lang='lat' dir='ltr'><strong>bibituri</strong></span> <span class='ocrx_word' id='word_1_15' title='bbox 2554 409 2602 463; x_wconf 91' lang='lat' dir='ltr'><strong>in</strong></span> <span class='ocrx_word' id='word_1_16' title='bbox 2647 425 2812 482; x_wconf 82' lang='lat' dir='ltr'><strong>regno</strong></span> <span class='ocrx_word' id='word_1_17' title='bbox 2866 407 3148 478; x_wconf 72' lang='lat' dir='ltr'><strong>caelorum,</strong></span> <span class='ocrx_word' id='word_1_18' title='bbox 3207 409 3342 462; x_wconf 82' lang='lat' dir='ltr'><strong>sicut</strong></span> <span class='ocrx_word' id='word_1_19' title='bbox 3370 415 3421 466; x_wconf 89' lang='lat' dir='ltr'><strong>et</strong></span> <span class='ocrx_word' id='word_1_20' title='bbox 3447 407 3674 470; x_wconf 85' lang='lat' dir='ltr'><strong>Dominus</strong></span> <span class='ocrx_word' id='word_1_21' title='bbox 3695 429 3786 488; x_wconf 56' lang='lat' dir='ltr'><strong>post</strong></span> 
     </span>
    </p>
   </div>
   <div class='ocr_carea' id='block_1_4' title="bbox 562 491 2168 563">
    <p class='ocr_par' dir='ltr' id='par_1_4' title="bbox 562 491 2168 563">
     <span class='ocr_line' id='line_1_4' title="bbox 562 491 2168 563; baseline 0.004 -15"><span class='ocrx_word' id='word_1_22' title='bbox 562 507 687 558; x_wconf 74' lang='lat' dir='ltr'><strong>0.th</strong></span> <span class='ocrx_word' id='word_1_23' title='bbox 717 535 733 559; x_wconf 91' lang='lat'><strong>,</strong></span> <span class='ocrx_word' id='word_1_24' title='bbox 775 505 894 563; x_wconf 70' lang='lat' dir='ltr'><strong>qua:</strong></span> <span class='ocrx_word' id='word_1_25' title='bbox 936 491 1207 563; x_wconf 89' lang='lat' dir='ltr'><strong>pendebat</strong></span> <span class='ocrx_word' id='word_1_26' title='bbox 1249 509 1375 550; x_wconf 85' lang='lat' dir='ltr'><strong>vere</strong></span> <span class='ocrx_word' id='word_1_27' title='bbox 1414 495 1466 549; x_wconf 93' lang='lat' dir='ltr'><strong>in</strong></span> <span class='ocrx_word' id='word_1_28' title='bbox 1510 497 1725 553; x_wconf 83' lang='lat' dir='ltr'><strong>Domini</strong></span> <span class='ocrx_word' id='word_1_29' title='bbox 1765 497 1964 554; x_wconf 59' lang='lat' dir='ltr'><strong>Clu-isti</strong></span> <span class='ocrx_word' id='word_1_30' title='bbox 2004 513 2168 555; x_wconf 87' lang='lat' dir='ltr'><strong>carne</strong></span> 
     </span>
    </p>
   </div>
   <div class='ocr_carea' id='block_1_5' title="bbox 560 585 2169 665">
    <p class='ocr_par' dir='ltr' id='par_1_5' title="bbox 560 585 2169 665">
     <span class='ocr_line' id='line_1_5' title="bbox 560 585 2169 665; baseline 0.006 -23"><span class='ocrx_word' id='word_1_31' title='bbox 560 587 825 658; x_wconf 79' lang='lat' dir='ltr'><strong>completa</strong></span> <span class='ocrx_word' id='word_1_32' title='bbox 843 595 947 652; x_wconf 89' lang='lat' dir='ltr'><strong>est,</strong></span> <span class='ocrx_word' id='word_1_33' title='bbox 973 603 1132 658; x_wconf 91' lang='lat' dir='ltr'><strong>quam</strong></span> <span class='ocrx_word' id='word_1_34' title='bbox 1157 585 1395 658; x_wconf 80' lang='lat' dir='ltr'><strong>Spiritus</strong></span> <span class='ocrx_word' id='word_1_35' title='bbox 1421 602 1644 648; x_wconf 82' lang='lat' dir='ltr'><strong>sanctus</strong></span> <span class='ocrx_word' id='word_1_36' title='bbox 1669 609 1768 649; x_wconf 92' lang='lat' dir='ltr'><strong>nos</strong></span> <span class='ocrx_word' id='word_1_37' title='bbox 1791 595 2014 665; x_wconf 84' lang='lat' dir='ltr'><strong>cupiens</strong></span> <span class='ocrx_word' id='word_1_38' title='bbox 2041 593 2169 650; x_wconf 88' lang='lat' dir='ltr'><strong>cdo—</strong></span> 
     </span>
    </p>
   </div>
   <div class='ocr_carea' id='block_1_6' title="bbox 563 681 2168 760">
    <p class='ocr_par' dir='ltr' id='par_1_6' title="bbox 563 681 2168 760">
     <span class='ocr_line' id='line_1_6' title="bbox 563 681 2168 760; baseline 0.004 -23"><span class='ocrx_word' id='word_1_39' title='bbox 563 695 687 737; x_wconf 66' lang='lat' dir='ltr'><strong>Ct‘l&#39;tt</strong></span> <span class='ocrx_word' id='word_1_40' title='bbox 719 681 929 736; x_wconf 90' lang='lat' dir='ltr'><strong>locutus</strong></span> <span class='ocrx_word' id='word_1_41' title='bbox 955 691 1074 748; x_wconf 88' lang='lat' dir='ltr'><strong>est;</strong></span> <span class='ocrx_word' id='word_1_42' title='bbox 1130 681 1203 737; x_wconf 92' lang='lat' dir='ltr'><strong>ait</strong></span> <span class='ocrx_word' id='word_1_43' title='bbox 1234 686 1376 739; x_wconf 84' lang='lat' dir='ltr'><strong>enim</strong></span> <span class='ocrx_word' id='word_1_44' title='bbox 1413 703 1425 740; x_wconf 90' lang='lat'><strong>:</strong></span> <span class='ocrx_word' id='word_1_45' title='bbox 1463 687 1592 754; x_wconf 76' lang='lat' dir='ltr'><strong>Qua:</strong></span> <span class='ocrx_word' id='word_1_46' title='bbox 1619 697 1690 741; x_wconf 82' lang='lat' dir='ltr'><strong>est</strong></span> <span class='ocrx_word' id='word_1_47' title='bbox 1747 689 1847 742; x_wconf 86' lang='lat' dir='ltr'><strong>ista</strong></span> <span class='ocrx_word' id='word_1_48' title='bbox 1879 729 1892 754; x_wconf 92' lang='lat'><strong>,</strong></span> <span class='ocrx_word' id='word_1_49' title='bbox 1942 705 2056 760; x_wconf 76' lang='lat' dir='ltr'><strong>qua:</strong></span> <span class='ocrx_word' id='word_1_50' title='bbox 2085 707 2168 744; x_wconf 87' lang='lat' dir='ltr'><strong>as-</strong></span> 
     </span>
    </p>
   </div>
   <div class='ocr_carea' id='block_1_7' title="bbox 565 771 2168 852">
    <p class='ocr_par' dir='ltr' id='par_1_7' title="bbox 565 771 2168 852">
     <span class='ocr_line' id='line_1_7' title="bbox 565 771 2168 852; baseline 0.006 -24"><span class='ocrx_word' id='word_1_51' title='bbox 565 773 736 828; x_wconf 71' lang='lat' dir='ltr'><strong>cendit</strong></span> <span class='ocrx_word' id='word_1_52' title='bbox 775 771 1046 840; x_wconf 83' lang='lat' dir='ltr'><strong>dealbatu,</strong></span> <span class='ocrx_word' id='word_1_53' title='bbox 1090 777 1312 830; x_wconf 78' lang='lat' dir='ltr'><strong>innitens</strong></span> <span class='ocrx_word' id='word_1_54' title='bbox 1349 795 1508 848; x_wconf 80' lang='lat' dir='ltr'><strong>supra</strong></span> <span class='ocrx_word' id='word_1_55' title='bbox 1547 779 1850 852; x_wconf 80' lang='lat' dir='ltr'><strong>fratruelem</strong></span> <span class='ocrx_word' id='word_1_56' title='bbox 1887 797 2032 835; x_wconf 85' lang='lat' dir='ltr'><strong>suum</strong></span> <span class='ocrx_word' id='word_1_57' title='bbox 2064 824 2078 846; x_wconf 94' lang='lat'><strong>,</strong></span> <span class='ocrx_word' id='word_1_58' title='bbox 2123 789 2168 837; x_wconf 85' lang='lat' dir='ltr'><strong>el</strong></span> 
     </span>
    </p>
   </div>
   <div class='ocr_carea' id='block_1_8' title="bbox 563 865 2168 940">
    <p class='ocr_par' dir='ltr' id='par_1_8' title="bbox 563 865 2168 940">
     <span class='ocr_line' id='line_1_8' title="bbox 563 865 2168 940; baseline 0.008 -20"><span class='ocrx_word' id='word_1_59' title='bbox 563 865 764 921; x_wconf 74' lang='lat' dir='ltr'><strong>deliciis</strong></span> <span class='ocrx_word' id='word_1_60' title='bbox 791 865 1041 940; x_wconf 69' lang='lat' dir='ltr'><strong>afﬂuens?</strong></span> <span class='ocrx_word' id='word_1_61' title='bbox 1063 867 1131 924; x_wconf 87' lang='lat' dir='ltr'><strong>Et</strong></span> <span class='ocrx_word' id='word_1_62' title='bbox 1157 871 1352 926; x_wconf 89' lang='lat' dir='ltr'><strong>iterum</strong></span> <span class='ocrx_word' id='word_1_63' title='bbox 1381 889 1392 925; x_wconf 94' lang='lat'>:</span> <span class='ocrx_word' id='word_1_64' title='bbox 1427 869 1722 928; x_wconf 79' lang='lat' dir='ltr'><strong>Frotruelis</strong></span> <span class='ocrx_word' id='word_1_65' title='bbox 1752 891 1894 929; x_wconf 85' lang='lat' dir='ltr'><strong>meus</strong></span> <span class='ocrx_word' id='word_1_66' title='bbox 1915 875 2168 932; x_wconf 82' lang='lat' dir='ltr'><strong>candidus</strong></span> 
     </span>
    </p>
   </div>
   <div class='ocr_carea' id='block_1_9' title="bbox 558 957 2169 1042">
    <p class='ocr_par' dir='ltr' id='par_1_9' title="bbox 558 957 2169 1042">
     <span class='ocr_line' id='line_1_9' title="bbox 558 957 2169 1042; baseline 0.007 -29"><span class='ocrx_word' id='word_1_67' title='bbox 558 969 604 1014; x_wconf 81' lang='lat' dir='ltr'><strong>et</strong></span> <span class='ocrx_word' id='word_1_68' title='bbox 633 957 954 1016; x_wconf 73' lang='lat' dir='ltr'><strong>rubicundus</strong></span> <span class='ocrx_word' id='word_1_69' title='bbox 978 960 1151 1034; x_wconf 86' lang='lat' dir='ltr'><strong>(Cant.</strong></span> <span class='ocrx_word' id='word_1_70' title='bbox 1187 981 1302 1031; x_wconf 83' lang='lat' dir='ltr'><strong>vnt,</strong></span> <span class='ocrx_word' id='word_1_71' title='bbox 1331 963 1403 1030; x_wconf 85' lang='lat'><strong>5;</strong></span> <span class='ocrx_word' id='word_1_72' title='bbox 1441 981 1492 1032; x_wconf 86' lang='lat' dir='ltr'><strong>v,</strong></span> <span class='ocrx_word' id='word_1_73' title='bbox 1527 967 1636 1037; x_wconf 81' lang='lat' dir='ltr'><strong>l0).</strong></span> <span class='ocrx_word' id='word_1_74' title='bbox 1673 967 2026 1025; x_wconf 81' lang='lat' dir='ltr'><strong>Rubicuudus</strong></span> <span class='ocrx_word' id='word_1_75' title='bbox 2069 971 2169 1042; x_wconf 82' lang='lat' dir='ltr'><strong>igi-</strong></span> 
     </span>
    </p>
   </div>
   <div class='ocr_carea' id='block_1_10' title="bbox 557 1055 2166 1126">
    <p class='ocr_par' dir='ltr' id='par_1_10' title="bbox 557 1055 2166 1126">
     <span class='ocr_line' id='line_1_10' title="bbox 557 1055 2166 1126; baseline 0.009 -18"><span class='ocrx_word' id='word_1_76' title='bbox 557 1061 644 1109; x_wconf 90' lang='lat' dir='ltr'><strong>tur</strong></span> <span class='ocrx_word' id='word_1_77' title='bbox 697 1069 759 1110; x_wconf 84' lang='lat' dir='ltr'><strong>ex</strong></span> <span class='ocrx_word' id='word_1_78' title='bbox 807 1055 1184 1112; x_wconf 78' lang='lat' dir='ltr'><strong>incarnatione</strong></span> <span class='ocrx_word' id='word_1_79' title='bbox 1213 1101 1226 1124; x_wconf 91' lang='lat'><strong>,</strong></span> <span class='ocrx_word' id='word_1_80' title='bbox 1257 1055 1520 1115; x_wconf 88' lang='lat' dir='ltr'><strong>candidus</strong></span> <span class='ocrx_word' id='word_1_81' title='bbox 1549 1069 1732 1117; x_wconf 87' lang='lat' dir='ltr'><strong>autem</strong></span> <span class='ocrx_word' id='word_1_82' title='bbox 1762 1079 1824 1118; x_wconf 86' lang='lat' dir='ltr'><strong>ex</strong></span> <span class='ocrx_word' id='word_1_83' title='bbox 1859 1063 2166 1126; x_wconf 73' lang='lat' dir='ltr'><strong>divinitate.</strong></span> 
     </span>
    </p>
   </div>
   <div class='ocr_carea' id='block_1_11' title="bbox 553 1143 2166 1230">
    <p class='ocr_par' dir='ltr' id='par_1_11' title="bbox 553 1143 2166 1230">
     <span class='ocr_line' id='line_1_11' title="bbox 553 1143 2166 1230; baseline 0.008 -30"><span class='ocrx_word' id='word_1_84' title='bbox 553 1143 710 1214; x_wconf 83' lang='lat' dir='ltr'><strong>Quod</strong></span> <span class='ocrx_word' id='word_1_85' title='bbox 763 1147 833 1202; x_wconf 88' lang='lat' dir='ltr'><strong>ita</strong></span> <span class='ocrx_word' id='word_1_86' title='bbox 867 1163 987 1204; x_wconf 87' lang='lat' dir='ltr'><strong>esse</strong></span> <span class='ocrx_word' id='word_1_87' title='bbox 1019 1151 1340 1220; x_wconf 86' lang='lat' dir='ltr'><strong>comprobat</strong></span> <span class='ocrx_word' id='word_1_88' title='bbox 1370 1151 1556 1208; x_wconf 89' lang='lat' dir='ltr'><strong>beatus</strong></span> <span class='ocrx_word' id='word_1_89' title='bbox 1597 1153 1836 1212; x_wconf 77' lang='lat' dir='ltr'><strong>Joannes</strong></span> <span class='ocrx_word' id='word_1_90' title='bbox 1878 1157 2166 1230; x_wconf 82' lang='lat' dir='ltr'><strong>Evangeli-</strong></span> 
     </span>
    </p>
   </div>
   <div class='ocr_carea' id='block_1_12' title="bbox 552 1243 2168 1318">
    <p class='ocr_par' dir='ltr' id='par_1_12' title="bbox 552 1243 2168 1318">
     <span class='ocr_line' id='line_1_12' title="bbox 552 1243 2168 1318; baseline 0.007 -23"><span class='ocrx_word' id='word_1_91' title='bbox 552 1249 631 1296; x_wconf 87' lang='lat' dir='ltr'><strong>sta</strong></span> <span class='ocrx_word' id='word_1_92' title='bbox 670 1281 682 1304; x_wconf 91' lang='lat'><strong>,</strong></span> <span class='ocrx_word' id='word_1_93' title='bbox 715 1255 838 1296; x_wconf 88' lang='lat' dir='ltr'><strong>cum</strong></span> <span class='ocrx_word' id='word_1_94' title='bbox 871 1243 1004 1298; x_wconf 89' lang='lat' dir='ltr'><strong>dicit</strong></span> <span class='ocrx_word' id='word_1_95' title='bbox 1048 1243 1171 1314; x_wconf 87' lang='lat' dir='ltr'><strong>quia</strong></span> <span class='ocrx_word' id='word_1_96' title='bbox 1203 1259 1376 1316; x_wconf 86' lang='lat' dir='ltr'><strong>equus</strong></span> <span class='ocrx_word' id='word_1_97' title='bbox 1405 1261 1570 1316; x_wconf 89' lang='lat' dir='ltr'><strong>super</strong></span> <span class='ocrx_word' id='word_1_98' title='bbox 1600 1263 1760 1318; x_wconf 83' lang='lat' dir='ltr'><strong>quem</strong></span> <span class='ocrx_word' id='word_1_99' title='bbox 1809 1249 2032 1305; x_wconf 83' lang='lat' dir='ltr'><strong>sedebat</strong></span> <span class='ocrx_word' id='word_1_100' title='bbox 2064 1249 2168 1306; x_wconf 89' lang='lat' dir='ltr'><strong>Do-</strong></span> 
     </span>
    </p>
   </div>
   <div class='ocr_carea' id='block_1_13' title="bbox 557 1333 2168 1413">
    <p class='ocr_par' dir='ltr' id='par_1_13' title="bbox 557 1333 2168 1413">
     <span class='ocr_line' id='line_1_13' title="bbox 557 1333 2168 1413; baseline 0.007 -24"><span class='ocrx_word' id='word_1_101' title='bbox 557 1333 756 1402; x_wconf 85' lang='lat' dir='ltr'><strong>minus,</strong></span> <span class='ocrx_word' id='word_1_102' title='bbox 787 1335 992 1392; x_wconf 90' lang='lat' dir='ltr'><strong>rubeus</strong></span> <span class='ocrx_word' id='word_1_103' title='bbox 1017 1343 1137 1393; x_wconf 87' lang='lat' dir='ltr'><strong>erat</strong></span> <span class='ocrx_word' id='word_1_104' title='bbox 1157 1339 1342 1410; x_wconf 75' lang='lat' dir='ltr'><strong>(Apoc.</strong></span> <span class='ocrx_word' id='word_1_105' title='bbox 1386 1357 1457 1407; x_wconf 89' lang='lat' dir='ltr'><strong>vt,</strong></span> <span class='ocrx_word' id='word_1_106' title='bbox 1479 1341 1557 1413; x_wconf 65' lang='lat'><strong>4),</strong></span> <span class='ocrx_word' id='word_1_107' title='bbox 1580 1357 1780 1413; x_wconf 87' lang='lat' dir='ltr'><strong>corpus</strong></span> <span class='ocrx_word' id='word_1_108' title='bbox 1809 1339 2016 1400; x_wconf 83' lang='lat' dir='ltr'><strong>scilicet</strong></span> <span class='ocrx_word' id='word_1_109' title='bbox 2045 1362 2168 1401; x_wconf 87' lang='lat' dir='ltr'><strong>san—</strong></span> 
     </span>
    </p>
   </div>
   <div class='ocr_carea' id='block_1_14' title="bbox 558 1431 2170 1512">
    <p class='ocr_par' dir='ltr' id='par_1_14' title="bbox 558 1431 2170 1512">
     <span class='ocr_line' id='line_1_14' title="bbox 558 1431 2170 1512; baseline 0.005 -28"><span class='ocrx_word' id='word_1_110' title='bbox 558 1437 727 1496; x_wconf 90' lang='lat' dir='ltr'><strong>ctum,</strong></span> <span class='ocrx_word' id='word_1_111' title='bbox 753 1431 896 1500; x_wconf 89' lang='lat' dir='ltr'><strong>quod</strong></span> <span class='ocrx_word' id='word_1_112' title='bbox 918 1445 984 1484; x_wconf 90' lang='lat' dir='ltr'><strong>ex</strong></span> <span class='ocrx_word' id='word_1_113' title='bbox 1009 1445 1193 1486; x_wconf 87' lang='lat' dir='ltr'><strong>saneta</strong></span> <span class='ocrx_word' id='word_1_114' title='bbox 1215 1431 1436 1504; x_wconf 85' lang='lat' dir='ltr'><strong>Virgine</strong></span> <span class='ocrx_word' id='word_1_115' title='bbox 1452 1436 1768 1506; x_wconf 88' lang='lat' dir='ltr'><strong>assumpsit.</strong></span> <span class='ocrx_word' id='word_1_116' title='bbox 1805 1435 1900 1491; x_wconf 86' lang='lat' dir='ltr'><strong>Cui</strong></span> <span class='ocrx_word' id='word_1_117' title='bbox 1932 1439 1982 1493; x_wconf 92' lang='lat' dir='ltr'><strong>in</strong></span> <span class='ocrx_word' id='word_1_118' title='bbox 2007 1437 2170 1512; x_wconf 82' lang='lat'><strong>339</strong></span> 
     </span>
    </p>
   </div>
   <div class='ocr_carea' id='block_1_15' title="bbox 558 1525 2170 1604">
    <p class='ocr_par' dir='ltr' id='par_1_15' title="bbox 558 1525 2170 1604">
     <span class='ocr_line' id='line_1_15' title="bbox 558 1525 2170 1604; baseline 0.005 -22"><span class='ocrx_word' id='word_1_119' title='bbox 558 1525 714 1582; x_wconf 76' lang='lat' dir='ltr'><strong>cmlls</strong></span> <span class='ocrx_word' id='word_1_120' title='bbox 761 1527 1074 1584; x_wconf 91' lang='lat' dir='ltr'><strong>ascendenti</strong></span> <span class='ocrx_word' id='word_1_121' title='bbox 1127 1529 1326 1586; x_wconf 80' lang='lat' dir='ltr'><strong>dicitur</strong></span> <span class='ocrx_word' id='word_1_122' title='bbox 1355 1547 1369 1589; x_wconf 92' lang='lat'>:</span> <span class='ocrx_word' id='word_1_123' title='bbox 1404 1531 1530 1598; x_wconf 84' lang='lat' dir='ltr'><strong>Quis</strong></span> <span class='ocrx_word' id='word_1_124' title='bbox 1569 1544 1642 1588; x_wconf 88' lang='lat' dir='ltr'><strong>est</strong></span> <span class='ocrx_word' id='word_1_125' title='bbox 1683 1535 1794 1598; x_wconf 80' lang='lat' dir='ltr'><strong>iste,</strong></span> <span class='ocrx_word' id='word_1_126' title='bbox 1826 1537 1913 1604; x_wconf 85' lang='lat' dir='ltr'><strong>qui</strong></span> <span class='ocrx_word' id='word_1_127' title='bbox 1941 1538 2076 1590; x_wconf 77' lang='lat' dir='ltr'><strong>venit</strong></span> <span class='ocrx_word' id='word_1_128' title='bbox 2107 1535 2170 1590; x_wconf 87' lang='lat' dir='ltr'><strong>de</strong></span> 
     </span>
    </p>
   </div>
   <div class='ocr_carea' id='block_1_16' title="bbox 557 1617 2166 1695">
    <p class='ocr_par' dir='ltr' id='par_1_16' title="bbox 557 1617 2166 1695">
     <span class='ocr_line' id='line_1_16' title="bbox 557 1617 2166 1695; baseline 0.004 -21"><span class='ocrx_word' id='word_1_129' title='bbox 557 1617 728 1674; x_wconf 75' lang='lat' dir='ltr'><strong>Edoni</strong></span> <span class='ocrx_word' id='word_1_130' title='bbox 758 1621 929 1676; x_wconf 78' lang='lat' dir='ltr'><strong>tinctis</strong></span> <span class='ocrx_word' id='word_1_131' title='bbox 952 1623 1212 1677; x_wconf 70' lang='lat' dir='ltr'><strong>restibus&quot;</strong></span> <span class='ocrx_word' id='word_1_132' title='bbox 1239 1623 1302 1679; x_wconf 84' lang='lat' dir='ltr'><strong>de</strong></span> <span class='ocrx_word' id='word_1_133' title='bbox 1329 1625 1600 1694; x_wconf 79' lang='lat' dir='ltr'><strong>Bosra;et</strong></span> <span class='ocrx_word' id='word_1_134' title='bbox 1627 1645 1638 1680; x_wconf 90' lang='lat'>:</span> <span class='ocrx_word' id='word_1_135' title='bbox 1672 1627 1844 1695; x_wconf 85' lang='lat' dir='ltr'><strong>Quare</strong></span> <span class='ocrx_word' id='word_1_136' title='bbox 1863 1628 2074 1682; x_wconf 82' lang='lat' dir='ltr'><strong>rubrum</strong></span> <span class='ocrx_word' id='word_1_137' title='bbox 2096 1637 2166 1683; x_wconf 81' lang='lat' dir='ltr'><strong>est</strong></span> 
     </span>
    </p>
   </div>
   <div class='ocr_carea' id='block_1_17' title="bbox 556 1713 2168 1792">
    <p class='ocr_par' dir='ltr' id='par_1_17' title="bbox 556 1713 2168 1792">
     <span class='ocr_line' id='line_1_17' title="bbox 556 1713 2168 1792; baseline 0.006 -26"><span class='ocrx_word' id='word_1_138' title='bbox 556 1713 906 1768; x_wconf 69' lang='lat' dir='ltr'><strong>restituentth</strong></span> <span class='ocrx_word' id='word_1_139' title='bbox 937 1723 1076 1769; x_wconf 86' lang='lat' dir='ltr'><strong>tuum</strong></span> <span class='ocrx_word' id='word_1_140' title='bbox 1105 1727 1151 1770; x_wconf 84' lang='lat' dir='ltr'><strong>et</strong></span> <span class='ocrx_word' id='word_1_141' title='bbox 1175 1719 1472 1773; x_wconf 86' lang='lat' dir='ltr'><strong>indumenta</strong></span> <span class='ocrx_word' id='word_1_142' title='bbox 1494 1729 1582 1775; x_wconf 86' lang='lat' dir='ltr'><strong>tua</strong></span> <span class='ocrx_word' id='word_1_143' title='bbox 1610 1721 1758 1792; x_wconf 83' lang='lat' dir='ltr'><strong>quasi</strong></span> <span class='ocrx_word' id='word_1_144' title='bbox 1779 1721 2092 1777; x_wconf 83' lang='lat' dir='ltr'><strong>calcantitmt</strong></span> <span class='ocrx_word' id='word_1_145' title='bbox 2113 1723 2168 1776; x_wconf 85' lang='lat' dir='ltr'><strong>in</strong></span> 
     </span>
    </p>
   </div>
   <div class='ocr_carea' id='block_1_18' title="bbox 2275 505 3789 576">
    <p class='ocr_par' dir='ltr' id='par_1_18' title="bbox 2275 505 3789 576">
     <span class='ocr_line' id='line_1_18' title="bbox 2275 505 3789 576; baseline 0.003 -18"><span class='ocrx_word' id='word_1_146' title='bbox 2275 505 2749 572; x_wconf 82' lang='lat' dir='ltr'><strong>resurrectionem,</strong></span> <span class='ocrx_word' id='word_1_147' title='bbox 2777 515 2833 561; x_wconf 89' lang='lat' dir='ltr'><strong>ut</strong></span> <span class='ocrx_word' id='word_1_148' title='bbox 2851 521 3036 560; x_wconf 90' lang='lat' dir='ltr'><strong>verum</strong></span> <span class='ocrx_word' id='word_1_149' title='bbox 3061 517 3257 576; x_wconf 88' lang='lat' dir='ltr'><strong>corpus</strong></span> <span class='ocrx_word' id='word_1_150' title='bbox 3273 505 3578 570; x_wconf 72' lang='lat' dir='ltr'><strong>ostenderet,</strong></span> <span class='ocrx_word' id='word_1_151' title='bbox 3601 511 3789 567; x_wconf 79' lang='lat' dir='ltr'><strong>comedit</strong></span> 
     </span>
    </p>
   </div>
   <div class='ocr_carea' id='block_1_19' title="bbox 2273 595 3789 670">
    <p class='ocr_par' dir='ltr' id='par_1_19' title="bbox 2273 595 3789 670">
     <span class='ocr_line' id='line_1_19' title="bbox 2273 595 3789 670; baseline 0.005 -19"><span class='ocrx_word' id='word_1_152' title='bbox 2273 614 2335 652; x_wconf 91' lang='lat' dir='ltr'><strong>ac</strong></span> <span class='ocrx_word' id='word_1_153' title='bbox 2363 597 2519 664; x_wconf 90' lang='lat' dir='ltr'><strong>bibit,</strong></span> <span class='ocrx_word' id='word_1_154' title='bbox 2554 613 2616 654; x_wconf 87' lang='lat' dir='ltr'><strong>ac</strong></span> <span class='ocrx_word' id='word_1_155' title='bbox 2658 601 2794 656; x_wconf 84' lang='lat' dir='ltr'><strong>sicut</strong></span> <span class='ocrx_word' id='word_1_156' title='bbox 2827 598 3064 654; x_wconf 81' lang='lat' dir='ltr'><strong>Lazarus</strong></span> <span class='ocrx_word' id='word_1_157' title='bbox 3095 597 3277 670; x_wconf 85' lang='lat' dir='ltr'><strong>(Joan.</strong></span> <span class='ocrx_word' id='word_1_158' title='bbox 3331 613 3407 663; x_wconf 71' lang='grc' dir='ltr'><strong>ιι,</strong></span> <span class='ocrx_word' id='word_1_159' title='bbox 3439 595 3544 666; x_wconf 55' lang='lat' dir='ltr'><strong>si),</strong></span> <span class='ocrx_word' id='word_1_160' title='bbox 3567 611 3607 654; x_wconf 91' lang='lat' dir='ltr'><strong>et</strong></span> <span class='ocrx_word' id='word_1_161' title='bbox 3649 605 3789 659; x_wconf 67' lang='lat' dir='ltr'><strong>ceteri</strong></span> 
     </span>
    </p>
   </div>
   <div class='ocr_carea' id='block_1_20' title="bbox 2273 689 3790 766">
    <p class='ocr_par' dir='ltr' id='par_1_20' title="bbox 2273 689 3790 766">
     <span class='ocr_line' id='line_1_20' title="bbox 2273 689 3790 766; baseline 0.003 -18"><span class='ocrx_word' id='word_1_162' title='bbox 2273 709 2408 766; x_wconf 89' lang='lat' dir='ltr'><strong>quos</strong></span> <span class='ocrx_word' id='word_1_163' title='bbox 2428 693 2728 750; x_wconf 90' lang='lat' dir='ltr'><strong>suscitavit.</strong></span> <span class='ocrx_word' id='word_1_164' title='bbox 2755 693 3004 749; x_wconf 89' lang='lat' dir='ltr'><strong>Comedit</strong></span> <span class='ocrx_word' id='word_1_165' title='bbox 3031 709 3160 766; x_wconf 88' lang='lat' dir='ltr'><strong>ergo</strong></span> <span class='ocrx_word' id='word_1_166' title='bbox 3193 689 3467 758; x_wconf 80' lang='lat' dir='ltr'><strong>Dominus,</strong></span> <span class='ocrx_word' id='word_1_167' title='bbox 3493 705 3542 746; x_wconf 89' lang='lat' dir='ltr'><strong>nt</strong></span> <span class='ocrx_word' id='word_1_168' title='bbox 3569 695 3790 753; x_wconf 80' lang='lat' dir='ltr'><strong>veritatem</strong></span> 
     </span>
    </p>
   </div>
   <div class='ocr_carea' id='block_1_21' title="bbox 2273 777 3792 862">
    <p class='ocr_par' dir='ltr' id='par_1_21' title="bbox 2273 777 3792 862">
     <span class='ocr_line' id='line_1_21' title="bbox 2273 777 3792 862; baseline 0.003 -19"><span class='ocrx_word' id='word_1_169' title='bbox 2273 789 2518 858; x_wconf 89' lang='lat' dir='ltr'><strong>corporis</strong></span> <span class='ocrx_word' id='word_1_170' title='bbox 2557 787 2866 844; x_wconf 84' lang='lat' dir='ltr'><strong>ostenderet</strong></span> <span class='ocrx_word' id='word_1_171' title='bbox 2913 785 3063 862; x_wconf 84' lang='lat' dir='ltr'><strong>(Luc.</strong></span> <span class='ocrx_word' id='word_1_172' title='bbox 3110 801 3256 852; x_wconf 86' lang='lat' dir='ltr'><strong>xxtv,</strong></span> <span class='ocrx_word' id='word_1_173' title='bbox 3301 777 3418 858; x_wconf 70' lang='lat'><strong>43),</strong></span> <span class='ocrx_word' id='word_1_174' title='bbox 3469 793 3521 841; x_wconf 83' lang='lat' dir='ltr'><strong>et</strong></span> <span class='ocrx_word' id='word_1_175' title='bbox 3549 785 3792 848; x_wconf 80' lang='lat' dir='ltr'><strong>dubitantes</strong></span> 
     </span>
    </p>
   </div>
   <div class='ocr_carea' id='block_1_22' title="bbox 2273 881 3793 956">
    <p class='ocr_par' dir='ltr' id='par_1_22' title="bbox 2273 881 3793 956">
     <span class='ocr_line' id='line_1_22' title="bbox 2273 881 3793 956; baseline 0.001 -18"><span class='ocrx_word' id='word_1_176' title='bbox 2273 883 2549 956; x_wconf 85' lang='lat' dir='ltr'><strong>apostolos</strong></span> <span class='ocrx_word' id='word_1_177' title='bbox 2561 885 2930 951; x_wconf 77' lang='lat' dir='ltr'><strong>confirmaret,</strong></span> <span class='ocrx_word' id='word_1_178' title='bbox 2946 885 3034 954; x_wconf 86' lang='lat' dir='ltr'><strong>qui</strong></span> <span class='ocrx_word' id='word_1_179' title='bbox 3061 898 3181 937; x_wconf 92' lang='lat' dir='ltr'><strong>eum</strong></span> <span class='ocrx_word' id='word_1_180' title='bbox 3199 881 3446 952; x_wconf 84' lang='lat' dir='ltr'><strong>Spiritum</strong></span> <span class='ocrx_word' id='word_1_181' title='bbox 3463 895 3520 936; x_wconf 92' lang='lat' dir='ltr'><strong>ac</strong></span> <span class='ocrx_word' id='word_1_182' title='bbox 3543 881 3793 951; x_wconf 79' lang='lat' dir='ltr'><strong>phantasma</strong></span> 
     </span>
    </p>
   </div>
   <div class='ocr_carea' id='block_1_23' title="bbox 2273 971 3794 1044">
    <p class='ocr_par' dir='ltr' id='par_1_23' title="bbox 2273 971 3794 1044">
     <span class='ocr_line' id='line_1_23' title="bbox 2273 971 3794 1044; baseline 0 -16"><span class='ocrx_word' id='word_1_183' title='bbox 2273 975 2567 1044; x_wconf 85' lang='lat' dir='ltr'><strong>putabant:</strong></span> <span class='ocrx_word' id='word_1_184' title='bbox 2601 975 2837 1031; x_wconf 88' lang='lat' dir='ltr'><strong>comedit</strong></span> <span class='ocrx_word' id='word_1_185' title='bbox 2887 973 3086 1038; x_wconf 73' lang='lat' dir='ltr'><strong>favum,</strong></span> <span class='ocrx_word' id='word_1_186' title='bbox 3141 983 3196 1026; x_wconf 92' lang='lat' dir='ltr'><strong>ut</strong></span> <span class='ocrx_word' id='word_1_187' title='bbox 3235 971 3557 1044; x_wconf 85' lang='lat' dir='ltr'><strong>prOphetiam</strong></span> <span class='ocrx_word' id='word_1_188' title='bbox 3581 973 3794 1044; x_wconf 82' lang='lat' dir='ltr'><strong>impleret,</strong></span> 
     </span>
    </p>
   </div>
   <div class='ocr_carea' id='block_1_24' title="bbox 2271 1064 3796 1141">
    <p class='ocr_par' dir='ltr' id='par_1_24' title="bbox 2271 1064 3796 1141">
     <span class='ocr_line' id='line_1_24' title="bbox 2271 1064 3796 1141; baseline -0.001 -19"><span class='ocrx_word' id='word_1_189' title='bbox 2271 1085 2392 1141; x_wconf 73' lang='lat' dir='ltr'><strong>qum</strong></span> <span class='ocrx_word' id='word_1_190' title='bbox 2417 1085 2478 1122; x_wconf 79' lang='lat' dir='ltr'><strong>ex</strong></span> <span class='ocrx_word' id='word_1_191' title='bbox 2506 1085 2733 1138; x_wconf 73' lang='lat' dir='ltr'><strong>persona</strong></span> <span class='ocrx_word' id='word_1_192' title='bbox 2763 1069 2876 1140; x_wconf 63' lang='lat' dir='ltr'><strong>ejus</strong></span> <span class='ocrx_word' id='word_1_193' title='bbox 2901 1066 3347 1138; x_wconf 74' lang='lat' dir='ltr'><strong>loquiturdiceus</strong></span> <span class='ocrx_word' id='word_1_194' title='bbox 3376 1085 3388 1120; x_wconf 95' lang='lat'>:</span> <span class='ocrx_word' id='word_1_195' title='bbox 3427 1064 3650 1120; x_wconf 73' lang='lat' dir='ltr'><strong>comedid</strong></span> <span class='ocrx_word' id='word_1_196' title='bbox 3671 1069 3796 1136; x_wconf 64' lang='lat' dir='ltr'><strong>{at-uta</strong></span> 
     </span>
    </p>
   </div>
   <div class='ocr_carea' id='block_1_25' title="bbox 2273 1157 3800 1226">
    <p class='ocr_par' dir='ltr' id='par_1_25' title="bbox 2273 1157 3800 1226">
     <span class='ocr_line' id='line_1_25' title="bbox 2273 1157 3800 1226; baseline 0 -12"><span class='ocrx_word' id='word_1_197' title='bbox 2273 1178 2390 1215; x_wconf 88' lang='lat' dir='ltr'><strong>cum</strong></span> <span class='ocrx_word' id='word_1_198' title='bbox 2416 1161 2563 1216; x_wconf 81' lang='lat' dir='ltr'><strong>melle</strong></span> <span class='ocrx_word' id='word_1_199' title='bbox 2594 1161 3023 1226; x_wconf 86' lang='lat' dir='ltr'><strong>meo:comedite,</strong></span> <span class='ocrx_word' id='word_1_200' title='bbox 3055 1159 3228 1224; x_wconf 84' lang='lat' dir='ltr'><strong>amici,</strong></span> <span class='ocrx_word' id='word_1_201' title='bbox 3255 1167 3302 1214; x_wconf 86' lang='lat' dir='ltr'><strong>et</strong></span> <span class='ocrx_word' id='word_1_202' title='bbox 3335 1157 3656 1225; x_wconf 82' lang='lat' dir='ltr'><strong>inebriamini,</strong></span> <span class='ocrx_word' id='word_1_203' title='bbox 3687 1161 3800 1214; x_wconf 75' lang='lat' dir='ltr'><strong>ritini</strong></span> 
     </span>
    </p>
   </div>
   <div class='ocr_carea' id='block_1_26' title="bbox 2273 1249 3800 1328">
    <p class='ocr_par' dir='ltr' id='par_1_26' title="bbox 2273 1249 3800 1328">
     <span class='ocr_line' id='line_1_26' title="bbox 2273 1249 3800 1328; baseline -0.003 -18"><span class='ocrx_word' id='word_1_204' title='bbox 2273 1251 2468 1326; x_wconf 87' lang='lat' dir='ltr'><strong>(Cant.</strong></span> <span class='ocrx_word' id='word_1_205' title='bbox 2507 1271 2562 1320; x_wconf 87' lang='lat' dir='ltr'><strong>v,</strong></span> <span class='ocrx_word' id='word_1_206' title='bbox 2596 1251 2691 1328; x_wconf 85' lang='lat' dir='ltr'><strong>i).</strong></span> <span class='ocrx_word' id='word_1_207' title='bbox 2724 1254 2806 1310; x_wconf 88' lang='lat' dir='ltr'><strong>0b</strong></span> <span class='ocrx_word' id='word_1_208' title='bbox 2831 1253 2972 1309; x_wconf 86' lang='lat' dir='ltr'><strong>hanc</strong></span> <span class='ocrx_word' id='word_1_209' title='bbox 3001 1267 3130 1326; x_wconf 89' lang='lat' dir='ltr'><strong>ergo</strong></span> <span class='ocrx_word' id='word_1_210' title='bbox 3186 1249 3542 1323; x_wconf 84' lang='lat' dir='ltr'><strong>prophetiam,</strong></span> <span class='ocrx_word' id='word_1_211' title='bbox 3573 1259 3620 1306; x_wconf 90' lang='lat' dir='ltr'><strong>et</strong></span> <span class='ocrx_word' id='word_1_212' title='bbox 3663 1265 3800 1306; x_wconf 80' lang='lat' dir='ltr'><strong>verum</strong></span> 
     </span>
    </p>
   </div>
   <div class='ocr_carea' id='block_1_27' title="bbox 2272 1343 3800 1418">
    <p class='ocr_par' dir='ltr' id='par_1_27' title="bbox 2272 1343 3800 1418">
     <span class='ocr_line' id='line_1_27' title="bbox 2272 1343 3800 1418; baseline -0.003 -15"><span class='ocrx_word' id='word_1_213' title='bbox 2272 1364 2472 1418; x_wconf 88' lang='lat' dir='ltr'><strong>corpus</strong></span> <span class='ocrx_word' id='word_1_214' title='bbox 2505 1345 2964 1404; x_wconf 79' lang='lat' dir='ltr'><strong>manil‘estandum</strong></span> <span class='ocrx_word' id='word_1_215' title='bbox 3001 1353 3122 1416; x_wconf 90' lang='lat' dir='ltr'><strong>post</strong></span> <span class='ocrx_word' id='word_1_216' title='bbox 3155 1343 3600 1400; x_wconf 88' lang='lat' dir='ltr'><strong>resurrectionem</strong></span> <span class='ocrx_word' id='word_1_217' title='bbox 3624 1345 3800 1400; x_wconf 77' lang='lat' dir='ltr'><strong>comedit</strong></span> 
     </span>
    </p>
   </div>
   <div class='ocr_carea' id='block_1_28' title="bbox 2277 1437 3800 1528">
    <p class='ocr_par' dir='ltr' id='par_1_28' title="bbox 2277 1437 3800 1528">
     <span class='ocr_line' id='line_1_28' title="bbox 2277 1437 3800 1528; baseline -0.005 -28"><span class='ocrx_word' id='word_1_218' title='bbox 2277 1445 2533 1500; x_wconf 81' lang='lat' dir='ltr'><strong>Dominus</strong></span> <span class='ocrx_word' id='word_1_219' title='bbox 2562 1459 2622 1498; x_wconf 88' lang='lat' dir='ltr'><strong>ac</strong></span> <span class='ocrx_word' id='word_1_220' title='bbox 2655 1443 2812 1512; x_wconf 83' lang='lat' dir='ltr'><strong>bibit,</strong></span> <span class='ocrx_word' id='word_1_221' title='bbox 2859 1443 3123 1528; x_wconf 87' lang='lat' dir='ltr'><strong>probante</strong></span> <span class='ocrx_word' id='word_1_222' title='bbox 3145 1439 3250 1496; x_wconf 87' lang='lat' dir='ltr'><strong>hoc</strong></span> <span class='ocrx_word' id='word_1_223' title='bbox 3280 1439 3438 1494; x_wconf 73' lang='lat' dir='ltr'><strong>beato</strong></span> <span class='ocrx_word' id='word_1_224' title='bbox 3467 1437 3614 1493; x_wconf 87' lang='lat' dir='ltr'><strong>Petro</strong></span> <span class='ocrx_word' id='word_1_225' title='bbox 3639 1451 3800 1508; x_wconf 81' lang='lat' dir='ltr'><strong>aposto-</strong></span> 
     </span>
    </p>
   </div>
   <div class='ocr_carea' id='block_1_29' title="bbox 2276 1533 3804 1604">
    <p class='ocr_par' dir='ltr' id='par_1_29' title="bbox 2276 1533 3804 1604">
     <span class='ocr_line' id='line_1_29' title="bbox 2276 1533 3804 1604; baseline -0.004 -14"><span class='ocrx_word' id='word_1_226' title='bbox 2276 1537 2348 1602; x_wconf 92' lang='lat' dir='ltr'><strong>lo,</strong></span> <span class='ocrx_word' id='word_1_227' title='bbox 2381 1553 2444 1592; x_wconf 88' lang='lat' dir='ltr'><strong>ac</strong></span> <span class='ocrx_word' id='word_1_228' title='bbox 2471 1537 2688 1592; x_wconf 86' lang='lat' dir='ltr'><strong>dicente</strong></span> <span class='ocrx_word' id='word_1_229' title='bbox 2718 1554 2730 1591; x_wconf 95' lang='lat'>:</span> <span class='ocrx_word' id='word_1_230' title='bbox 2779 1545 2802 1574; x_wconf 73' lang='grc' dir='ltr'><strong>ε</strong></span> <span class='ocrx_word' id='word_1_231' title='bbox 2835 1533 3003 1590; x_wconf 85' lang='lat' dir='ltr'><strong>Nobis</strong></span> <span class='ocrx_word' id='word_1_232' title='bbox 3049 1543 3224 1588; x_wconf 79' lang='lat' dir='ltr'><strong>autent</strong></span> <span class='ocrx_word' id='word_1_233' title='bbox 3269 1534 3616 1604; x_wconf 76' lang='lat' dir='ltr'><strong>manifestatus</strong></span> <span class='ocrx_word' id='word_1_234' title='bbox 3643 1541 3718 1596; x_wconf 78' lang='lat' dir='ltr'><strong>est,</strong></span> <span class='ocrx_word' id='word_1_235' title='bbox 3743 1533 3804 1602; x_wconf 63' lang='lat' dir='ltr'><strong>qui</strong></span> 
     </span>
    </p>
   </div>
   <div class='ocr_carea' id='block_1_30' title="bbox 2273 1627 3800 1698">
    <p class='ocr_par' dir='ltr' id='par_1_30' title="bbox 2273 1627 3800 1698">
     <span class='ocr_line' id='line_1_30' title="bbox 2273 1627 3800 1698; baseline -0.003 -16"><span class='ocrx_word' id='word_1_236' title='bbox 2273 1631 2716 1694; x_wconf 83' lang='lat' dir='ltr'><strong>manducavimus,</strong></span> <span class='ocrx_word' id='word_1_237' title='bbox 2750 1647 2810 1682; x_wconf 91' lang='lat' dir='ltr'><strong>ac</strong></span> <span class='ocrx_word' id='word_1_238' title='bbox 2835 1627 3054 1682; x_wconf 82' lang='lat' dir='ltr'><strong>bibimus</strong></span> <span class='ocrx_word' id='word_1_239' title='bbox 3082 1643 3196 1681; x_wconf 85' lang='lat' dir='ltr'><strong>cum</strong></span> <span class='ocrx_word' id='word_1_240' title='bbox 3227 1643 3308 1692; x_wconf 86' lang='lat' dir='ltr'><strong>eo,</strong></span> <span class='ocrx_word' id='word_1_241' title='bbox 3343 1637 3600 1698; x_wconf 82' lang='lat' dir='ltr'><strong>postquam</strong></span> <span class='ocrx_word' id='word_1_242' title='bbox 3629 1641 3800 1678; x_wconf 60' lang='lat' dir='ltr'><strong>reseris</strong></span> 
     </span>
    </p>
   </div>
   <div class='ocr_carea' id='block_1_31' title="bbox 2271 1717 3800 1796">
    <p class='ocr_par' dir='ltr' id='par_1_31' title="bbox 2271 1717 3800 1796">
     <span class='ocr_line' id='line_1_31' title="bbox 2271 1717 3800 1796; baseline -0.003 -19"><span class='ocrx_word' id='word_1_243' title='bbox 2271 1725 2345 1777; x_wconf 75' lang='lat' dir='ltr'><strong>xit</strong></span> <span class='ocrx_word' id='word_1_244' title='bbox 2370 1741 2400 1777; x_wconf 91' lang='lat' dir='ltr'><strong>a</strong></span> <span class='ocrx_word' id='word_1_245' title='bbox 2420 1723 2636 1778; x_wconf 75' lang='lat' dir='ltr'><strong>mortuis</strong></span> <span class='ocrx_word' id='word_1_246' title='bbox 2664 1719 2802 1796; x_wconf 80' lang='lat' dir='ltr'><strong>(Act.</strong></span> <span class='ocrx_word' id='word_1_247' title='bbox 2827 1738 2882 1784; x_wconf 84' lang='lat' dir='ltr'><strong>x,</strong></span> <span class='ocrx_word' id='word_1_248' title='bbox 2906 1719 2976 1776; x_wconf 73' lang='grc'><strong>40</strong></span> <span class='ocrx_word' id='word_1_249' title='bbox 2997 1731 3042 1774; x_wconf 83' lang='lat' dir='ltr'><strong>et</strong></span> <span class='ocrx_word' id='word_1_250' title='bbox 3067 1719 3177 1792; x_wconf 72' lang='grc'><strong>41).</strong></span> <span class='ocrx_word' id='word_1_251' title='bbox 3205 1717 3372 1773; x_wconf 83' lang='lat' dir='ltr'><strong>Nobis</strong></span> <span class='ocrx_word' id='word_1_252' title='bbox 3394 1733 3519 1790; x_wconf 84' lang='lat' dir='ltr'><strong>ergo</strong></span> <span class='ocrx_word' id='word_1_253' title='bbox 3543 1723 3650 1786; x_wconf 88' lang='lat' dir='ltr'><strong>post</strong></span> <span class='ocrx_word' id='word_1_254' title='bbox 3669 1733 3800 1772; x_wconf 83' lang='lat' dir='ltr'><strong>resur-</strong></span> 
     </span>
    </p>
   </div>
   <div class='ocr_carea' id='block_1_32' title="bbox 558 1805 3801 1884">
    <p class='ocr_par' dir='ltr' id='par_1_32' title="bbox 558 1805 3801 1884">
     <span class='ocr_line' id='line_1_32' title="bbox 558 1805 3801 1884; baseline 0.001 -24"><span class='ocrx_word' id='word_1_255' title='bbox 558 1809 808 1862; x_wconf 86' lang='lat' dir='ltr'><strong>torculuri</strong></span> <span class='ocrx_word' id='word_1_256' title='bbox 836 1805 1008 1880; x_wconf 87' lang='lat' dir='ltr'><strong>(Esai.</strong></span> <span class='ocrx_word' id='word_1_257' title='bbox 1066 1825 1217 1874; x_wconf 80' lang='lat' dir='ltr'><strong>thtt,</strong></span> <span class='ocrx_word' id='word_1_258' title='bbox 1255 1811 1306 1876; x_wconf 80' lang='lat' dir='ltr'><strong>i,</strong></span> <span class='ocrx_word' id='word_1_259' title='bbox 1333 1811 1390 1884; x_wconf 69' lang='grc' dir='ltr'><strong>ς2)</strong></span> <span class='ocrx_word' id='word_1_260' title='bbox 1413 1813 1437 1867; x_wconf 69' lang='lat'><strong>.9</strong></span> <span class='ocrx_word' id='word_1_261' title='bbox 1460 1823 1514 1868; x_wconf 89' lang='lat' dir='ltr'><strong>et</strong></span> <span class='ocrx_word' id='word_1_262' title='bbox 1540 1823 1622 1869; x_wconf 71' lang='lat' dir='ltr'><strong>est</strong></span> <span class='ocrx_word' id='word_1_263' title='bbox 1663 1829 1856 1870; x_wconf 89' lang='lat' dir='ltr'><strong>sensus</strong></span> <span class='ocrx_word' id='word_1_264' title='bbox 1885 1833 1898 1870; x_wconf 93' lang='lat'>:</span> <span class='ocrx_word' id='word_1_265' title='bbox 1933 1816 2063 1884; x_wconf 85' lang='lat' dir='ltr'><strong>Quis</strong></span> <span class='ocrx_word' id='word_1_266' title='bbox 2089 1823 2171 1870; x_wconf 87' lang='lat' dir='ltr'><strong>est</strong></span> <span class='ocrx_word' id='word_1_267' title='bbox 2205 1815 2246 1877; x_wconf 82' lang='grc' dir='ltr'><strong>Β</strong></span> <span class='ocrx_word' id='word_1_268' title='bbox 2278 1817 2574 1872; x_wconf 87' lang='lat' dir='ltr'><strong>rectionem</strong></span> <span class='ocrx_word' id='word_1_269' title='bbox 2597 1815 2751 1870; x_wconf 80' lang='lat' dir='ltr'><strong>cibus</strong></span> <span class='ocrx_word' id='word_1_270' title='bbox 2779 1813 2958 1882; x_wconf 84' lang='lat' dir='ltr'><strong>Verbi,</strong></span> <span class='ocrx_word' id='word_1_271' title='bbox 2987 1821 3040 1868; x_wconf 87' lang='lat' dir='ltr'><strong>et</strong></span> <span class='ocrx_word' id='word_1_272' title='bbox 3065 1811 3200 1868; x_wconf 83' lang='lat' dir='ltr'><strong>visio</strong></span> <span class='ocrx_word' id='word_1_273' title='bbox 3223 1811 3344 1879; x_wconf 85' lang='lat' dir='ltr'><strong>Dei,</strong></span> <span class='ocrx_word' id='word_1_274' title='bbox 3367 1819 3423 1866; x_wconf 89' lang='lat' dir='ltr'><strong>et</strong></span> <span class='ocrx_word' id='word_1_275' title='bbox 3445 1809 3620 1864; x_wconf 86' lang='lat' dir='ltr'><strong>laudes</strong></span> <span class='ocrx_word' id='word_1_276' title='bbox 3638 1807 3746 1880; x_wconf 72' lang='lat' dir='ltr'><strong>eius,</strong></span> <span class='ocrx_word' id='word_1_277' title='bbox 3766 1815 3801 1864; x_wconf 84' lang='lat' dir='ltr'><strong>et</strong></span> 
     </span>
    </p>
   </div>
   <div class='ocr_carea' id='block_1_33' title="bbox 555 1899 2169 1978">
    <p class='ocr_par' dir='ltr' id='par_1_33' title="bbox 555 1899 2169 1978">
     <span class='ocr_line' id='line_1_33' title="bbox 555 1899 2169 1978; baseline 0.006 -26"><span class='ocrx_word' id='word_1_278' title='bbox 555 1899 680 1964; x_wconf 82' lang='lat' dir='ltr'><strong>iste,</strong></span> <span class='ocrx_word' id='word_1_279' title='bbox 716 1899 806 1970; x_wconf 91' lang='lat' dir='ltr'><strong>qui</strong></span> <span class='ocrx_word' id='word_1_280' title='bbox 835 1901 1077 1956; x_wconf 87' lang='lat' dir='ltr'><strong>ascendit</strong></span> <span class='ocrx_word' id='word_1_281' title='bbox 1105 1919 1133 1956; x_wconf 93' lang='lat' dir='ltr'><strong>e</strong></span> <span class='ocrx_word' id='word_1_282' title='bbox 1165 1911 1331 1970; x_wconf 86' lang='lat' dir='ltr'><strong>terra,</strong></span> <span class='ocrx_word' id='word_1_283' title='bbox 1361 1903 1519 1975; x_wconf 80' lang='lat' dir='ltr'><strong>cujus</strong></span> <span class='ocrx_word' id='word_1_284' title='bbox 1551 1907 1870 1961; x_wconf 83' lang='lat' dir='ltr'><strong>vestimenta</strong></span> <span class='ocrx_word' id='word_1_285' title='bbox 1903 1909 2169 1978; x_wconf 80' lang='lat' dir='ltr'><strong>sanguine</strong></span> 
     </span>
    </p>
   </div>
   <div class='ocr_carea' id='block_1_34' title="bbox 554 1993 2170 2070">
    <p class='ocr_par' dir='ltr' id='par_1_34' title="bbox 554 1993 2170 2070">
     <span class='ocr_line' id='line_1_34' title="bbox 554 1993 2170 2070; baseline 0.006 -24"><span class='ocrx_word' id='word_1_286' title='bbox 554 2001 685 2046; x_wconf 84' lang='lat' dir='ltr'><strong>sunt</strong></span> <span class='ocrx_word' id='word_1_287' title='bbox 726 1995 992 2062; x_wconf 84' lang='lat' dir='ltr'><strong>aspersa?</strong></span> <span class='ocrx_word' id='word_1_288' title='bbox 1037 1993 1172 2049; x_wconf 91' lang='lat' dir='ltr'><strong>Illud</strong></span> <span class='ocrx_word' id='word_1_289' title='bbox 1224 2005 1404 2052; x_wconf 89' lang='lat' dir='ltr'><strong>autem</strong></span> <span class='ocrx_word' id='word_1_290' title='bbox 1453 1997 1595 2068; x_wconf 88' lang='lat' dir='ltr'><strong>quod</strong></span> <span class='ocrx_word' id='word_1_291' title='bbox 1637 2000 1689 2053; x_wconf 88' lang='lat' dir='ltr'><strong>itt</strong></span> <span class='ocrx_word' id='word_1_292' title='bbox 1739 1997 1998 2054; x_wconf 79' lang='lat' dir='ltr'><strong>Zacitaria</strong></span> <span class='ocrx_word' id='word_1_293' title='bbox 2048 2017 2170 2070; x_wconf 88' lang='lat' dir='ltr'><strong>pro-</strong></span> 
     </span>
    </p>
   </div>
   <div class='ocr_carea' id='block_1_35' title="bbox 561 2085 2168 2163">
    <p class='ocr_par' dir='ltr' id='par_1_35' title="bbox 561 2085 2168 2163">
     <span class='ocr_line' id='line_1_35' title="bbox 561 2085 2168 2163; baseline 0.007 -25"><span class='ocrx_word' id='word_1_294' title='bbox 561 2085 718 2155; x_wconf 85' lang='lat' dir='ltr'><strong>pheta</strong></span> <span class='ocrx_word' id='word_1_295' title='bbox 772 2085 967 2141; x_wconf 90' lang='lat' dir='ltr'><strong>dicitur</strong></span> <span class='ocrx_word' id='word_1_296' title='bbox 1006 2087 1211 2161; x_wconf 84' lang='lat' dir='ltr'><strong>(Zac/t.</strong></span> <span class='ocrx_word' id='word_1_297' title='bbox 1245 2103 1280 2154; x_wconf 90' lang='lat' dir='ltr'><strong>t,</strong></span> <span class='ocrx_word' id='word_1_298' title='bbox 1331 2089 1408 2163; x_wconf 86' lang='lat'><strong>8),</strong></span> <span class='ocrx_word' id='word_1_299' title='bbox 1460 2091 1582 2162; x_wconf 88' lang='lat' dir='ltr'><strong>quia</strong></span> <span class='ocrx_word' id='word_1_300' title='bbox 1637 2093 2006 2162; x_wconf 53' lang='lat' dir='ltr'><strong>sequi-bantur</strong></span> <span class='ocrx_word' id='word_1_301' title='bbox 2043 2107 2168 2149; x_wconf 94' lang='lat' dir='ltr'><strong>eum</strong></span> 
     </span>
    </p>
   </div>
   <div class='ocr_carea' id='block_1_36' title="bbox 559 2179 2170 2261">
    <p class='ocr_par' dir='ltr' id='par_1_36' title="bbox 559 2179 2170 2261">
     <span class='ocr_line' id='line_1_36' title="bbox 559 2179 2170 2261; baseline 0.005 -26"><span class='ocrx_word' id='word_1_302' title='bbox 559 2179 686 2251; x_wconf 85' lang='lat' dir='ltr'><strong>equi</strong></span> <span class='ocrx_word' id='word_1_303' title='bbox 722 2179 996 2236; x_wconf 86' lang='lat' dir='ltr'><strong>variorum</strong></span> <span class='ocrx_word' id='word_1_304' title='bbox 1043 2183 1315 2250; x_wconf 90' lang='lat' dir='ltr'><strong>colorum,</strong></span> <span class='ocrx_word' id='word_1_305' title='bbox 1349 2185 1397 2238; x_wconf 93' lang='lat' dir='ltr'><strong>id</strong></span> <span class='ocrx_word' id='word_1_306' title='bbox 1429 2195 1541 2249; x_wconf 88' lang='lat' dir='ltr'><strong>est,</strong></span> <span class='ocrx_word' id='word_1_307' title='bbox 1581 2185 1672 2256; x_wconf 89' lang='lat' dir='ltr'><strong>qui</strong></span> <span class='ocrx_word' id='word_1_308' title='bbox 1707 2187 1788 2242; x_wconf 91' lang='lat' dir='ltr'><strong>vel</strong></span> <span class='ocrx_word' id='word_1_309' title='bbox 1823 2187 1874 2240; x_wconf 92' lang='lat' dir='ltr'><strong>iu</strong></span> <span class='ocrx_word' id='word_1_310' title='bbox 1907 2189 2170 2261; x_wconf 82' lang='lat' dir='ltr'><strong>martyrio</strong></span> 
     </span>
    </p>
   </div>
   <div class='ocr_carea' id='block_1_37' title="bbox 555 2271 2171 2348">
    <p class='ocr_par' dir='ltr' id='par_1_37' title="bbox 555 2271 2171 2348">
     <span class='ocr_line' id='line_1_37' title="bbox 555 2271 2171 2348; baseline 0.004 -18"><span class='ocrx_word' id='word_1_311' title='bbox 555 2273 728 2343; x_wconf 89' lang='lat' dir='ltr'><strong>rubri,</strong></span> <span class='ocrx_word' id='word_1_312' title='bbox 783 2271 868 2331; x_wconf 89' lang='lat' dir='ltr'><strong>vel</strong></span> <span class='ocrx_word' id='word_1_313' title='bbox 895 2277 1128 2332; x_wconf 87' lang='lat' dir='ltr'><strong>sturnini</strong></span> <span class='ocrx_word' id='word_1_314' title='bbox 1153 2279 1207 2333; x_wconf 93' lang='lat' dir='ltr'><strong>in</strong></span> <span class='ocrx_word' id='word_1_315' title='bbox 1241 2277 1448 2348; x_wconf 87' lang='lat' dir='ltr'><strong>volatu,</strong></span> <span class='ocrx_word' id='word_1_316' title='bbox 1483 2280 1533 2334; x_wconf 88' lang='lat' dir='ltr'><strong>id</strong></span> <span class='ocrx_word' id='word_1_317' title='bbox 1562 2291 1646 2335; x_wconf 87' lang='lat' dir='ltr'><strong>est</strong></span> <span class='ocrx_word' id='word_1_318' title='bbox 1674 2279 1808 2335; x_wconf 86' lang='lat' dir='ltr'><strong>varii</strong></span> <span class='ocrx_word' id='word_1_319' title='bbox 1845 2283 1895 2336; x_wconf 94' lang='lat' dir='ltr'><strong>in</strong></span> <span class='ocrx_word' id='word_1_320' title='bbox 1953 2281 2171 2336; x_wconf 88' lang='lat' dir='ltr'><strong>virtuti-</strong></span> 
     </span>
    </p>
   </div>
   <div class='ocr_carea' id='block_1_38' title="bbox 556 2367 2172 2442">
    <p class='ocr_par' dir='ltr' id='par_1_38' title="bbox 556 2367 2172 2442">
     <span class='ocr_line' id='line_1_38' title="bbox 556 2367 2172 2442; baseline 0.002 -18"><span class='ocrx_word' id='word_1_321' title='bbox 556 2367 680 2434; x_wconf 90' lang='lat' dir='ltr'><strong>bus,</strong></span> <span class='ocrx_word' id='word_1_322' title='bbox 703 2369 784 2424; x_wconf 85' lang='lat' dir='ltr'><strong>vel</strong></span> <span class='ocrx_word' id='word_1_323' title='bbox 813 2369 1026 2424; x_wconf 86' lang='lat' dir='ltr'><strong>candidi</strong></span> <span class='ocrx_word' id='word_1_324' title='bbox 1057 2372 1107 2424; x_wconf 91' lang='lat' dir='ltr'><strong>in</strong></span> <span class='ocrx_word' id='word_1_325' title='bbox 1136 2371 1446 2440; x_wconf 77' lang='lat' dir='ltr'><strong>virginitate</strong></span> <span class='ocrx_word' id='word_1_326' title='bbox 1476 2379 1870 2427; x_wconf 67' lang='grc' dir='ltr'><strong>ηιοιιειιιπιιιιιιι·⁸</strong></span> <span class='ocrx_word' id='word_1_327' title='bbox 1897 2373 2048 2442; x_wconf 87' lang='lat' dir='ltr'><strong>Quod</strong></span> <span class='ocrx_word' id='word_1_328' title='bbox 2077 2389 2172 2428; x_wconf 92' lang='lat' dir='ltr'><strong>au-</strong></span> 
     </span>
    </p>
   </div>
   <div class='ocr_carea' id='block_1_39' title="bbox 558 2461 2172 2530">
    <p class='ocr_par' dir='ltr' id='par_1_39' title="bbox 558 2461 2172 2530">
     <span class='ocr_line' id='line_1_39' title="bbox 558 2461 2172 2530; baseline 0.005 -15"><span class='ocrx_word' id='word_1_329' title='bbox 558 2469 665 2515; x_wconf 92' lang='lat' dir='ltr'><strong>tem</strong></span> <span class='ocrx_word' id='word_1_330' title='bbox 699 2475 868 2530; x_wconf 86' lang='lat' dir='ltr'><strong>equus</strong></span> <span class='ocrx_word' id='word_1_331' title='bbox 909 2463 1011 2518; x_wconf 89' lang='lat' dir='ltr'><strong>iste</strong></span> <span class='ocrx_word' id='word_1_332' title='bbox 1038 2461 1225 2528; x_wconf 82' lang='lat' dir='ltr'><strong>rufus,</strong></span> <span class='ocrx_word' id='word_1_333' title='bbox 1259 2465 1416 2519; x_wconf 91' lang='lat' dir='ltr'><strong>albus</strong></span> <span class='ocrx_word' id='word_1_334' title='bbox 1456 2465 1635 2521; x_wconf 90' lang='lat' dir='ltr'><strong>denuo</strong></span> <span class='ocrx_word' id='word_1_335' title='bbox 1667 2481 1694 2520; x_wconf 89' lang='lat' dir='ltr'><strong>a</strong></span> <span class='ocrx_word' id='word_1_336' title='bbox 1738 2477 1926 2522; x_wconf 85' lang='lat' dir='ltr'><strong>sancto</strong></span> <span class='ocrx_word' id='word_1_337' title='bbox 1965 2465 2172 2523; x_wconf 83' lang='lat' dir='ltr'><strong>Joanne</strong></span> 
     </span>
    </p>
   </div>
   <div class='ocr_carea' id='block_1_40' title="bbox 557 2551 2172 2628">
    <p class='ocr_par' dir='ltr' id='par_1_40' title="bbox 557 2551 2172 2628">
     <span class='ocr_line' id='line_1_40' title="bbox 557 2551 2172 2628; baseline 0.006 -20"><span class='ocrx_word' id='word_1_338' title='bbox 557 2551 1090 2628; x_wconf 82' lang='lat' dir='ltr'><strong>describitur(Apoc.</strong></span> <span class='ocrx_word' id='word_1_339' title='bbox 1113 2571 1202 2611; x_wconf 88' lang='lat' dir='ltr'><strong>xtx</strong></span> <span class='ocrx_word' id='word_1_340' title='bbox 1230 2598 1243 2620; x_wconf 94' lang='lat'><strong>,</strong></span> <span class='ocrx_word' id='word_1_341' title='bbox 1279 2555 1388 2628; x_wconf 80' lang='grc'><strong>11),</strong></span> <span class='ocrx_word' id='word_1_342' title='bbox 1419 2555 1447 2596; x_wconf 71' lang='grc' dir='ltr'><strong>ι’</strong></span> <span class='ocrx_word' id='word_1_343' title='bbox 1489 2559 1767 2627; x_wconf 84' lang='lat' dir='ltr'><strong>divinitas,</strong></span> <span class='ocrx_word' id='word_1_344' title='bbox 1795 2559 2172 2617; x_wconf 85' lang='lat' dir='ltr'><strong>immortalitas</strong></span> 
     </span>
    </p>
   </div>
   <div class='ocr_carea' id='block_1_41' title="bbox 560 2647 2175 2727">
    <p class='ocr_par' dir='ltr' id='par_1_41' title="bbox 560 2647 2175 2727">
     <span class='ocr_line' id='line_1_41' title="bbox 560 2647 2175 2727; baseline 0.006 -26"><span class='ocrx_word' id='word_1_345' title='bbox 560 2655 616 2702; x_wconf 87' lang='lat' dir='ltr'><strong>et</strong></span> <span class='ocrx_word' id='word_1_346' title='bbox 645 2647 982 2718; x_wconf 88' lang='lat' dir='ltr'><strong>incorruptio</strong></span> <span class='ocrx_word' id='word_1_347' title='bbox 1008 2649 1127 2722; x_wconf 85' lang='lat' dir='ltr'><strong>ejus</strong></span> <span class='ocrx_word' id='word_1_348' title='bbox 1172 2652 1502 2708; x_wconf 84' lang='lat' dir='ltr'><strong>ostenditur.</strong></span> <span class='ocrx_word' id='word_1_349' title='bbox 1556 2653 1623 2707; x_wconf 87' lang='lat' dir='ltr'><strong>Et</strong></span> <span class='ocrx_word' id='word_1_350' title='bbox 1657 2655 1778 2710; x_wconf 88' lang='lat' dir='ltr'><strong>ideo</strong></span> <span class='ocrx_word' id='word_1_351' title='bbox 1826 2671 2039 2720; x_wconf 89' lang='lat' dir='ltr'><strong>omnes,</strong></span> <span class='ocrx_word' id='word_1_352' title='bbox 2083 2655 2175 2727; x_wconf 90' lang='lat' dir='ltr'><strong>qui</strong></span> 
     </span>
    </p>
   </div>
   <div class='ocr_carea' id='block_1_42' title="bbox 559 2744 2176 2813">
    <p class='ocr_par' dir='ltr' id='par_1_42' title="bbox 559 2744 2176 2813">
     <span class='ocr_line' id='line_1_42' title="bbox 559 2744 2176 2813; baseline 0.004 -15"><span class='ocrx_word' id='word_1_353' title='bbox 559 2755 683 2798; x_wconf 88' lang='lat' dir='ltr'><strong>eum</strong></span> <span class='ocrx_word' id='word_1_354' title='bbox 711 2752 1044 2813; x_wconf 85' lang='lat' dir='ltr'><strong>sequuntur,</strong></span> <span class='ocrx_word' id='word_1_355' title='bbox 1075 2744 1320 2800; x_wconf 89' lang='lat' dir='ltr'><strong>candidis</strong></span> <span class='ocrx_word' id='word_1_356' title='bbox 1361 2761 1468 2801; x_wconf 92' lang='lat' dir='ltr'><strong>non</strong></span> <span class='ocrx_word' id='word_1_357' title='bbox 1517 2747 1694 2802; x_wconf 88' lang='lat' dir='ltr'><strong>solum</strong></span> <span class='ocrx_word' id='word_1_358' title='bbox 1728 2757 1954 2804; x_wconf 88' lang='lat' dir='ltr'><strong>utuntur</strong></span> <span class='ocrx_word' id='word_1_359' title='bbox 2007 2749 2176 2804; x_wconf 70' lang='lat' dir='ltr'><strong>Vt-stl—</strong></span> 
     </span>
    </p>
   </div>
   <div class='ocr_carea' id='block_1_43' title="bbox 563 2833 2174 2913">
    <p class='ocr_par' dir='ltr' id='par_1_43' title="bbox 563 2833 2174 2913">
     <span class='ocr_line' id='line_1_43' title="bbox 563 2833 2174 2913; baseline 0.006 -25"><span class='ocrx_word' id='word_1_360' title='bbox 563 2834 688 2902; x_wconf 87' lang='lat' dir='ltr'><strong>bus,</strong></span> <span class='ocrx_word' id='word_1_361' title='bbox 719 2833 814 2890; x_wconf 86' lang='lat' dir='ltr'><strong>sed</strong></span> <span class='ocrx_word' id='word_1_362' title='bbox 838 2837 1001 2891; x_wconf 90' lang='lat' dir='ltr'><strong>etiam</strong></span> <span class='ocrx_word' id='word_1_363' title='bbox 1027 2837 1180 2907; x_wconf 88' lang='lat' dir='ltr'><strong>equis</strong></span> <span class='ocrx_word' id='word_1_364' title='bbox 1205 2837 1396 2894; x_wconf 91' lang='lat' dir='ltr'><strong>sedent</strong></span> <span class='ocrx_word' id='word_1_365' title='bbox 1421 2835 1669 2910; x_wconf 86' lang='lat' dir='ltr'><strong>(Ibidem,</strong></span> <span class='ocrx_word' id='word_1_366' title='bbox 1705 2839 1814 2910; x_wconf 77' lang='grc'><strong>14),</strong></span> <span class='ocrx_word' id='word_1_367' title='bbox 1843 2839 2174 2913; x_wconf 85' lang='lat' dir='ltr'><strong>incorruptis</strong></span> 
     </span>
    </p>
   </div>
   <div class='ocr_carea' id='block_1_44' title="bbox 563 2925 2174 3003">
    <p class='ocr_par' dir='ltr' id='par_1_44' title="bbox 563 2925 2174 3003">
     <span class='ocr_line' id='line_1_44' title="bbox 563 2925 2174 3003; baseline 0.006 -22"><span class='ocrx_word' id='word_1_368' title='bbox 563 2925 814 2984; x_wconf 77' lang='lat' dir='ltr'><strong>videlicet</strong></span> <span class='ocrx_word' id='word_1_369' title='bbox 852 2939 906 2983; x_wconf 90' lang='lat' dir='ltr'><strong>et</strong></span> <span class='ocrx_word' id='word_1_370' title='bbox 953 2929 1351 2986; x_wconf 88' lang='lat' dir='ltr'><strong>immortalibus</strong></span> <span class='ocrx_word' id='word_1_371' title='bbox 1392 2933 1733 3003; x_wconf 87' lang='lat' dir='ltr'><strong>corporibus.</strong></span> <span class='ocrx_word' id='word_1_372' title='bbox 1768 2933 1835 2988; x_wconf 88' lang='lat' dir='ltr'><strong>Et</strong></span> <span class='ocrx_word' id='word_1_373' title='bbox 1863 2933 1983 2991; x_wconf 88' lang='lat' dir='ltr'><strong>ideo</strong></span> <span class='ocrx_word' id='word_1_374' title='bbox 2029 2935 2174 2991; x_wconf 82' lang='lat' dir='ltr'><strong>hunc</strong></span> 
     </span>
    </p>
   </div>
   <div class='ocr_carea' id='block_1_45' title="bbox 566 3029 2177 3104">
    <p class='ocr_par' dir='ltr' id='par_1_45' title="bbox 566 3029 2177 3104">
     <span class='ocr_line' id='line_1_45' title="bbox 566 3029 2177 3104; baseline 0.005 -23"><span class='ocrx_word' id='word_1_375' title='bbox 566 3041 757 3082; x_wconf 89' lang='lat' dir='ltr'><strong>omnes</strong></span> <span class='ocrx_word' id='word_1_376' title='bbox 817 3032 1016 3095; x_wconf 85' lang='lat' dir='ltr'><strong>sancti,</strong></span> <span class='ocrx_word' id='word_1_377' title='bbox 1067 3031 1185 3100; x_wconf 86' lang='lat' dir='ltr'><strong>ipso</strong></span> <span class='ocrx_word' id='word_1_378' title='bbox 1225 3029 1466 3102; x_wconf 88' lang='lat' dir='ltr'><strong>juvanle,</strong></span> <span class='ocrx_word' id='word_1_379' title='bbox 1516 3031 1824 3100; x_wconf 80' lang='lat' dir='ltr'><strong>imitantur;</strong></span> <span class='ocrx_word' id='word_1_380' title='bbox 1859 3033 1981 3104; x_wconf 87' lang='lat' dir='ltr'><strong>quia</strong></span> <span class='ocrx_word' id='word_1_381' title='bbox 2013 3035 2177 3090; x_wconf 89' lang='lat' dir='ltr'><strong>vesti—</strong></span> 
     </span>
    </p>
   </div>
   <div class='ocr_carea' id='block_1_46' title="bbox 568 3124 2174 3202">
    <p class='ocr_par' dir='ltr' id='par_1_46' title="bbox 568 3124 2174 3202">
     <span class='ocr_line' id='line_1_46' title="bbox 568 3124 2174 3202; baseline 0.006 -28"><span class='ocrx_word' id='word_1_382' title='bbox 568 3127 752 3174; x_wconf 85' lang='lat' dir='ltr'><strong>menta</strong></span> <span class='ocrx_word' id='word_1_383' title='bbox 780 3136 874 3176; x_wconf 89' lang='lat' dir='ltr'><strong>sua</strong></span> <span class='ocrx_word' id='word_1_384' title='bbox 901 3137 1007 3177; x_wconf 91' lang='lat' dir='ltr'><strong>non</strong></span> <span class='ocrx_word' id='word_1_385' title='bbox 1035 3124 1408 3194; x_wconf 84' lang='lat' dir='ltr'><strong>coinquinant,</strong></span> <span class='ocrx_word' id='word_1_386' title='bbox 1439 3141 1502 3180; x_wconf 90' lang='lat' dir='ltr'><strong>ac</strong></span> <span class='ocrx_word' id='word_1_387' title='bbox 1531 3127 1787 3198; x_wconf 87' lang='lat' dir='ltr'><strong>virgines,</strong></span> <span class='ocrx_word' id='word_1_388' title='bbox 1813 3127 1985 3202; x_wconf 81' lang='lat' dir='ltr'><strong>gratia</strong></span> <span class='ocrx_word' id='word_1_389' title='bbox 2009 3129 2174 3202; x_wconf 87' lang='lat' dir='ltr'><strong>ipsius</strong></span> 
     </span>
    </p>
   </div>
   <div class='ocr_carea' id='block_1_47' title="bbox 2273 1903 3800 1978">
    <p class='ocr_par' dir='ltr' id='par_1_47' title="bbox 2273 1903 3800 1978">
     <span class='ocr_line' id='line_1_47' title="bbox 2273 1903 3800 1978; baseline -0.005 -14"><span class='ocrx_word' id='word_1_390' title='bbox 2273 1909 2486 1965; x_wconf 80' lang='lat' dir='ltr'><strong>alleluia</strong></span> <span class='ocrx_word' id='word_1_391' title='bbox 2515 1919 2697 1978; x_wconf 88' lang='lat' dir='ltr'><strong>erunt,</strong></span> <span class='ocrx_word' id='word_1_392' title='bbox 2730 1919 2784 1964; x_wconf 91' lang='lat' dir='ltr'><strong>et</strong></span> <span class='ocrx_word' id='word_1_393' title='bbox 2811 1907 2901 1964; x_wconf 88' lang='lat' dir='ltr'><strong>illa</strong></span> <span class='ocrx_word' id='word_1_394' title='bbox 2924 1924 3039 1977; x_wconf 66' lang='lat' dir='ltr'><strong>quae</strong></span> <span class='ocrx_word' id='word_1_395' title='bbox 3085 1924 3177 1962; x_wconf 82' lang='lat' dir='ltr'><strong>nec</strong></span> <span class='ocrx_word' id='word_1_396' title='bbox 3206 1905 3388 1962; x_wconf 85' lang='lat' dir='ltr'><strong>oculus</strong></span> <span class='ocrx_word' id='word_1_397' title='bbox 3417 1903 3557 1970; x_wconf 79' lang='lat' dir='ltr'><strong>cidit,</strong></span> <span class='ocrx_word' id='word_1_398' title='bbox 3589 1919 3666 1958; x_wconf 86' lang='lat' dir='ltr'><strong>nec</strong></span> <span class='ocrx_word' id='word_1_399' title='bbox 3699 1905 3800 1956; x_wconf 75' lang='lat' dir='ltr'><strong>naris</strong></span> 
     </span>
    </p>
   </div>
   <div class='ocr_carea' id='block_1_48' title="bbox 2273 1995 3799 2070">
    <p class='ocr_par' dir='ltr' id='par_1_48' title="bbox 2273 1995 3799 2070">
     <span class='ocr_line' id='line_1_48' title="bbox 2273 1995 3799 2070; baseline -0.005 -14"><span class='ocrx_word' id='word_1_400' title='bbox 2273 2003 2491 2070; x_wconf 71' lang='lat' dir='ltr'><strong>audit-it,</strong></span> <span class='ocrx_word' id='word_1_401' title='bbox 2525 2021 2614 2058; x_wconf 85' lang='lat' dir='ltr'><strong>nec</strong></span> <span class='ocrx_word' id='word_1_402' title='bbox 2658 2005 2710 2056; x_wconf 86' lang='lat' dir='ltr'><strong>in</strong></span> <span class='ocrx_word' id='word_1_403' title='bbox 2739 2017 2827 2056; x_wconf 87' lang='lat' dir='ltr'><strong>cor</strong></span> <span class='ocrx_word' id='word_1_404' title='bbox 2859 1999 3080 2056; x_wconf 86' lang='lat' dir='ltr'><strong>hominis</strong></span> <span class='ocrx_word' id='word_1_405' title='bbox 3116 1995 3497 2062; x_wconf 72' lang='lat' dir='ltr'><strong>ascenderunt,</strong></span> <span class='ocrx_word' id='word_1_406' title='bbox 3525 2011 3628 2068; x_wconf 66' lang='lat' dir='ltr'><strong>qua</strong></span> <span class='ocrx_word' id='word_1_407' title='bbox 3651 2003 3799 2066; x_wconf 69' lang='lat' dir='ltr'><strong>prepa-</strong></span> 
     </span>
    </p>
   </div>
   <div class='ocr_carea' id='block_1_49' title="bbox 2273 2087 3798 2166">
    <p class='ocr_par' dir='ltr' id='par_1_49' title="bbox 2273 2087 3798 2166">
     <span class='ocr_line' id='line_1_49' title="bbox 2273 2087 3798 2166; baseline -0.006 -17"><span class='ocrx_word' id='word_1_408' title='bbox 2273 2097 2402 2149; x_wconf 82' lang='lat' dir='ltr'><strong>ravit</strong></span> <span class='ocrx_word' id='word_1_409' title='bbox 2437 2093 2574 2150; x_wconf 81' lang='lat' dir='ltr'><strong>Deus</strong></span> <span class='ocrx_word' id='word_1_410' title='bbox 2597 2093 2925 2166; x_wconf 79' lang='lat' dir='ltr'><strong>diligentibus</strong></span> <span class='ocrx_word' id='word_1_411' title='bbox 2946 2109 2998 2146; x_wconf 84' lang='lat' dir='ltr'><strong>se</strong></span> <span class='ocrx_word' id='word_1_412' title='bbox 3026 2089 3072 2164; x_wconf 78' lang='grc' dir='ltr'><strong>(Ι</strong></span> <span class='ocrx_word' id='word_1_413' title='bbox 3093 2089 3216 2146; x_wconf 74' lang='lat' dir='ltr'><strong>Lor.</strong></span> <span class='ocrx_word' id='word_1_414' title='bbox 3245 2106 3305 2156; x_wconf 88' lang='grc'><strong>11,</strong></span> <span class='ocrx_word' id='word_1_415' title='bbox 3337 2087 3417 2162; x_wconf 89' lang='lat'><strong>9).</strong></span> <span class='ocrx_word' id='word_1_416' title='bbox 3447 2087 3558 2143; x_wconf 79' lang='lat' dir='ltr'><strong>Non</strong></span> <span class='ocrx_word' id='word_1_417' title='bbox 3585 2101 3695 2156; x_wconf 79' lang='lat' dir='ltr'><strong>ergo</strong></span> <span class='ocrx_word' id='word_1_418' title='bbox 3719 2095 3798 2156; x_wconf 68' lang='lat' dir='ltr'><strong>post</strong></span> 
     </span>
    </p>
   </div>
   <div class='ocr_carea' id='block_1_50' title="bbox 2277 2179 3798 2245">
    <p class='ocr_par' dir='ltr' id='par_1_50' title="bbox 2277 2179 3798 2245">
     <span class='ocr_line' id='line_1_50' title="bbox 2277 2179 3798 2245; baseline -0.008 -1"><span class='ocrx_word' id='word_1_419' title='bbox 2277 2189 2730 2245; x_wconf 54' lang='lat' dir='ltr'><strong>resurrectionem</strong></span> <span class='ocrx_word' id='word_1_420' title='bbox 2751 2183 3188 2242; x_wconf 82' lang='lat' dir='ltr'><strong>manducandum</strong></span> <span class='ocrx_word' id='word_1_421' title='bbox 3217 2181 3373 2238; x_wconf 88' lang='lat' dir='ltr'><strong>nobis</strong></span> <span class='ocrx_word' id='word_1_422' title='bbox 3397 2197 3460 2237; x_wconf 91' lang='lat' dir='ltr'><strong>ac</strong></span> <span class='ocrx_word' id='word_1_423' title='bbox 3475 2179 3798 2236; x_wconf 76' lang='lat' dir='ltr'><strong>bibendnmest</strong></span> 
     </span>
    </p>
   </div>
   <div class='ocr_carea' id='block_1_51' title="bbox 2276 2275 3798 2352">
    <p class='ocr_par' dir='ltr' id='par_1_51' title="bbox 2276 2275 3798 2352">
     <span class='ocr_line' id='line_1_51' title="bbox 2276 2275 3798 2352; baseline -0.009 -14"><span class='ocrx_word' id='word_1_424' title='bbox 2276 2299 2375 2338; x_wconf 89' lang='lat' dir='ltr'><strong>nec</strong></span> <span class='ocrx_word' id='word_1_425' title='bbox 2409 2285 2718 2352; x_wconf 79' lang='lat' dir='ltr'><strong>incorrupta</strong></span> <span class='ocrx_word' id='word_1_426' title='bbox 2749 2291 2802 2336; x_wconf 89' lang='lat' dir='ltr'><strong>et</strong></span> <span class='ocrx_word' id='word_1_427' title='bbox 2831 2277 3158 2336; x_wconf 83' lang='lat' dir='ltr'><strong>immortalia</strong></span> <span class='ocrx_word' id='word_1_428' title='bbox 3189 2291 3418 2349; x_wconf 90' lang='lat' dir='ltr'><strong>corpora</strong></span> <span class='ocrx_word' id='word_1_429' title='bbox 3448 2275 3696 2329; x_wconf 83' lang='lat' dir='ltr'><strong>alitnOaiis</strong></span> <span class='ocrx_word' id='word_1_430' title='bbox 3719 2285 3798 2326; x_wconf 76' lang='lat' dir='ltr'><strong>sus.-</strong></span> 
     </span>
    </p>
   </div>
   <div class='ocr_carea' id='block_1_52' title="bbox 2275 2365 3798 2443">
    <p class='ocr_par' dir='ltr' id='par_1_52' title="bbox 2275 2365 3798 2443">
     <span class='ocr_line' id='line_1_52' title="bbox 2275 2365 3798 2443; baseline -0.009 -12"><span class='ocrx_word' id='word_1_431' title='bbox 2275 2375 2531 2431; x_wconf 84' lang='lat' dir='ltr'><strong>tentauda</strong></span> <span class='ocrx_word' id='word_1_432' title='bbox 2562 2375 2792 2431; x_wconf 79' lang='lat' dir='ltr'><strong>terrenis</strong></span> <span class='ocrx_word' id='word_1_433' title='bbox 2826 2383 2985 2438; x_wconf 84' lang='lat' dir='ltr'><strong>sunt;</strong></span> <span class='ocrx_word' id='word_1_434' title='bbox 3019 2371 3262 2443; x_wconf 87' lang='lat' dir='ltr'><strong>alioquin</strong></span> <span class='ocrx_word' id='word_1_435' title='bbox 3291 2370 3382 2424; x_wconf 86' lang='lat' dir='ltr'><strong>ubi</strong></span> <span class='ocrx_word' id='word_1_436' title='bbox 3411 2365 3540 2434; x_wconf 85' lang='lat' dir='ltr'><strong>cibi,</strong></span> <span class='ocrx_word' id='word_1_437' title='bbox 3568 2377 3798 2436; x_wconf 81' lang='lat' dir='ltr'><strong>sequuntur</strong></span> 
     </span>
    </p>
   </div>
   <div class='ocr_carea' id='block_1_53' title="bbox 2275 2459 3798 2540">
    <p class='ocr_par' dir='ltr' id='par_1_53' title="bbox 2275 2459 3798 2540">
     <span class='ocr_line' id='line_1_53' title="bbox 2275 2459 3798 2540; baseline -0.009 -16"><span class='ocrx_word' id='word_1_438' title='bbox 2275 2481 2329 2524; x_wconf 88' lang='lat' dir='ltr'><strong>et</strong></span> <span class='ocrx_word' id='word_1_439' title='bbox 2357 2467 2553 2534; x_wconf 91' lang='lat' dir='ltr'><strong>morbi,</strong></span> <span class='ocrx_word' id='word_1_440' title='bbox 2585 2475 2641 2522; x_wconf 90' lang='lat' dir='ltr'><strong>et</strong></span> <span class='ocrx_word' id='word_1_441' title='bbox 2669 2475 2886 2532; x_wconf 80' lang='lat' dir='ltr'><strong>ctcteta,</strong></span> <span class='ocrx_word' id='word_1_442' title='bbox 2920 2481 3037 2540; x_wconf 67' lang='lat' dir='ltr'><strong>quae</strong></span> <span class='ocrx_word' id='word_1_443' title='bbox 3069 2465 3120 2518; x_wconf 92' lang='lat' dir='ltr'><strong>iu</strong></span> <span class='ocrx_word' id='word_1_444' title='bbox 3155 2461 3258 2518; x_wconf 84' lang='lat' dir='ltr'><strong>itoc</strong></span> <span class='ocrx_word' id='word_1_445' title='bbox 3287 2459 3490 2518; x_wconf 71' lang='lat' dir='ltr'><strong>smculo</strong></span> <span class='ocrx_word' id='word_1_446' title='bbox 3519 2459 3798 2530; x_wconf 80' lang='lat' dir='ltr'><strong>perpetimur.</strong></span> 
     </span>
    </p>
   </div>
   <div class='ocr_carea' id='block_1_54' title="bbox 2346 2549 3800 2629">
    <p class='ocr_par' dir='ltr' id='par_1_54' title="bbox 2346 2549 3800 2629">
     <span class='ocr_line' id='line_1_54' title="bbox 2346 2549 3800 2629; baseline -0.008 -13"><span class='ocrx_word' id='word_1_447' title='bbox 2346 2557 2576 2616; x_wconf 77' lang='lat' dir='ltr'><strong>CAPUT</strong></span> <span class='ocrx_word' id='word_1_448' title='bbox 2607 2559 2877 2615; x_wconf 76' lang='lat' dir='ltr'><strong>XXIX.——</strong></span> <span class='ocrx_word' id='word_1_449' title='bbox 2901 2559 3052 2614; x_wconf 83' lang='lat' dir='ltr'><strong>Sicut</strong></span> <span class='ocrx_word' id='word_1_450' title='bbox 3075 2573 3205 2629; x_wconf 88' lang='lat' dir='ltr'><strong>ergo</strong></span> <span class='ocrx_word' id='word_1_451' title='bbox 3239 2571 3422 2610; x_wconf 74' lang='lat' dir='ltr'><strong>veram</strong></span> <span class='ocrx_word' id='word_1_452' title='bbox 3446 2567 3648 2609; x_wconf 87' lang='lat' dir='ltr'><strong>carnem</strong></span> <span class='ocrx_word' id='word_1_453' title='bbox 3673 2549 3800 2606; x_wconf 82' lang='lat' dir='ltr'><strong>Domi-</strong></span> 
     </span>
    </p>
   </div>
   <div class='ocr_carea' id='block_1_55' title="bbox 2277 2653 3800 2724">
    <p class='ocr_par' dir='ltr' id='par_1_55' title="bbox 2277 2653 3800 2724">
     <span class='ocr_line' id='line_1_55' title="bbox 2277 2653 3800 2724; baseline -0.008 -13"><span class='ocrx_word' id='word_1_454' title='bbox 2277 2671 2378 2711; x_wconf 90' lang='lat' dir='ltr'><strong>nus</strong></span> <span class='ocrx_word' id='word_1_455' title='bbox 2417 2653 2690 2724; x_wconf 87' lang='lat' dir='ltr'><strong>suscepit,</strong></span> <span class='ocrx_word' id='word_1_456' title='bbox 2731 2665 2785 2708; x_wconf 91' lang='lat' dir='ltr'><strong>et</strong></span> <span class='ocrx_word' id='word_1_457' title='bbox 2827 2669 2950 2708; x_wconf 87' lang='lat' dir='ltr'><strong>vere</strong></span> <span class='ocrx_word' id='word_1_458' title='bbox 2992 2667 3181 2724; x_wconf 74' lang='lat' dir='ltr'><strong>passus</strong></span> <span class='ocrx_word' id='word_1_459' title='bbox 3220 2661 3338 2717; x_wconf 88' lang='lat' dir='ltr'><strong>est,</strong></span> <span class='ocrx_word' id='word_1_460' title='bbox 3379 2657 3436 2705; x_wconf 89' lang='lat' dir='ltr'><strong>et</strong></span> <span class='ocrx_word' id='word_1_461' title='bbox 3471 2663 3591 2704; x_wconf 87' lang='lat' dir='ltr'><strong>vere</strong></span> <span class='ocrx_word' id='word_1_462' title='bbox 3621 2659 3800 2702; x_wconf 77' lang='lat' dir='ltr'><strong>resurre-</strong></span> 
     </span>
    </p>
   </div>
   <div class='ocr_carea' id='block_1_56' title="bbox 2277 2737 3802 2820">
    <p class='ocr_par' dir='ltr' id='par_1_56' title="bbox 2277 2737 3802 2820">
     <span class='ocr_line' id='line_1_56' title="bbox 2277 2737 3802 2820; baseline -0.007 -16"><span class='ocrx_word' id='word_1_463' title='bbox 2277 2748 2372 2814; x_wconf 82' lang='lat' dir='ltr'><strong>xit,</strong></span> <span class='ocrx_word' id='word_1_464' title='bbox 2415 2759 2471 2804; x_wconf 88' lang='lat' dir='ltr'><strong>et</strong></span> <span class='ocrx_word' id='word_1_465' title='bbox 2508 2764 2636 2803; x_wconf 88' lang='lat' dir='ltr'><strong>vere</strong></span> <span class='ocrx_word' id='word_1_466' title='bbox 2671 2759 2790 2820; x_wconf 86' lang='lat' dir='ltr'><strong>post</strong></span> <span class='ocrx_word' id='word_1_467' title='bbox 2830 2747 3283 2804; x_wconf 87' lang='lat' dir='ltr'><strong>resurrectionem</strong></span> <span class='ocrx_word' id='word_1_468' title='bbox 3317 2759 3508 2800; x_wconf 88' lang='lat' dir='ltr'><strong>manus</strong></span> <span class='ocrx_word' id='word_1_469' title='bbox 3537 2751 3588 2799; x_wconf 86' lang='lat' dir='ltr'><strong>et</strong></span> <span class='ocrx_word' id='word_1_470' title='bbox 3620 2737 3802 2796; x_wconf 61' lang='lat' dir='ltr'><strong>latusos</strong></span> 
     </span>
    </p>
   </div>
   <div class='ocr_carea' id='block_1_57' title="bbox 2277 2833 3800 2912">
    <p class='ocr_par' dir='ltr' id='par_1_57' title="bbox 2277 2833 3800 2912">
     <span class='ocr_line' id='line_1_57' title="bbox 2277 2833 3800 2912; baseline -0.004 -18"><span class='ocrx_word' id='word_1_471' title='bbox 2277 2839 2448 2896; x_wconf 85' lang='lat' dir='ltr'><strong>tendit</strong></span> <span class='ocrx_word' id='word_1_472' title='bbox 2497 2839 2776 2910; x_wconf 85' lang='lat' dir='ltr'><strong>discipulis</strong></span> <span class='ocrx_word' id='word_1_473' title='bbox 2817 2837 2999 2912; x_wconf 83' lang='lat' dir='ltr'><strong>(Joan.</strong></span> <span class='ocrx_word' id='word_1_474' title='bbox 3041 2856 3107 2893; x_wconf 83' lang='lat' dir='ltr'><strong>xx</strong></span> <span class='ocrx_word' id='word_1_475' title='bbox 3135 2881 3149 2906; x_wconf 92' lang='lat'><strong>,</strong></span> <span class='ocrx_word' id='word_1_476' title='bbox 3195 2839 3298 2904; x_wconf 63' lang='lat' dir='ltr'><strong>il;</strong></span> <span class='ocrx_word' id='word_1_477' title='bbox 3348 2837 3476 2892; x_wconf 86' lang='lat' dir='ltr'><strong>Luc.</strong></span> <span class='ocrx_word' id='word_1_478' title='bbox 3531 2851 3673 2900; x_wconf 82' lang='lat' dir='ltr'><strong>xm,</strong></span> <span class='ocrx_word' id='word_1_479' title='bbox 3703 2833 3800 2904; x_wconf 67' lang='grc' dir='ltr'><strong>εομ</strong></span> 
     </span>
    </p>
   </div>
   <div class='ocr_carea' id='block_1_58' title="bbox 2277 2925 3802 3001">
    <p class='ocr_par' dir='ltr' id='par_1_58' title="bbox 2277 2925 3802 3001">
     <span class='ocr_line' id='line_1_58' title="bbox 2277 2925 3802 3001; baseline -0.005 -15"><span class='ocrx_word' id='word_1_480' title='bbox 2277 2933 2346 2987; x_wconf 84' lang='lat' dir='ltr'><strong>ita</strong></span> <span class='ocrx_word' id='word_1_481' title='bbox 2379 2944 2433 2989; x_wconf 89' lang='lat' dir='ltr'><strong>et</strong></span> <span class='ocrx_word' id='word_1_482' title='bbox 2457 2947 2582 2989; x_wconf 85' lang='lat' dir='ltr'><strong>vere</strong></span> <span class='ocrx_word' id='word_1_483' title='bbox 2623 2933 2990 2996; x_wconf 85' lang='lat' dir='ltr'><strong>manducavit,</strong></span> <span class='ocrx_word' id='word_1_484' title='bbox 3049 2947 3175 2986; x_wconf 83' lang='lat' dir='ltr'><strong>vere</strong></span> <span class='ocrx_word' id='word_1_485' title='bbox 3204 2927 3436 3001; x_wconf 78' lang='lat' dir='ltr'><strong>pedibus</strong></span> <span class='ocrx_word' id='word_1_486' title='bbox 3476 2925 3802 2992; x_wconf 82' lang='lat' dir='ltr'><strong>ambulavit,et</strong></span> 
     </span>
    </p>
   </div>
   <div class='ocr_carea' id='block_1_59' title="bbox 2280 3017 3800 3098">
    <p class='ocr_par' dir='ltr' id='par_1_59' title="bbox 2280 3017 3800 3098">
     <span class='ocr_line' id='line_1_59' title="bbox 2280 3017 3800 3098; baseline -0.006 -20"><span class='ocrx_word' id='word_1_487' title='bbox 2280 3041 2401 3080; x_wconf 88' lang='lat' dir='ltr'><strong>vera</strong></span> <span class='ocrx_word' id='word_1_488' title='bbox 2428 3026 2610 3098; x_wconf 80' lang='lat' dir='ltr'><strong>lingua</strong></span> <span class='ocrx_word' id='word_1_489' title='bbox 2639 3041 2760 3082; x_wconf 89' lang='lat' dir='ltr'><strong>cum</strong></span> <span class='ocrx_word' id='word_1_490' title='bbox 2784 3025 3036 3082; x_wconf 89' lang='lat' dir='ltr'><strong>omnibus</strong></span> <span class='ocrx_word' id='word_1_491' title='bbox 3060 3023 3344 3094; x_wconf 70' lang='lat' dir='ltr'><strong>:tpnleIiS,</strong></span> <span class='ocrx_word' id='word_1_492' title='bbox 3369 3031 3425 3078; x_wconf 87' lang='lat' dir='ltr'><strong>et</strong></span> <span class='ocrx_word' id='word_1_493' title='bbox 3446 3035 3564 3078; x_wconf 87' lang='lat' dir='ltr'><strong>eum</strong></span> <span class='ocrx_word' id='word_1_494' title='bbox 3589 3019 3608 3059; x_wconf 75' lang='grc' dir='ltr'>ί</span> <span class='ocrx_word' id='word_1_495' title='bbox 3628 3017 3800 3088; x_wconf 81' lang='lat' dir='ltr'><strong>Cleopln</strong></span> 
     </span>
    </p>
   </div>
   <div class='ocr_carea' id='block_1_60' title="bbox 2281 3113 3802 3186">
    <p class='ocr_par' dir='ltr' id='par_1_60' title="bbox 2281 3113 3802 3186">
     <span class='ocr_line' id='line_1_60' title="bbox 2281 3113 3802 3186; baseline -0.007 -10"><span class='ocrx_word' id='word_1_496' title='bbox 2281 3121 2492 3176; x_wconf 89' lang='lat' dir='ltr'><strong>locutus</strong></span> <span class='ocrx_word' id='word_1_497' title='bbox 2523 3129 2626 3186; x_wconf 88' lang='lat' dir='ltr'><strong>est,</strong></span> <span class='ocrx_word' id='word_1_498' title='bbox 2657 3131 2710 3176; x_wconf 91' lang='lat' dir='ltr'><strong>et</strong></span> <span class='ocrx_word' id='word_1_499' title='bbox 2741 3136 2870 3176; x_wconf 88' lang='lat' dir='ltr'><strong>vero</strong></span> <span class='ocrx_word' id='word_1_500' title='bbox 2913 3119 3095 3175; x_wconf 90' lang='lat' dir='ltr'><strong>cubitu</strong></span> <span class='ocrx_word' id='word_1_501' title='bbox 3125 3133 3246 3174; x_wconf 90' lang='lat' dir='ltr'><strong>cum</strong></span> <span class='ocrx_word' id='word_1_502' title='bbox 3279 3117 3358 3174; x_wconf 88' lang='lat' dir='ltr'><strong>eis</strong></span> <span class='ocrx_word' id='word_1_503' title='bbox 3387 3119 3440 3172; x_wconf 92' lang='lat' dir='ltr'><strong>in</strong></span> <span class='ocrx_word' id='word_1_504' title='bbox 3489 3131 3632 3173; x_wconf 67' lang='lat' dir='ltr'><strong>coena</strong></span> <span class='ocrx_word' id='word_1_505' title='bbox 3672 3113 3802 3168; x_wconf 82' lang='lat' dir='ltr'><strong>discu-</strong></span> 
     </span>
    </p>
   </div>
   <div class='ocr_carea' id='block_1_61' title="bbox 570 3205 3804 3292">
    <p class='ocr_par' dir='ltr' id='par_1_61' title="bbox 570 3205 3804 3292">
     <span class='ocr_line' id='line_1_61' title="bbox 570 3205 3804 3292; baseline -0.003 -24"><span class='ocrx_word' id='word_1_506' title='bbox 570 3211 827 3280; x_wconf 90' lang='lat' dir='ltr'><strong>donante,</strong></span> <span class='ocrx_word' id='word_1_507' title='bbox 860 3229 1203 3287; x_wconf 88' lang='lat' dir='ltr'><strong>permanent.</strong></span> <span class='ocrx_word' id='word_1_508' title='bbox 1249 3217 1315 3274; x_wconf 86' lang='lat' dir='ltr'><strong>Et</strong></span> <span class='ocrx_word' id='word_1_509' title='bbox 1362 3217 1487 3276; x_wconf 84' lang='lat' dir='ltr'><strong>ideo</strong></span> <span class='ocrx_word' id='word_1_510' title='bbox 1542 3217 1595 3275; x_wconf 87' lang='lat' dir='ltr'><strong>in</strong></span> <span class='ocrx_word' id='word_1_511' title='bbox 1627 3221 1764 3278; x_wconf 88' lang='lat' dir='ltr'><strong>albis</strong></span> <span class='ocrx_word' id='word_1_512' title='bbox 1805 3221 2065 3292; x_wconf 90' lang='lat' dir='ltr'><strong>vestibus,</strong></span> <span class='ocrx_word' id='word_1_513' title='bbox 2123 3233 2182 3282; x_wconf 90' lang='lat' dir='ltr'><strong>ut</strong></span> <span class='ocrx_word' id='word_1_514' title='bbox 2209 3219 2253 3283; x_wconf 84' lang='lat' dir='ltr'><strong>C</strong></span> <span class='ocrx_word' id='word_1_515' title='bbox 2287 3213 2434 3280; x_wconf 90' lang='lat' dir='ltr'><strong>buit,</strong></span> <span class='ocrx_word' id='word_1_516' title='bbox 2465 3221 2520 3268; x_wconf 90' lang='lat' dir='ltr'><strong>et</strong></span> <span class='ocrx_word' id='word_1_517' title='bbox 2548 3215 2691 3270; x_wconf 89' lang='lat' dir='ltr'><strong>veris</strong></span> <span class='ocrx_word' id='word_1_518' title='bbox 2747 3211 3000 3267; x_wconf 90' lang='lat' dir='ltr'><strong>manibus</strong></span> <span class='ocrx_word' id='word_1_519' title='bbox 3029 3213 3238 3284; x_wconf 81' lang='lat' dir='ltr'><strong>acet-pit</strong></span> <span class='ocrx_word' id='word_1_520' title='bbox 3289 3227 3485 3284; x_wconf 86' lang='lat' dir='ltr'><strong>panem</strong></span> <span class='ocrx_word' id='word_1_521' title='bbox 3515 3217 3566 3266; x_wconf 85' lang='lat' dir='ltr'><strong>et</strong></span> <span class='ocrx_word' id='word_1_522' title='bbox 3599 3205 3804 3265; x_wconf 69' lang='lat' dir='ltr'><strong>benedixit</strong></span> 
     </span>
    </p>
   </div>
   <div class='ocr_carea' id='block_1_62' title="bbox 570 3305 2184 3388">
    <p class='ocr_par' dir='ltr' id='par_1_62' title="bbox 570 3305 2184 3388">
     <span class='ocr_line' id='line_1_62' title="bbox 570 3305 2184 3388; baseline 0.008 -29"><span class='ocrx_word' id='word_1_523' title='bbox 570 3305 772 3361; x_wconf 85' lang='lat' dir='ltr'><strong>dictum</strong></span> <span class='ocrx_word' id='word_1_524' title='bbox 794 3315 906 3376; x_wconf 89' lang='lat' dir='ltr'><strong>est,</strong></span> <span class='ocrx_word' id='word_1_525' title='bbox 932 3317 1096 3365; x_wconf 88' lang='lat' dir='ltr'><strong>erunt</strong></span> <span class='ocrx_word' id='word_1_526' title='bbox 1123 3322 1415 3382; x_wconf 85' lang='lat' dir='ltr'><strong>sequentes</strong></span> <span class='ocrx_word' id='word_1_527' title='bbox 1438 3315 1698 3384; x_wconf 60' lang='lat' dir='ltr'><strong>agnum“,</strong></span> <span class='ocrx_word' id='word_1_528' title='bbox 1723 3315 1810 3388; x_wconf 88' lang='lat' dir='ltr'><strong>qui</strong></span> <span class='ocrx_word' id='word_1_529' title='bbox 1845 3315 1966 3370; x_wconf 91' lang='lat' dir='ltr'><strong>tulit</strong></span> <span class='ocrx_word' id='word_1_530' title='bbox 1994 3313 2184 3388; x_wconf 67' lang='lat' dir='ltr'><strong>pecca-</strong></span> 
     </span>
    </p>
   </div>
   <div class='ocr_carea' id='block_1_63' title="bbox 573 3391 1782 3456">
    <p class='ocr_par' dir='ltr' id='par_1_63' title="bbox 573 3391 1782 3456">
     <span class='ocr_line' id='line_1_63' title="bbox 573 3391 1782 3456; baseline 0.012 -4"><span class='ocrx_word' id='word_1_531' title='bbox 573 3407 686 3453; x_wconf 91' lang='lat' dir='ltr'><strong>tum</strong></span> <span class='ocrx_word' id='word_1_532' title='bbox 731 3402 937 3456; x_wconf 91' lang='lat' dir='ltr'><strong>mttndi.</strong></span> <span class='ocrx_word' id='word_1_533' title='bbox 1779 3391 1782 3394; x_wconf 13' lang='grc' dir='ltr'><strong><em>ί</em></strong></span> 
     </span>
    </p>
   </div>
   <div class='ocr_carea' id='block_1_64' title="bbox 643 3492 2184 3574">
    <p class='ocr_par' dir='ltr' id='par_1_64' title="bbox 643 3492 2184 3574">
     <span class='ocr_line' id='line_1_64' title="bbox 643 3492 2184 3574; baseline 0.008 -26"><span class='ocrx_word' id='word_1_534' title='bbox 643 3492 870 3552; x_wconf 77' lang='lat' dir='ltr'><strong>CAPUT</strong></span> <span class='ocrx_word' id='word_1_535' title='bbox 901 3496 1140 3553; x_wconf 80' lang='lat' dir='ltr'><strong>XXVIII.</strong></span> <span class='ocrx_word' id='word_1_536' title='bbox 1173 3531 1242 3540; x_wconf 91' lang='lat'><strong>—-</strong></span> <span class='ocrx_word' id='word_1_537' title='bbox 1263 3501 1455 3558; x_wconf 88' lang='lat' dir='ltr'><strong>Totum</strong></span> <span class='ocrx_word' id='word_1_538' title='bbox 1478 3519 1607 3574; x_wconf 82' lang='lat' dir='ltr'><strong>ergo</strong></span> <span class='ocrx_word' id='word_1_539' title='bbox 1630 3503 1928 3568; x_wconf 83' lang='lat' dir='ltr'><strong>hominem.</strong></span> <span class='ocrx_word' id='word_1_540' title='bbox 1953 3505 2092 3562; x_wconf 89' lang='lat' dir='ltr'><strong>sicut</strong></span> <span class='ocrx_word' id='word_1_541' title='bbox 2114 3503 2184 3560; x_wconf 89' lang='lat' dir='ltr'><strong>di-</strong></span> 
     </span>
    </p>
   </div>
   <div class='ocr_carea' id='block_1_65' title="bbox 569 3590 2182 3672">
    <p class='ocr_par' dir='ltr' id='par_1_65' title="bbox 569 3590 2182 3672">
     <span class='ocr_line' id='line_1_65' title="bbox 569 3590 2182 3672; baseline 0.007 -30"><span class='ocrx_word' id='word_1_542' title='bbox 569 3597 712 3642; x_wconf 86' lang='lat' dir='ltr'><strong>ctum</strong></span> <span class='ocrx_word' id='word_1_543' title='bbox 747 3600 849 3654; x_wconf 79' lang='lat' dir='ltr'><strong>est,</strong></span> <span class='ocrx_word' id='word_1_544' title='bbox 883 3590 1056 3645; x_wconf 79' lang='lat' dir='ltr'><strong>Filius</strong></span> <span class='ocrx_word' id='word_1_545' title='bbox 1081 3591 1177 3647; x_wconf 86' lang='lat' dir='ltr'><strong>Dei</strong></span> <span class='ocrx_word' id='word_1_546' title='bbox 1208 3597 1446 3672; x_wconf 87' lang='lat' dir='ltr'><strong>suscepit</strong></span> <span class='ocrx_word' id='word_1_547' title='bbox 1472 3613 1532 3651; x_wconf 81' lang='lat' dir='ltr'><strong>ex</strong></span> <span class='ocrx_word' id='word_1_548' title='bbox 1563 3597 1814 3668; x_wconf 73' lang='lat' dir='ltr'><strong>Virgine,</strong></span> <span class='ocrx_word' id='word_1_549' title='bbox 1851 3606 2019 3652; x_wconf 89' lang='lat' dir='ltr'><strong>totum</strong></span> <span class='ocrx_word' id='word_1_550' title='bbox 2045 3599 2182 3654; x_wconf 89' lang='lat' dir='ltr'><strong>inte-</strong></span> 
     </span>
    </p>
   </div>
   <div class='ocr_carea' id='block_1_66' title="bbox 569 3685 2182 3766">
    <p class='ocr_par' dir='ltr' id='par_1_66' title="bbox 569 3685 2182 3766">
     <span class='ocr_line' id='line_1_66' title="bbox 569 3685 2182 3766; baseline 0.007 -31"><span class='ocrx_word' id='word_1_551' title='bbox 569 3695 723 3752; x_wconf 81' lang='lat' dir='ltr'><strong>grum</strong></span> <span class='ocrx_word' id='word_1_552' title='bbox 751 3685 1115 3750; x_wconf 81' lang='lat' dir='ltr'><strong>resuscitabit,</strong></span> <span class='ocrx_word' id='word_1_553' title='bbox 1152 3687 1200 3740; x_wconf 88' lang='lat' dir='ltr'><strong>id</strong></span> <span class='ocrx_word' id='word_1_554' title='bbox 1234 3701 1334 3756; x_wconf 61' lang='lat' dir='ltr'><strong>(tsi,</strong></span> <span class='ocrx_word' id='word_1_555' title='bbox 1368 3691 1600 3744; x_wconf 87' lang='lat' dir='ltr'><strong>animam</strong></span> <span class='ocrx_word' id='word_1_556' title='bbox 1659 3707 1706 3746; x_wconf 76' lang='lat' dir='ltr'><strong>et</strong></span> <span class='ocrx_word' id='word_1_557' title='bbox 1762 3707 1979 3766; x_wconf 86' lang='lat' dir='ltr'><strong>corpus,</strong></span> <span class='ocrx_word' id='word_1_558' title='bbox 2011 3691 2182 3746; x_wconf 89' lang='lat' dir='ltr'><strong>adim-</strong></span> 
     </span>
    </p>
   </div>
   <div class='ocr_carea' id='block_1_67' title="bbox 569 3775 2188 3860">
    <p class='ocr_par' dir='ltr' id='par_1_67' title="bbox 569 3775 2188 3860">
     <span class='ocr_line' id='line_1_67' title="bbox 569 3775 2188 3860; baseline 0.007 -31"><span class='ocrx_word' id='word_1_559' title='bbox 569 3775 725 3846; x_wconf 87' lang='lat' dir='ltr'><strong>pleus</strong></span> <span class='ocrx_word' id='word_1_560' title='bbox 767 3779 1092 3834; x_wconf 85' lang='lat' dir='ltr'><strong>sententiam</strong></span> <span class='ocrx_word' id='word_1_561' title='bbox 1145 3797 1329 3850; x_wconf 89' lang='lat' dir='ltr'><strong>suam,</strong></span> <span class='ocrx_word' id='word_1_562' title='bbox 1379 3802 1480 3855; x_wconf 84' lang='lat' dir='ltr'><strong>qua</strong></span> <span class='ocrx_word' id='word_1_563' title='bbox 1514 3787 1587 3841; x_wconf 90' lang='lat' dir='ltr'><strong>ait</strong></span> <span class='ocrx_word' id='word_1_564' title='bbox 1629 3787 1838 3842; x_wconf 84' lang='lat' dir='ltr'><strong>:Omne</strong></span> <span class='ocrx_word' id='word_1_565' title='bbox 1867 3787 2004 3860; x_wconf 84' lang='lat' dir='ltr'><strong>quod</strong></span> <span class='ocrx_word' id='word_1_566' title='bbox 2049 3785 2188 3842; x_wconf 86' lang='lat' dir='ltr'><strong>dedit</strong></span> 
     </span>
    </p>
   </div>
   <div class='ocr_carea' id='block_1_68' title="bbox 574 3866 2186 3952">
    <p class='ocr_par' dir='ltr' id='par_1_68' title="bbox 574 3866 2186 3952">
     <span class='ocr_line' id='line_1_68' title="bbox 574 3866 2186 3952; baseline 0.008 -30"><span class='ocrx_word' id='word_1_567' title='bbox 574 3866 699 3922; x_wconf 86' lang='lat' dir='ltr'><strong>mihi</strong></span> <span class='ocrx_word' id='word_1_568' title='bbox 722 3867 900 3938; x_wconf 84' lang='lat' dir='ltr'><strong>Pater,</strong></span> <span class='ocrx_word' id='word_1_569' title='bbox 924 3889 1023 3926; x_wconf 86' lang='lat' dir='ltr'><strong>non</strong></span> <span class='ocrx_word' id='word_1_570' title='bbox 1051 3875 1265 3946; x_wconf 83' lang='lat' dir='ltr'><strong>perdam</strong></span> <span class='ocrx_word' id='word_1_571' title='bbox 1287 3893 1352 3932; x_wconf 82' lang='lat' dir='ltr'><strong>ea:</strong></span> <span class='ocrx_word' id='word_1_572' title='bbox 1373 3895 1429 3932; x_wconf 89' lang='lat' dir='ltr'><strong>eo</strong></span> <span class='ocrx_word' id='word_1_573' title='bbox 1450 3881 1764 3950; x_wconf 83' lang='lat' dir='ltr'><strong>quidquam;</strong></span> <span class='ocrx_word' id='word_1_574' title='bbox 1787 3881 1876 3934; x_wconf 83' lang='lat' dir='ltr'><strong>sed</strong></span> <span class='ocrx_word' id='word_1_575' title='bbox 1902 3897 1994 3952; x_wconf 84' lang='lat' dir='ltr'><strong>ego</strong></span> <span class='ocrx_word' id='word_1_576' title='bbox 2011 3897 2186 3935; x_wconf 86' lang='lat' dir='ltr'><strong>resus-</strong></span> 
     </span>
    </p>
   </div>
   <div class='ocr_carea' id='block_1_69' title="bbox 573 3961 2187 4048">
    <p class='ocr_par' dir='ltr' id='par_1_69' title="bbox 573 3961 2187 4048">
     <span class='ocr_line' id='line_1_69' title="bbox 573 3961 2187 4048; baseline 0.011 -35"><span class='ocrx_word' id='word_1_577' title='bbox 573 3961 738 4016; x_wconf 83' lang='lat' dir='ltr'><strong>citabo</strong></span> <span class='ocrx_word' id='word_1_578' title='bbox 793 3965 925 4020; x_wconf 89' lang='lat' dir='ltr'><strong>illud</strong></span> <span class='ocrx_word' id='word_1_579' title='bbox 967 3968 1022 4021; x_wconf 87' lang='lat' dir='ltr'><strong>in</strong></span> <span class='ocrx_word' id='word_1_580' title='bbox 1062 3971 1334 4025; x_wconf 84' lang='lat' dir='ltr'><strong>novissimo</strong></span> <span class='ocrx_word' id='word_1_581' title='bbox 1374 3972 1456 4026; x_wconf 84' lang='lat' dir='ltr'><strong>die</strong></span> <span class='ocrx_word' id='word_1_582' title='bbox 1502 3971 1683 4045; x_wconf 81' lang='lat' dir='ltr'><strong>(Joan.</strong></span> <span class='ocrx_word' id='word_1_583' title='bbox 1733 3991 1814 4040; x_wconf 76' lang='lat' dir='ltr'><strong>v1,</strong></span> <span class='ocrx_word' id='word_1_584' title='bbox 1858 3974 1992 4048; x_wconf 78' lang='lat'><strong>59):</strong></span> <span class='ocrx_word' id='word_1_585' title='bbox 2045 3975 2187 4048; x_wconf 90' lang='lat' dir='ltr'><strong>quod</strong></span> 
     </span>
    </p>
   </div>
   <div class='ocr_carea' id='block_1_70' title="bbox 572 4053 2186 4130">
    <p class='ocr_par' dir='ltr' id='par_1_70' title="bbox 572 4053 2186 4130">
     <span class='ocr_line' id='line_1_70' title="bbox 572 4053 2186 4130; baseline 0.007 -20"><span class='ocrx_word' id='word_1_586' title='bbox 572 4053 776 4112; x_wconf 87' lang='lat' dir='ltr'><strong>dictutn</strong></span> <span class='ocrx_word' id='word_1_587' title='bbox 821 4067 923 4112; x_wconf 91' lang='lat' dir='ltr'><strong>tam</strong></span> <span class='ocrx_word' id='word_1_588' title='bbox 955 4057 1022 4116; x_wconf 88' lang='lat' dir='ltr'><strong>de</strong></span> <span class='ocrx_word' id='word_1_589' title='bbox 1061 4076 1118 4116; x_wconf 90' lang='lat' dir='ltr'><strong>se</strong></span> <span class='ocrx_word' id='word_1_590' title='bbox 1149 4078 1306 4130; x_wconf 89' lang='lat' dir='ltr'><strong>quam</strong></span> <span class='ocrx_word' id='word_1_591' title='bbox 1338 4063 1403 4119; x_wconf 89' lang='lat' dir='ltr'><strong>de</strong></span> <span class='ocrx_word' id='word_1_592' title='bbox 1447 4067 1702 4122; x_wconf 84' lang='lat' dir='ltr'><strong>membris</strong></span> <span class='ocrx_word' id='word_1_593' title='bbox 1742 4069 1853 4122; x_wconf 83' lang='lat' dir='ltr'><strong>suis</strong></span> <span class='ocrx_word' id='word_1_594' title='bbox 1899 4067 2186 4123; x_wconf 90' lang='lat' dir='ltr'><strong>Dominum</strong></span> 
     </span>
    </p>
   </div>
   <div class='ocr_carea' id='block_1_71' title="bbox 574 4143 2186 4231">
    <p class='ocr_par' dir='ltr' id='par_1_71' title="bbox 574 4143 2186 4231">
     <span class='ocr_line' id='line_1_71' title="bbox 574 4143 2186 4231; baseline 0.009 -29"><span class='ocrx_word' id='word_1_595' title='bbox 574 4143 846 4204; x_wconf 79' lang='lat' dir='ltr'><strong>Clu-istum</strong></span> <span class='ocrx_word' id='word_1_596' title='bbox 875 4151 1074 4209; x_wconf 85' lang='lat' dir='ltr'><strong>dixisse</strong></span> <span class='ocrx_word' id='word_1_597' title='bbox 1099 4155 1470 4230; x_wconf 85' lang='lat' dir='ltr'><strong>intelligimus,</strong></span> <span class='ocrx_word' id='word_1_598' title='bbox 1499 4161 1588 4231; x_wconf 91' lang='lat' dir='ltr'><strong>qui</strong></span> <span class='ocrx_word' id='word_1_599' title='bbox 1616 4176 1714 4216; x_wconf 90' lang='lat' dir='ltr'><strong>suo</strong></span> <span class='ocrx_word' id='word_1_600' title='bbox 1741 4171 1795 4217; x_wconf 90' lang='lat' dir='ltr'><strong>et</strong></span> <span class='ocrx_word' id='word_1_601' title='bbox 1823 4163 2186 4218; x_wconf 88' lang='lat' dir='ltr'><strong>membrorum</strong></span> 
     </span>
    </p>
   </div>
   <div class='ocr_carea' id='block_1_72' title="bbox 575 4246 2191 4325">
    <p class='ocr_par' dir='ltr' id='par_1_72' title="bbox 575 4246 2191 4325">
     <span class='ocr_line' id='line_1_72' title="bbox 575 4246 2191 4325; baseline 0.01 -29"><span class='ocrx_word' id='word_1_602' title='bbox 575 4256 796 4298; x_wconf 90' lang='lat' dir='ltr'><strong>suorum</strong></span> <span class='ocrx_word' id='word_1_603' title='bbox 821 4259 917 4301; x_wconf 88' lang='lat' dir='ltr'><strong>ore</strong></span> <span class='ocrx_word' id='word_1_604' title='bbox 935 4246 988 4300; x_wconf 92' lang='lat' dir='ltr'><strong>in</strong></span> <span class='ocrx_word' id='word_1_605' title='bbox 1013 4251 1262 4305; x_wconf 86' lang='lat' dir='ltr'><strong>omnibus</strong></span> <span class='ocrx_word' id='word_1_606' title='bbox 1289 4253 1492 4308; x_wconf 83' lang='lat' dir='ltr'><strong>sanctis</strong></span> <span class='ocrx_word' id='word_1_607' title='bbox 1521 4253 1756 4325; x_wconf 87' lang='lat' dir='ltr'><strong>loquitur</strong></span> <span class='ocrx_word' id='word_1_608' title='bbox 1781 4251 1952 4310; x_wconf 88' lang='lat' dir='ltr'><strong>libris.</strong></span> <span class='ocrx_word' id='word_1_609' title='bbox 1981 4255 2191 4312; x_wconf 87' lang='lat' dir='ltr'><strong>Clamat</strong></span> 
     </span>
    </p>
   </div>
   <div class='ocr_carea' id='block_1_73' title="bbox 575 4335 2188 4418">
    <p class='ocr_par' dir='ltr' id='par_1_73' title="bbox 575 4335 2188 4418">
     <span class='ocr_line' id='line_1_73' title="bbox 575 4335 2188 4418; baseline 0.009 -29"><span class='ocrx_word' id='word_1_610' title='bbox 575 4349 705 4408; x_wconf 85' lang='lat' dir='ltr'><strong>ergo</strong></span> <span class='ocrx_word' id='word_1_611' title='bbox 754 4335 820 4392; x_wconf 90' lang='lat' dir='ltr'><strong>ad</strong></span> <span class='ocrx_word' id='word_1_612' title='bbox 867 4337 1034 4394; x_wconf 90' lang='lat' dir='ltr'><strong>Dettm</strong></span> <span class='ocrx_word' id='word_1_613' title='bbox 1089 4351 1142 4396; x_wconf 89' lang='lat' dir='ltr'><strong>et</strong></span> <span class='ocrx_word' id='word_1_614' title='bbox 1187 4353 1348 4414; x_wconf 89' lang='lat' dir='ltr'><strong>caput</strong></span> <span class='ocrx_word' id='word_1_615' title='bbox 1391 4347 1445 4400; x_wconf 93' lang='lat' dir='ltr'><strong>in</strong></span> <span class='ocrx_word' id='word_1_616' title='bbox 1489 4360 1743 4418; x_wconf 89' lang='lat' dir='ltr'><strong>corpore,</strong></span> <span class='ocrx_word' id='word_1_617' title='bbox 1790 4357 1844 4404; x_wconf 89' lang='lat' dir='ltr'><strong>et</strong></span> <span class='ocrx_word' id='word_1_618' title='bbox 1891 4363 2084 4418; x_wconf 87' lang='lat' dir='ltr'><strong>corpus</strong></span> <span class='ocrx_word' id='word_1_619' title='bbox 2134 4349 2188 4404; x_wconf 89' lang='lat' dir='ltr'><strong>in</strong></span> 
     </span>
    </p>
   </div>
   <div class='ocr_carea' id='block_1_74' title="bbox 577 4431 2189 4508">
    <p class='ocr_par' dir='ltr' id='par_1_74' title="bbox 577 4431 2189 4508">
     <span class='ocr_line' id='line_1_74' title="bbox 577 4431 2189 4508; baseline 0.008 -24"><span class='ocrx_word' id='word_1_620' title='bbox 577 4431 773 4501; x_wconf 88' lang='lat' dir='ltr'><strong>capite,</strong></span> <span class='ocrx_word' id='word_1_621' title='bbox 808 4432 910 4490; x_wconf 87' lang='lat' dir='ltr'><strong>ltoc</strong></span> <span class='ocrx_word' id='word_1_622' title='bbox 939 4444 1043 4502; x_wconf 86' lang='lat' dir='ltr'><strong>est,</strong></span> <span class='ocrx_word' id='word_1_623' title='bbox 1071 4447 1125 4492; x_wconf 90' lang='lat' dir='ltr'><strong>et</strong></span> <span class='ocrx_word' id='word_1_624' title='bbox 1153 4439 1394 4496; x_wconf 81' lang='lat' dir='ltr'><strong>Ecclesia</strong></span> <span class='ocrx_word' id='word_1_625' title='bbox 1421 4439 1474 4494; x_wconf 93' lang='lat' dir='ltr'><strong>in</strong></span> <span class='ocrx_word' id='word_1_626' title='bbox 1506 4439 1747 4508; x_wconf 83' lang='lat' dir='ltr'><strong>Christo,</strong></span> <span class='ocrx_word' id='word_1_627' title='bbox 1781 4449 1837 4500; x_wconf 89' lang='lat' dir='ltr'><strong>et</strong></span> <span class='ocrx_word' id='word_1_628' title='bbox 1861 4439 2110 4497; x_wconf 88' lang='lat' dir='ltr'><strong>Christus</strong></span> <span class='ocrx_word' id='word_1_629' title='bbox 2136 4441 2189 4497; x_wconf 91' lang='lat' dir='ltr'><strong>in</strong></span> 
     </span>
    </p>
   </div>
   <div class='ocr_carea' id='block_1_75' title="bbox 580 4521 2187 4606">
    <p class='ocr_par' dir='ltr' id='par_1_75' title="bbox 580 4521 2187 4606">
     <span class='ocr_line' id='line_1_75' title="bbox 580 4521 2187 4606; baseline 0.009 -30"><span class='ocrx_word' id='word_1_630' title='bbox 580 4521 859 4592; x_wconf 87' lang='lat' dir='ltr'><strong>Ecclesia;</strong></span> <span class='ocrx_word' id='word_1_631' title='bbox 890 4530 1012 4598; x_wconf 86' lang='lat' dir='ltr'><strong>quia</strong></span> <span class='ocrx_word' id='word_1_632' title='bbox 1049 4531 1098 4583; x_wconf 89' lang='lat' dir='ltr'><strong>in</strong></span> <span class='ocrx_word' id='word_1_633' title='bbox 1134 4531 1281 4585; x_wconf 91' lang='lat' dir='ltr'><strong>nullo</strong></span> <span class='ocrx_word' id='word_1_634' title='bbox 1313 4533 1559 4588; x_wconf 89' lang='lat' dir='ltr'><strong>membra</strong></span> <span class='ocrx_word' id='word_1_635' title='bbox 1591 4548 1618 4588; x_wconf 87' lang='lat' dir='ltr'><strong>a</strong></span> <span class='ocrx_word' id='word_1_636' title='bbox 1649 4535 1846 4606; x_wconf 87' lang='lat' dir='ltr'><strong>capite,</strong></span> <span class='ocrx_word' id='word_1_637' title='bbox 1878 4549 2056 4606; x_wconf 91' lang='lat' dir='ltr'><strong>neque</strong></span> <span class='ocrx_word' id='word_1_638' title='bbox 2093 4549 2187 4590; x_wconf 89' lang='lat' dir='ltr'><strong>ca-</strong></span> 
     </span>
    </p>
   </div>
   <div class='ocr_carea' id='block_1_76' title="bbox 2287 3302 3804 3378">
    <p class='ocr_par' dir='ltr' id='par_1_76' title="bbox 2287 3302 3804 3378">
     <span class='ocr_line' id='line_1_76' title="bbox 2287 3302 3804 3378; baseline -0.005 -19"><span class='ocrx_word' id='word_1_639' title='bbox 2287 3321 2349 3360; x_wconf 90' lang='lat' dir='ltr'><strong>ae</strong></span> <span class='ocrx_word' id='word_1_640' title='bbox 2381 3307 2541 3378; x_wconf 80' lang='lat' dir='ltr'><strong>fregit</strong></span> <span class='ocrx_word' id='word_1_641' title='bbox 2569 3317 2620 3361; x_wconf 91' lang='lat' dir='ltr'><strong>et</strong></span> <span class='ocrx_word' id='word_1_642' title='bbox 2665 3307 2904 3377; x_wconf 77' lang='lat' dir='ltr'><strong>porrexit</strong></span> <span class='ocrx_word' id='word_1_643' title='bbox 2933 3305 3058 3360; x_wconf 89' lang='lat' dir='ltr'><strong>illis.</strong></span> <span class='ocrx_word' id='word_1_644' title='bbox 3093 3303 3246 3372; x_wconf 88' lang='lat' dir='ltr'><strong>Quod</strong></span> <span class='ocrx_word' id='word_1_645' title='bbox 3276 3313 3456 3359; x_wconf 89' lang='lat' dir='ltr'><strong>autem</strong></span> <span class='ocrx_word' id='word_1_646' title='bbox 3485 3319 3546 3359; x_wconf 79' lang='lat' dir='ltr'><strong>ex</strong></span> <span class='ocrx_word' id='word_1_647' title='bbox 3577 3302 3717 3357; x_wconf 86' lang='lat' dir='ltr'><strong>oculis</strong></span> <span class='ocrx_word' id='word_1_648' title='bbox 3741 3311 3804 3353; x_wconf 75' lang='lat' dir='ltr'><strong>eo—</strong></span> 
     </span>
    </p>
   </div>
   <div class='ocr_carea' id='block_1_77' title="bbox 2288 3397 3803 3472">
    <p class='ocr_par' dir='ltr' id='par_1_77' title="bbox 2288 3397 3803 3472">
     <span class='ocr_line' id='line_1_77' title="bbox 2288 3397 3803 3472; baseline -0.006 -15"><span class='ocrx_word' id='word_1_649' title='bbox 2288 3415 2406 3458; x_wconf 89' lang='lat' dir='ltr'><strong>rum</strong></span> <span class='ocrx_word' id='word_1_650' title='bbox 2433 3410 2656 3472; x_wconf 87' lang='lat' dir='ltr'><strong>repente</strong></span> <span class='ocrx_word' id='word_1_651' title='bbox 2685 3399 2924 3467; x_wconf 87' lang='lat' dir='ltr'><strong>evanuit,</strong></span> <span class='ocrx_word' id='word_1_652' title='bbox 2965 3399 3162 3454; x_wconf 75' lang='lat' dir='ltr'><strong>(little</strong></span> <span class='ocrx_word' id='word_1_653' title='bbox 3191 3397 3408 3453; x_wconf 71' lang='lat' dir='ltr'><strong>virtutis</strong></span> <span class='ocrx_word' id='word_1_654' title='bbox 3439 3397 3555 3464; x_wconf 87' lang='lat' dir='ltr'><strong>l&#39;ult,</strong></span> <span class='ocrx_word' id='word_1_655' title='bbox 3604 3411 3689 3450; x_wconf 88' lang='lat' dir='ltr'><strong>non</strong></span> <span class='ocrx_word' id='word_1_656' title='bbox 3725 3407 3803 3448; x_wconf 80' lang='lat' dir='ltr'><strong>ttat-</strong></span> 
     </span>
    </p>
   </div>
   <div class='ocr_carea' id='block_1_78' title="bbox 2289 3487 3804 3564">
    <p class='ocr_par' dir='ltr' id='par_1_78' title="bbox 2289 3487 3804 3564">
     <span class='ocr_line' id='line_1_78' title="bbox 2289 3487 3804 3564; baseline -0.005 -17"><span class='ocrx_word' id='word_1_657' title='bbox 2289 3492 2400 3548; x_wconf 75' lang='lat' dir='ltr'><strong>bra:</strong></span> <span class='ocrx_word' id='word_1_658' title='bbox 2428 3501 2523 3546; x_wconf 89' lang='lat' dir='ltr'><strong>aut</strong></span> <span class='ocrx_word' id='word_1_659' title='bbox 2569 3491 2969 3564; x_wconf 79' lang='lat' dir='ltr'><strong>pltantastnatis</strong></span> <span class='ocrx_word' id='word_1_660' title='bbox 3006 3507 3018 3546; x_wconf 89' lang='lat'>:</span> <span class='ocrx_word' id='word_1_661' title='bbox 3053 3487 3288 3562; x_wconf 81' lang='lat' dir='ltr'><strong>aliOquin</strong></span> <span class='ocrx_word' id='word_1_662' title='bbox 3331 3497 3386 3546; x_wconf 90' lang='lat' dir='ltr'><strong>et</strong></span> <span class='ocrx_word' id='word_1_663' title='bbox 3419 3501 3544 3547; x_wconf 90' lang='lat' dir='ltr'><strong>ante</strong></span> <span class='ocrx_word' id='word_1_664' title='bbox 3573 3493 3804 3560; x_wconf 66' lang='lat' dir='ltr'><strong>passionem</strong></span> 
     </span>
    </p>
   </div>
   <div class='ocr_carea' id='block_1_79' title="bbox 2289 3581 3802 3654">
    <p class='ocr_par' dir='ltr' id='par_1_79' title="bbox 2289 3581 3802 3654">
     <span class='ocr_line' id='line_1_79' title="bbox 2289 3581 3802 3654; baseline -0.005 -12"><span class='ocrx_word' id='word_1_665' title='bbox 2289 3603 2410 3642; x_wconf 91' lang='lat' dir='ltr'><strong>cum</strong></span> <span class='ocrx_word' id='word_1_666' title='bbox 2439 3585 2765 3654; x_wconf 80' lang='lat' dir='ltr'><strong>tenuissent,</strong></span> <span class='ocrx_word' id='word_1_667' title='bbox 2799 3597 2854 3643; x_wconf 89' lang='lat' dir='ltr'><strong>et</strong></span> <span class='ocrx_word' id='word_1_668' title='bbox 2894 3583 3210 3642; x_wconf 71' lang='lat' dir='ltr'><strong>eduxissent</strong></span> <span class='ocrx_word' id='word_1_669' title='bbox 3239 3599 3362 3641; x_wconf 89' lang='lat' dir='ltr'><strong>emn</strong></span> <span class='ocrx_word' id='word_1_670' title='bbox 3395 3585 3460 3640; x_wconf 87' lang='lat' dir='ltr'><strong>de</strong></span> <span class='ocrx_word' id='word_1_671' title='bbox 3491 3581 3732 3648; x_wconf 77' lang='lat' dir='ltr'><strong>Nazarettt,</strong></span> <span class='ocrx_word' id='word_1_672' title='bbox 3762 3587 3802 3634; x_wconf 86' lang='lat' dir='ltr'><strong>ut</strong></span> 
     </span>
    </p>
   </div>
   <div class='ocr_carea' id='block_1_80' title="bbox 2293 3675 3802 3754">
    <p class='ocr_par' dir='ltr' id='par_1_80' title="bbox 2293 3675 3802 3754">
     <span class='ocr_line' id='line_1_80' title="bbox 2293 3675 3802 3754; baseline -0.007 -17"><span class='ocrx_word' id='word_1_673' title='bbox 2293 3683 2703 3754; x_wconf 58' lang='lat' dir='ltr'><strong>praecipitarent</strong></span> <span class='ocrx_word' id='word_1_674' title='bbox 2755 3696 2878 3738; x_wconf 89' lang='lat' dir='ltr'><strong>eum</strong></span> <span class='ocrx_word' id='word_1_675' title='bbox 2921 3679 2988 3736; x_wconf 91' lang='lat' dir='ltr'><strong>de</strong></span> <span class='ocrx_word' id='word_1_676' title='bbox 3032 3679 3324 3750; x_wconf 86' lang='lat' dir='ltr'><strong>supercilio</strong></span> <span class='ocrx_word' id='word_1_677' title='bbox 3355 3679 3553 3734; x_wconf 88' lang='lat' dir='ltr'><strong>montis</strong></span> <span class='ocrx_word' id='word_1_678' title='bbox 3598 3675 3802 3750; x_wconf 57' lang='lat' dir='ltr'><strong>(Lacu,</strong></span> 
     </span>
    </p>
   </div>
   <div class='ocr_carea' id='block_1_81' title="bbox 2288 3765 3802 3854">
    <p class='ocr_par' dir='ltr' id='par_1_81' title="bbox 2288 3765 3802 3854">
     <span class='ocr_line' id='line_1_81' title="bbox 2288 3765 3802 3854; baseline -0.007 -21"><span class='ocrx_word' id='word_1_679' title='bbox 2288 3777 2380 3854; x_wconf 74' lang='lat'><strong>29)</strong></span> <span class='ocrx_word' id='word_1_680' title='bbox 2417 3794 2582 3848; x_wconf 86' lang='lat' dir='ltr'><strong>super</strong></span> <span class='ocrx_word' id='word_1_681' title='bbox 2609 3792 2768 3850; x_wconf 90' lang='lat' dir='ltr'><strong>quem</strong></span> <span class='ocrx_word' id='word_1_682' title='bbox 2813 3777 3001 3832; x_wconf 87' lang='lat' dir='ltr'><strong>civitas</strong></span> <span class='ocrx_word' id='word_1_683' title='bbox 3026 3791 3213 3832; x_wconf 89' lang='lat' dir='ltr'><strong>eorum</strong></span> <span class='ocrx_word' id='word_1_684' title='bbox 3241 3775 3415 3846; x_wconf 87' lang='lat' dir='ltr'><strong>posita</strong></span> <span class='ocrx_word' id='word_1_685' title='bbox 3449 3783 3591 3838; x_wconf 87' lang='lat' dir='ltr'><strong>erat;</strong></span> <span class='ocrx_word' id='word_1_686' title='bbox 3619 3765 3802 3825; x_wconf 66' lang='grc'><strong>111111111-</strong></span> 
     </span>
    </p>
   </div>
   <div class='ocr_carea' id='block_1_82' title="bbox 2292 3857 3804 3944">
    <p class='ocr_par' dir='ltr' id='par_1_82' title="bbox 2292 3857 3804 3944">
     <span class='ocr_line' id='line_1_82' title="bbox 2292 3857 3804 3944; baseline -0.005 -20"><span class='ocrx_word' id='word_1_687' title='bbox 2292 3875 2364 3926; x_wconf 83' lang='lat' dir='ltr'><strong>vit</strong></span> <span class='ocrx_word' id='word_1_688' title='bbox 2409 3888 2503 3944; x_wconf 90' lang='lat' dir='ltr'><strong>per</strong></span> <span class='ocrx_word' id='word_1_689' title='bbox 2534 3871 2766 3926; x_wconf 88' lang='lat' dir='ltr'><strong>medium</strong></span> <span class='ocrx_word' id='word_1_690' title='bbox 2791 3887 3002 3936; x_wconf 88' lang='lat' dir='ltr'><strong>eorum,</strong></span> <span class='ocrx_word' id='word_1_691' title='bbox 3054 3869 3105 3924; x_wconf 91' lang='lat' dir='ltr'><strong>id</strong></span> <span class='ocrx_word' id='word_1_692' title='bbox 3133 3879 3239 3936; x_wconf 88' lang='lat' dir='ltr'><strong>est,</strong></span> <span class='ocrx_word' id='word_1_693' title='bbox 3275 3869 3458 3940; x_wconf 82' lang='lat' dir='ltr'><strong>lapsus</strong></span> <span class='ocrx_word' id='word_1_694' title='bbox 3481 3877 3560 3923; x_wconf 87' lang='lat' dir='ltr'><strong>est</strong></span> <span class='ocrx_word' id='word_1_695' title='bbox 3602 3865 3660 3920; x_wconf 86' lang='lat' dir='ltr'><strong>de</strong></span> <span class='ocrx_word' id='word_1_696' title='bbox 3687 3857 3804 3918; x_wconf 75' lang='lat' dir='ltr'><strong>matti-</strong></span> 
     </span>
    </p>
   </div>
   <div class='ocr_carea' id='block_1_83' title="bbox 2293 3951 3802 4038">
    <p class='ocr_par' dir='ltr' id='par_1_83' title="bbox 2293 3951 3802 4038">
     <span class='ocr_line' id='line_1_83' title="bbox 2293 3951 3802 4038; baseline -0.005 -18"><span class='ocrx_word' id='word_1_697' title='bbox 2293 3965 2390 4020; x_wconf 86' lang='lat' dir='ltr'><strong>bus</strong></span> <span class='ocrx_word' id='word_1_698' title='bbox 2421 3981 2631 4021; x_wconf 84' lang='lat' dir='ltr'><strong>corum.</strong></span> <span class='ocrx_word' id='word_1_699' title='bbox 2667 3967 2774 4019; x_wconf 80' lang='lat' dir='ltr'><strong>Aut</strong></span> <span class='ocrx_word' id='word_1_700' title='bbox 2824 3963 3088 4038; x_wconf 88' lang='lat' dir='ltr'><strong>numquid</strong></span> <span class='ocrx_word' id='word_1_701' title='bbox 3129 3977 3350 4019; x_wconf 87' lang='lat' dir='ltr'><strong>carnem</strong></span> <span class='ocrx_word' id='word_1_702' title='bbox 3379 3979 3486 4018; x_wconf 88' lang='lat' dir='ltr'><strong>non</strong></span> <span class='ocrx_word' id='word_1_703' title='bbox 3539 3957 3714 4024; x_wconf 86' lang='lat' dir='ltr'><strong>habuit,</strong></span> <span class='ocrx_word' id='word_1_704' title='bbox 3745 3951 3802 4028; x_wconf 74' lang='lat' dir='ltr'><strong>qui</strong></span> 
     </span>
    </p>
   </div>
   <div class='ocr_carea' id='block_1_84' title="bbox 2291 4052 3804 4128">
    <p class='ocr_par' dir='ltr' id='par_1_84' title="bbox 2291 4052 3804 4128">
     <span class='ocr_line' id='line_1_84' title="bbox 2291 4052 3804 4128; baseline -0.005 -16"><span class='ocrx_word' id='word_1_705' title='bbox 2291 4057 2560 4128; x_wconf 80' lang='lat' dir='ltr'><strong>ﬂagellum</strong></span> <span class='ocrx_word' id='word_1_706' title='bbox 2591 4057 2656 4113; x_wconf 91' lang='lat' dir='ltr'><strong>de</strong></span> <span class='ocrx_word' id='word_1_707' title='bbox 2691 4057 2814 4111; x_wconf 79' lang='lat' dir='ltr'><strong>tunc</strong></span> <span class='ocrx_word' id='word_1_708' title='bbox 2839 4057 2987 4122; x_wconf 82' lang='lat' dir='ltr'><strong>fecit,</strong></span> <span class='ocrx_word' id='word_1_709' title='bbox 3017 4053 3044 4092; x_wconf 69' lang='grc' dir='ltr'>δ</span> <span class='ocrx_word' id='word_1_710' title='bbox 3071 4063 3123 4110; x_wconf 91' lang='lat' dir='ltr'><strong>et</strong></span> <span class='ocrx_word' id='word_1_711' title='bbox 3157 4071 3348 4109; x_wconf 88' lang='lat' dir='ltr'><strong>omnes</strong></span> <span class='ocrx_word' id='word_1_712' title='bbox 3395 4052 3630 4108; x_wconf 86' lang='lat' dir='ltr'><strong>inimicos</strong></span> <span class='ocrx_word' id='word_1_713' title='bbox 3649 4063 3698 4106; x_wconf 87' lang='lat' dir='ltr'><strong>ac</strong></span> <span class='ocrx_word' id='word_1_714' title='bbox 3727 4059 3804 4119; x_wconf 75' lang='lat' dir='ltr'><strong>pet-</strong></span> 
     </span>
    </p>
   </div>
   <div class='ocr_carea' id='block_1_85' title="bbox 2293 4139 3802 4222">
    <p class='ocr_par' dir='ltr' id='par_1_85' title="bbox 2293 4139 3802 4222">
     <span class='ocr_line' id='line_1_85' title="bbox 2293 4139 3802 4222; baseline -0.008 -15"><span class='ocrx_word' id='word_1_715' title='bbox 2293 4161 2569 4208; x_wconf 86' lang='lat' dir='ltr'><strong>sccotores</strong></span> <span class='ocrx_word' id='word_1_716' title='bbox 2609 4168 2738 4208; x_wconf 85' lang='lat' dir='ltr'><strong>suos</strong></span> <span class='ocrx_word' id='word_1_717' title='bbox 2769 4153 2835 4208; x_wconf 86' lang='lat' dir='ltr'><strong>de</strong></span> <span class='ocrx_word' id='word_1_718' title='bbox 2866 4151 3069 4222; x_wconf 80' lang='lat' dir='ltr'><strong>templo</strong></span> <span class='ocrx_word' id='word_1_719' title='bbox 3106 4149 3413 4205; x_wconf 82' lang='lat' dir='ltr'><strong>ciiminavit</strong></span> <span class='ocrx_word' id='word_1_720' title='bbox 3442 4149 3628 4222; x_wconf 83' lang='lat' dir='ltr'><strong>(Joau.</strong></span> <span class='ocrx_word' id='word_1_721' title='bbox 3657 4159 3702 4208; x_wconf 93' lang='lat' dir='ltr'><strong>n,</strong></span> <span class='ocrx_word' id='word_1_722' title='bbox 3734 4139 3802 4206; x_wconf 85' lang='lat' dir='ltr'><strong>l5;</strong></span> 
     </span>
    </p>
   </div>
   <div class='ocr_carea' id='block_1_86' title="bbox 2291 4229 3802 4316">
    <p class='ocr_par' dir='ltr' id='par_1_86' title="bbox 2291 4229 3802 4316">
     <span class='ocr_line' id='line_1_86' title="bbox 2291 4229 3802 4316; baseline -0.009 -18"><span class='ocrx_word' id='word_1_723' title='bbox 2291 4243 2449 4300; x_wconf 83' lang='lat' dir='ltr'><strong>Joan.</strong></span> <span class='ocrx_word' id='word_1_724' title='bbox 2484 4261 2576 4312; x_wconf 82' lang='lat' dir='ltr'><strong>xx,</strong></span> <span class='ocrx_word' id='word_1_725' title='bbox 2606 4244 2736 4316; x_wconf 75' lang='lat'><strong>26)?</strong></span> <span class='ocrx_word' id='word_1_726' title='bbox 2791 4243 2881 4300; x_wconf 90' lang='lat' dir='ltr'><strong>ubi</strong></span> <span class='ocrx_word' id='word_1_727' title='bbox 2931 4243 3108 4300; x_wconf 87' lang='lat' dir='ltr'><strong>omnis</strong></span> <span class='ocrx_word' id='word_1_728' title='bbox 3154 4239 3454 4298; x_wconf 83' lang='lat' dir='ltr'><strong>divinitatis</strong></span> <span class='ocrx_word' id='word_1_729' title='bbox 3497 4239 3608 4313; x_wconf 85' lang='lat' dir='ltr'><strong>ejus</strong></span> <span class='ocrx_word' id='word_1_730' title='bbox 3633 4229 3802 4312; x_wconf 76' lang='lat' dir='ltr'><strong>potentia</strong></span> 
     </span>
    </p>
   </div>
   <div class='ocr_carea' id='block_1_87' title="bbox 2292 4325 3803 4410">
    <p class='ocr_par' dir='ltr' id='par_1_87' title="bbox 2292 4325 3803 4410">
     <span class='ocr_line' id='line_1_87' title="bbox 2292 4325 3803 4410; baseline -0.006 -14"><span class='ocrx_word' id='word_1_731' title='bbox 2292 4339 2507 4396; x_wconf 88' lang='lat' dir='ltr'><strong>claruit.</strong></span> <span class='ocrx_word' id='word_1_732' title='bbox 2537 4337 2668 4393; x_wconf 90' lang='lat' dir='ltr'><strong>illud</strong></span> <span class='ocrx_word' id='word_1_733' title='bbox 2697 4347 2880 4394; x_wconf 89' lang='lat' dir='ltr'><strong>autem</strong></span> <span class='ocrx_word' id='word_1_734' title='bbox 2910 4337 3052 4410; x_wconf 91' lang='lat' dir='ltr'><strong>quod</strong></span> <span class='ocrx_word' id='word_1_735' title='bbox 3083 4345 3203 4408; x_wconf 85' lang='lat' dir='ltr'><strong>post</strong></span> <span class='ocrx_word' id='word_1_736' title='bbox 3225 4337 3663 4393; x_wconf 78' lang='lat' dir='ltr'><strong>resurrectionem</strong></span> <span class='ocrx_word' id='word_1_737' title='bbox 3695 4325 3803 4403; x_wconf 65' lang='grc' dir='ltr'>ω</span> 
     </span>
    </p>
   </div>
   <div class='ocr_carea' id='block_1_88' title="bbox 2293 4421 3801 4503">
    <p class='ocr_par' dir='ltr' id='par_1_88' title="bbox 2293 4421 3801 4503">
     <span class='ocr_line' id='line_1_88' title="bbox 2293 4421 3801 4503; baseline -0.009 -16"><span class='ocrx_word' id='word_1_738' title='bbox 2293 4431 2358 4488; x_wconf 86' lang='lat' dir='ltr'><strong>ad</strong></span> <span class='ocrx_word' id='word_1_739' title='bbox 2402 4431 2700 4503; x_wconf 89' lang='lat' dir='ltr'><strong>discipulos</strong></span> <span class='ocrx_word' id='word_1_740' title='bbox 2740 4431 2939 4488; x_wconf 87' lang='lat' dir='ltr'><strong>clausis</strong></span> <span class='ocrx_word' id='word_1_741' title='bbox 2985 4431 3261 4502; x_wconf 82' lang='lat' dir='ltr'><strong>ingressus</strong></span> <span class='ocrx_word' id='word_1_742' title='bbox 3288 4441 3372 4487; x_wconf 88' lang='lat' dir='ltr'><strong>est</strong></span> <span class='ocrx_word' id='word_1_743' title='bbox 3422 4421 3801 4500; x_wconf 81' lang='lat' dir='ltr'><strong>januis,ejusdem</strong></span> 
     </span>
    </p>
   </div>
   <div class='ocr_carea' id='block_1_89' title="bbox 2295 4515 3802 4597">
    <p class='ocr_par' dir='ltr' id='par_1_89' title="bbox 2295 4515 3802 4597">
     <span class='ocr_line' id='line_1_89' title="bbox 2295 4515 3802 4597; baseline -0.007 -16"><span class='ocrx_word' id='word_1_744' title='bbox 2295 4525 2508 4583; x_wconf 78' lang='lat' dir='ltr'><strong>virtutis</strong></span> <span class='ocrx_word' id='word_1_745' title='bbox 2532 4525 2650 4593; x_wconf 82' lang='lat' dir='ltr'><strong>fuit,</strong></span> <span class='ocrx_word' id='word_1_746' title='bbox 2680 4525 2837 4597; x_wconf 89' lang='lat' dir='ltr'><strong>cujus</strong></span> <span class='ocrx_word' id='word_1_747' title='bbox 2869 4531 2925 4581; x_wconf 90' lang='lat' dir='ltr'><strong>et</strong></span> <span class='ocrx_word' id='word_1_748' title='bbox 2955 4541 3024 4580; x_wconf 78' lang='lat' dir='ltr'><strong>ex</strong></span> <span class='ocrx_word' id='word_1_749' title='bbox 3062 4525 3234 4580; x_wconf 88' lang='lat' dir='ltr'><strong>oculis</strong></span> <span class='ocrx_word' id='word_1_750' title='bbox 3288 4517 3623 4580; x_wconf 83' lang='lat' dir='ltr'><strong>evanescere.</strong></span> <span class='ocrx_word' id='word_1_751' title='bbox 3669 4515 3802 4572; x_wconf 74' lang='lat' dir='ltr'><strong>Dicunt</strong></span> 
     </span>
    </p>
   </div>
   <div class='ocr_carea' id='block_1_90' title="bbox 580 4613 2176 4700">
    <p class='ocr_par' dir='ltr' id='par_1_90' title="bbox 580 4626 2176 4700">
     <span class='ocr_line' id='line_1_90' title="bbox 580 4626 2176 4700; baseline 0.008 -28"><span class='ocrx_word' id='word_1_752' title='bbox 580 4628 676 4688; x_wconf 89' lang='lat' dir='ltr'><strong>put</strong></span> <span class='ocrx_word' id='word_1_753' title='bbox 704 4634 987 4690; x_wconf 77' lang='lat' dir='ltr'><strong>separatur</strong></span> <span class='ocrx_word' id='word_1_754' title='bbox 1016 4639 1048 4678; x_wconf 86' lang='lat' dir='ltr'><strong>a</strong></span> <span class='ocrx_word' id='word_1_755' title='bbox 1081 4626 1358 4682; x_wconf 89' lang='lat' dir='ltr'><strong>membris.</strong></span> <span class='ocrx_word' id='word_1_756' title='bbox 1395 4627 1546 4686; x_wconf 89' lang='lat' dir='ltr'><strong>Tunc</strong></span> <span class='ocrx_word' id='word_1_757' title='bbox 1572 4645 1702 4700; x_wconf 86' lang='lat' dir='ltr'><strong>ergo</strong></span> <span class='ocrx_word' id='word_1_758' title='bbox 1743 4629 2004 4684; x_wconf 86' lang='lat' dir='ltr'><strong>videbunt</strong></span> <span class='ocrx_word' id='word_1_759' title='bbox 2055 4644 2176 4684; x_wconf 91' lang='lat' dir='ltr'><strong>eum</strong></span> 
     </span>
    </p>
   </div>
   <div class='ocr_carea' id='block_1_91' title="bbox 2280 4613 3799 4700">
    <p class='ocr_par' dir='ltr' id='par_1_91' title="bbox 2286 4613 3799 4688">
     <span class='ocr_line' id='line_1_91' title="bbox 2286 4613 3799 4688; baseline -0.005 -14"><span class='ocrx_word' id='word_1_760' title='bbox 2286 4619 2429 4674; x_wconf 90' lang='lat' dir='ltr'><strong>enim</strong></span> <span class='ocrx_word' id='word_1_761' title='bbox 2462 4617 2709 4674; x_wconf 83' lang='lat' dir='ltr'><strong>homines</strong></span> <span class='ocrx_word' id='word_1_762' title='bbox 2734 4615 2922 4674; x_wconf 70' lang='lat' dir='ltr'><strong>surculi</strong></span> <span class='ocrx_word' id='word_1_763' title='bbox 2955 4617 3110 4672; x_wconf 79' lang='lat' dir='ltr'><strong>iStius</strong></span> <span class='ocrx_word' id='word_1_764' title='bbox 3139 4613 3280 4688; x_wconf 89' lang='lat' dir='ltr'><strong>quod</strong></span> <span class='ocrx_word' id='word_1_765' title='bbox 3325 4613 3632 4688; x_wconf 85' lang='lat' dir='ltr'><strong>Apollonius</strong></span> <span class='ocrx_word' id='word_1_766' title='bbox 3655 4617 3799 4677; x_wconf 75' lang='lat' dir='ltr'><strong>magns.</strong></span> 
     </span>
    </p>
   </div>
   <div class='ocr_carea' id='block_1_92' title="bbox 580 4711 2180 4794">
    <p class='ocr_par' dir='ltr' id='par_1_92' title="bbox 580 4711 2180 4794">
     <span class='ocr_line' id='line_1_92' title="bbox 580 4711 2180 4794; baseline 0.008 -28"><span class='ocrx_word' id='word_1_767' title='bbox 580 4711 872 4768; x_wconf 87' lang='lat' dir='ltr'><strong>adversarii</strong></span> <span class='ocrx_word' id='word_1_768' title='bbox 901 4715 1040 4784; x_wconf 87' lang='lat' dir='ltr'><strong>ejus,</strong></span> <span class='ocrx_word' id='word_1_769' title='bbox 1073 4719 1162 4788; x_wconf 89' lang='lat' dir='ltr'><strong>qui</strong></span> <span class='ocrx_word' id='word_1_770' title='bbox 1190 4734 1313 4773; x_wconf 90' lang='lat' dir='ltr'><strong>eum</strong></span> <span class='ocrx_word' id='word_1_771' title='bbox 1344 4731 1803 4794; x_wconf 79' lang='lat' dir='ltr'><strong>eompuuxerunt,</strong></span> <span class='ocrx_word' id='word_1_772' title='bbox 1835 4734 1890 4780; x_wconf 91' lang='lat' dir='ltr'><strong>et</strong></span> <span class='ocrx_word' id='word_1_773' title='bbox 1909 4722 2180 4780; x_wconf 82' lang='lat' dir='ltr'><strong>clamave-</strong></span> 
     </span>
    </p>
   </div>
   <div class='ocr_carea' id='block_1_93' title="bbox 582 4805 2176 4892">
    <p class='ocr_par' dir='ltr' id='par_1_93' title="bbox 582 4805 2176 4892">
     <span class='ocr_line' id='line_1_93' title="bbox 582 4805 2176 4892; baseline 0.008 -33"><span class='ocrx_word' id='word_1_774' title='bbox 582 4813 707 4860; x_wconf 88' lang='lat' dir='ltr'><strong>ruut</strong></span> <span class='ocrx_word' id='word_1_775' title='bbox 750 4824 761 4858; x_wconf 92' lang='lat'>:</span> <span class='ocrx_word' id='word_1_776' title='bbox 799 4805 962 4876; x_wconf 82' lang='lat' dir='ltr'><strong>Tolle,</strong></span> <span class='ocrx_word' id='word_1_777' title='bbox 1016 4811 1168 4876; x_wconf 89' lang='lat' dir='ltr'><strong>tolle,</strong></span> <span class='ocrx_word' id='word_1_778' title='bbox 1222 4817 1463 4889; x_wconf 77' lang='lat' dir='ltr'><strong>cruciﬁge</strong></span> <span class='ocrx_word' id='word_1_779' title='bbox 1494 4833 1605 4870; x_wconf 89' lang='lat' dir='ltr'><strong>eum</strong></span> <span class='ocrx_word' id='word_1_780' title='bbox 1636 4815 1840 4892; x_wconf 84' lang='lat' dir='ltr'><strong>(Joan.</strong></span> <span class='ocrx_word' id='word_1_781' title='bbox 1875 4835 2000 4888; x_wconf 73' lang='lat' dir='ltr'><strong>xxx,</strong></span> <span class='ocrx_word' id='word_1_782' title='bbox 2051 4817 2176 4890; x_wconf 70' lang='lat'><strong>15).</strong></span> 
     </span>
    </p>
   </div>
   <div class='ocr_carea' id='block_1_94' title="bbox 581 4897 2183 4980">
    <p class='ocr_par' dir='ltr' id='par_1_94' title="bbox 581 4897 2183 4980">
     <span class='ocr_line' id='line_1_94' title="bbox 581 4897 2183 4980; baseline 0.009 -29"><span class='ocrx_word' id='word_1_783' title='bbox 581 4897 730 4953; x_wconf 82' lang='lat' dir='ltr'><strong>Tunc</strong></span> <span class='ocrx_word' id='word_1_784' title='bbox 760 4899 1090 4970; x_wconf 81' lang='lat' dir='ltr'><strong>Angelorum</strong></span> <span class='ocrx_word' id='word_1_785' title='bbox 1121 4906 1434 4962; x_wconf 87' lang='lat' dir='ltr'><strong>vaticinium</strong></span> <span class='ocrx_word' id='word_1_786' title='bbox 1460 4911 1928 4978; x_wconf 87' lang='lat' dir='ltr'><strong>comprobabitur,</strong></span> <span class='ocrx_word' id='word_1_787' title='bbox 1955 4909 2046 4980; x_wconf 88' lang='lat' dir='ltr'><strong>qui</strong></span> <span class='ocrx_word' id='word_1_788' title='bbox 2069 4923 2183 4965; x_wconf 84' lang='lat' dir='ltr'><strong>stu-</strong></span> 
     </span>
    </p>
   </div>
   <div class='ocr_carea' id='block_1_95' title="bbox 585 4992 2178 5076">
    <p class='ocr_par' dir='ltr' id='par_1_95' title="bbox 585 4992 2178 5076">
     <span class='ocr_line' id='line_1_95' title="bbox 585 4992 2178 5076; baseline 0.008 -31"><span class='ocrx_word' id='word_1_789' title='bbox 585 4992 842 5061; x_wconf 88' lang='lat' dir='ltr'><strong>pentibus</strong></span> <span class='ocrx_word' id='word_1_790' title='bbox 871 4995 1134 5063; x_wconf 85' lang='lat' dir='ltr'><strong>apostolis</strong></span> <span class='ocrx_word' id='word_1_791' title='bbox 1157 4998 1406 5054; x_wconf 79' lang='lat' dir='ltr'><strong>tlixcrunt</strong></span> <span class='ocrx_word' id='word_1_792' title='bbox 1435 5019 1446 5054; x_wconf 93' lang='lat'>:</span> <span class='ocrx_word' id='word_1_793' title='bbox 1491 5000 1601 5056; x_wconf 87' lang='lat' dir='ltr'><strong>Viri</strong></span> <span class='ocrx_word' id='word_1_794' title='bbox 1622 5003 1847 5070; x_wconf 73' lang='lat' dir='ltr'><strong>t-ulilan&#39;,</strong></span> <span class='ocrx_word' id='word_1_795' title='bbox 1877 5003 2002 5076; x_wconf 87' lang='lat' dir='ltr'><strong>quid</strong></span> <span class='ocrx_word' id='word_1_796' title='bbox 2032 5005 2178 5059; x_wconf 83' lang='lat' dir='ltr'><strong>statis</strong></span> 
     </span>
    </p>
   </div>
   <div class='ocr_carea' id='block_1_96' title="bbox 579 5087 2181 5166">
    <p class='ocr_par' dir='ltr' id='par_1_96' title="bbox 579 5087 2181 5166">
     <span class='ocr_line' id='line_1_96' title="bbox 579 5087 2181 5166; baseline 0.009 -30"><span class='ocrx_word' id='word_1_797' title='bbox 579 5087 887 5156; x_wconf 84' lang='lat' dir='ltr'><strong>aspicientes</strong></span> <span class='ocrx_word' id='word_1_798' title='bbox 913 5089 968 5142; x_wconf 88' lang='lat' dir='ltr'><strong>in</strong></span> <span class='ocrx_word' id='word_1_799' title='bbox 995 5091 1224 5146; x_wconf 76' lang='lat' dir='ltr'><strong>caelum?</strong></span> <span class='ocrx_word' id='word_1_800' title='bbox 1275 5093 1367 5150; x_wconf 84' lang='lat' dir='ltr'><strong>Sic</strong></span> <span class='ocrx_word' id='word_1_801' title='bbox 1395 5095 1591 5160; x_wconf 78' lang='lat' dir='ltr'><strong>veniet,</strong></span> <span class='ocrx_word' id='word_1_802' title='bbox 1639 5099 2079 5166; x_wconf 83' lang='lat' dir='ltr'><strong>quemadmodum</strong></span> <span class='ocrx_word' id='word_1_803' title='bbox 2105 5099 2181 5151; x_wconf 79' lang='lat' dir='ltr'><strong>ri-</strong></span> 
     </span>
    </p>
   </div>
   <div class='ocr_carea' id='block_1_97' title="bbox 583 5181 2178 5261">
    <p class='ocr_par' dir='ltr' id='par_1_97' title="bbox 583 5181 2178 5261">
     <span class='ocr_line' id='line_1_97' title="bbox 583 5181 2178 5261; baseline 0.008 -28"><span class='ocrx_word' id='word_1_804' title='bbox 583 5181 734 5234; x_wconf 85' lang='lat' dir='ltr'><strong>distis</strong></span> <span class='ocrx_word' id='word_1_805' title='bbox 762 5199 878 5236; x_wconf 85' lang='lat' dir='ltr'><strong>eum</strong></span> <span class='ocrx_word' id='word_1_806' title='bbox 901 5195 1102 5238; x_wconf 79' lang='lat' dir='ltr'><strong>euntem</strong></span> <span class='ocrx_word' id='word_1_807' title='bbox 1127 5185 1180 5238; x_wconf 83' lang='lat' dir='ltr'><strong>in</strong></span> <span class='ocrx_word' id='word_1_808' title='bbox 1203 5187 1385 5242; x_wconf 74' lang='lat' dir='ltr'><strong>emtum</strong></span> <span class='ocrx_word' id='word_1_809' title='bbox 1423 5187 1560 5260; x_wconf 84' lang='lat' dir='ltr'><strong>(Act.</strong></span> <span class='ocrx_word' id='word_1_810' title='bbox 1592 5205 1631 5256; x_wconf 88' lang='grc'><strong>1,</strong></span> <span class='ocrx_word' id='word_1_811' title='bbox 1667 5189 1777 5261; x_wconf 81' lang='grc' dir='ltr'><strong>Η).</strong></span> <span class='ocrx_word' id='word_1_812' title='bbox 1809 5189 1878 5244; x_wconf 83' lang='lat' dir='ltr'><strong>Et</strong></span> <span class='ocrx_word' id='word_1_813' title='bbox 1907 5205 2040 5244; x_wconf 87' lang='lat' dir='ltr'><strong>sane</strong></span> <span class='ocrx_word' id='word_1_814' title='bbox 2073 5188 2178 5245; x_wconf 85' lang='lat' dir='ltr'><strong>hoc</strong></span> 
     </span>
    </p>
   </div>
   <div class='ocr_carea' id='block_1_98' title="bbox 583 5275 2180 5351">
    <p class='ocr_par' dir='ltr' id='par_1_98' title="bbox 583 5275 2180 5351">
     <span class='ocr_line' id='line_1_98' title="bbox 583 5275 2180 5351; baseline 0.008 -25"><span class='ocrx_word' id='word_1_815' title='bbox 583 5275 934 5343; x_wconf 71' lang='lat' dir='ltr'><strong>qumrendum</strong></span> <span class='ocrx_word' id='word_1_816' title='bbox 957 5286 1062 5345; x_wconf 88' lang='lat' dir='ltr'><strong>est,</strong></span> <span class='ocrx_word' id='word_1_817' title='bbox 1105 5293 1284 5334; x_wconf 84' lang='lat' dir='ltr'><strong>utrum</strong></span> <span class='ocrx_word' id='word_1_818' title='bbox 1325 5291 1440 5351; x_wconf 85' lang='lat' dir='ltr'><strong>post</strong></span> <span class='ocrx_word' id='word_1_819' title='bbox 1463 5287 1920 5340; x_wconf 89' lang='lat' dir='ltr'><strong>resurrectionem</strong></span> <span class='ocrx_word' id='word_1_820' title='bbox 1968 5298 2180 5339; x_wconf 89' lang='lat' dir='ltr'><strong>comes-</strong></span> 
     </span>
    </p>
   </div>
   <div class='ocr_carea' id='block_1_99' title="bbox 580 5369 2181 5446">
    <p class='ocr_par' dir='ltr' id='par_1_99' title="bbox 580 5369 2181 5446">
     <span class='ocr_line' id='line_1_99' title="bbox 580 5369 2181 5446; baseline 0.007 -27"><span class='ocrx_word' id='word_1_821' title='bbox 580 5369 689 5422; x_wconf 72' lang='grc' dir='ltr'><strong>ειη-ἰ</strong></span> <span class='ocrx_word' id='word_1_822' title='bbox 733 5383 920 5424; x_wconf 76' lang='lat' dir='ltr'><strong>sumus</strong></span> <span class='ocrx_word' id='word_1_823' title='bbox 977 5371 1206 5442; x_wconf 87' lang='lat' dir='ltr'><strong>(Tertul.</strong></span> <span class='ocrx_word' id='word_1_824' title='bbox 1260 5373 1324 5428; x_wconf 82' lang='lat' dir='ltr'><strong>de</strong></span> <span class='ocrx_word' id='word_1_825' title='bbox 1365 5373 1552 5430; x_wconf 75' lang='lat' dir='ltr'><strong>Ilesur.</strong></span> <span class='ocrx_word' id='word_1_826' title='bbox 1613 5375 1768 5432; x_wconf 81' lang='lat' dir='ltr'><strong>Cara.</strong></span> <span class='ocrx_word' id='word_1_827' title='bbox 1801 5393 1920 5446; x_wconf 72' lang='lat' dir='ltr'><strong>cap.</strong></span> <span class='ocrx_word' id='word_1_828' title='bbox 1952 5373 2076 5445; x_wconf 88' lang='lat'><strong>60),</strong></span> <span class='ocrx_word' id='word_1_829' title='bbox 2117 5389 2181 5430; x_wconf 86' lang='lat' dir='ltr'><strong>ac</strong></span> 
     </span>
    </p>
   </div>
   <div class='ocr_carea' id='block_1_100' title="bbox 653 5509 2189 5584">
    <p class='ocr_par' dir='ltr' id='par_1_100' title="bbox 653 5509 2189 5584">
     <span class='ocr_line' id='line_1_100' title="bbox 653 5509 2189 5584; baseline 0.002 -21"><span class='ocrx_word' id='word_1_830' title='bbox 653 5519 675 5545; x_wconf 73' lang='grc' dir='ltr'><strong>ει</strong></span> <span class='ocrx_word' id='word_1_831' title='bbox 711 5509 868 5584; x_wconf 79' lang='lat' dir='ltr'><strong>Rom.</strong></span> <span class='ocrx_word' id='word_1_832' title='bbox 901 5513 1056 5580; x_wconf 90' lang='lat' dir='ltr'><strong>edit.,</strong></span> <span class='ocrx_word' id='word_1_833' title='bbox 1083 5515 1252 5584; x_wconf 77' lang='lat' dir='ltr'><strong>[uiror</strong></span> <span class='ocrx_word' id='word_1_834' title='bbox 1296 5517 1510 5572; x_wconf 81' lang='lat' dir='ltr'><strong>vestium</strong></span> <span class='ocrx_word' id='word_1_835' title='bbox 1541 5517 1605 5570; x_wconf 86' lang='lat' dir='ltr'><strong>de</strong></span> <span class='ocrx_word' id='word_1_836' title='bbox 1633 5515 1850 5570; x_wconf 85' lang='lat' dir='ltr'><strong>Bosra?</strong></span> <span class='ocrx_word' id='word_1_837' title='bbox 1893 5527 1941 5569; x_wconf 85' lang='lat' dir='ltr'><strong>ct</strong></span> <span class='ocrx_word' id='word_1_838' title='bbox 1964 5533 1981 5569; x_wconf 91' lang='lat'><em>:</em></span> <span class='ocrx_word' id='word_1_839' title='bbox 2019 5513 2189 5576; x_wconf 74' lang='lat' dir='ltr'><strong>Quare</strong></span> 
     </span>
    </p>
   </div>
   <div class='ocr_carea' id='block_1_101' title="bbox 580 5583 2189 5658">
    <p class='ocr_par' dir='ltr' id='par_1_101' title="bbox 580 5583 2189 5658">
     <span class='ocr_line' id='line_1_101' title="bbox 580 5583 2189 5658; baseline 0.004 -26"><span class='ocrx_word' id='word_1_840' title='bbox 580 5589 667 5634; x_wconf 87' lang='lat' dir='ltr'><strong>tua</strong></span> <span class='ocrx_word' id='word_1_841' title='bbox 715 5583 1231 5658; x_wconf 75' lang='lat' dir='ltr'><strong>rubra_vestimenta.</strong></span> <span class='ocrx_word' id='word_1_842' title='bbox 1263 5599 1310 5643; x_wconf 84' lang='lat' dir='ltr'><strong>et</strong></span> <span class='ocrx_word' id='word_1_843' title='bbox 1347 5588 1648 5646; x_wconf 79' lang='lat' dir='ltr'><strong>indumenta</strong></span> <span class='ocrx_word' id='word_1_844' title='bbox 1695 5597 1782 5641; x_wconf 84' lang='lat' dir='ltr'><strong>tua</strong></span> <span class='ocrx_word' id='word_1_845' title='bbox 1813 5588 1961 5658; x_wconf 85' lang='lat' dir='ltr'><strong>quasi</strong></span> <span class='ocrx_word' id='word_1_846' title='bbox 1999 5587 2189 5642; x_wconf 82' lang='lat' dir='ltr'><strong>calcati</strong></span> 
     </span>
    </p>
   </div>
   <div class='ocr_carea' id='block_1_102' title="bbox 578 5653 904 5708">
    <p class='ocr_par' dir='ltr' id='par_1_102' title="bbox 578 5653 904 5708">
     <span class='ocr_line' id='line_1_102' title="bbox 578 5653 904 5708; baseline 0.012 -4"><span class='ocrx_word' id='word_1_847' title='bbox 578 5653 852 5708; x_wconf 73' lang='lat' dir='ltr'><strong>toreularia</strong></span> <span class='ocrx_word' id='word_1_848' title='bbox 879 5655 904 5708; x_wconf 86' lang='lat'><strong><em>?</em></strong></span> 
     </span>
    </p>
   </div>
   <div class='ocr_carea' id='block_1_103' title="bbox 648 5721 2022 5802">
    <p class='ocr_par' dir='ltr' id='par_1_103' title="bbox 648 5721 2022 5802">
     <span class='ocr_line' id='line_1_103' title="bbox 648 5721 2022 5802; baseline 0.001 -21"><span class='ocrx_word' id='word_1_849' title='bbox 648 5721 674 5762; x_wconf 66' lang='lat' dir='ltr'><strong>l’</strong></span> <span class='ocrx_word' id='word_1_850' title='bbox 705 5725 910 5802; x_wconf 57' lang='lat' dir='ltr'><strong>Eadem</strong></span> <span class='ocrx_word' id='word_1_851' title='bbox 937 5727 1093 5802; x_wconf 61' lang='lat' dir='ltr'><strong>item.</strong></span> <span class='ocrx_word' id='word_1_852' title='bbox 1132 5734 1288 5802; x_wconf 87' lang='lat' dir='ltr'><strong>edit.,</strong></span> <span class='ocrx_word' id='word_1_853' title='bbox 1333 5729 1614 5788; x_wconf 82' lang='lat' dir='ltr'><strong>divinitatis</strong></span> <span class='ocrx_word' id='word_1_854' title='bbox 1643 5731 2022 5802; x_wconf 83' lang='lat' dir='ltr'><strong>immortalitas.</strong></span> 
     </span>
    </p>
   </div>
   <div class='ocr_carea' id='block_1_104' title="bbox 657 5797 1794 5878">
    <p class='ocr_par' dir='ltr' id='par_1_104' title="bbox 657 5797 1794 5878">
     <span class='ocr_line' id='line_1_104' title="bbox 657 5797 1794 5878; baseline 0.007 -29"><span class='ocrx_word' id='word_1_855' title='bbox 657 5805 680 5878; x_wconf 63' lang='grc' dir='ltr'><em>ξ</em></span> <span class='ocrx_word' id='word_1_856' title='bbox 705 5797 912 5878; x_wconf 55' lang='lat' dir='ltr'><strong>Eadem</strong></span> <span class='ocrx_word' id='word_1_857' title='bbox 937 5797 1103 5878; x_wconf 56' lang='lat' dir='ltr'><strong>item.</strong></span> <span class='ocrx_word' id='word_1_858' title='bbox 1135 5797 1286 5878; x_wconf 76' lang='lat' dir='ltr'><strong>edit.,</strong></span> <span class='ocrx_word' id='word_1_859' title='bbox 1317 5821 1637 5878; x_wconf 84' lang='lat' dir='ltr'><strong>quocumque</strong></span> <span class='ocrx_word' id='word_1_860' title='bbox 1657 5801 1794 5860; x_wconf 85' lang='lat' dir='ltr'><strong>ierit.</strong></span> 
     </span>
    </p>
   </div>
   <div class='ocr_carea' id='block_1_105' title="bbox 648 5867 1698 5954">
    <p class='ocr_par' dir='ltr' id='par_1_105' title="bbox 648 5867 1698 5954">
     <span class='ocr_line' id='line_1_105' title="bbox 648 5867 1698 5954; baseline 0.008 -33"><span class='ocrx_word' id='word_1_861' title='bbox 648 5867 674 5906; x_wconf 70' lang='grc' dir='ltr'><em>ά</em></span> <span class='ocrx_word' id='word_1_862' title='bbox 704 5868 905 5928; x_wconf 89' lang='lat' dir='ltr'><strong>Eadem</strong></span> <span class='ocrx_word' id='word_1_863' title='bbox 937 5872 1096 5938; x_wconf 67' lang='lat' dir='ltr'><strong>Rom.</strong></span> <span class='ocrx_word' id='word_1_864' title='bbox 1121 5867 1484 5954; x_wconf 67' lang='lat' dir='ltr'><strong>edit.,panem</strong></span> <span class='ocrx_word' id='word_1_865' title='bbox 1509 5867 1698 5932; x_wconf 69' lang='lat' dir='ltr'><strong>uicum.</strong></span> 
     </span>
    </p>
   </div>
   <div class='ocr_carea' id='block_1_106' title="bbox 2282 4704 3802 4781">
    <p class='ocr_par' dir='ltr' id='par_1_106' title="bbox 2282 4704 3802 4781">
     <span class='ocr_line' id='line_1_106' title="bbox 2282 4704 3802 4781; baseline -0.013 -11"><span class='ocrx_word' id='word_1_866' title='bbox 2282 4729 2405 4770; x_wconf 89' lang='lat' dir='ltr'><strong>eum</strong></span> <span class='ocrx_word' id='word_1_867' title='bbox 2451 4723 2579 4769; x_wconf 84' lang='lat' dir='ltr'><strong>ante</strong></span> <span class='ocrx_word' id='word_1_868' title='bbox 2637 4713 3005 4767; x_wconf 90' lang='lat' dir='ltr'><strong>Domitianum</strong></span> <span class='ocrx_word' id='word_1_869' title='bbox 3037 4711 3426 4781; x_wconf 86' lang='lat' dir='ltr'><strong>imperatorem</strong></span> <span class='ocrx_word' id='word_1_870' title='bbox 3477 4709 3526 4764; x_wconf 91' lang='lat' dir='ltr'><strong>in</strong></span> <span class='ocrx_word' id='word_1_871' title='bbox 3558 4704 3802 4762; x_wconf 72' lang='lat' dir='ltr'><strong>COIIslSlOl‘lO</strong></span> 
     </span>
    </p>
   </div>
   <div class='ocr_carea' id='block_1_107' title="bbox 2285 4791 3797 4878">
    <p class='ocr_par' dir='ltr' id='par_1_107' title="bbox 2285 4791 3797 4878">
     <span class='ocr_line' id='line_1_107' title="bbox 2285 4791 3797 4878; baseline -0.013 -15"><span class='ocrx_word' id='word_1_872' title='bbox 2285 4815 2474 4874; x_wconf 87' lang='lat' dir='ltr'><strong>staret,</strong></span> <span class='ocrx_word' id='word_1_873' title='bbox 2502 4816 2723 4878; x_wconf 88' lang='lat' dir='ltr'><strong>repente</strong></span> <span class='ocrx_word' id='word_1_874' title='bbox 2749 4823 2852 4860; x_wconf 93' lang='lat' dir='ltr'><strong>non</strong></span> <span class='ocrx_word' id='word_1_875' title='bbox 2882 4805 3279 4875; x_wconf 76' lang='lat' dir='ltr'><strong>comparuisset</strong></span> <span class='ocrx_word' id='word_1_876' title='bbox 3305 4799 3556 4878; x_wconf 82' lang='lat' dir='ltr'><strong>(Philost.</strong></span> <span class='ocrx_word' id='word_1_877' title='bbox 3583 4791 3797 4854; x_wconf 75' lang='lat' dir='ltr'><strong>LeaniI.</strong></span> 
     </span>
    </p>
   </div>
   <div class='ocr_carea' id='block_1_108' title="bbox 2286 4891 3798 4971">
    <p class='ocr_par' dir='ltr' id='par_1_108' title="bbox 2286 4891 3798 4971">
     <span class='ocr_line' id='line_1_108' title="bbox 2286 4891 3798 4971; baseline -0.009 -19"><span class='ocrx_word' id='word_1_878' title='bbox 2286 4919 2398 4968; x_wconf 86' lang='lat' dir='ltr'><strong>vnt,</strong></span> <span class='ocrx_word' id='word_1_879' title='bbox 2428 4920 2544 4971; x_wconf 83' lang='lat' dir='ltr'><strong>cup.</strong></span> <span class='ocrx_word' id='word_1_880' title='bbox 2579 4901 2613 4955; x_wconf 71' lang='grc'>2</span> <span class='ocrx_word' id='word_1_881' title='bbox 2639 4917 2657 4966; x_wconf 91' lang='grc'><strong><em>;</em></strong></span> <span class='ocrx_word' id='word_1_882' title='bbox 2687 4899 2903 4955; x_wconf 87' lang='lat' dir='ltr'><strong>Laclan.</strong></span> <span class='ocrx_word' id='word_1_883' title='bbox 2935 4899 2997 4952; x_wconf 83' lang='lat' dir='ltr'><strong>de</strong></span> <span class='ocrx_word' id='word_1_884' title='bbox 3021 4898 3244 4954; x_wconf 88' lang='lat' dir='ltr'><strong>Instit.l.</strong></span> <span class='ocrx_word' id='word_1_885' title='bbox 3283 4913 3333 4964; x_wconf 90' lang='lat' dir='ltr'><strong>v,</strong></span> <span class='ocrx_word' id='word_1_886' title='bbox 3361 4913 3406 4951; x_wconf 74' lang='grc' dir='ltr'><em>ε.</em></span> <span class='ocrx_word' id='word_1_887' title='bbox 3441 4895 3518 4967; x_wconf 78' lang='lat'><strong>3).</strong></span> <span class='ocrx_word' id='word_1_888' title='bbox 3555 4891 3659 4950; x_wconf 62' lang='lat' dir='ltr'><strong>Haec</strong></span> <span class='ocrx_word' id='word_1_889' title='bbox 3677 4893 3798 4944; x_wconf 77' lang='lat' dir='ltr'><strong>tamen</strong></span> 
     </span>
    </p>
   </div>
   <div class='ocr_carea' id='block_1_109' title="bbox 2284 4979 3800 5062">
    <p class='ocr_par' dir='ltr' id='par_1_109' title="bbox 2284 4979 3800 5062">
     <span class='ocr_line' id='line_1_109' title="bbox 2284 4979 3800 5062; baseline -0.011 -10"><span class='ocrx_word' id='word_1_890' title='bbox 2284 5013 2382 5052; x_wconf 84' lang='lat' dir='ltr'><strong>nos</strong></span> <span class='ocrx_word' id='word_1_891' title='bbox 2410 4995 2666 5061; x_wconf 83' lang='lat' dir='ltr'><strong>diximus,</strong></span> <span class='ocrx_word' id='word_1_892' title='bbox 2695 5009 2802 5047; x_wconf 88' lang='lat' dir='ltr'><strong>non</strong></span> <span class='ocrx_word' id='word_1_893' title='bbox 2831 5009 2938 5062; x_wconf 76' lang='lat' dir='ltr'><strong>quo</strong></span> <span class='ocrx_word' id='word_1_894' title='bbox 2963 5005 3179 5062; x_wconf 83' lang='lat' dir='ltr'><strong>magum</strong></span> <span class='ocrx_word' id='word_1_895' title='bbox 3203 4989 3456 5044; x_wconf 65' lang='lat' dir='ltr'><strong>daemone</strong></span> <span class='ocrx_word' id='word_1_896' title='bbox 3483 4987 3712 5057; x_wconf 77' lang='lat' dir='ltr'><strong>repletum</strong></span> <span class='ocrx_word' id='word_1_897' title='bbox 3735 4979 3800 5032; x_wconf 55' lang='grc' dir='ltr'><strong>θεν</strong></span> 
     </span>
    </p>
   </div>
   <div class='ocr_carea' id='block_1_110' title="bbox 2283 5073 3800 5158">
    <p class='ocr_par' dir='ltr' id='par_1_110' title="bbox 2283 5073 3800 5158">
     <span class='ocr_line' id='line_1_110' title="bbox 2283 5073 3800 5158; baseline -0.009 -14"><span class='ocrx_word' id='word_1_898' title='bbox 2283 5091 2430 5144; x_wconf 70' lang='grc'><strong>11111111</strong></span> <span class='ocrx_word' id='word_1_899' title='bbox 2453 5087 2670 5143; x_wconf 85' lang='lat' dir='ltr'><strong>Christo</strong></span> <span class='ocrx_word' id='word_1_900' title='bbox 2699 5101 3101 5158; x_wconf 86' lang='lat' dir='ltr'><strong>comparemus,</strong></span> <span class='ocrx_word' id='word_1_901' title='bbox 3127 5081 3226 5139; x_wconf 91' lang='lat' dir='ltr'><strong>sed</strong></span> <span class='ocrx_word' id='word_1_902' title='bbox 3253 5091 3308 5138; x_wconf 87' lang='lat' dir='ltr'><strong>ut</strong></span> <span class='ocrx_word' id='word_1_903' title='bbox 3333 5081 3686 5136; x_wconf 68' lang='lat' dir='ltr'><strong>itaareticorum</strong></span> <span class='ocrx_word' id='word_1_904' title='bbox 3707 5073 3800 5132; x_wconf 59' lang='grc'><strong>11138·</strong></span> 
     </span>
    </p>
   </div>
   <div class='ocr_carea' id='block_1_111' title="bbox 2282 5171 3798 5252">
    <p class='ocr_par' dir='ltr' id='par_1_111' title="bbox 2282 5171 3798 5252">
     <span class='ocr_line' id='line_1_111' title="bbox 2282 5171 3798 5252; baseline -0.012 -16"><span class='ocrx_word' id='word_1_905' title='bbox 2282 5182 2426 5236; x_wconf 86' lang='lat' dir='ltr'><strong>niam</strong></span> <span class='ocrx_word' id='word_1_906' title='bbox 2451 5183 2862 5238; x_wconf 76' lang='lat' dir='ltr'><strong>eontutaremus</strong></span> <span class='ocrx_word' id='word_1_907' title='bbox 2881 5221 2894 5236; x_wconf 95' lang='lat'><strong>.</strong></span> <span class='ocrx_word' id='word_1_908' title='bbox 2927 5177 3081 5249; x_wconf 86' lang='lat' dir='ltr'><strong>Quod</strong></span> <span class='ocrx_word' id='word_1_909' title='bbox 3105 5193 3238 5252; x_wconf 84' lang='lat' dir='ltr'><strong>ergo</strong></span> <span class='ocrx_word' id='word_1_910' title='bbox 3269 5192 3427 5248; x_wconf 67' lang='lat' dir='ltr'><strong>mago</strong></span> <span class='ocrx_word' id='word_1_911' title='bbox 3461 5173 3606 5238; x_wconf 83' lang='lat' dir='ltr'><strong>licet,</strong></span> <span class='ocrx_word' id='word_1_912' title='bbox 3629 5171 3663 5228; x_wconf 87' lang='lat' dir='ltr'><strong>si</strong></span> <span class='ocrx_word' id='word_1_913' title='bbox 3681 5175 3798 5226; x_wconf 75' lang='lat' dir='ltr'><strong>tamen</strong></span> 
     </span>
    </p>
   </div>
   <div class='ocr_carea' id='block_1_112' title="bbox 2279 5259 3800 5345">
    <p class='ocr_par' dir='ltr' id='par_1_112' title="bbox 2279 5259 3800 5345">
     <span class='ocr_line' id='line_1_112' title="bbox 2279 5259 3800 5345; baseline -0.009 -17"><span class='ocrx_word' id='word_1_914' title='bbox 2279 5292 2462 5330; x_wconf 82' lang='lat' dir='ltr'><strong>verum</strong></span> <span class='ocrx_word' id='word_1_915' title='bbox 2493 5285 2594 5341; x_wconf 90' lang='lat' dir='ltr'><strong>est,</strong></span> <span class='ocrx_word' id='word_1_916' title='bbox 2626 5274 2862 5330; x_wconf 86' lang='lat' dir='ltr'><strong>Domino</strong></span> <span class='ocrx_word' id='word_1_917' title='bbox 2905 5291 3010 5328; x_wconf 89' lang='lat' dir='ltr'><strong>non</strong></span> <span class='ocrx_word' id='word_1_918' title='bbox 3065 5273 3231 5328; x_wconf 73' lang='lat' dir='ltr'><strong>licet?</strong></span> <span class='ocrx_word' id='word_1_919' title='bbox 3262 5272 3532 5345; x_wconf 77' lang='lat' dir='ltr'><strong>Lynceus,</strong></span> <span class='ocrx_word' id='word_1_920' title='bbox 3589 5275 3639 5322; x_wconf 81' lang='grc' dir='ltr'><strong>ιιι</strong></span> <span class='ocrx_word' id='word_1_921' title='bbox 3671 5259 3800 5318; x_wconf 65' lang='lat' dir='ltr'><strong>tabula</strong></span> 
     </span>
    </p>
   </div>
   <div class='ocr_carea' id='block_1_113' title="bbox 2281 5347 3797 5438">
    <p class='ocr_par' dir='ltr' id='par_1_113' title="bbox 2281 5347 3797 5438">
     <span class='ocr_line' id='line_1_113' title="bbox 2281 5347 3797 5438; baseline -0.013 -15"><span class='ocrx_word' id='word_1_922' title='bbox 2281 5369 2478 5432; x_wconf 72' lang='grc' dir='ltr'><strong>[ει-11111,</strong></span> <span class='ocrx_word' id='word_1_923' title='bbox 2514 5365 2732 5422; x_wconf 80' lang='lat' dir='ltr'><strong>videbat</strong></span> <span class='ocrx_word' id='word_1_924' title='bbox 2781 5373 2929 5421; x_wconf 84' lang='lat' dir='ltr'><strong>trans</strong></span> <span class='ocrx_word' id='word_1_925' title='bbox 2963 5363 3228 5438; x_wconf 80' lang='lat' dir='ltr'><strong>parietem</strong></span> <span class='ocrx_word' id='word_1_926' title='bbox 3279 5361 3468 5436; x_wconf 69' lang='lat' dir='ltr'><strong>(Plin.</strong></span> <span class='ocrx_word' id='word_1_927' title='bbox 3517 5361 3554 5414; x_wconf 89' lang='lat' dir='ltr'><strong>l.</strong></span> <span class='ocrx_word' id='word_1_928' title='bbox 3607 5369 3675 5411; x_wconf 78' lang='lat' dir='ltr'><strong>vut</strong></span> <span class='ocrx_word' id='word_1_929' title='bbox 3715 5347 3797 5405; x_wconf 58' lang='grc' dir='ltr'><strong>Ναὶς</strong></span> 
     </span>
    </p>
   </div>
   <div class='ocr_carea' id='block_1_114' title="bbox 2369 5499 3796 5574">
    <p class='ocr_par' dir='ltr' id='par_1_114' title="bbox 2369 5499 3796 5574">
     <span class='ocr_line' id='line_1_114' title="bbox 2369 5499 3796 5574; baseline -0.008 -13"><span class='ocrx_word' id='word_1_930' title='bbox 2369 5520 2389 5544; x_wconf 68' lang='grc' dir='ltr'><strong>υ</strong></span> <span class='ocrx_word' id='word_1_931' title='bbox 2421 5507 2792 5562; x_wconf 80' lang='lat' dir='ltr'><strong>EademRom.</strong></span> <span class='ocrx_word' id='word_1_932' title='bbox 2813 5507 2975 5574; x_wconf 83' lang='lat' dir='ltr'><strong>edit.,</strong></span> <span class='ocrx_word' id='word_1_933' title='bbox 3009 5507 3161 5560; x_wconf 80' lang='lat' dir='ltr'><strong>Hunc</strong></span> <span class='ocrx_word' id='word_1_934' title='bbox 3183 5505 3447 5560; x_wconf 76' lang='lat' dir='ltr'><strong>suscitavit</strong></span> <span class='ocrx_word' id='word_1_935' title='bbox 3472 5521 3502 5556; x_wconf 84' lang='lat' dir='ltr'><strong>o</strong></span> <span class='ocrx_word' id='word_1_936' title='bbox 3523 5499 3796 5560; x_wconf 50' lang='lat' dir='ltr'><strong>mortuum!!!-</strong></span> 
     </span>
    </p>
   </div>
   <div class='ocr_carea' id='block_1_115' title="bbox 2365 5575 3772 5651">
    <p class='ocr_par' dir='ltr' id='par_1_115' title="bbox 2365 5575 3772 5651">
     <span class='ocr_line' id='line_1_115' title="bbox 2365 5575 3772 5651; baseline -0.003 -20"><span class='ocrx_word' id='word_1_937' title='bbox 2365 5579 2386 5631; x_wconf 93' lang='lat' dir='ltr'><strong>r</strong></span> <span class='ocrx_word' id='word_1_938' title='bbox 2413 5579 2608 5651; x_wconf 62' lang='lat' dir='ltr'><strong>liadem</strong></span> <span class='ocrx_word' id='word_1_939' title='bbox 2639 5579 2796 5634; x_wconf 80' lang='lat' dir='ltr'><strong>ltum.</strong></span> <span class='ocrx_word' id='word_1_940' title='bbox 2828 5580 2960 5636; x_wconf 90' lang='lat' dir='ltr'><strong>edit.</strong></span> <span class='ocrx_word' id='word_1_941' title='bbox 2985 5623 3000 5646; x_wconf 91' lang='lat'><strong>,</strong></span> <span class='ocrx_word' id='word_1_942' title='bbox 3030 5575 3258 5651; x_wconf 81' lang='lat' dir='ltr'><strong>CleOpha</strong></span> <span class='ocrx_word' id='word_1_943' title='bbox 3282 5585 3328 5631; x_wconf 81' lang='lat' dir='ltr'><strong>et</strong></span> <span class='ocrx_word' id='word_1_944' title='bbox 3357 5577 3570 5651; x_wconf 77' lang='lat' dir='ltr'><strong>Amnon.</strong></span> <span class='ocrx_word' id='word_1_945' title='bbox 3691 5641 3699 5650; x_wconf 86' lang='lat'><em>_</em></span> <span class='ocrx_word' id='word_1_946' title='bbox 3763 5636 3772 5646; x_wconf 38' lang='grc' dir='ltr'>ι</span> 
     </span>
    </p>
   </div>
   <div class='ocr_carea' id='block_1_116' title="bbox 2365 5643 3796 5718">
    <p class='ocr_par' dir='ltr' id='par_1_116' title="bbox 2365 5643 3796 5718">
     <span class='ocr_line' id='line_1_116' title="bbox 2365 5643 3796 5718; baseline -0.01 -13"><span class='ocrx_word' id='word_1_947' title='bbox 2365 5660 2388 5697; x_wconf 75' lang='grc' dir='ltr'><em>ε</em></span> <span class='ocrx_word' id='word_1_948' title='bbox 2421 5649 2619 5704; x_wconf 78' lang='lat' dir='ltr'><strong>Eadem</strong></span> <span class='ocrx_word' id='word_1_949' title='bbox 2645 5651 2802 5706; x_wconf 80' lang='lat' dir='ltr'><strong>Rom.</strong></span> <span class='ocrx_word' id='word_1_950' title='bbox 2835 5653 2966 5706; x_wconf 85' lang='lat' dir='ltr'><strong>edit.</strong></span> <span class='ocrx_word' id='word_1_951' title='bbox 2989 5643 3008 5718; x_wconf 58' lang='grc'><strong>⁷,</strong></span> <span class='ocrx_word' id='word_1_952' title='bbox 3031 5643 3246 5704; x_wconf 78' lang='lat' dir='ltr'><strong>dubium</strong></span> <span class='ocrx_word' id='word_1_953' title='bbox 3273 5651 3368 5704; x_wconf 84' lang='lat' dir='ltr'><strong>erit</strong></span> <span class='ocrx_word' id='word_1_954' title='bbox 3401 5647 3534 5718; x_wconf 82' lang='lat' dir='ltr'><strong>quod</strong></span> <span class='ocrx_word' id='word_1_955' title='bbox 3572 5643 3796 5718; x_wconf 64' lang='lat' dir='ltr'><strong>transirent2</strong></span> 
     </span>
    </p>
   </div>
   <div class='ocr_carea' id='block_1_117' title="bbox 2361 5704 3797 5800">
    <p class='ocr_par' dir='ltr' id='par_1_117' title="bbox 2361 5704 3797 5800">
     <span class='ocr_line' id='line_1_117' title="bbox 2361 5704 3797 5800; baseline -0.009 -23"><span class='ocrx_word' id='word_1_956' title='bbox 2361 5719 2388 5758; x_wconf 71' lang='grc' dir='ltr'><strong>¹ι</strong></span> <span class='ocrx_word' id='word_1_957' title='bbox 2417 5723 2624 5800; x_wconf 81' lang='lat' dir='ltr'><strong>Eadem</strong></span> <span class='ocrx_word' id='word_1_958' title='bbox 2645 5704 2797 5800; x_wconf 64' lang='lat' dir='ltr'><strong>itum.</strong></span> <span class='ocrx_word' id='word_1_959' title='bbox 2829 5704 3068 5800; x_wconf 51' lang='lat' dir='ltr'><strong>edit._,_&#39;et</strong></span> <span class='ocrx_word' id='word_1_960' title='bbox 3089 5704 3534 5800; x_wconf 53' lang='lat' dir='ltr'><strong>peccatores&#39;ejus</strong></span> <span class='ocrx_word' id='word_1_961' title='bbox 3563 5704 3797 5772; x_wconf 64' lang='lat' dir='ltr'><strong>inanimali</strong></span> 
     </span>
    </p>
   </div>
   <div class='ocr_carea' id='block_1_118' title="bbox 2287 5791 3383 5862">
    <p class='ocr_par' dir='ltr' id='par_1_118' title="bbox 2287 5791 3383 5862">
     <span class='ocr_line' id='line_1_118' title="bbox 2287 5791 3383 5862; baseline -0.004 -12"><span class='ocrx_word' id='word_1_962' title='bbox 2287 5811 2542 5850; x_wconf 53' lang='lat' dir='ltr'><strong>annua...</strong></span> <span class='ocrx_word' id='word_1_963' title='bbox 2569 5791 2656 5848; x_wconf 81' lang='lat' dir='ltr'><strong>ubi</strong></span> <span class='ocrx_word' id='word_1_964' title='bbox 2677 5797 2910 5852; x_wconf 84' lang='lat' dir='ltr'><strong>omnibus</strong></span> <span class='ocrx_word' id='word_1_965' title='bbox 2937 5791 3245 5862; x_wconf 73' lang='lat' dir='ltr'><strong>divinitatis,</strong></span> <span class='ocrx_word' id='word_1_966' title='bbox 3277 5803 3383 5850; x_wconf 84' lang='lat' dir='ltr'><strong>etc.</strong></span> 
     </span>
    </p>
   </div>
  </div>
