3970 6316
45 323 144 384 Si!

1194 316 1283 377 DE
1321 312 1700 377 'I'RiNi'i‘ATE
1741 308 2183 378 TRACTATUS.

3238 315 3348 375 δη

52 435 207 499 Ηῑεη,
235 442 356 508 cap.
387 429 486 504 8):
523 430 788 490 Dominus
812 431 1008 490 clausis
1037 432 1215 501 ostiis,
1250 434 1353 489 nisi
1387 433 1641 502 phantas-
1668 436 1715 498 Α
1746 435 1939 511 (Joon.
1975 454 2097 505 ut,
2130 438 2237 511 7);
2278 436 2492 495 cateris
2520 445 2700 493 autem
2747 450 2857 493 non
2894 436 3350 510 cognoscentibus

46 547 126 585 ma
161 530 345 598 interit,
379 524 581 585 intrare
612 542 717 584 non
751 537 959 600 poterat
984 522 1208 603 (Matth.
1237 534 1344 595 xiv,
1375 527 1480 601 9.9)
1506 524 1641 601 tqui

46 632 191 681 certe
218 630 273 679 et
312 629 438 679 ante
490 623 954 679 resurrectionem
987 622 1225 692 pendulo
1275 637 1440 693 super
1488 634 1643 678 mare

45 714 338 775 ambulavit
391 718 622 782 incessu.
665 726 720 774 et
762 716 866 774 hoc
903 719 1075 790 ipsum
1108 717 1355 789 apostolo
1406 716 1642 789 praebuit

46 812 199 868 Petro
218 852 235 879 ,
267 808 362 882 qui
380 822 500 866 eum
524 819 550 848 ἰ
576 809 682 866 lide
711 825 875 883 super
900 826 1068 881 aquas
1094 810 1421 877 ambularet,
1448 807 1642 865 inlide-

44 907 189 961 iitate
224 908 411 975 postea
444 906 615 976 mergi
668 906 855 978 etrapit,
904 905 1008 961 nisi
1038 920 1160 961 eum
1204 906 1363 961 citius
1416 903 1639 961 dextera

43 998 247 1055 Dimini
271 999 636 1055 continuisset
666 998 911 1070 (Hieron.
936 1000 988 1053 in
1012 997 1144 1055 lsai.
1178 1000 1267 1054 sub
1298 1000 1390 1067 ﬁn.
1424 997 1557 1053 item
1584 998 1641 1054 in

42 1110 149 1165 cap.
205 1090 277 1146 24
327 1088 579 1164 Μηρώ)
633 1090 848 1163 Aquilae
893 1101 946 1148 et
994 1093 1240 1148 vultures
1277 1093 1637 1148 transmarina

42 1183 272 1240 sentiunt
293 1184 559 1240 cadavera
585 1201 598 1238 :
623 1183 872 1241 Salvator
894 1184 1170 1255 apostolos
1198 1200 1347 1254 suos,
1372 1187 1473 1241 uisi
1498 1187 1639 1241 ostia

44 1278 345 1349 aperuerit,
374 1284 480 1332 non
511 1277 763 1333 videbit?
787 1278 855 1333 ad
883 1287 1239 1350 postremum,
1270 1277 1422 1334 dicas
1449 1280 1635 1347 velim,

49 1371 169 1427 mibi
215 1370 350 1442 quid
403 1372 581 1443 majus
608 1372 709 1440 sit,
766 1380 969 1429 tantum
1013 1382 1173 1429 terra:
1215 1375 1638 1445 magnitudinem

43 1462 67 1502 δ
94 1462 259 1521 tribus
304 1466 618 1537 appendere
663 1465 848 1538 digitis
892 1465 1065 1538 (Esai.
1102 1486 1189 1537 ιι,
1226 1468 1335 1543 12),
1382 1477 1438 1525 et
1476 1484 1638 1537 super

44 1572 200 1629 aquas
226 1558 466 1614 incertas
490 1558 712 1626 librari;
743 1576 809 1615 an
837 1561 1007 1617 Deum
1040 1576 1134 1633 per
1160 1563 1397 1618 clausam
1425 1571 1637 1617 creatu-

43 1660 146 1704 ram
179 1648 451 1707 transire?
490 1651 737 1707 Creatori
769 1651 914 1724 quod
961 1653 1138 1724 majus
1181 1661 1263 1708 est
1316 1653 1531 1720 tribuis,
1582 1660 1641 1708 et

44 1738 174 1815 quod
202 1746 385 1801 minus
412 1754 435 1784 ε
458 1746 834 1803 caiomuiaris.
867 1746 1065 1803 Petrus
1104 1746 1405 1817 apostolus,
1442 1755 1497 1799 ut
1522 1746 1635 1817 jam

1748 546 1891 593 eum,
1924 528 2162 586 Joannes
2195 530 2343 602 prior
2369 530 2615 602 agnovit,
2644 538 2702 587 et
2745 528 2881 584 dixit
2922 548 2935 584 :
2970 527 3225 584 Dominus
3254 537 3349 583 est.

1746 625 1984 681 Docebat
2008 640 2225 693 revera,
2253 624 2455 681 etsatis
2482 639 2782 695 congruum
2806 631 2947 690 erat,
2991 631 3051 678 ut
3071 620 3353 695 virginitas

1744 716 2010 790 virginale
2040 718 2189 789 prius
2218 724 2537 789 agnosceret
2580 731 2799 787 corpus.
2850 714 2997 773 idem
3051 729 3182 790 ergo
3207 720 3347 782 erat,

1745 818 1800 866 et
1828 826 1933 865 non
1964 810 2105 867 idem
2138 810 2206 865 ab
2228 808 2479 865 omnibus
2502 809 2804 865 videbatur.

1814 901 2043 960 CAPUT
2072 901 2268 959 XXXI.
2295 933 2361 943 —
2383 901 2693 974 Statimque
2743 900 3077 973 subjungens
3106 899 3352 973 Evange-

1745 996 1888 1063 lista,
1918 996 2049 1051 dicit
2080 1014 2091 1051 :
2130 1006 2153 1043 ε
2187 992 2256 1049 Et
2284 1012 2431 1051 nemo
2457 994 2683 1051 audebat
2720 1013 2835 1051 eum
2875 994 3102 1067 amplius
3129 997 3352 1052 interro-

1743 1105 1868 1165 gare
1893 1104 1912 1143 :
1943 1080 2023 1143 Tu
2063 1090 2176 1157 quis
2207 1104 2258 1142 es
2299 1085 2478 1161 (Joan.
2533 1103 2647 1152 ut,
2692 1086 2823 1157 12)?
2868 1089 3002 1158 Quia
3061 1099 3351 1147 vescentes

1745 1184 1947 1255 pariter
1968 1196 2029 1235 ac
2050 1182 2297 1237 bibentes
2323 1198 2444 1237 cum
2468 1197 2557 1248 eo,
2583 1179 2857 1237 hominem
2882 1197 3069 1239 verum
3094 1197 3156 1238 ac
3172 1181 3345 1240 Deum

1742 1278 2030 1345 videbant;
2057 1288 2162 1332 non
2184 1286 2362 1333 tamen
2384 1274 2527 1348 quod
2559 1277 2701 1334 alter
2725 1278 2889 1343 Deus,
2914 1277 3053 1333 alter
3080 1276 3242 1332 homo
3263 1292 3350 1334 es-

1741 1381 1825 1429 set
1854 1391 1867 1427 :
1900 1370 1992 1427 sed
2028 1387 2165 1427 unus
2195 1382 2355 1443 atque
2383 1371 2525 1428 idem
2555 1384 2701 1430 esset
2728 1373 2900 1429 Filius
2947 1372 3043 1430 Dei
3083 1383 3138 1429 et
3178 1370 3350 1430 Filius

1743 1465 2015 1534 hominis;
2059 1467 2490 1539 cognoscebantur
2526 1467 2671 1524 enim
2714 1475 2777 1525 ut.
2806 1468 2992 1532 homo,
3026 1466 3354 1527 adorabatur

1747 1573 1801 1616 ut
1835 1562 2001 1630 Deus,
2035 1561 2319 1629 complens
2346 1561 2500 1627 illud,
2530 1561 2674 1633 quod
2703 1562 2782 1618 eis
2816 1563 2933 1635 ipse
2964 1561 3225 1618 Dominus
3252 1558 3355 1616 im—

1742 1663 1996 1728 precatus
2046 1655 2239 1725 luerat,
2280 1655 2471 1712 dicens
2501 1652 2567 1710 ad
2596 1654 2813 1712 Patrem
2849 1674 2863 1709 :
2896 1652 3026 1710 Haec
3074 1664 3151 1712 est
3179 1666 3352 1711 autent

1740 1751 1844 1805 vita
1868 1761 2085 1817 (eterna,
2115 1759 2170 1805 ut
2198 1758 2512 1823 cognoscant
2535 1757 2587 1805 te
2608 1762 2769 1806 unum
2796 1760 2844 1805 et
2872 1760 3045 1805 rerum
3088 1745 3277 1812 Deum.
3304 1758 3356 1804 et

44 1837 231 1892 dictum
263 1844 370 1905 est,
404 1840 569 1908 supev
591 1850 759 1910 aquas
781 1838 1087 1894 ambulavit
1116 1835 1329 1911 (Matth.
1363 1853 1477 1904 xxv,
1518 1835 1633 1909 56),
1667 1842 1715 1907 Β
1741 1856 1887 1914 quem
1918 1843 2120 1912 misisti,
2173 1842 2352 1898 Iesum
2399 1840 2661 1898 Christum
2694 1841 2878 1914 (Joan.
2937 1858 3075 1909 xvn,
3126 1843 3205 1914 5).
3261 1836 3352 1896 Di-

45 1938 93 1987 et
114 1932 253 1999 gravi
278 1937 335 1987 et
364 1931 540 1988 solido
568 1933 787 2005 corpori
817 1932 995 1988 mollis
1026 1931 1191 2002 unda,
1219 1933 1321 1989 nisi
1355 1933 1633 2003 paululum

46 2021 357 2091 dubitasset,
392 2039 498 2082 non
546 2033 831 2083 cesserat:
864 2035 919 2083 et
949 2036 1002 2082 tu
1032 2023 1204 2083 Deum
1260 2027 1632 2097 calumniaris,

46 2130 198 2185 quare
244 2115 449 2175 clausis
498 2118 779 2191 ingressus
825 2120 895 2175 sit
936 2120 1135 2176 ostiis?
1176 2118 1457 2176 Paululum
1506 2136 1637 2193 ergo

47 2208 167 2264 tides
198 2206 344 2266 Petri
368 2210 655 2283 dubitavit,
692 2221 746 2269 et
768 2212 949 2269 statim
985 2221 1229 2269 naturam
1255 2228 1407 2270 suam
1438 2229 1638 2286 corpus

48 2302 281 2373 agnovit;
324 2313 387 2359 ut
416 2316 515 2361 nos
542 2306 806 2362 sciremus
848 2321 1014 2378 Super
1053 2321 1219 2378 aquas
1247 2303 1273 2342 ἀ
1306 2322 1411 2363 non
1442 2320 1639 2380 corpus

48 2390 361 2461 ambulasse,
392 2397 488 2454 sed
516 2397 702 2454 ﬁdem.

113 2478 334 2547 CAPUT
350 2484 525 2549 XXX.
541 2523 614 2532 —
637 2489 759 2548 Noli
781 2490 846 2548 ad
867 2490 1131 2564 judicium
1157 2496 1307 2547 tttom
1338 2492 1636 2562 potentiam

53 2582 248 2639 Domini
274 2600 354 2638 tua
366 2602 555 2655 gorum
573 2585 860 2657 prmsligiis
880 2597 968 2641 aut
985 2602 1200 2658 mqttare
1221 2594 1311 2642 aut
1326 2587 1636 2645 inferiorem

58 2678 255 2744 facere;
288 2680 345 2732 ut
380 2677 626 2734 videatur
646 2678 817 2735 fuisse
840 2676 983 2752 quod
1017 2692 1123 2736 non
1165 2680 1281 2749 fuit,
1338 2690 1395 2737 ut
1425 2690 1640 2749 putetur

57 2768 342 2826 comedisse
373 2772 494 2828 sine
536 2772 816 2839 dentibus,
874 2774 1104 2846 ircgisse
1134 2788 1329 2846 partem
1371 2775 1489 2831 sine
1526 2790 1640 2831 ma-

61 2864 221 2931 nibus,
252 2860 562 2922 ambulasse
606 2867 726 2921 sine
773 2869 1020 2937 pedibus,
1053 2867 1265 2923 locutus
1311 2868 1476 2923 fuisse
1520 2869 1639 2925 sine

61 2956 242 3029 lingua,
271 2966 363 3014 aut
393 2960 593 3033 capite,
625 2960 766 3016 latus
789 2974 1121 3017 monstrasse
1152 2963 1267 3015 sine
1297 2976 1546 3033 corpore.
1575 2961 1640 3017 Et

60 3051 331 3119 quomodo,
379 3052 576 3123 inquit,
625 3071 731 3110 non
778 3056 1320 3128 cognoscebanteum
1352 3057 1402 3109 in
1448 3057 1638 3111 itinere

61 3146 97 3197 si
124 3142 285 3216 ipsum
316 3145 552 3203 habebat
580 3163 806 3220 corpus,
852 3146 993 3221 quod
1026 3154 1151 3204 ante
1200 3148 1427 3205 habuit?
1478 3146 1637 3205 Erras

1742 1950 1902 2006 gnum
1933 1950 2061 2006 ergo
2086 1944 2192 2003 est,
2215 1938 2271 1991 et
2295 1937 2430 1992 satis
2455 1935 2699 2007 dignum,
2723 1944 2781 1991 ut
2809 1949 2939 1991 caro
2976 1934 3210 1991 hominis
3238 1948 3353 1991 roe-

1742 2028 1807 2084 iis
1831 2032 2141 2099 inferretur,
2168 2031 2322 2103 cujus
2350 2030 2624 2089 habitator
2650 2028 2797 2088 Deus
2822 2047 2945 2090 esse
2968 2030 3222 2105 dignatus
3244 2040 3349 2089 est:

1743 2138 1843 2182 nec
1884 2132 2056 2196 potest
2111 2125 2281 2182 videri
2332 2122 2609 2181 hominem
2643 2135 2831 2181 contra
2862 2127 3114 2182 meritum
3148 2120 3348 2183 factum

1740 2232 1862 2274 esse
1891 2214 2121 2273 incolam
2150 2216 2293 2285 C(Bii,
2318 2214 2347 2255 ιι
2378 2221 2535 2287 cujus
2556 2219 2803 2291 vaginam
2834 2234 2944 2275 non
2978 2228 3063 2275 est
3092 2218 3353 2291 dedignac

1744 2319 1829 2365 tus
1866 2310 2121 2382 Spiritus,
2171 2312 2260 2381 qui
2288 2310 2433 2366 Deus
2461 2312 2563 2368 est.
2612 2306 2829 2368 Iustum
2855 2327 2984 2384 ergo
3015 2307 3113 2367 iuit
3141 2320 3199 2366 ut
3226 2326 3349 2367 cor-

1742 2418 1863 2475 pus,
1894 2404 1945 2459 in
1978 2419 2089 2476 quo
2112 2405 2255 2460 Deus
2276 2396 2570 2461 habitando
2599 2410 2799 2461 terram
2841 2402 3064 2461 visitare
3094 2404 3350 2476 dignatus

1742 2511 1848 2567 est,
1892 2515 1989 2570 per
2040 2499 2183 2571 quod
2216 2499 2483 2571 particeps
2517 2501 2687 2557 nostri
2729 2499 2901 2557 iactus
2948 2510 3031 2557 est
3063 2542 3081 2569 ,
3131 2498 3196 2555 ad
3248 2500 3351 2557 im-

1742 2593 2125 2650 mortalitatem
2152 2595 2497 2665 perduceret,
2524 2604 2577 2650 et
2600 2595 2654 2650 in
2678 2595 2994 2651 cmlestibus
3022 2595 3345 2651 collocaret.

1744 2682 1844 2742 Ubi
1877 2701 2004 2758 ergo
2062 2682 2158 2741 Dei
2210 2684 2471 2743 habitatio
2502 2703 2623 2743 esse
2666 2687 2885 2756 debuit,
2942 2685 3049 2743 uisi
3089 2688 3145 2742 in
3178 2701 3349 2758 regno

1740 2772 1900 2852 341
1941 2774 2083 2835 Deli
2121 2776 2211 2836 ubi
2241 2789 2423 2836 autem
2449 2796 2678 2852 regnum
2712 2781 2833 2849 Dei,
2869 2780 2973 2836 nisi
3000 2781 3051 2836 in
3078 2780 3237 2838 coriis
3258 2781 3352 2839 ubi

1742 2886 1792 2932 et
1822 2890 1921 2930 nos
1953 2888 2174 2941 omnes,
2200 2874 2322 2945 ipso
2352 2873 2591 2929 donante
2633 2884 2795 2947 atque
2827 2874 3078 2943 juvante,
3119 2883 3249 2929 tunc
3272 2873 3354 2931 lu-

1745 2966 1846 3021 turi
1891 2981 2110 3031 sumus,
2160 2965 2367 3036 quando
2390 2964 2751 3036 corruptivum
2782 2963 2879 3020 hoc
2921 2964 3149 3021 induerit
3180 2966 3351 3021 incor-

1740 3060 2055 3131 ruptionem,
2097 3066 2143 3112 et
2170 3056 2386 3113 mortale
2416 3057 2511 3112 hoc
2564 3057 2792 3111 induerit
2821 3054 3260 3114 immortalitatem
3304 3055 3351 3126 (l

1743 3150 1863 3206 Cor.
1891 3166 1980 3216 xv,
2006 3142 2096 3220 53)
2118 3165 2131 3215 ;
2157 3161 2214 3204 ut
2236 3149 2413 3204 omnis
2432 3164 2562 3204 caro
2586 3148 2769 3204 videat
2791 3148 3027 3205 salutare
3053 3148 3149 3206 Dei
3172 3148 3346 3217 (Esai.

63 3237 188 3295 enim
217 3249 270 3297 et
296 3243 526 3298 multum
555 3256 730 3307 erras,
760 3240 853 3315 qui
882 3254 986 3298 non
1033 3243 1188 3299 audis
1232 3243 1628 3317 Evangeiistam
1662 3245 1705 3309 C
1742 3260 1811 3298 χι.
1838 3285 1852 3309 ,
1884 3241 1973 3315 5),
2001 3249 2054 3297 et
2084 3248 2334 3313 agnoscat
2375 3242 2518 3313 quod
2563 3242 2878 3314 redemptor
2922 3252 3084 3315 atque
3107 3243 3347 3300 salvator

63 3328 305 3389 dicentem
354 3351 366 3390 :
423 3335 561 3404 Quia
614 3336 752 3391 oculi
796 3350 975 3393 eorum
1025 3339 1354 3405 tenebantur,
1407 3355 1471 3395 ne
1523 3354 1639 3393 eum

64 3440 415 3494 agnoscerent;
471 3438 522 3485 et
574 3426 731 3499 paulo
772 3438 934 3501 post:
985 3430 1165 3504 Aperti
1214 3441 1373 3495 sunt,
1426 3430 1632 3503 inquit,

64 3516 185 3571 oculi
213 3532 409 3586 eorum,
440 3530 487 3575 et
508 3531 855 3594 cognoverunt
882 3536 993 3579 eum
1023 3518 1170 3596 (Luc.
1209 3539 1357 3589 xxiv,
1393 3520 1476 3589 16,
1508 3522 1634 3596 51).

66 3606 305 3684 Numquid
335 3615 391 3669 in
436 3624 640 3671 tantum
688 3610 947 3689 deSiples,
991 3624 1050 3672 ut
1090 3633 1213 3673 eum
1262 3614 1423 3673 alium
1475 3619 1640 3676 fuisse

65 3699 224 3772 dicas,
252 3706 468 3778 quando
496 3708 961 3780 coguoscebatur;
993 3718 1047 3766 et
1092 3710 1256 3765 alium
1291 3708 1502 3783 quando
1531 3729 1637 3767 non

66 3796 519 3867 cognoscebator?
547 3801 613 3857 Et
643 3810 791 3860 certe
825 3818 962 3859 unus
989 3812 1150 3875 atque
1196 3802 1335 3859 idem
1375 3814 1504 3861 erat.
1537 3804 1638 3861 Co-

67 3903 308 3959 gnoscere
349 3906 481 3966 ergo
511 3905 561 3951 et
592 3910 696 3952 non
744 3908 1077 3969 cognoscere
1127 3897 1420 3953 vitlt‘ntittm
1467 3898 1639 3954 oculis

70 3980 172 4051 fuit,
211 3994 309 4041 non
355 3988 477 4060 ejus
524 3990 615 4057 qui
665 3989 974 4055 videbatur,
1009 4000 1065 4047 ut
1116 3991 1424 4046 vaticinium
1471 3986 1640 4047 sancti

71 4074 328 4136 Hieremias
355 4080 750 4153 Compieretur,
780 4100 887 4156 quo
930 4087 1039 4141 ait:
1073 4094 1095 4123 ε
1143 4085 1315 4154 Quare
1344 4087 1473 4141 sicut
1502 4086 1637 4142 colo-

70 4185 151 4224 nus
172 4171 368 4243 {uturus‘
402 4187 476 4231 est
504 4179 558 4232 tn
590 4188 745 4244 terra,
784 4189 830 4234 et
858 4180 991 4234 sicut
1020 4182 1094 4234 vir
1124 4180 1394 4235 declinans
1439 4179 1509 4235 ad
1532 4198 1641 4236 ma-

69 4262 267 4320 nendum
298 4265 521 4341 (Jere’m.
559 4279 670 4337 xlv,
700 4270 811 4343 8)?
846 4274 1083 4346 Denique
1118 4282 1173 4328 ut
1204 4274 1342 4329 scias
1370 4292 1636 4342 errorem,

70 4355 145 4424 qui
179 4363 494 4419 Versabatur
524 4364 577 4419 in
609 4365 810 4433 medio,
842 4380 948 4422 non
980 4366 1224 4439 corporis
1263 4364 1500 4433 Domini,
1542 4360 1637 4423 sed

71 4449 325 4508 oculorum
349 4455 516 4513 fuisse
552 4456 863 4514 clausorum
891 4471 911 4514 :
945 4459 1124 4531 Aperti
1159 4471 1275 4515 sunt
1301 4462 1440 4518 oculi
1465 4478 1641 4518 eorum

73 4538 236 4607 (loco.
275 4562 338 4604 xx
365 4592 379 4617 ,
412 4546 509 4623 i6)
539 4593 553 4618 ,
587 4558 642 4607 et
673 4566 794 4607 mox
840 4562 1183 4626 cognoverunt
1210 4570 1346 4608 eum.
1405 4552 1536 4612 Nam
1586 4564 1641 4611 et

1742 3338 1829 3391 ille
1852 3337 1944 3403 sit,
1966 3334 2056 3408 qui
2072 3336 2302 3391 luctatus
2320 3344 2400 3390 est
2424 3350 2547 3390 cum
2571 3332 2740 3392 Jacob
2755 3334 2910 3409 (Gen.
2926 3352 3094 3405 χχιιι,
3111 3334 3226 3408 24),
3252 3336 3345 3408 qui

1738 3429 1909 3483 virtus
1940 3436 1995 3484 et
2046 3428 2343 3483 auxiliator
2387 3426 2485 3482 iuit
2511 3428 2612 3498 ipsi
2639 3428 2840 3493 Jacob,
2869 3428 2958 3501 qui
3008 3428 3059 3484 in
3089 3431 3346 3501 passione

1744 3523 2046 3579 voluntaria
2080 3522 2093 3559 ¹
2122 3530 2429 3592 superatus,
2464 3521 2608 3593 quod
2640 3522 2727 3575 illa
2763 3518 2904 3576 lucta
2936 3521 3342 3593 pra-ﬁgurabat,

1742 3616 2119 3689 cruciligeutes
2147 3633 2206 3673 se
2248 3615 2629 3684 benediceret,
2684 3625 2846 3685 atque
2880 3630 2977 3686 pro
3006 3613 3083 3668 eis
3134 3624 3340 3682 oraret,

1742 3710 1929 3769 dicens
1957 3728 1969 3765 :
1998 3700 2395 3779 Patet-,ignosce
2418 3708 2508 3774 eis,
2527 3725 2627 3762 non
2651 3707 2784 3762 enim
2806 3706 2974 3761 sciunt
2995 3705 3120 3777 quid
3143 3707 3245 3778 foci
3255 3715 3345 3763 unt

1742 3802 1897 3877 (Luc.
1928 3818 2080 3868 xxtu,
2113 3798 2225 3873 5t),
2260 3801 2589 3857 conﬁrmans
2618 3808 2673 3855 ct.
2700 3798 3017 3870 illud,quod
3053 3814 3147 3869 per
3170 3797 3343 3854 David

1741 3904 1865 3955 aute
1895 3898 2221 3970 praedixerat
2263 3916 2275 3951 ε
2313 3897 2326 3948 l
2371 3894 2510 3951 Dum
2559 3893 3037 3968 apprOpinquarent
3084 3891 3228 3960 mihi,
3258 3890 3350 3966 qui

1742 3992 1956 4048 edebant
1986 4006 2162 4047 carnes
2198 4008 2360 4057 meas,
2384 4008 2475 4063 ego
2510 3999 2679 4045 autem
2714 3986 2925 4044 orabant
2976 3980 3145 4059 (Psal.
3193 4001 3344 4053 cun,

1742 4083 1819 4157 4).
1853 4080 1993 4141 Caro
2018 4099 2148 4156 ergo
2177 4074 2360 4147 Verbi,
2394 4098 2498 4138 nou
2527 4081 2769 4136 Verbum
2799 4076 3011 4135 editur:
3043 4093 3194 4145 caro,
3235 4094 3343 4135 non

1743 4178 1910 4244 Deus,
1947 4178 2035 4249 qui
2061 4174 2284 4248 spiritus
2315 4185 2420 4239 est,
2453 4166 2775 4229 comeditur.
2808 4170 2920 4229 Vos
2953 4188 3068 4237 me,
3098 4171 3194 4241 ait,
3224 4187 3348 4242 pere

1742 4273 2034 4341 sequentes
2068 4264 2403 4340 ﬂagellastis,
2440 4282 2533 4322 Vos
2559 4263 2748 4321 faciem
2781 4280 2954 4321 meam
2987 4264 3345 4337 conspuistis,

1744 4377 1840 4419 vos
1868 4378 1953 4419 me
1974 4361 2324 4418 crucillxistis
2348 4379 2361 4418 :
2385 4374 2486 4433 ego
2516 4375 2612 4415 vos
2637 4369 2818 4416 tamen
2848 4358 2916 4415 ad
2967 4357 3341 4431 paenitentiam

1742 4466 1980 4528 provoco
2011 4464 2025 4511 2
2059 4450 2085 4491 ¹¹
2119 4446 2260 4509 Nolo
2283 4456 2418 4509 enim
2448 4465 2663 4510 mortem
2692 4448 2994 4527 peccatoris,
3026 4450 3114 4509 sed
3144 4462 3345 4507 tantum

1743 4558 1799 4604 ut
1827 4556 2126 4615 revertatur,
2150 4554 2196 4602 et
2224 4547 2356 4602 uiuat
2374 4546 2585 4616 (Ezech.
2620 4563 2775 4610 xvm.
2808 4545 2919 4618 52).
2944 4538 3099 4614 Quod
3125 4542 3198 4599 ita
3222 4558 3345 4600 esse

74 4630 219 4691 Maria
247 4638 554 4712 Magdaleue
602 4642 858 4715 quamdiu
909 4646 1093 4700 vivum
1150 4644 1426 4717 quterebat
1495 4647 1638 4704 inter
1664 4636 1713 4696 D
1740 4636 2060 4715 comprobat
2113 4640 2305 4698 beatus
2357 4643 2648 4712 Apostolus
2699 4639 2929 4698 dicens:
2989 4632 3055 4695 Et
3091 4656 3179 4696 vos
3230 4656 3346 4694 cum

73 4736 306 4796 mortuos,
366 4751 473 4790 non
528 4735 891 4808 cognoscebat
929 4737 1160 4805 Jesum;
1222 4746 1277 4793 at
1306 4736 1394 4795 ubi
1426 4754 1548 4795 eum
1613 4736 1633 4779 ί

74 4825 286 4892 agnovit,
309 4843 431 4883 mox
453 4828 745 4884 Dominum
769 4830 1077 4884 conﬁtetur.
1109 4830 1169 4884 In
1194 4832 1314 4885 navi
1346 4831 1508 4887 etiam
1531 4847 1636 4888 una

74 4915 297 4974 omnibus
347 4920 633 4994 discipulis
661 4923 882 4993 positis,
937 4921 1099 4977 Jesus
1145 4922 1323 4977 stabat
1350 4924 1403 4978 in
1452 4924 1637 4982 littore

136 5042 164 5112 ἦ
184 5035 373 5112 Eodem
422 5040 577 5112 Rom.
601 5039 737 5112 edit.
759 5080 776 5104 .
824 5039 950 5110 ﬁdei
991 5040 1236 5112 ﬁrmitate
1267 5057 1424 5110 super
1469 5057 1628 5112 aquas

76 5104 311 5186 ambulare
335 5111 501 5185 capit,
534 5114 606 5167 ita
640 5104 836 5186 eodeni
864 5104 1208 5167 mox'labente
1243 5104 1404 5184 mergi
1457 5104 1628 5186 eripit,

78 5180 116 5227 ei
137 5181 287 5253 _mergi
312 5180 575 5253 potuisset,
606 5182 738 5249 nisi,
772 5195 878 5239 etc.

137 5246 161 5285 δ
185 5246 377 5328 Eadem
408 5246 570 5311 Rom.
615 5246 747 5313 edit.
775 5294 792 5324 ,
842 5255 1042 5328 pugillo
1084 5255 1398 5328 appendere,
1439 5266 1485 5309 et
1535 5274 1636 5312 cae-

80 5314 169 5440 lli)?
195 5325 378 5395 palmo,
410 5336 456 5383 et
481 5346 642 5401 aquas
687 5314 1097 5396 manu'et'rupes
1119 5314 1313 5382 'slatera
1339 5314 1540 5394 metiri;
1568 5347 1637 5385 an

149 5408 241 5440 um-
276 5407 354 5440 Mr

124 5405 245 5465 eum,
276 5407 375 5455 etc.

145 5473 162 5542 ξ
190 5462 378 5542 Eadem
410 5462 568 5528 Rom.
596 5470 727 5529 edit.
751 5512 768 5539 ,
794 5470 1064 5542 inﬁciaris.

141 5531 163 5570 ἀ
194 5536 381 5615 Eadem
408 5542 565 5598 Rom.
595 5543 727 5599 edit.
752 5531 771 5609 ξ
801 5531 905 5598 non
932 5543 1156 5613 pondere
1184 5559 1389 5615 corpus.

146 5617 165 5643 '
194 5607 386 5687 Desunt
427 5616 479 5671 iu
533 5617 690 5671 Rom.
738 5607 873 5673 edit.
899 5607 941 5681 ,’
972 5616 1143 5687 Quare
1195 5607 1364 5686 [actus
1414 5632 1467 5670 es
1502 5619 1633 5671 sicut

84 5676 253 5796 qélrvena
349 5694 480 5741 terra
497 5729 513 5755 ,
539 5697 584 5743 et
612 5689 758 5759 quasi
795 5676 1043 5760 indigena
1090 5676 1344 5745 diuertens
1366 5687 1435 5743 ad
1462 5690 1631 5745 direr-

159 5765 253 5796 “im
273 5794 280 5796 _

107 5763 253 5807 ortum
272 5763 284 5806 Ξ

156 5816 176 5903 ξ
196 5812 381 5903 Eadem
400 5820 555 5903 Rom.
584 5830 742 5903 edit.,
762 5833 897 5890 inter
924 5834 1062 5891 uiuos
1083 5834 1315 5903 agnovit.
1339 5835 1505 5903 illico,
1528 5845 1637 5893 etc.

155 5899 177 5937 ⁸
202 5892 383 5956 Eadem
411 5901 561 5960 Rom.
591 5892 766 5976 editi,
824 5904 889 5961 Et
914 5922 1062 5962 neruo
1093 5892 1520 5965 discumbentium
1540 5892 1642 5967 fau—

1746 4736 1920 4793 essetis
1944 4732 2221 4807 aliquando
2267 4734 2480 4790 alienati
2523 4746 2569 4790 et
2608 4732 2804 4789 inimici
2833 4752 2983 4791 sensu
3024 4735 3196 4790 carnis
3240 4749 3349 4788 ves-

1744 4842 1838 4888 tra
1860 4832 1915 4886 in
1944 4829 2182 4901 operibus
2201 4832 2378 4895 molis,
2410 4829 2761 4886 reconciliavit
2785 4846 2872 4885 ros
2899 4830 2955 4884 in
2975 4844 3193 4901 corpore
3230 4844 3346 4883 car-

1745 4926 1825 4980 nis
1863 4938 1970 4981 sua:
1996 4936 2087 4997 per
2124 4922 2381 4978 morteml
2424 4923 2648 4996 (Coloss.
2679 4937 2718 4991 ι,
2764 4921 2829 4978 2i
2867 4930 2915 4978 et
2933 4921 3050 4995 Ξῖ).

1738 5042 1885 5097 debat
1916 5058 2030 5096 eum
2056 5041 2373 5112 interrogare
2401 5056 2419 5094 :
2447 5038 2528 5094 Tu
2559 5040 2674 5112 quis
2701 5039 2798 5093 es?
2826 5038 3042 5092 scientes
3069 5035 3207 5107 quod
3226 5033 3342 5089 Do-

1739 5116 1913 5170 minus
1942 5126 2040 5180 est,
2070 5114 2166 5168 ltoc
2191 5124 2289 5178 est,
2315 5114 2457 5184 quia,
2483 5124 2572 5168 etc

1814 5185 1841 5222 ιι
1881 5185 2088 5241 Eadem
2128 5184 2283 5239 Rom.
2319 5184 2451 5240 edit.
2484 5225 2499 5250 ,

1743 5269 1838 5322 est,
1871 5258 2123 5313 habitare.

1826 5332 1839 5367 ί
1876 5330 2034 5385 Rom.
2068 5328 2222 5394 etlit.,
2255 5337 2527 5398 superatus
2558 5328 2611 5381 in
2652 5326 2745 5381 illa
2766 5326 2904 5380 lucta
2930 5365 2942 5389 ,
2974 5321 3346 5394 prcﬁgurabat

1747 5401 2270 5475 quodicruciﬁgeutes
2299 5398 2692 5475 sorbenetlt'ceret
2713 5438 2729 5460 ,
2757 5411 2864 5452 etc.
3147 5398 3153 5405 '

1812 5474 1828 5527 i
1872 5465 2075 5529 Eadem
2098 5465 2265 5529 item.
2288 5474 2452 5537 edit.,
2485 5469 2591 5526 Pro
2619 5486 2679 5524 eo
2703 5479 2757 5523 ut
2796 5484 2875 5522 me
2903 5466 3179 5538 diligerent
3206 5506 3220 5529 ,
3252 5465 3346 5520 de-

1738 5547 2010 5602 trahebant
2036 5544 2161 5599 mihi
2186 5561 2206 5599 :
2254 5542 2368 5617 Ego
2407 5552 2577 5598 autem
2624 5540 2873 5605 orabam;
2912 5538 3064 5606 quasi
3101 5538 3291 5592 diceret
3318 5553 3339 5593 :

1747 5619 1849 5691 Vos
1876 5636 1956 5673 me
1981 5625 2333 5691 persequentes
2358 5625 2467 5691 _elc.

1814 5690 1838 5730 ¹ι
1872 5682 2076 5748 Eadem
2106 5682 2269 5744 Rom.
2306 5685 2462 5746 edit.
2492 5682 2734 5755 quoniam
2764 5683 3016 5755 scriptum
3060 5691 3174 5744 est,
3222 5684 3344 5749 quia

1744 5780 1848 5818 non
1876 5763 1992 5817 uolo
2017 5771 2228 5816 mortem
2257 5756 2525 5812 morientis
2544 5798 2558 5822 ,
2593 5754 2683 5807 sed
2713 5764 2767 5808 ut
2795 5754 3132 5811 convertatur.-
3162 5759 3267 5808 etc.

1822 5832 1843 5874 ι
1868 5833 1927 5889 in
1950 5834 2142 5891 eadem
2165 5831 2327 5888 Raro.
2352 5828 2491 5886 edit.
2515 5826 2879 5902 subiungitur,
2904 5837 2959 5883 ut
2979 5826 3235 5885 cohiberet
3256 5838 3349 5882 ros

1748 5914 1971 5962 80116108.

2550 5185 2704 5255 cujus
2754 5182 3014 5253 regionem
3058 5215 3170 5246 ....,
3200 5176 3342 5232 Deus
