3970 6316
607 209 719 276 545

1532 210 1625 267 AD
1662 209 1894 270 OPERA
1935 212 2184 272 SANCTI
2223 214 2555 274 AMBROSII
2597 211 2968 272 APPENDIX.
3732 218 3802 277 Sil

677 330 907 389 CAPUT
943 329 1161 388 XXXII.
1205 363 1274 373 —
1313 331 1446 388 Illud
1495 343 1679 390 autem
1732 336 1876 407 quod
1937 339 2204 408 objiciunt
2230 344 2284 403 Α
2309 342 2509 397 zizania
2532 339 2749 414 (Matth.
2781 352 2896 402 xm,
2933 333 3046 407 ll),
3075 333 3126 389 id
3152 341 3260 398 cst,
3292 341 3642 404 peccatores,a
3663 338 3806 404 tritico,

604 425 813 482 dixisse
849 424 1168 498 Apostolum
1213 443 1227 480 :
1271 424 1373 493 Qui
1409 437 1585 481 autem
1624 429 1677 482 in
1719 445 1876 486 carne
1917 442 2062 498 sunt,
2095 429 2204 488 Deo

607 519 810 594 placere
839 535 940 576 non
967 528 1186 590 possunt
1215 519 1395 593 (Rom.
1429 537 1551 588 vm,
1585 520 1679 594 8);
1712 523 1827 579 lucc
1872 523 2014 580 dicta
2057 537 2204 596 sunt,

609 632 716 673 non
763 633 872 689 quo
916 617 1096 673 carnis
1146 627 1336 673 natura
1383 616 1710 687 damnetur,
1753 619 1908 691 cujus
1956 622 2209 678 conditor

609 709 755 766 Deus
800 718 905 776 est,
932 719 986 766 et
1033 709 1087 765 in
1135 727 1240 782 qua
1289 710 1502 781 plurimi
1543 721 1852 768 sant-torum
1889 713 2212 785 placuerunt

612 803 746 873 Deo,
775 813 831 860 et
877 812 1105 876 regnant
1153 819 1276 859 Cttttl
1327 803 1548 861 Christo
1592 824 1604 860 :
1649 806 1745 862 sed
1792 823 1901 878 quo
1933 823 2129 864 sensus
2155 819 2212 865 et

609 912 774 971 opera
801 899 984 955 carnis
1017 899 1374 969 repudientur
1403 898 1627 971 (Tertul.
1667 902 1704 958 Ι.
1740 902 1803 956 de
1831 901 2020 958 Resur.
2061 921 2208 959 earn.

607 1009 725 1065 cap.
755 990 871 1065 46).
909 991 1043 1049 Cum
1078 1010 1210 1066 ergo
1253 996 1422 1050 lutum
1465 997 1647 1052 carnis
1694 1007 1929 1063 nostrtc,
1962 1006 1988 1034 ἰ
2017 1007 2074 1052 ut
2097 999 2210 1070 jam

607 1086 813 1143 dictum
865 1099 992 1155 est,
1021 1089 1394 1162 spiritualihus
1443 1091 1638 1163 pennis
1687 1107 1810 1149 cum
1856 1093 2214 1149 subvectione

609 1183 929 1252 angelorum
976 1184 1244 1240 volaverit
1275 1184 1341 1241 ad
1374 1187 1570 1243 coelum
1595 1231 1608 1254 ,
1648 1187 1719 1244 ibi
1767 1203 1954 1244 verum
1986 1199 2041 1244 et
2071 1189 2216 1259 paci-

613 1276 777 1332 licum
827 1292 939 1332 suae
991 1279 1182 1334 salutis
1236 1279 1482 1335 obsidem
1531 1279 1694 1336 habet
1741 1281 1794 1335 in
1836 1289 2122 1347 aeternum,
2149 1282 2215 1337 ad

612 1385 776 1443 quem
823 1370 1133 1441 rapienturb
1161 1355 1216 1426 in
1266 1373 1483 1427 nubibus
1528 1375 1725 1428 obviam
1772 1373 1978 1431 Christo
2013 1378 2065 1430 in
2095 1394 2218 1432 aera

614 1463 660 1537 (l
686 1463 871 1521 Thess.
900 1481 974 1532 tv,
1008 1465 1124 1536 I6),
1153 1467 1296 1523 sicut
1345 1468 1532 1523 Esaias
1576 1468 1839 1539 propheta
1883 1479 2110 1526 testatur
2137 1471 2219 1525 di-

613 1571 745 1612 cens
772 1575 784 1610 :
812 1557 982 1630 Super
1008 1557 1246 1616 humeros
1273 1561 1536 1627 tollentur,
1565 1572 1611 1616 et
1639 1561 1982 1634 portabuntur
2008 1565 2076 1617 ad
2105 1565 2219 1619 lora

614 1666 709 1704 sua
736 1649 909 1722 (Esai.
944 1669 1088 1722 LXVI,
1123 1653 1242 1725 ηπ
1273 1665 1326 1710 et
1369 1655 1566 1710 iterum
1597 1673 1610 1711 :
1637 1655 1738 1723 Qui
1768 1665 1887 1710 sunt
1912 1658 2018 1723 isti,
2049 1658 2135 1728 qui
2164 1667 2220 1710 ut

2309 433 2413 490 hoc
2437 443 2540 504 est,
2573 449 2599 485 a
2627 431 2810 503 justis.
2856 428 2947 484 Isti
2995 436 3122 482 sunt
3167 425 3344 497 angeli
3374 467 3390 492 ,
3417 423 3503 496 qni
3541 424 3808 485 Laurentia

2307 542 2480 597 agone
2497 525 2831 596 paupertatis
2853 520 3014 576 simul
3034 530 3088 576 et
3106 517 3435 574 inﬁrmitatis
3449 517 3694 588 probatum
3707 520 3749 574 in
3767 524 3814 576 si-

2310 637 2438 676 num
2460 635 2523 676 ac
2548 620 2789 690 requiem
2812 615 3150 672 sustulerunt
3175 609 3404 669 Ahrabrc
3429 613 3441 660 t'
3471 609 3607 680 (Luc.
3629 613 3816 685 “1522).

2381 712 2608 769 CAPUT
2640 709 2883 766 XXXIII.
2909 737 2979 748 —
3005 706 3164 772 Vere,
3198 705 3340 760 sicut
3370 701 3608 773 scripturn
3634 713 3820 775 est,pro-

2311 805 2423 861 bat'i
2451 814 2498 859 te
2519 806 2573 859 in
2602 804 2803 858 camino
2829 798 3152 875 paupertatis
3185 794 3341 868 (Isai.
3365 809 3540 858 sunt,
3575 793 3667 865 10).
3689 793 3822 850 Diver-

2312 902 2388 957 sis
2417 914 2544 969 ergo
2573 898 2747 954 modis
2790 895 3090 964 probantur
3124 891 3399 957 homines,
3431 889 3480 943 id
3511 897 3602 953 est,
3626 889 3822 958 aliusper

2313 994 2548 1065 iimpiam
2587 1003 2640 1047 et
2685 991 3054 1045 inﬁrmitatem
3086 984 3339 1056 carperis
3359 1026 3372 1050 ,
3403 982 3532 1036 alius
3561 996 3645 1052 per
3669 980 3822 1037 divitias

2312 1098 2368 1143 et
2396 1085 2684 1141 sanitatem
2707 1081 2977 1154 corporis.
3005 1080 3138 1147 Qua:
3168 1089 3346 1132 tamen
3375 1073 3548 1130 omnia
3574 1088 3659 1128 nec
3676 1089 3821 1129 summa

2315 1181 2476 1244 bona,
2509 1192 2609 1232 nec
2636 1191 2846 1231 summa
2880 1173 3020 1228 mala
3053 1183 3209 1236 sunt;
3239 1184 3506 1226 summum
3533 1167 3660 1222 enim
3685 1166 3822 1222 malum

2318 1289 2464 1328 inors
2495 1281 2697 1327 :cterna
2730 1281 2836 1337 εει,
2878 1279 2930 1324 et
2980 1282 3249 1322 suimnum
3303 1264 3500 1319 bonum
3546 1261 3644 1315 vita
3686 1269 3825 1314 actem

2317 1374 2418 1422 cst.
2456 1366 2557 1420 Ista
2607 1379 2737 1432 ergo
2767 1362 2948 1418 omnia
2975 1403 2988 1425 ,
3017 1376 3138 1432 qum
3189 1359 3297 1412 vita
3348 1355 3640 1410 mortalium
3683 1352 3826 1418 habet,

2318 1457 2492 1514 media
2522 1469 2679 1522 sunt;
2711 1457 2762 1510 in
2787 1464 3014 1526 utroque
3042 1455 3186 1509 enim
3217 1450 3449 1507 tentatio
3475 1457 3555 1502 est
3579 1446 3828 1517 :plerosque

2317 1557 2460 1610 enim
2493 1568 2631 1624 quos
2653 1569 2751 1608 nec
2775 1553 2953 1622 iunpia
2980 1565 3080 1606 nec
3109 1549 3397 1604 inlirmitas
3419 1544 3592 1616 fregit,
3618 1542 3831 1615 mire-

2318 1652 2395 1722 git
2444 1649 2667 1716 sanitas,
2699 1659 2752 1703 ct
2798 1647 3150 1717 exstinguunt
3179 1643 3407 1699 divitia.
3443 1640 3567 1706 Qua:
3593 1637 3831 1708 comprobat

614 1747 776 1800 nubes
813 1746 986 1801 uolant
1011 1789 1024 1813 ,
1061 1757 1112 1803 et
1155 1748 1302 1819 quasi
1349 1748 1600 1804 columba:
1633 1759 1652 1786 ο
1699 1750 1766 1802 ad
1799 1751 2050 1820 fenestras
2093 1767 2214 1804 suas
2245 1739 2290 1799 Β
2319 1745 2757 1815 sapientissimus
2785 1741 3077 1807 Salomon,
3107 1739 3296 1794 dicens
3325 1729 3834 1820 adDominumzliizi-

619 1835 790 1909 (Esai.
822 1854 914 1905 ιτ,
944 1838 1041 1912 8)?
1071 1838 1122 1894 id
1149 1849 1234 1896 est
1258 1882 1273 1905 ,
1304 1840 1370 1894 ad
1401 1841 1715 1896 mansiones
1743 1843 2065 1896 meritorum
2095 1857 2219 1896 suo-

618 1945 777 1996 rum,
817 1929 884 1985 de
933 1930 1133 2002 quibus
1183 1931 1441 1987 Dominus
1488 1932 1668 1988 dicit:
1699 1933 1883 1988 Multa:
1929 1935 2223 1988 mansiones

617 2032 737 2077 sunt
757 2025 906 2095 apud
940 2022 1148 2079 Patrem
1179 2042 1347 2080 meum
1385 2025 1567 2099 (Joan.
1612 2043 1727 2093 xtv,
1759 2027 1851 2097 2);
1895 2038 1949 2083 et
1982 2027 2177 2084 iterum
2205 2046 2218 2082 :

622 2115 690 2172 Et
728 2119 985 2173 adducent
1011 2136 1185 2174 omnes
1218 2125 1404 2192 fratres
1450 2130 1642 2176 vestros
1671 2122 1736 2175 de
1764 2122 1963 2176 cunctis
1989 2122 2225 2192 gentibus

619 2210 674 2266 in
727 2211 1060 2268 Hierusalem
1098 2214 1152 2268 in
1200 2215 1344 2284 equis
1368 2255 1384 2280 ,
1430 2217 1479 2268 et
1516 2215 1702 2281 mulis,
1742 2226 1790 2270 et
1829 2216 2097 2288 quadrigis
2123 2257 2137 2278 ,
2178 2227 2226 2270 et

618 2305 874 2372 carrucis,
919 2315 969 2360 et
1001 2306 1214 2374 lecticis,
1248 2307 1372 2362 dicit
1417 2307 1671 2363 Dominus
1699 2307 1842 2364 Deus
1871 2308 2046 2383 (Esai.
2079 2325 2224 2376 vat,

617 2395 732 2469 20).
768 2397 920 2464 Quod
956 2413 1023 2453 ne
1050 2398 1212 2454 alicui
1249 2398 1390 2455 forte
1418 2399 1640 2455 dubium
1673 2401 1924 2456 videatur
1949 2402 2225 2458 hominem

621 2487 675 2542 in
704 2503 936 2559 corpore
968 2489 1076 2544 iSto
1105 2491 1342 2561 positum
1373 2492 1428 2547 in
1458 2507 1587 2547 aera
1619 2508 1781 2563 posse
1809 2495 2068 2560 volitare,
2100 2510 2229 2550 con-

624 2581 802 2636 firmat
849 2581 954 2637 hoc
999 2583 1142 2638 idem
1191 2585 1488 2654 Apostolus
1538 2584 1727 2641 dicens
1767 2604 1781 2640 :
1829 2585 1961 2640 Fide
2010 2585 2230 2641 llenoclt

514 2702 521 2709 -
621 2673 908 2728 translatus
955 2685 1051 2742 est,
1092 2691 1154 2730 ne
1193 2677 1385 2731 videret
1417 2688 1633 2733 mortem
1674 2677 1861 2751 (Hebr.
1893 2695 1951 2746 II,
1983 2678 2039 2752 5)
2067 2697 2079 2733 :
2106 2695 2228 2734 nam

623 2775 680 2821 et
707 2765 858 2821 Elias
889 2768 942 2822 in
971 2783 1204 2840 corpore
1233 2769 1336 2824 isto
1359 2772 1591 2840 positus,
1611 2769 1637 2807 ἀ
1665 2772 1720 2826 in
1748 2789 1854 2843 quo
1885 2788 2028 2828 nunc
2060 2787 2231 2845 uSque

625 2868 732 2923 est,
766 2876 928 2915 curru
963 2861 1145 2931 igneo,
1180 2862 1234 2917 id
1261 2872 1366 2929 est,
1393 2865 1714 2935 angelorum
1742 2865 2116 2933 subvectione,
2140 2868 2228 2937 qui

625 2962 753 3007 sunt
800 2953 1026 3022 spiritus
1059 2961 1116 3008 ct
1143 2953 1358 3010 ﬂamma
1402 2957 1543 3026 ignis
1564 3000 1577 3021 ,
1608 2959 1700 3029 qui
1730 2959 1934 3014 iaciunt
1977 2961 2231 3014 volunta-

629 3053 738 3099 tem
787 3044 906 3112 Dci,
942 3056 964 3082 θ
991 3047 1143 3116 quasi
1195 3064 1366 3119 usque
1408 3050 1473 3103 ad
1513 3050 1709 3105 malum
1758 3065 1948 3120 raptus
1977 3052 2069 3118 (IV
2098 3053 2228 3124 Reg.

630 3154 690 3207 tl,
724 3139 779 3208 2)
813 3159 825 3194 :

629 3232 699 3286 ab
726 3233 919 3302 angelo
946 3233 1144 3289 ductus
1185 3247 1238 3292 et
1283 3239 1537 3292 reductus
1576 3247 1659 3292 est
1692 3239 1744 3292 in
1772 3247 2050 3294 momento
2091 3248 2230 3294 tem-

634 3324 784 3396 poris
813 3324 979 3398 (Dan.
1008 3343 1117 3395 xiv,
1151 3330 1243 3401 55)
1287 3347 1300 3382 :
1345 3339 1400 3384 et
1428 3331 1543 3399 ipse
1571 3332 1850 3401 apostolus
1879 3332 2077 3388 Paulus
2107 3348 2232 3404 rap-

632 3426 719 3472 tus
749 3428 832 3473 est
862 3435 1033 3491 usque
1060 3420 1127 3476 ad
1152 3421 1372 3477 tertium
1396 3423 1594 3479 caelum
1628 3423 1696 3495 (ll
1727 3422 1849 3479 Cor.
1872 3441 1968 3487 xu.
1995 3424 2078 3499 2),
2101 3428 2228 3482 etin

632 3510 978 3581 paradisum;
1012 3511 1032 3551 ί
1065 3524 1119 3568 et
1164 3514 1290 3571 inde
1340 3516 1597 3572 reduetus
1639 3526 1724 3573 est
1762 3517 1814 3572 in
1852 3518 2133 3574 mundum.
2164 3520 2233 3575 Ut

629 3611 813 3657 autem
858 3604 1198 3662 manifestius
1232 3607 1439 3663 clareat
1479 3610 1731 3664 vehicula
1773 3609 1876 3664 ista
1918 3619 2230 3667 sanctorum

632 3695 858 3766 spiritus
884 3712 1028 3760 esse,
1062 3698 1114 3754 id
1145 3709 1246 3765 est,
1275 3701 1502 3772 angelos
1528 3701 1646 3769 Dei,
1676 3712 1700 3750 Β
1729 3702 1892 3758 docet
1918 3719 2021 3759 nos
2047 3720 2234 3761 exem-

631 3790 781 3861 plum
815 3793 986 3846 sancti
1020 3792 1250 3865 Philippi
1300 3795 1460 3850 unius
1485 3811 1552 3850 ex
1583 3805 1794 3867 septem
1820 3839 1834 3862 ,
1864 3815 2023 3869 quem
2069 3800 2232 3871 spiri-

631 3891 720 3937 tus
768 3884 981 3940 Domini
1027 3886 1096 3942 de
1146 3887 1291 3944 Gaza
1345 3891 1604 3960 rapiens,
1651 3891 1831 3947 subito
1883 3895 2066 3964 posuit
2107 3891 2133 3930 ιι
2182 3896 2233 3949 in

636 3979 867 4032 Azotum
922 3977 1060 4050 (Act.
1094 3995 1210 4046 vm,
1257 3981 1327 4036 59
1369 3994 1415 4037 et
1461 3982 1580 4054 40).
1615 3983 1967 4041 Enucleatius
2013 3986 2148 4052 haec,
2180 3997 2238 4044 et

636 4067 982 4124 membratim
1032 4073 1439 4140 quodammodo
1485 4077 1926 4148 articulatimque
1975 4089 2234 4147 scrutata,

635 4173 898 4231 quantum
931 4163 1292 4222 intentionem
1321 4183 1496 4223 meam
1529 4168 1793 4226 Dominus
1821 4171 2086 4242 adjuvare
2115 4175 2234 4243 dig-

635 4267 796 4314 natus
821 4272 927 4328 εει,
959 4261 1104 4318 dicta
1145 4264 1457 4320 sulliciant.
1485 4264 1691 4321 Tamen
1744 4281 1814 4322 ne
1855 4268 2108 4323 omisisse
2139 4268 2235 4323 ali-

632 4352 761 4426 quid
791 4353 1091 4425 videamur,
1120 4360 1291 4430 ipsius
1341 4360 1555 4417 Domini
1605 4375 1670 4416 ac
1713 4361 2016 4418 Salvatoris
2063 4363 2237 4418 nostri

633 4445 912 4516 probanda
960 4460 1087 4506 sunt
1133 4453 1344 4520 verbis;
1375 4454 1450 4509 ait
1497 4455 1834 4518 enim,cum
1880 4455 1950 4511 de
2003 4470 2134 4527 agro
2185 4467 2238 4511 et

631 4541 816 4597 tritico
866 4559 929 4598 ac
977 4546 1216 4612 zizania,
1271 4549 1587 4619 loqueretur

632 4634 770 4686 enim
809 4637 988 4691 steculi
1021 4638 1035 4675 ί
1072 4642 1234 4695 mittet
1263 4639 1422 4697 Pater
1453 4659 1596 4696 meus
1621 4642 1856 4713 angelos,
1885 4644 1974 4711 qui
1998 4653 2236 4713 separent

709 4781 732 4856 ξι
759 4774 966 4858 Eadem
995 4775 1154 4830 Rom.
1184 4777 1340 4862 edit.,
1363 4780 1419 4834 in
1446 4791 1627 4862 testam
1650 4781 1812 4862 fuerit
1834 4788 2126 4844 excoctum,
2155 4779 2244 4862 ubi

635 4844 791 4920 prius,
822 4847 966 4918 gravi
1013 4848 1331 4914 premebatur
1371 4853 1596 4918 pondere
1642 4844 1698 4905 in
1744 4864 1971 4916 terram,
2018 4852 2244 4920 acceptis

635 4919 818 5044 pervilis
845 4920 1029 4988 gratia:
1053 4921 1302 4990 spiritalis
1330 4939 1445 4977 cum
1472 4923 1794 4978 subvectione
1818 4925 2124 4996 angelorum
2150 4938 2242 4977 uo-

657 5006 688 5041 α
725 5004 739 5042 t
768 5033 782 5044 .
801 5000 908 5044 etc.

657 4991 782 5053 abit,
801 5000 908 5046 etc.

707 5059 973 5136 bEadem
1021 5063 1177 5120 Rom.
1225 5064 1382 5129 edit.,
1408 5067 1578 5136 inquit
1605 5064 1983 5133 Apostolus....
2013 5065 2066 5118 in
2088 5082 2208 5120 aera
2227 5107 2240 5130 ,

635 5143 684 5206 e_t
711 5134 786 5189 sic
833 5152 1034 5206 semper
1077 5152 1192 5190 cum
1245 5134 1711 5192 Dontino'erimus.
1769 5136 1832 5190 Et
1879 5147 1932 5191 ut
1965 5136 2242 5191 Esaias....

635 5203 854 5263 Parvuli
880 5203 1057 5262 eorum
1088 5209 1140 5262 in
1188 5207 1416 5264 humeris
1459 5210 1797 5280 portabuntur
1818 5218 1863 5262 et
1901 5225 2056 5278 super
2079 5225 2245 5278 genua

637 5279 1065 5336 consolabuntur.

714 5360 736 5387 ο
769 5351 969 5408 Eadem
1015 5352 1174 5408 Rom.
1213 5351 1373 5418 edit.,
1407 5352 1533 5408 Cum
1585 5353 1760 5420 pullis.
1801 5351 1862 5406 Et
1904 5352 2130 5404 iterum:
2179 5349 2244 5404 Et

639 5421 984 5497 adducent...
1016 5426 1250 5497 gentibus
1293 5427 1346 5479 in
1383 5425 1522 5490 equis
1546 5465 1560 5490 ,
1591 5434 1638 5478 et
1668 5423 1870 5497 rhedis,
1915 5425 1970 5476 in
2013 5422 2247 5497 curribus

641 5495 898 5617 mqlorum
926 5491 1041 5552 cunt
1068 5497 1382 5553 umbraculis
1412 5500 1466 5552 in
1502 5503 1736 5552 sanctam
1765 5495 2020 5550 civitatem
2053 5491 2250 5548 Hieru-

643 5578 704 5617 sa
725 5582 824 5617 em.
2075 5581 2081 5592 ·

643 5578 824 5620 salem.
2075 5581 2081 5592 ‘

705 5634 741 5763 ἲ
769 5638 935 5694 Deest
977 5640 1030 5695 in
1076 5641 1266 5698 eadem
1307 5642 1468 5700 Rom.
1498 5640 1657 5710 edit.,
1690 5642 1744 5696 in
1771 5656 1872 5711 quo
1921 5654 2057 5693 nunc
2091 5653 2250 5708 usque

646 5723 745 5765 εει.

720 5782 743 5818 δ
779 5782 934 5838 Rom.
964 5781 1127 5853 ediu,
1171 5785 1224 5838 in
1249 5786 1342 5841 illa
1368 5787 1708 5842 commotions
1752 5799 1914 5856 usque
1955 5781 2026 5836 ad
2066 5781 2247 5836 calum

2321 1840 2419 1892 tias
2448 1847 2495 1892 et
2523 1845 2877 1907 paupertatem
2905 1850 2967 1886 ne
2993 1833 3197 1887 dederis
3229 1817 3581 1895 milti,‘tribue
3605 1835 3744 1879 autem
3764 1835 3835 1876 isa-

2324 1942 2433 1986 tum
2465 1913 2624 1984 victui
2648 1945 2762 1982 meo
2791 1928 3079 1982 necessaria
3111 1923 3296 1997 (Prov.
3331 1937 3460 1987 xxx,
3485 1919 3571 1992 8);
3597 1918 3780 1978 scilicet,
3795 1932 3834 1971 ne

2323 2037 2418 2083 aut
2446 2027 2496 2081 in
2521 2025 2626 2080 illis
2648 2024 3009 2078 attolleretur
3031 2061 3047 2088 ,
3077 2029 3171 2074 aut
3201 2020 3254 2072 in
3284 2017 3405 2072 istis
3430 2013 3578 2069 factis
3601 2011 3829 2083 pejeraret,

2325 2131 2416 2177 aut
2444 2117 2868 2188 blasphemaret.
2897 2116 3051 2183 Quod
3078 2121 3256 2168 autem
3284 2111 3421 2174 tunc,
3450 2123 3566 2180 qua:
3585 2105 3733 2162 media
3749 2103 3835 2158 dixi-

2329 2233 2467 2279 mus,
2490 2215 2667 2269 aliena
2687 2214 2796 2266 sint
2825 2227 2853 2264 a
2875 2209 3052 2273 nobis,
3083 2206 3410 2278 comprobat
3429 2203 3670 2259 Dominus
3687 2199 3832 2255 dicens:

2331 2311 2391 2364 Si
2415 2311 2468 2363 in
2496 2308 2666 2363 alieno
2694 2305 2876 2376 fideles
2902 2321 3004 2358 non
3036 2303 3207 2373 fuistis
3229 2344 3244 2368 ,
3286 2300 3426 2370 quod
3454 2310 3656 2354 vestrum
3678 2304 3753 2361 est,
3771 2295 3838 2362 qui

2329 2403 2470 2456 dabit
2490 2401 2630 2455 vobis
2657 2398 2858 2474 (Ambr.
2883 2399 2920 2452 l.
2955 2413 3027 2452 vn
3053 2397 3107 2451 in
3127 2394 3256 2450 Luc.
3288 2394 3385 2449 sub
3413 2395 3506 2463 ﬁn.
3526 2410 3544 2456 ;
3566 2389 3835 2455 Ibid.,l.uu,

2329 2515 2383 2553 η.
2419 2496 2552 2568 85)?
2582 2495 2788 2551 Aliena:
2818 2508 2947 2564 ergo
2970 2507 2999 2546 a
3030 2491 3186 2546 nohis
3220 2497 3347 2544 sunt
3371 2484 3723 2556 divitire,quia
3742 2489 3836 2536 extra

2333 2599 2571 2648 nostram
2593 2599 2837 2644 naturam
2857 2595 3010 2652 sunt;
3035 2600 3210 2655 neque
3231 2582 3378 2638 enim
3398 2579 3666 2635 nobiscum
3684 2588 3837 2630 nascun-

2333 2694 2444 2749 tur,
2475 2692 2566 2736 aut
2593 2687 2894 2735 transeunt.
2929 2678 2993 2732 Et
3026 2676 3148 2732 ideo
3179 2675 3295 2730 hazc
3323 2673 3564 2729 scientes
3590 2686 3682 2724 non
3705 2668 3836 2722 servia-

2336 2793 2455 2832 tnus
2485 2775 2700 2838 alienis,
2728 2774 2816 2837 qui
2849 2770 3058 2826 nullum
3094 2769 3262 2823 Deum
3297 2766 3502 2820 habere
3529 2758 3836 2826 debemusmisi

2333 2867 2632 2926 Christum.
2681 2865 2934 2936 Ilosliites
2971 2879 3100 2934 ergo
3139 2876 3328 2917 sumus
3370 2874 3554 2915 rerum
3583 2865 3834 2915 nosu-arum;

2335 2959 2596 3032 quidquid
2627 2958 2770 3013 enim
2805 2956 2874 3013 de
2904 2956 3105 3011 saeculo
3135 2965 3240 3020 est,
3271 2954 3324 3008 in
3356 2951 3559 3007 saeculo
3585 2954 3837 3005 remanetzet

2335 3051 2592 3124 quidquid
2642 3050 2919 3106 bceredum
2969 3048 3342 3116 conquirimus
3395 3045 3584 3110 nobis,
3613 3039 3836 3113 perdimus;

873 3148 928 3196 et
958 3141 1210 3198 Habacuc
1241 3143 1502 3214 propheta
1543 3143 1612 3199 de
1637 3143 1820 3199 Judzea
1843 3143 2224 3200 inChaldaaam
2253 3130 2297 3192 C
2332 3146 2459 3216 quia
2505 3143 2786 3198 nobiscum
2841 3157 2947 3196 non
2997 3139 3166 3206 aliud,
3201 3140 3304 3193 nisi
3355 3149 3449 3192 aut
3508 3137 3638 3190 bona
3664 3141 3735 3187 aut
3755 3130 3838 3184 mall

2333 3251 2499 3307 Opera
2547 3243 2845 3306 portamus.
2876 3232 2992 3288 Non
3037 3247 3168 3304 ergo
3211 3232 3366 3285 mala:
3409 3238 3540 3284 sunt
3580 3220 3839 3288 dividend

2336 3331 2476 3385 male
2525 3329 2802 3384 utentibus
2847 3327 3003 3382 ntala:
3052 3336 3214 3391 sunt;
3247 3325 3372 3396 quia
3428 3323 3598 3387 bona,
3627 3334 3724 3391 qua:
3754 3316 3839 3371 Deus

2335 3425 2483 3490 fecit,
2519 3423 2655 3477 bona
2705 3430 2836 3476 sunt
2875 3419 3055 3475 valde.
3111 3419 3176 3474 Et
3221 3417 3347 3473 ideo
3395 3413 3690 3487 philosophi
3725 3406 3840 3464 mundi

2338 3517 2493 3570 istius
2521 3531 2628 3570 non
2661 3513 2849 3570 dicunt
2887 3527 3157 3568 smmnum
3191 3512 3432 3578 bonum,
3459 3508 3560 3563 nisi
3591 3520 3764 3578 pacem,
3787 3502 3841 3555 lto-

2338 3619 2604 3664 nestatem
2648 3616 2812 3678 atque
2864 3609 3146 3672 virtutem;
3182 3615 3236 3660 et
3263 3619 3538 3660 summum
3587 3601 3752 3658 malum
3779 3610 3840 3651 non

2339 3712 2568 3773 ponunt,
2597 3700 2697 3754 nisi
2724 3700 3010 3765 malitiam,
3042 3695 3842 3765 inhonestatem,avaritiamatqve

2340 3795 2757 3865 turpitudinem.
2806 3793 3061 3848 Onmium
3108 3807 3238 3863 ergo
3284 3792 3552 3847 bonorum
3593 3781 3842 3860 repromisit)

2338 3904 2400 3942 ac
2431 3887 2718 3942 retributio
2750 3887 2852 3941 vita
2883 3896 3087 3941 mterna
3120 3896 3202 3940 est
3247 3904 3261 3939 :
3305 3894 3357 3940 et
3386 3885 3625 3940 omnium
3664 3878 3840 3935 ntttlorﬂil1

2339 3982 2690 4039 couuninatio
2719 3996 2782 4034 ac
2815 3981 3101 4036 retributio
3129 3995 3278 4034 mors
3306 3979 3543 4035 secunda
3569 3987 3661 4033 est.

2411 4075 2637 4132 CAPU'I‘
2677 4075 3015 4131 XXXIV.—
3057 4075 3182 4131 Haac
3230 4075 3358 4130 licet
3408 4074 3723 4130 extrinsecus
3756 4067 3837 4120 diu:

2339 4170 2648 4234 videantur,
2677 4179 2856 4224 tamen
2892 4166 3202 4224 necessaria
3236 4167 3394 4222 nobis
3421 4177 3476 4222 et
3506 4165 3646 4221 utilia
3683 4167 3836 4217 suam!

2342 4263 2463 4319 ideo
2491 4278 2633 4318 nunc
2665 4263 2820 4319 nobis
2849 4263 2914 4318 ad
2961 4261 3208 4318 ordinem
3250 4260 3627 4318 revertendum
3651 4265 3732 4314 est.
3754 4251 3833 4308 Cum

2341 4372 2474 4429 ergo
2522 4358 2694 4412 lutum
2742 4360 2923 4412 carnis
2971 4365 3209 4425 nostrae,
3243 4366 3298 4411 ut
3341 4356 3452 4426 jam
3503 4355 3685 4410 dictum
3719 4344 3833 4412 estin

2345 4454 2538 4508 testam
2572 4451 2732 4506 fuerit
2759 4463 3072 4519 excoctum;
3108 4460 3167 4506 ut
3195 4467 3317 4522 quae
3350 4451 3501 4522 prius
3530 4448 3662 4521 gravi
3686 4439 3833 4514 ponde“?

1630 4567 1644 4604 :
1687 4547 1757 4604 In
1792 4551 2236 4605 consummatione
2263 4527 2314 4587 Ῐ)
2346 4547 2694 4616 premebatur
2720 4546 2773 4601 in
2803 4556 3006 4602 terram
3028 4587 3044 4613 ,
3081 4545 3320 4616 acceptis
3351 4543 3546 4616 pennis
3570 4541 3721 4614 gratia:
3740 4533 3832 4605 ερὶτίο

2344 4640 2508 4696 tualis
2532 4656 2655 4696 cum
2685 4641 3038 4698 subvectione
3075 4641 3395 4713 angelorum
3435 4640 3577 4695 volet
3608 4637 3662 4692 ad
3691 4632 3828 4690 culum.

2345 4789 2643 4848 assumptus
2661 4821 2676 4845 ,
2711 4787 2782 4833 est
2807 4789 2914 4836 etc.
3806 4837 3813 4848 ,

2424 4849 2442 4888 τ
2501 4852 2660 4905 Deest
2706 4851 2760 4905 in
2789 4851 2980 4907 cadent
3009 4851 3165 4920 edit.,
3222 4850 3292 4904 Et
3343 4850 3463 4905 inde
3508 4850 3713 4905 reductus
3741 4851 3828 4896 et!!!

2345 4921 2616 4995 mundum.
2730 4993 2743 4995 _
3363 4994 3366 4995 ν
3644 4991 3653 4995 _
3695 4983 3782 4995 -....
3823 4979 3828 4988 -

2421 5004 2446 5041 κ
2479 4993 2600 5048 Vat.
2645 4993 2792 5059 cod.,
2824 4995 2968 5048 decet
3018 5011 3111 5050 nos
3165 4994 3457 5063 exemplum
3504 4991 3654 5049 sancti
3690 4983 3828 5050 Philippi

2348 5081 2508 5120 unum
2561 5081 2625 5118 ea:
2679 5077 2870 5138 septem
2924 5083 3128 5138 ponere.
3185 5067 3344 5123 Rom.
3378 5067 3538 5133 edit.,
3585 5066 3704 5118 liceat
3734 5067 3830 5111 θείη·

2388 5139 2526 5200 lum,
2556 5147 2660 5191 etc.
3717 5199 3731 5200 κ
3796 5192 3832 5200 _.

2350 5155 2830 5275 pullmliotitlﬁoedilq
2854 5209 2908 5262 in
2938 5211 3174 5263 Azotum.
3206 5208 3440 5278 Denique
3471 5211 3573 5263 [nec
3601 5208 3688 5276 ipsa
3706 5192 3830 5254 Domit"

2351 5295 2414 5334 ac
2440 5279 2710 5336 salvatoris
2733 5282 2897 5335 nostri
2919 5281 3192 5346 ﬁrmantur
3217 5281 3415 5344 verbis;
3438 5284 3509 5335 ait
3532 5280 3666 5335 enim,
3685 5283 3756 5328 etc.

2432 5351 2448 5388 ί
2483 5351 2638 5406 Rom.
2675 5353 2786 5406 edit
2814 5395 2829 5418 ,
2861 5338 3024 5407 mittet
3046 5395 3060 5416 ,
3093 5354 3288 5423 inquit,
3317 5338 3459 5422 ﬁlius
3496 5349 3686 5423 hominis
3705 5338 3828 5411 angeli:

2352 5438 2505 5499 suos,
2533 5433 2580 5476 et
2607 5423 2847 5499 colligent
2879 5426 2942 5479 de
2961 5441 3120 5497 regno
3141 5419 3253 5499 ejus
3277 5419 3450 5479 omnia
3476 5419 3717 5480 scandala,
3739 5423 3767 5465 et
3787 5423 3827 5460 ιε·

2351 5494 2605 5564 parabunt
2636 5494 2853 5549 zizania.

2430 5565 2443 5616 ἰ
2471 5565 2674 5638 Eadem
2693 5566 2850 5621 Rom.
2875 5565 3032 5632 edit.,
3055 5567 3194 5638 quod
3207 5577 3279 5622 est
3303 5567 3537 5638 perennis
3552 5551 3823 5638 θεαῳνξτπρξοξ

2348 5638 2431 5692 ria
2460 5654 2477 5692 :
2500 5636 2569 5711 qd
2596 5654 2748 5705 quam
2776 5655 2868 5711 nos
2888 5627 3058 5711 angeli
3069 5627 3244 5693 'sanctt
3271 5627 3570 5711 perducant,
3600 5635 3665 5687 ubi
3686 5627 3824 5711 Clititlf‘

2351 5725 2470 5783 cum
2499 5706 2659 5762 Patre
2679 5718 2735 5783 et
2763 5705 2978 5781 Spiritu'
2993 5721 3170 5766 sancto
3196 5705 3384 5783 regnat
3401 5712 3455 5766 in
3480 5716 3710 5768 aeternum
3726 5705 3821 5750 ηδ’

2349 5779 2558 5846 Quibus
2580 5781 2760 5836 verbis
2785 5779 3073 5839 tractatum
3099 5779 3319 5840 claudit.
