3970 6316
53 298 144 357 545

1158 289 1247 345 DE
1289 289 1664 347 TRlNlTATE
1706 288 2139 350 TRACTATUS.

3195 294 3304 353 546

52 415 112 472 ibi
139 422 302 465 verum
330 413 381 460 et
411 403 688 475 pacilicum
738 418 851 459 suae
899 403 1092 460 salutis
1141 404 1384 462 obsidem
1437 405 1604 462 habet
1632 412 1680 473 Α
1713 415 1861 461 tanto
1891 407 2169 463 caruerint
2197 408 2358 473 bono,
2385 407 2540 479 juxta
2571 407 2702 464 illud
2725 407 2867 480 quod
2893 409 3155 482 scriptum
3179 419 3261 467 est
3289 426 3303 466 :

49 507 93 561 in
118 514 374 559 :eternum.
403 496 538 566 Quid
569 506 673 552 tam
703 496 907 564 verius,
944 507 1050 552 tam
1092 497 1453 565 manifestius,
1491 509 1598 554 tam

47 596 248 656 lucidius
282 589 502 647 inveniri
531 590 750 662 potest?
779 589 983 646 Tamen
1016 607 1088 646 ne
1115 589 1318 662 aliquid
1348 590 1602 648 omisisse

47 691 326 756 videamur,
372 685 553 756 accipe
598 684 969 757 plenissimum
1015 694 1176 755 atque
1230 685 1599 741 lirmissimnm

47 785 184 855 hujus
222 779 332 851 spei
363 787 566 835 nostra;
597 780 907 851 specimen,
936 779 1120 835 alitem
1154 779 1303 834 illum
1335 779 1600 847 Orientis,

45 878 122 948 qui
151 873 352 946 phoenix
385 872 712 940 nominatur,
747 872 1098 944 peculiarem,
1131 871 1199 928 de
1223 873 1602 945 singularitate

45 974 297 1034 famosum,
321 978 371 1024 et
391 966 456 1022 de
479 968 798 1038 posteritate
821 975 1226 1024 monstruosum
1254 985 1267 1020 :
1291 967 1381 1038 qui
1402 977 1602 1022 semet-

44 1066 196 1136 ipsum
241 1063 458 1118 libenter
505 1060 804 1127 funerans,
858 1062 1087 1118 naturali
1135 1062 1243 1118 ﬁne
1289 1061 1601 1119 discindens

43 1169 182 1229 atque
205 1155 541 1224 suceindens,
586 1156 784 1212 iterum
829 1156 1071 1227 phtenix,
1107 1159 1301 1212 iterum
1332 1158 1447 1228 ipsa
1494 1165 1598 1225 est,

44 1262 89 1310 et
115 1267 209 1307 non
237 1251 333 1306 alia
365 1248 586 1321 (Tertul.
621 1250 685 1304 de
728 1251 944 1307 Resurr.
989 1268 1132 1306 eam.
1171 1269 1220 1306 c.
1253 1253 1352 1319 i5;
1384 1252 1597 1308 Auctor.

45 1345 196 1400 Const.
238 1341 410 1413 Apost.
441 1342 480 1396 ι.
513 1358 564 1409 v,
607 1360 654 1397 c.
689 1342 752 1407 6;
783 1342 969 1415 Cyrill.
996 1344 1191 1398 ratech.
1225 1345 1320 1407 l8;
1352 1343 1600 1412 Lactan.,

42 1439 196 1494 Ambr.
235 1447 281 1493 et
319 1435 454 1510 alii).
488 1435 587 1492 Cui
617 1438 694 1493 rei
725 1437 1111 1492 documentum
1152 1437 1219 1492 ad
1250 1438 1364 1508 spei
1399 1447 1602 1493 nostra:

41 1534 345 1598 ﬁrmitatem,
376 1532 536 1588 etiam
579 1531 818 1603 Spiritus
857 1543 1101 1599 sanctus,
1129 1532 1216 1603 qui
1245 1532 1390 1587 Deus
1413 1542 1514 1597 cst,
1546 1532 1599 1586 in

42 1626 310 1696 Scripturis
360 1625 542 1695 posuit
588 1624 790 1680 sanctis
818 1624 1006 1680 dicens
1035 1642 1048 1676 :
1077 1622 1144 1677 Et
1175 1625 1429 1693 ﬂorebunt
1466 1624 1604 1679 velut

41 1719 243 1791 pltanix,
270 1718 368 1774 hoc
397 1728 505 1785 est,
539 1718 810 1775 ﬂorebunt
840 1719 909 1774 de
939 1729 1136 1783 morte,
1160 1719 1227 1773 de
1257 1718 1451 1774 funere
1475 1732 1599 1784 suo,

1704 499 1977 556 Antbulute
2004 502 2057 554 in
2086 501 2281 556 lumine
2321 503 2456 576 ignis
2481 503 2666 569 vestri,
2695 512 2741 558 et
2767 504 2982 574 ﬂamma
3009 521 3162 575 quam
3189 521 3305 558 suc-

1703 596 1945 652 cendistis
1985 596 2126 652 vobis
2165 594 2302 670 (Isa.
2348 613 2401 664 ι,
2450 595 2572 669 ll);
2613 605 2668 653 et
2709 597 2946 654 iterum:
2978 598 3124 654 Sicut
3169 599 3306 652 tinea

1702 691 2087 755 vestimentum,
2141 701 2189 745 et
2239 689 2426 746 vermis
2469 691 2691 746 comedit
2734 691 2966 764 lignum,
3009 693 3083 746 sic
3121 707 3307 747 mceror

1701 784 1966 838 excruciat
1995 799 2085 837 cor
2123 783 2220 837 viri
2250 781 2435 855 (Prov.
2477 799 2611 850 xxv,
2635 785 2718 855 2).
2751 783 2903 840 Sicut
2945 784 3091 840 enim
3140 785 3307 841 animi

1702 876 1890 932 laetitia
1919 876 2193 933 interdum
2233 877 2484 948 corporis
2511 876 2732 934 dolores
2760 877 3000 951 mitigat,
3027 879 3110 935 sic
3149 879 3310 935 dolor

1701 969 1868 1024 animi
1910 985 2107 1041 corpus
2153 969 2412 1040 deprimit
2457 977 2514 1026 et
2561 970 2866 1036 excruciat,
2916 970 3134 1028 dicente
3185 986 3312 1040 pro-

1703 1063 1904 1134 pheta:
1936 1064 2152 1118 Animus
2180 1062 2414 1135 gaudens
2445 1071 2649 1119 aetatem
2679 1061 2925 1134 floridam
2959 1063 3116 1133 facit,
3147 1063 3313 1136 spiri-

1704 1164 1785 1210 tus
1809 1156 1974 1210 tristis
2007 1157 2231 1211 exsiccet
2253 1171 2371 1209 ossa
2397 1153 2584 1227 (Prov.
2615 1169 2750 1222 xv",
2778 1154 2895 1224 22).
2941 1153 3000 1212 Si
3028 1171 3161 1229 ergo
3184 1171 3318 1214 eve-

1704 1250 1850 1315 niat,
1882 1257 1942 1304 ut
1991 1249 2059 1304 ad
2107 1247 2522 1320 aegrotationem
2573 1252 2822 1318 corporis
2864 1248 3092 1304 accedat
3142 1249 3314 1305 animi

1703 1343 1988 1412 agritudo,
2019 1343 2327 1415 duplicatur
2354 1342 2666 1398 inﬁrmitas.
2703 1340 2830 1398 litae
2859 1351 3041 1399 tamen
3069 1344 3137 1399 ita
3166 1343 3312 1400 dicta

1702 1445 1866 1502 sunt,
1898 1446 1955 1492 ut
1981 1453 2087 1492 non
2132 1445 2362 1508 negetur
2404 1437 2884 1506 prtevaricatorum
2916 1445 2970 1492 et
3003 1435 3174 1493 Deum
3216 1453 3318 1495 ne-

1701 1531 1940 1602 gantium
1970 1541 2179 1587 aeterna
2209 1546 2334 1588 esse
2360 1531 2632 1602 supplicia
2661 1573 2675 1597 ,
2723 1531 2941 1588 dicente
2987 1531 3268 1604 Scriptura
3297 1549 3313 1588 :

1702 1619 1958 1678 Dominus
1997 1626 2325 1696 omnipotens
2358 1624 2636 1679 vindicabit
2672 1624 2727 1678 in
2755 1624 2828 1680 eis
2863 1625 2915 1678 in
2947 1624 3080 1679 diem
3098 1625 3316 1699 judicii,

1703 1717 1828 1772 dure
1852 1717 2021 1789 ignem
2051 1727 2100 1772 et
2140 1734 2334 1774 vermes
2356 1718 2410 1772 in
2440 1734 2619 1772 carnes
2641 1717 2906 1788 ipsorum;
2934 1727 2982 1772 et
3009 1718 3318 1775 comburen-

39 1813 159 1867 sicut
187 1811 394 1881 phtenix
421 1820 667 1882 resurget
711 1811 779 1866 de
806 1811 1036 1882 pulvere
1064 1825 1182 1865 suo.
1214 1809 1271 1865 Si
1314 1824 1444 1882 ergo
1471 1823 1600 1866 caro
1630 1839 1679 1902 Β
1705 1818 1808 1877 tur,
1840 1819 1895 1863 ut
1935 1810 2158 1864 sentiant
2203 1811 2257 1864 in
2303 1820 2549 1865 internum
2577 1808 2814 1882 (Iudith,
2858 1826 2969 1876 xrt,
3003 1809 3078 1866 90
3113 1820 3158 1866 et
3192 1811 3312 1882 2i).

37 1904 136 1959 avis
161 1903 224 1959 de
252 1902 524 1960 cineribus
561 1902 676 1959 suis
704 1903 960 1973 resurgit,
1003 1918 1132 1959 caro
1161 1901 1400 1958 hominis
1429 1903 1494 1957 de
1518 1901 1598 1958 ci-

39 1997 232 2054 neribus
261 1997 371 2054 suis
401 2013 509 2052 non
541 1996 834 2069 resurget?
862 1997 928 2052 Et
968 1997 1056 2052 ubi
1097 2005 1212 2066 est,
1244 1997 1387 2068 quod
1420 1998 1600 2053 Domi-

39 2105 126 2146 nus
155 2087 393 2146 Christus
433 2089 620 2146 multis
662 2089 974 2160 passeribus
1013 2090 1270 2146 meliores
1312 2105 1434 2147 esse
1480 2106 1601 2161 pro-

38 2182 315 2238 nuntiavit?
339 2182 440 2240 Ubi
472 2191 558 2239 est
583 2193 634 2238 et
679 2182 844 2251 illud,
872 2181 1017 2254 quod
1051 2184 1209 2239 nobis
1237 2199 1333 2255 per
1360 2184 1604 2255 Prophe-

37 2283 127 2331 tam
153 2277 407 2347 promisit,
429 2278 626 2336 dicens
654 2295 666 2332 :
697 2277 1040 2334 lienovabitur
1060 2281 1190 2334 sicut
1213 2279 1402 2349 aquin
1416 2282 1603 2353 juven-

35 2377 102 2423 tus
129 2379 208 2423 tua
234 2368 400 2442 (Vide
453 2369 618 2426 Rabbi
649 2369 829 2426 Kimlti
860 2381 908 2425 et
935 2372 1068 2427 alios
1100 2369 1328 2442 Interpr.
1380 2374 1435 2426 in
1467 2372 1605 2427 hunc

34 2463 153 2531 loc.;
177 2465 288 2520 item
309 2463 373 2520 Ρ.
409 2464 654 2520 Damiani
679 2465 878 2536 Opusc.
907 2466 999 2532 52,
1029 2483 1075 2520 c.
1099 2465 1201 2531 ‘23;
1233 2465 1426 2521 Albert.
1454 2467 1600 2540 Mog.

34 2555 66 2609 l.
94 2572 218 2612 xxut
248 2559 308 2614 de
330 2559 601 2627 Animal.;
631 2559 873 2623 Gesner.,
901 2559 1111 2613 Aldrov.
1137 2570 1182 2613 et
1215 2560 1407 2630 alios)?
1433 2557 1604 2631 Cujus
1630 2588 1636 2592 -

30 2651 128 2706 avis
156 2662 387 2709 naturam
419 2653 561 2710 hanc
590 2669 713 2710 esse
741 2655 996 2710 tradunt:
1027 2670 1152 2711 cum
1185 2655 1327 2711 enim
1358 2656 1425 2711 ad
1456 2673 1607 2713 sum-

33 2761 154 2801 mam
203 2751 409 2807 venerit
454 2759 814 2815 seneetutem.
867 2750 1070 2806 dicitur
1122 2751 1324 2806 tamdiu
1377 2753 1428 2807 in
1477 2767 1604 2808 acra

31 2842 288 2899 sublimari
315 2885 330 2912 ,
359 2853 423 2901 ut
453 2861 627 2916 usque
676 2845 744 2900 ad
787 2845 960 2902 nubes
989 2853 1045 2900 et
1075 2845 1251 2917 ignem
1286 2847 1564 2916 perveniat
1589 2863 1602 2901 :

33 2950 124 3007 quo
152 2937 264 3008 igne
293 2947 568 3005 contacta,
615 2953 744 2994 mox
769 2952 830 2994 se
860 2940 913 2994 in
940 2940 1368 2995 secretissimum
1402 2939 1603 2995 fontem

33 3029 335 3099 praecipitem
378 3035 552 3097 dans,
583 3031 746 3086 tertio
775 3031 1003 3102 mergit;
1029 3040 1085 3088 et
1113 3046 1242 3086 mox
1269 3031 1333 3086 ad
1363 3032 1606 3102 pristina:

29 3120 302 3190 juventutis
328 3125 476 3181 vires
518 3135 679 3196 atque
714 3125 951 3196 speciem
984 3137 1293 3181 revocatur.
1326 3126 1478 3192 Quod
1513 3141 1610 3180 no-

1703 1902 1860 1970 Quod
1907 1902 1981 1958 ita
2027 1902 2272 1960 futurum
2315 1903 2581 1961 Dominus
2622 1914 2810 1962 noster
2847 1913 3012 1978 atque
3057 1907 3319 1965 Salvator

1703 1994 1996 2051 conﬁrmat
2025 1997 2218 2053 dicens
2248 2014 2261 2051 :
2290 1997 2356 2052 Et
2386 2008 2654 2072 resurgent
2694 2015 2868 2054 omnes
2905 2000 2968 2054 de
2998 2009 3148 2056 terra:
3190 2003 3315 2072 pul-

1705 2105 1837 2154 uere,
1857 2090 1946 2160 qui
1974 2089 2106 2144 bona
2133 2090 2456 2161 fecerunt,in
2479 2091 2906 2147 resurrectionem
2921 2092 3315 2166 judicii(Joan.

1705 2196 1762 2246 v,
1794 2179 1921 2251 29);
1955 2191 2010 2237 et
2038 2183 2234 2237 iterum
2264 2200 2276 2236 :
2301 2181 2382 2237 lle
2409 2183 2465 2236 in
2494 2184 2662 2255 ignem
2691 2193 2957 2253 internum,
2995 2185 3083 2254 qui
3105 2201 3317 2256 prtepa-

1705 2283 1849 2330 ratus
1871 2284 1945 2329 est
1975 2275 2207 2341 diabolo,
2234 2286 2280 2331 et
2313 2277 2516 2348 angelis
2548 2280 2661 2351 ejus
2692 2277 2907 2346 (Matth.
2948 2294 3078 2344 xxv,
3104 2278 3228 2349 41);
3262 2287 3321 2336 et

1705 2367 1904 2423 iterum
1927 2370 1994 2424 de
2022 2369 2117 2424 illo
2139 2368 2230 2441 qui
2255 2380 2461 2426 vestem
2493 2386 2601 2426 non
2641 2371 2830 2427 habuit
2857 2372 3156 2443 nuptialem
3183 2372 3321 2430 dici-

1708 2471 1794 2517 tur
1825 2479 1837 2516 :
1872 2461 2062 2518 Tollite
2098 2479 2242 2529 eum,
2270 2472 2319 2518 et
2346 2463 2521 2537 ligatis
2566 2463 2808 2519 monibus
2843 2481 2905 2519 ac
2932 2465 3148 2536 pedibus
3179 2467 3315 2537 ejus,

1707 2555 1890 2610 mittite
1913 2572 2027 2610 eum
2049 2556 2101 2610 in
2125 2557 2362 2612 tenebras
2383 2557 2678 2624 exteriores,
2705 2557 2818 2613 illic
2844 2560 2939 2615 erit
2956 2561 3112 2630 ﬂetus
3133 2571 3178 2616 et
3196 2562 3323 2618 stri-

1707 2647 1804 2703 dor
1833 2650 2066 2704 dentium
2095 2648 2321 2723 (Ibidem
2348 2667 2482 2718 XXII,
2517 2653 2636 2720 15).
2664 2651 2800 2708 Cum
2843 2669 2977 2725 ergo
3013 2665 3069 2712 et
3096 2671 3317 2721 manus.

1705 2748 1761 2796 et
1805 2740 1993 2812 pedes,
2023 2753 2078 2797 et
2107 2741 2270 2799 fletus
2294 2784 2310 2811 ,
2340 2751 2398 2798 et
2442 2743 2696 2800 tenebras
2738 2747 3074 2813 exteriores,
3101 2763 3222 2817 qua:
3252 2747 3320 2804 ad

1707 2835 1897 2890 oculos
1928 2836 2220 2905 pertinent,
2249 2844 2306 2893 et
2331 2835 2630 2894 stridorem
2671 2838 2919 2896 dentium
2953 2857 2982 2896 a
3014 2841 3182 2915 344
3211 2841 3320 2899 Do-

1707 2927 1858 2984 mino
1890 2927 1943 2982 in
1972 2943 2137 2984 carne
2183 2929 2364 2985 futura
2412 2933 2817 2990 resurrectione
2857 2934 3144 2991 verissime
3195 2951 3322 3007 pro-

1707 3021 2017 3088 nuntiatur,
2067 3021 2234 3078 miror
2278 3022 2540 3094 quosdam
2574 3023 2907 3094 haereticos,
2955 3028 3049 3100 qui
3101 3029 3314 3086 aerium

1708 3128 1927 3186 corpus,
1975 3125 2030 3170 et
2066 3115 2330 3187 paulatim
2377 3116 2431 3172 in
2480 3132 2642 3172 auras
2673 3126 2868 3176 tenues
2895 3119 3318 3181 dissolvendum

34 3209 106 3268 bis
139 3214 206 3269 ita
233 3217 473 3272 futurum
505 3217 701 3273 beatus
742 3216 1038 3286 Apostolus
1080 3217 1350 3288 promisit,
1380 3216 1603 3272 dicens:
1634 3245 1680 3307 Ο
1713 3215 1835 3278 post
1858 3209 2318 3264 resurrectionem
2345 3217 2610 3265 conantur
2639 3211 3008 3268 introducere.
3037 3214 3326 3283 Quomodo

38 3304 432 3383 Uniuscujusque
471 3312 622 3382 quale
668 3312 734 3366 sit
777 3329 939 3384 opus,
995 3313 1130 3384 ignis
1174 3312 1430 3385 probabit.
1464 3312 1609 3368 Aves

36 3400 159 3455 enim
209 3403 437 3461 diversa:
489 3403 729 3476 glutiunt
779 3420 977 3473 uram,
1030 3404 1229 3461 olivam
1264 3417 1358 3472 ,et
1412 3416 1609 3462 caetera

36 3507 205 3564 poma;
246 3509 298 3554 et
342 3509 469 3571 post
509 3499 734 3554 nimium
787 3500 1023 3556 calorem
1073 3516 1240 3571 grana
1281 3517 1468 3557 eorum
1515 3517 1611 3573 per

37 3595 251 3646 stercora
297 3594 615 3665 digerentes
639 3635 654 3659 ,
683 3608 898 3648 rursum
943 3593 1102 3660 vites,
1138 3609 1354 3649 rursum
1386 3595 1614 3650 arbores

37 3695 387 3743 renascuntur.
422 3687 483 3743 Si
527 3702 658 3758 ergo
710 3686 814 3742 hoc
855 3702 984 3743 aves
1029 3698 1250 3758 propter
1279 3696 1352 3752 te,
1388 3689 1502 3744 Deo
1527 3688 1617 3758 ju-

38 3770 198 3843 bente,
225 3778 455 3845 iaciunt;
487 3780 557 3836 de
588 3789 642 3836 te
673 3779 816 3835 Deus
849 3789 1076 3851 prepter
1108 3780 1266 3836 ﬁdem
1298 3792 1351 3836 et
1382 3781 1618 3837 retribu-

39 3866 218 3926 tionem
265 3887 418 3929 suam
474 3889 582 3928 non
632 3873 832 3929 faciet?
881 3873 1059 3930 Crede
1109 3874 1243 3929 mibi
1284 3874 1408 3944 quia
1458 3873 1616 3930 faciet

41 3970 239 4032 propter
268 3967 596 4036 promissum
642 3981 835 4031 suum;
864 3981 986 4021 cum
1019 3967 1165 4022 enim
1207 3965 1340 4021 nihil
1373 3981 1618 4023 essemus

38 4051 328 4124 aliquando,
373 4059 604 4115 Domino
645 4060 888 4114 omnium
945 4070 1316 4115 creaturarum
1365 4061 1475 4117 Deo
1504 4062 1620 4131 ipso

39 4141 260 4218 iubente,
288 4151 418 4209 facti
448 4167 659 4209 sumus.
688 4152 786 4221 Qui
829 4168 960 4224 ergo
987 4154 1112 4210 fecit
1155 4171 1220 4210 ex
1254 4155 1447 4221 nihilo,
1475 4157 1618 4226 quod

44 4253 139 4295 non
169 4256 304 4310 erat,
335 4247 541 4318 poterit
571 4247 768 4304 iterum
796 4248 974 4304 facere
1007 4247 1056 4303 id
1079 4289 1092 4315 ,
1120 4249 1261 4320 quod
1291 4259 1416 4306 ante
1447 4265 1514 4306 ex
1540 4249 1624 4305 ni-

42 4331 142 4390 hilo
162 4337 380 4396 fecerat.

102 4426 319 4489 CAPUT
361 4433 586 4490 XXXV.
611 4464 684 4474 --
709 4433 841 4490 Nam
876 4435 921 4490 si
961 4449 1090 4490 caro
1121 4433 1378 4499 hominis,
1408 4445 1468 4490 ut
1493 4436 1624 4492 (εωεί

44 4517 265 4580 haeretici
293 4529 652 4597 mentiuntur,
685 4543 792 4585 non
831 4538 1099 4600 resurget,
1129 4529 1406 4598 quomodo
1438 4530 1627 4585 Esaias

1712 3317 1845 3373 ergo
1874 3313 2094 3360 sanctus
2124 3304 2514 3361 vestimentum
2545 3305 2637 3362 Dei
2670 3317 2775 3374 est,
2803 3317 2859 3363 et
2881 3310 3108 3366 vcstitur
3130 3310 3324 3368 salutis

1713 3408 1876 3469 atque
1907 3397 2108 3454 laetitire
2138 3399 2358 3465 tunica;
2407 3399 2486 3455 sic
2519 3414 2550 3456 e
2583 3403 2863 3457 contrario
2906 3415 3184 3474 peccator.
3231 3408 3326 3478 qui

1713 3499 1900 3561 portat
1927 3491 2218 3561 imaginem
2248 3491 2453 3547 veteris
2486 3491 2725 3549 hominis
2751 3504 2914 3566 atque
2945 3498 3172 3566 terreni,
3204 3514 3324 3555 me-

1715 3593 1868 3639 retur
1895 3583 2088 3639 audire
2118 3601 2130 3638 :
2167 3582 2300 3638 Ecce
2339 3601 2426 3640 eos
2456 3602 2633 3642 omnes
2660 3591 2813 3657 quasi
2849 3591 3205 3645 uestimentum
3243 3608 3330 3647 re-

1717 3686 1799 3732 tus
1828 3677 1965 3730 tinea
2009 3677 2270 3732 devorabit
2299 3676 2455 3749 (Isai.
2491 3695 2561 3747 LI,
2595 3678 2674 3751 8).
2712 3680 2922 3737 Marum
2970 3698 3102 3754 ergo
3139 3684 3328 3740 diver-

1717 3771 1856 3825 sitas
1886 3769 2052 3824 variis
2076 3771 2126 3825 in
2155 3770 2460 3841 Scriptnris
2487 3773 2691 3828 sanctis
2712 3775 2960 3845 signatur
2992 3776 3328 3834 nominibus.

1718 3861 1873 3919 Sicut
1927 3879 2057 3934 ergo
2106 3863 2403 3920 diversitas
2463 3865 2725 3921 arborum
2778 3881 2842 3923 ac
2887 3869 3220 3924 musicorum
3276 3871 3329 3926 in

1719 3957 2018 4029 Scripturis
2048 3958 2244 4014 divinis
2280 3958 2659 4017 diversitatem
2690 3961 2961 4033 signiﬁcat
2987 3965 3192 4036 fgratia:
3220 3967 3334 4037 spi-

1722 4051 1964 4116 ritualis;
1999 4052 2071 4107 ita
2100 4061 2158 4108 et
2185 4052 2480 4110 diversitas
2509 4053 2745 4110 ferarum
2780 4064 2947 4128 atque
2989 4061 3330 4130 serpentium

1723 4143 2100 4202 diversitatem
2134 4145 2444 4218 signiﬁcant
2474 4157 2849 4220 peccatorum.
2879 4149 3012 4220 Qum
3042 4166 3224 4210 tamen
3251 4151 3337 4209 die

1729 4254 1885 4295 versa
1936 4255 2137 4311 genera
2187 4242 2522 4298 musicorum
2567 4242 2694 4301 ideo
2742 4244 2886 4302 Dens
2929 4246 3234 4319 majestatis
3277 4249 3333 4307 in

1725 4332 1880 4388 libris
1926 4334 2124 4390 divinis
2175 4335 2445 4392 nominari
2494 4347 2550 4394 et
2596 4339 2674 4395 uti
2717 4339 2920 4408 voluit,
2977 4350 3036 4397 ut
3072 4343 3332 4415 populum

1727 4427 2044 4484 Judteorum
2072 4429 2140 4487 de
2168 4433 2483 4489 carnalibus
2510 4432 2794 4489 sacriﬁciis
2819 4435 3098 4505 auferens,
3122 4436 3192 4494 ad
3228 4437 3342 4511 spi-

1729 4521 1917 4578 ritales
1945 4533 2000 4578 et
2029 4523 2338 4581 laudabiles
2380 4525 2585 4580 hostias
2613 4524 2891 4584 invitaret.

45 4610 230 4684 Spiritu
273 4620 366 4676 Dei
411 4621 642 4692 plenus,
692 4623 782 4694 qui
823 4637 933 4677 non
980 4632 1087 4678 tam
1135 4622 1434 4694 propheta,
1467 4638 1625 4694 quam
1656 4653 1710 4715 Β
1805 4619 1912 4676 Sed
1964 4635 2109 4675 nunc
2157 4621 2264 4690 jam
2309 4620 2581 4715 sufficiant
2635 4621 2762 4715 ista,
2807 4638 2931 4694 qua:
2981 4623 3128 4682 dicta
3175 4636 3340 4696 sunt;

47 4710 354 4780 evangelista
395 4713 662 4769 dicendus
706 4722 813 4780 est,
845 4714 1019 4770 dicit:
1059 4713 1232 4770 Veniet
1268 4716 1432 4771 omnis
1479 4732 1623 4783 caro,

45 4816 146 4870 qua:
179 4806 460 4864 adoratum
488 4818 566 4863 est
608 4810 662 4862 in
699 4819 977 4878 conspectu
1007 4807 1250 4876 Domini,
1291 4811 1346 4866 in
1377 4809 1629 4867 Hierusa—

49 4892 166 4961 lem;
208 4909 262 4953 ut
310 4901 480 4957 videat
522 4902 776 4957 cadavera
823 4903 1090 4958 hominum
1129 4914 1492 4973 mortuorum,
1539 4905 1628 4975 qui

49 4992 359 5056 prmiaricati
403 5004 522 5050 sunt
565 4995 622 5051 in
669 4994 836 5050 Deum
871 4996 947 5066 (id
989 5005 1095 5061 est,
1138 4997 1226 5053 vel
1267 4997 1510 5064 Judaeos,
1545 4999 1628 5054 vel

49 5075 249 5152 impios,
274 5086 361 5142 vel
403 5085 970 5159 peccatores),eermis
1008 5105 1188 5144 eorum
1216 5106 1319 5145 non
1360 5090 1629 5159 morietur,

50 5181 91 5225 et
108 5173 233 5248 ignis
262 5194 435 5236 eorum
463 5198 568 5238 non
584 5182 746 5256 353
763 5185 1124 5258 exstinguetur
1155 5184 1403 5256 (Hieron.
1431 5187 1485 5240 in
1510 5203 1627 5258 cap.

52 5265 140 5320 ult.
169 5266 345 5344 lsai.).
380 5274 548 5340 Quem
571 5291 812 5332 vermem
845 5286 936 5332 aut
965 5275 1144 5347 ignem
1170 5277 1324 5332 multi
1349 5277 1635 5334 conscien-

53 5355 170 5412 tiam
194 5373 563 5432 peccatorum,
591 5381 712 5438 qum
746 5377 1002 5438 torqueat
1034 5368 1085 5423 in
1117 5368 1404 5438 suppliciis
1433 5370 1636 5425 consti-

54 5455 207 5520 tutos,
235 5454 467 5530 intelligi
494 5461 702 5529 volunt,
725 5478 892 5534 quare
912 5464 1047 5520 vitio
1075 5479 1174 5520 suo
1196 5474 1359 5536 atque
1387 5474 1632 5536 peccato,

1732 4727 2059 4784 quamquam
2108 4728 2209 4784 pro
2248 4714 2325 4768 rei
2372 4713 2748 4784 magnitudine
2792 4730 3088 4788 numquam
3132 4720 3342 4792 aliquid

1734 4805 2070 4862 sufﬁcienter
2117 4805 2188 4864 de
2219 4807 2399 4864 causis
2445 4817 2504 4864 et
2552 4808 2720 4866 rebus
2757 4811 3011 4883 superius
3047 4815 3344 4872 nominatis

1734 4898 1844 4954 diei
1897 4909 2098 4972 potest.
2143 4900 2213 4957 Et
2259 4900 2382 4958 ideo
2427 4911 2649 4970 sancta,
2698 4906 3036 4976 veneranda,
3073 4907 3342 4977 perfecta,

1736 5001 1900 5064 atque
1931 4994 2314 5064 inseparabilis
2337 4994 2604 5067 Trinitas,
2635 5013 2758 5070 quae
2789 5007 2901 5056 tota
2933 5003 3091 5060 nobis
3119 5001 3225 5057 ﬁde
3253 5016 3348 5056 co-

1739 5086 1868 5143 leris
1896 5098 2059 5160 atque
2090 5088 2360 5158 adoraris,
2393 5099 2548 5149 tuum
2589 5101 2676 5150 est
2712 5093 2819 5152 hoc
2861 5110 3022 5167 opus,
3066 5095 3210 5167 quod
3242 5110 3346 5166 ego

1737 5195 1803 5236 ex
1843 5181 2063 5238 Patrum
2113 5183 2442 5240 famulorum
2491 5195 2706 5244 tuorum
2745 5187 2928 5254 libris,
2955 5197 3010 5244 te
3051 5187 3351 5258 adiuvante

1739 5285 1904 5346 atque
1934 5261 2296 5346 illuminante,
2321 5279 2388 5334 ad
2414 5281 2833 5338 aediﬁcationem
2861 5295 3038 5338 meam
3064 5282 3346 5352 excerpsi;

1741 5376 1944 5440 tuaque
1973 5371 2238 5441 perfectio
2263 5373 2333 5429 ad
2363 5374 2596 5446 gloriam
2639 5385 2695 5432 et
2745 5373 2958 5431 laudem
3001 5373 3238 5430 nominis
3271 5374 3352 5436 tui

1743 5477 1844 5534 per
1877 5465 2082 5522 omnia.
2104 5468 2300 5526 saecula
2333 5468 2680 5526 saeculorum.
2715 5467 2912 5525 Amen.
