3970 6316
681 293 789 352 547
1594 284 1686 340 ΑΒ
1725 283 1961 344 OPERA
2001 283 2246 344 SANGTI
2287 283 2614 350 AMBROSII
2665 281 3039 342 APPENDIX.
3771 291 3828 348 iii

2118 423 2368 438 —‘

1137 563 1246 638 IN
1323 562 1992 650 SEQUENTEM
2066 563 2766 642 TRACTATUM.
2843 565 3502 648 ADMONITIO.

745 862 858 918 l‘loc
886 875 1024 933 Opus
1053 861 1196 933 quod
1227 871 1418 918 contra
1449 861 1946 932 tuantiscriptorutn
1978 867 2032 918 et
2063 869 2307 916 veterum
2341 861 2646 918 editionum
2679 859 2840 918 ﬁdem
2871 861 3105 920 liotnani
3139 860 3540 931 inscripserunt,
3584 861 3636 918 de
3659 861 3840 920 Filiitiri-

669 957 833 1014 uitale
861 966 910 1012 et
943 955 1512 1022 consubstantialitate,
1549 954 1830 1009 conditum
1867 953 1966 1010 fuit
2009 953 2278 1010 adversus
2322 968 2419 1010 eos
2451 955 2766 1022 haereticos,
2797 955 2889 1025 qui
2917 969 3040 1010 cum
3069 953 3192 1010 Filii
3223 953 3560 1012 subatantiam
3587 970 3686 1012 cum
3707 969 3840 1026 pater:

664 1051 920 1110 eamdem
949 1065 1072 1108 esse
1113 1050 1514 1116 inliciarentur,
1543 1048 1817 1122 ὁμοούσιον
1835 1047 2010 1114 illum,
2041 1047 2092 1102 id
2125 1056 2228 1110 est,
2249 1046 2496 1118 ejusdem
2529 1048 2878 1114 substantite,
2899 1047 3086 1104 dicere
3101 1047 3493 1113 detrectabant;
3519 1048 3601 1104 sed
3623 1051 3842 1106 conatum:

665 1142 934 1212 inducere
964 1159 1154 1202 vacem
1183 1143 1498 1218 ὁμοιούσιον,
1531 1143 1584 1198 id
1619 1153 1702 1200 est
1731 1143 1928 1200 similis
1954 1143 2315 1211 substantiae;
2363 1159 2486 1202 cuni
2519 1145 2738 1210 interim
2776 1146 3180 1206 attiandandntn
3211 1163 3244 1200 a
3271 1145 3468 1204 divinis
3507 1149 3842 1204 substantiam

667 1237 822 1308 bum,
858 1238 1016 1312 quasi
1059 1239 1237 1298 sacris
1281 1238 1492 1310 paginis
1537 1237 1808 1309 ignotum,
1855 1236 2280 1294 contenderent.
2326 1236 2422 1294 llis
2469 1238 2812 1309 Epiphanius
2865 1238 3101 1310 (Horret.
3147 1239 3238 1311 74)
3293 1255 3484 1298 nomen
3515 1239 3846 1298 Semiaiimrus

663 1330 902 1396 inditum
933 1333 1149 1390 scribit.
1187 1331 1286 1388 Ubi
1329 1341 1522 1388 contra
1555 1331 1778 1386 eosdem
1819 1329 2222 1402 proscriptione
2267 1331 2416 1384 vocis
2453 1330 2728 1404 ὁμοούσιος
2751 1334 3008 1390 Arianam
3041 1331 3292 1392 haeresim
3323 1333 3378 1390 in
3405 1333 3644 1404 integrum
3667 1336 3847 1390 restitute

666 1429 794 1494 datn
833 1431 1090 1504 patefecit.
1137 1443 1330 1488 auctor
1371 1432 1457 1486 hic
1501 1440 1713 1496 noster,
1767 1429 2076 1500 Filiumquc
2111 1427 2283 1484 Deum
2325 1443 2452 1484 esse
2499 1428 2734 1498 perinde
2779 1444 2842 1486 ac
2873 1429 3094 1486 Patrem
3125 1427 3848 1492 demonstravit;rationibusti

675 1540 812 1598 quas
845 1527 1264 1598 expungendum
1297 1525 1568 1600 ὁμοούσιον
1601 1523 1951 1595 disputabant
1992 1523 2334 1590 adversarii,
2371 1523 2658 1578 satisfacit.
2709 1523 2972 1580 Eamdem
3019 1522 3159 1580 hanc
3187 1537 3378 1578 vocem
3409 1525 3464 1579 in
3501 1524 3646 1580 tactis
3675 1523 3850 1580 codicibus

668 1621 942 1676 contineri
990 1620 1272 1678 ostendit:
1305 1621 1640 1690 ctquamvis
1673 1632 1781 1674 non
1825 1616 1990 1672 liceat
2037 1615 2182 1672 illam
2225 1613 2546 1670 substantiae
2593 1615 2856 1670 unitatem
2893 1615 3098 1684 liquido
3153 1613 3442 1684 concipere
3485 1624 3626 1686 atque
3663 1613 3850 1685 explicare.

667 1708 817 1773 haud
870 1720 1052 1776 tamen
1109 1721 1398 1782 propterea
1447 1710 1814 1780 respuendum
1857 1707 2085 1778 probat;
2129 1705 2572 1776 quandoquidem
2613 1707 2668 1762 in
2713 1707 3002 1774 creaturis,
3031 1705 3176 1777 quod
3205 1709 3254 1762 ei
3281 1707 3574 1778 comparari
3599 1707 3850 1774 releuauit

666 1806 946 1874 occurrit;
975 1813 1034 1861 et
1059 1821 1128 1862 ex
1161 1803 1558 1874 multiplicibus
1588 1803 1698 1858 illis
1732 1800 2072 1867 nominibus,
2103 1815 2226 1870 qua:
2261 1801 2316 1856 in
2341 1799 2646 1870 Scripturis
2673 1801 2808 1871 ipsis
2839 1801 2980 1860 Filio
3009 1802 3347 1870 tribuuntur,
3373 1803 3564 1858 nullum
3589 1803 3782 1873 estquod
3797 1819 3852 1857 rei

666 1899 853 1969 potius
897 1899 1102 1956 indicet
1147 1897 1388 1968 aliquam
1433 1912 1465 1954 e
1511 1895 1758 1968 mysticis
1801 1896 1950 1954 illius
1981 1893 2359 1965 qualitatibus,
2389 1909 2554 1963 quam
2597 1893 2864 1952 inﬁnitam
2907 1907 3116 1952 natura:
3143 1895 3348 1952 divinm
3381 1897 3686 1964 majestatetn
3717 1895 3852 1965 aperiat

668 1991 844 2054 Docet
877 2001 1158 2066 postremo
1187 1989 1542 2046 distinctione
1567 2004 1926 2060 personarum
1953 1987 2184 2044 deorum
2219 2002 2328 2042 non
2357 1985 2538 2044 invehi
2579 1987 2911 2058 pluritatem.
2955 2003 3058 2044 nec
3081 1988 3149 2046 de
3173 1988 3318 2054 Filii,
3346 1990 3506 2044 etiam
3537 2003 3642 2046 cum
3663 1991 3854 2057 semusti

673 2084 929 2142 ciendum
965 2083 1199 2144 subinde
1231 2083 1504 2148 exhibuit,
1537 2083 1917 2140 invisibilitate
1943 2091 2038 2138 aut
2068 2081 2514 2138 immutabilitate
2541 2081 2838 2152 quidquam
2869 2082 3198 2142 detractum.

745 2177 940 2232 Exstat
967 2176 1054 2230 hic
1087 2175 1228 2231 liber
1269 2175 1413 2230 inter
1441 2173 1695 2244 Gregorii
1729 2171 1906 2246 (Orat.
1941 2172 2034 2244 49)
2067 2171 2292 2228 Nazian.
2327 2182 2382 2228 et
2409 2173 2692 2230 Ambrosii
2725 2174 2918 2238 nostti,
2971 2189 3201 2245 quorum
3241 2177 3458 2247 utrique
3505 2177 3740 2234 aseribttnr
3773 2179 3854 2232 etul-

667 2278 790 2346 gata
825 2270 1000 2342 Opera
1033 2285 1046 2322 :
1082 2267 1178 2326 sed
1221 2269 1364 2340 apud
1405 2269 1640 2342 priorem
1681 2265 2022 2337 praefatione,
2053 2283 2158 2338 qua
2191 2265 2378 2324 nescio
2409 2271 2494 2324 cui
2535 2269 2932 2326 obscuritatem
2963 2279 3020 2328 et
3047 2270 3462 2342 ambiguitatem
3493 2275 3544 2330 in
3567 2274 3722 2330 eodem
3753 2274 3854 2330 libuit

668 2363 984 2430 criminanti
1017 2362 1338 2432 respondet,
1371 2377 1472 2416 nec
1501 2377 1608 2416 non
1643 2361 1861 2430 adjecto
1887 2360 2040 2416 brevi
2075 2359 2292 2430 epilogo
2319 2359 2666 2430 locupletior,
2697 2361 2912 2432 qualem
2945 2376 3042 2418 nos
3075 2363 3252 2432 ipsum
3283 2372 3720 2434 repraesentantes.

738 2457 840 2528 Qui
873 2456 1141 2528 Gregorio
1173 2455 1398 2512 Nazian.
1443 2453 1759 2524 adjudicant
1793 2451 1896 2506 hoc
1927 2450 2262 2521 Opusculum
2283 2492 2299 2519 ,
2345 2451 2396 2506 in
2429 2452 2572 2508 hanc
2613 2454 2930 2522 opinionem
2961 2454 3247 2524 Augustini
3281 2456 3610 2525 potissimum
3645 2457 3856 2512 auctoritati

662 2551 929 2616 adductos
953 2558 1193 2606 constat.
1239 2548 1333 2604 Sic
1361 2563 1598 2618 namque
1631 2547 1734 2618 ipsi
1761 2547 2212 2615 interpretantur,
2243 2545 2390 2618 quod
2423 2549 2516 2604 ille
2547 2547 2744 2606 tradit:
2780 2547 3065 2620 Gregorius
3094 2549 3250 2606 etiam
3275 2561 3488 2608 sanctus
3515 2554 3736 2624 episcopus

660 2647 786 2702 talis
813 2644 1139 2718 apertissime
1163 2643 1288 2698 dicit
1319 2641 1494 2698 Deum
1524 2651 1714 2698 natura
1745 2641 2092 2710 inuisibilem,
2119 2643 2331 2712 quando
2361 2641 2607 2698 l’atribus
2627 2643 2764 2700 visus
2787 2653 2884 2711 est,
2917 2645 3048 2706 sicut
3077 2645 3252 2718 Moysi
3277 2665 3398 2702 eam
3423 2666 3522 2718 quo
3541 2652 3655 2722 facie
3675 2651 3727 2703 ad
3753 2653 3856 2718 {enim

661 2739 994 2814 loquebatur,
1023 2737 1252 2810 alicujus
1282 2737 1652 2808 conspicabilis
1697 2736 1930 2792 materia
1959 2735 2304 2806 άίερθεὶιὶοι.θ
2334 2747 2618 2808 assumpta,
2653 2737 2796 2792 salva
2843 2754 2938 2792 sua
2975 2739 3328 2798 inuisibilitate
3349 2742 3510 2798 videri
3543 2741 3855 2812 patientiae.

665 2831 796 2904 148,
833 2851 951 2892 nov.
985 2832 1110 2886 edit.
1139 2847 1284 2884 nunt.
1331 2829 1446 2900 ‘10).
1487 2829 1876 2898 Verumtamen
1925 2830 2218 2900 opponitttr
2261 2847 2290 2884 a
2329 2831 2458 2886 viris
2498 2833 2676 2888 doctis
2733 2831 2930 2890 librum
2981 2837 3233 2894 eumdem
3279 2837 3465 2896 Latini
3509 2839 3744 2908 scriptoris
3763 2837 3856 2891 tetra

667 2923 868 2996 evinci,
901 2941 1010 2980 non
1059 2922 1222 2978 modo
1275 2922 1418 2994 quod
1451 2923 1630 2978 versio
1676 2931 1853 2988 vetus,
1899 2937 2060 2991 quam
2099 2922 2336 2980 Italicam
2370 2925 2626 2989 vocitant,
2659 2925 2770 2980 illic
2797 2928 3022 2994 citetur;
3049 2928 3146 2986 sed
3175 2933 3340 2990 etiam
3365 2935 3508 3002 quod
3535 2931 3856 3000 ibidentt'Cepit

661 3021 856 3078 istltatc
903 3019 1198 3090 legantur:
1233 3015 1392 3072 Ratio
1423 3015 1666 3087 quaedam
1710 3031 1826 3085 quat
1867 3013 2013 3086 apud
2055 3013 2266 3070 Gnaeos
2315 3028 2643 3088 nuncupatur
2689 3018 2872 3093 1670c;
2901 3030 2956 3074 et
2987 3021 3120 3080 item
3161 3022 3267 3080 alia
3305 3023 3396 3078 illa
3429 3041 3442 3078 :
3477 3023 3539 3078 Et
3563 3025 3648 3078 [ioc
3679 3025 3856 3090 “nam

667 3116 840 3176 Graeci
879 3113 1156 3189 ὁμοούσιον
1193 3113 1482 3184 appellant,
1521 3113 1576 3166 id
1607 3121 1703 3178 est,
1733 3127 1852 3166 cum
1881 3129 1985 3166 uno
2011 3114 2158 3168 aliud
2189 3114 2380 3186 ipsum.
2421 3115 2515 3170 llis
2541 3115 2684 3172 adde
2715 3117 2898 3174 locum
2931 3119 3218 3190 AuguStini
3249 3120 3446 3178 referri
3477 3136 3624 3192 posse
3649 3121 3702 3176 ad
3729 3119 3856 3174 indeii-

665 3220 838 3272 tatum
869 3209 1087 3280 aliquod
1129 3207 1380 3279 Gregorii
1403 3205 1625 3264 Nazian.
1657 3205 1826 3276 Opus,
1853 3218 1908 3262 ut
1943 3215 2067 3276 puta
2107 3205 2176 3262 ad
2213 3206 2530 3264 Orationem
2575 3210 2676 3276 54,
2709 3210 2798 3266 ubi
2831 3211 3026 3268 eadem
3067 3213 3230 3284 plane
3270 3215 3497 3269 materia
3525 3213 3776 3269 discutitur.
3801 3207 3854 3264 Sed

662 3305 806 3364 forte
833 3303 902 3360 ad
932 3301 1170 3372 priorem
1201 3299 1567 3368 objectionem
1599 3301 1722 3370 quis
1755 3300 2084 3369 rcSpondeat
2117 3299 2402 3368 Ruﬁnum,
2431 3319 2594 3372 quem
2629 3303 2747 3360 haec
2775 3306 2952 3378 opella
2981 3306 3338 3376 interpretem
3370 3307 3536 3364 refert
3569 3309 3690 3379 apud
3721 3304 3854 3362 linian-

661 3411 880 3462 zenum,
931 3392 1166 3450 maxima
1213 3393 1266 3446 in
1310 3391 1585 3448 vertendis
1633 3389 1838 3446 Grzecis
1866 3391 2090 3446 licentia
2131 3392 2210 3448 uti
2263 3393 2519 3460 solitum;
2565 3395 2902 3466 proindeque
2948 3396 3086 3452 nihil
3133 3397 3356 3454 absurdi
3399 3415 3520 3455 eum
3563 3395 3855 3464 dictamnum

659 3493 729 3552 ab
755 3494 876 3566 ipso
905 3489 1005 3547 hos
1036 3487 1256 3548 eosdem
1287 3488 1438 3542 locus
1467 3501 1527 3540 ea
1577 3485 1870 3542 verborum
1913 3484 2084 3540 forma
2133 3485 2375 3542 redditos
2429 3501 2552 3544 csse
2603 3487 2979 3556 allirmavcrit,
3027 3505 3188 3560 quam
3243 3491 3312 3548 ad
3369 3493 3542 3548 Latini
3581 3491 3758 3548 lectoris

663 3599 780 3646 tum
831 3582 1184 3644 existimabat
1231 3581 1403 3652 magis
1455 3579 1924 3636 accommodatam
1958 3595 1972 3632 :
2003 3580 2242 3634 secunda
2274 3595 2404 3635 vero
2445 3581 2656 3636 ratione
2699 3582 2788 3636 vix
2821 3583 3148 3652 movebitur,
3191 3587 3438 3654 quicum
3482 3588 3644 3643 verbis
3675 3577 3854 3654 Antistia

654 3698 821 3755 supra
867 3680 1048 3738 citatis
1077 3677 1226 3734 hunc
1257 3678 1434 3732 locum
1495 3672 1752 3730 Auctoris
1781 3673 1958 3730 nostri
1985 3672 2380 3742 eritnposuerit,
2415 3672 2506 3730 ubi
2549 3682 2672 3745 post
2691 3674 2913 3730 allatum
2947 3675 3146 3748 Moysis
3186 3692 3311 3734 cum
3359 3679 3470 3736 Deo
3511 3680 3636 3735 facie
3655 3677 3712 3734 ad
3745 3674 3854 3730 fidem

651 3778 930 3852 loquentis
973 3777 1284 3846 exemplum
1337 3772 1516 3830 subdit
1555 3791 1567 3826 :
1607 3772 1670 3830 Et
1702 3788 1870 3828 tamen
1915 3772 1988 3828 sic
2036 3772 2175 3828 vita:
2223 3771 2500 3839 accipitur,
2529 3781 2585 3826 ut
2612 3772 2842 3842 alicujus
2885 3775 3350 3845 εοηερξταωιξε,,,,
3383 3777 3604 3832 materia:
3629 3773 3854 3844 dispositioni

651 3882 919 3946 assumpta
946 3870 1227 3938 uideretur,
1257 3871 1402 3926 salt-ta
1443 3869 1642 3924 scilicet
1681 3867 2036 3922 inuisibilitate
2069 3870 2180 3939 ejus
2205 3862 2365 3936 (Cap.
2398 3865 2476 3933 8).
2511 3865 2644 3932 Quis
2667 3866 2813 3922 enim
2861 3865 3024 3924 facile
3069 3867 3172 3924 sibi
3217 3885 3326 3925 non
3361 3870 3665 3941 persuadeat
3686 3868 3774 3922 haec
3795 3865 3852 3932 itit

651 3972 706 4028 in
756 3979 942 4028 mente
969 3965 1256 4038 Augustini
1289 3964 1586 4035 praesentia
1621 3961 1813 4031 fuisse,
1851 3975 1974 4016 cum
2019 3959 2286 4016 scriberet
2315 3958 2641 4028 superiora?

723 4066 882 4136 Quod
925 4081 1054 4122 vero
1093 4064 1162 4120 ad
1191 4061 1569 4127 Ambrosium,
1597 4060 1812 4114 clarum
1859 4065 1948 4112 est
1971 4055 2194 4128 quidem
2240 4055 2367 4110 huic
2395 4054 2690 4124 Scriptioni
2725 4064 2780 4112 et
2825 4057 2881 4112 in
2929 4055 3182 4113 omnibus
3227 4058 3466 4130 Oper-um
3511 4059 3666 4114 satiati
3703 4053 3854 4110 Deciens

653 4163 1012 4226 editionibus,
1059 4167 1118 4216 et
1175 4159 1230 4216 iu
1281 4172 1416 4214 mss.
1469 4157 1637 4212 etiam
1689 4151 1996 4218 nonnullis,
2045 4150 2293 4221 ejusdem
2341 4165 2541 4204 nomen
2585 4149 2866 4220 praeﬁxum
2901 4165 3042 4206 esse.
3091 4151 3222 4207 Inde
3259 4163 3344 4208 est
3373 4152 3514 4222 quod
3559 4151 3718 4207 libenti
3751 4147 3853 4203 animo

653 4258 1059 4329 suspicnremur
1093 4268 1196 4308 non
1231 4251 1396 4306 alium
1429 4263 1554 4306 esse
1585 4249 1798 4304 huncce
1821 4247 2088 4311 libellum,
2115 4259 2277 4314 quam
2307 4259 2432 4302 eum
2463 4244 2552 4314 qui
2582 4244 2646 4298 de
2673 4241 2808 4298 Fide
2833 4259 2862 4299 a
2889 4243 3074 4300 Nisa-0
3103 4245 3224 4300 sive
3237 4237 3444 4300 'Niceto
3467 4239 3854 4317 episeopobmiitt

649 4355 912 4424 scriptus,
941 4348 1290 4408 t'olutttinibus
1319 4347 1486 4402 sancti
1517 4343 1796 4408 Ambrosii,
1821 4351 1877 4396 ut
1897 4339 2266 4395 Cassiodorus
2297 4337 2640 4399 testificatur,
2669 4337 2896 4390 sociatus
2942 4345 3038 4400 est,
3069 4354 3219 4408 quos,
3261 4337 3329 4392 ad
3361 4337 3650 4394 Gratianum
3675 4335 3852 4408 prinde“

649 4449 920 4510 destinauit
943 4445 1086 4519 (Lib.
1117 4445 1180 4498 de
1211 4440 1350 4498 Inst.
1381 4441 1481 4496 die.
1518 4439 1607 4493 lib.
1637 4454 1687 4492 c.
1719 4435 1832 4509 16).
1866 4435 1972 4492 Sed
2019 4450 2142 4489 cuni
2183 4433 2327 4489 idem
2376 4443 2585 4490 asserat
2629 4449 2738 4488 non
2787 4434 2964 4488 solum
2995 4433 3064 4490 de
3112 4433 3276 4491 Patre
3317 4450 3382 4490 ae
3413 4433 3551 4491 Filio
3595 4435 3688 4490 illic
3719 4427 3850 4488 dimi.

649 4561 839 4603 verum
887 4545 1052 4598 etiam
1102 4539 1171 4595 de
1201 4537 1408 4610 Spiritu
1457 4545 1668 4599 sancto,
1703 4529 1850 4600 quod
1912 4543 2034 4583 cum
2067 4527 2172 4581 hoc
2221 4527 2360 4582 libro
2407 4529 2588 4584 minus
2627 4529 2914 4594 convenit;
2961 4529 3232 4586 malumus
3261 4531 3408 4588 bunt:
3447 4533 3698 4590 diversum
3727 4523 3852 4580 aluit

650 4641 991 4698 existimare.
1029 4633 1140 4690 Cur
1169 4639 1351 4692 autem
1387 4628 1615 4684 ulterius
1657 4625 1856 4692 locum,
1888 4631 1944 4677 et
2001 4618 2284 4676 Ambrosii
2331 4635 2530 4676 nomen
2563 4621 2947 4690 usurpaverit,
2999 4623 3140 4677 ratio
3183 4623 3240 4678 in
3287 4635 3540 4696 promptu
3577 4633 3668 4688 εει,
3705 4615 3850 4674 ιιιιῑίάε

646 4733 860 4790 scilicet
887 4725 1160 4799 cognatio.
1207 4724 1346 4780 Sunt
1393 4733 1572 4778 tamen
1607 4725 1870 4788 pratterea
1907 4714 2044 4770 levia
2095 4712 2344 4784 quaedam
2387 4712 2456 4766 ab
2495 4711 2858 4768 Atnbrosiano
2901 4711 3120 4767 dicendi
3161 4727 3312 4770 more
3353 4729 3464 4772 non
3513 4716 3702 4785 penitus
3735 4707 3852 4764 obiter-

647 4825 848 4886 reutia,
879 4829 1008 4892 puta
1045 4814 1190 4888 quod
1231 4814 1306 4870 ait
1335 4813 1402 4870 de
1445 4810 1744 4874 ItiEl'ﬂliCiS,
1773 4809 1817 4868 si
1861 4805 2104 4860 haberent
2133 4802 2393 4874 quomoda
2423 4802 2556 4858 illud
2584 4804 2653 4858 ad
2691 4804 2856 4860 aliam
2894 4803 3296 4886 intelligentiam
3342 4825 3506 4864 metm
3537 4825 3672 4864 uasa
3690 4807 3850 4878 pem-“lt-

647 4930 783 4978 rent.
815 4918 884 4972 Et
919 4913 1092 4970 illud:
1149 4908 1381 4966 Viderint
1429 4902 1748 4978 philosophi,
1796 4900 2015 4960 uiderint
2058 4897 2288 4954 haeretici
2331 4895 2576 4965 discipuli
2611 4913 2814 4954 eorum.
2875 4897 2985 4954 Sed
3037 4913 3216 4969 neque
3245 4901 3394 4972 quod
3435 4899 3736 4972 dicitur,qui
3765 4897 3848 4950 ait!

648 5032 786 5071 nunc
827 5014 898 5078 vi,
929 5008 1227 5072 antbitiono,
1257 5012 1304 5060 et
1333 5001 1562 5075 potentia
1601 5013 1784 5072 regum
1829 4994 2057 5066 exagites
2101 5009 2162 5046 ac
2203 4991 2376 5046 turbes
2407 4993 2602 5058 omnia,
2637 4993 2864 5048 nimium
2903 4993 2972 5050 ab
3015 4995 3308 5052 Ambrosio
3333 4998 3676 5068 discreparet,
3715 4996 3849 5050 silm-

645 5117 792 5166 tatus
839 5104 928 5161 hic
975 5099 1178 5171 rigidos
1209 5095 1462 5160 Arianos,
1509 5092 1686 5162 qualis
1729 5098 1850 5148 erat
1898 5087 1988 5144 ille
2031 5085 2340 5144 Auxentius
2380 5101 2410 5140 a
2453 5101 2560 5155 quo
2587 5084 2798 5140 Justina
2841 5087 3072 5158 ejusque
3115 5091 3262 5146 ﬁlius
3289 5085 3850 5154 Valentinianuslmpiﬁ

647 5208 895 5256 sanetum
929 5191 1242 5262 Antistitem
1265 5184 1524 5243 concitati
1555 5189 1700 5248 sunt,
1733 5182 2096 5250 impugnaret.
2129 5175 2188 5232 ln
2221 5177 2435 5236 caeteris
2463 5175 2690 5232 dissidet
2719 5177 2862 5236 idem
2897 5193 3038 5248 Opus
3067 5181 3136 5236 ab
3167 5183 3444 5248 Ambrosii
3473 5187 3608 5258 styto
3631 5193 3678 5242 et
3699 5177 3849 5252 ingenti.

647 5299 708 5350 ut
735 5305 841 5346 non
887 5285 1048 5346 modo
1077 5282 1224 5346 illius
1263 5285 1458 5334 auctor
1487 5290 1596 5332 non
1641 5273 1910 5338 videatur,
1943 5269 2041 5326 sed
2073 5284 2140 5324 ne
2181 5269 2458 5338 interpres
2487 5269 2732 5339 quidem,
2778 5281 2970 5326 contra
2995 5286 3158 5343 quam
3187 5276 3400 5345 Opinati
3441 5280 3744 5351 reperiuntur
3773 5285 3850 5326 nen-

644 5386 808 5442 nnlti.
847 5382 1146 5448 Utrumque
1183 5389 1317 5434 sane
1347 5370 1430 5425 vel
1462 5385 1528 5426 ex
1559 5383 1626 5424 eo
1651 5365 1877 5434 colligas
1905 5363 2050 5433 quod
2079 5360 2416 5432 Augustinus
2445 5376 2566 5420 cum
2585 5361 2636 5416 in
2667 5366 3018 5434 prmeeptoris
3041 5368 3124 5421 sui
3153 5369 3374 5438 scriptis
3405 5372 3769 5432 vetustissimus.
3786 5377 3847 5418 tua

653 5481 815 5534 etiam
860 5477 926 5532 ad
975 5488 1098 5529 cum
1139 5463 1576 5540 praedicandum,
1621 5460 1769 5516 omni
1799 5459 1924 5522 data
1955 5457 2390 5528 opportunitate,
2423 5458 2907 5527 propensissimus,
2957 5461 3078 5533 ejus
3109 5477 3292 5521 tamen
3337 5481 3447 5524 non
3489 5457 3846 5528 meminerint-1

655 5578 862 5624 tantum
891 5563 1138 5635 Gregorii
1194 5555 1432 5631 episcopi
1478 5549 1795 5608 Orientalis.
1829 5549 2038 5619 Quibus
2083 5549 2316 5620 adjunge
2344 5548 2650 5604 versionem
2693 5549 2972 5620 biblicam,
3015 5554 3082 5611 ab
3111 5569 3174 5612 ea
3206 5571 3372 5628 quam
3401 5561 3595 5633 ubique
3632 5551 3846 5615 Ambrosius

657 5664 899 5728 adhibet,
927 5663 1088 5729 longe
1118 5671 1239 5711 esse
1274 5654 1570 5708 diversam.

729 5759 788 5812 ι).
835 5755 894 5809 F.
937 5749 1262 5812 Chil‘ﬂctius,
1292 5747 1379 5816 qui
1430 5741 1640 5799 duobus
1674 5739 1778 5794 illis
1821 5737 2074 5800 Patribus
2115 5753 2186 5792 ex
2219 5753 2374 5808 atquo
2419 5738 2670 5796 eumdem
2717 5740 2956 5798 libellum
3003 5741 3300 5812 adjndieat,
3332 5761 3392 5804 ut
3439 5751 3582 5807 illum
3625 5743 3844 5803 transcribit
3900 5737 3901 5816 i

658 5847 859 5922 Vigilio
901 5859 1020 5911 suo,
1051 5842 1392 5911 conjecturas
1440 5836 1667 5906 aliquot,
1716 5848 1853 5905 quas
1896 5831 1964 5890 ad
2012 5845 2132 5892 eam
2173 5847 2290 5892 rem
2333 5831 2693 5890 validissimas
2725 5844 2896 5906 putat,
2935 5837 2985 5892 in
3037 5839 3276 5896 medium
3310 5847 3537 5916 profert.
3567 5845 3842 5906 Verumtamen
