3970 6316
585 278 688 339 551

1480 258 1573 314 AD
1614 250 1851 313 OPERA
1888 246 2136 309 SANCTI
2175 241 2507 304 AMBROSII
2557 238 2928 299 APPENDIX.
3750 230 3817 285 552

590 408 692 453 nus
722 389 982 451 nominat,
1016 395 1178 456 quem
1204 393 1337 438 vere
1365 388 1489 434 esse
1516 374 1569 429 in
1602 385 1833 443 persona
1863 384 1959 423 sua
1989 363 2193 436 smpius
2220 370 2274 430 Α
2299 360 2441 417 Dens
2481 359 2663 428 Pater,
2715 374 2779 414 ex
2818 371 2921 428 quo
2966 353 3141 411 omnia
3161 368 3181 408 :
3211 360 3259 407 et
3300 364 3396 406 nos
3425 348 3481 404 in
3502 346 3609 420 ipso
3635 361 3651 402 :
3674 357 3712 401 ιι
3734 365 3819 401 unus

587 488 877 561 profitetur
902 500 919 538 :
949 496 1073 536 nam
1100 472 1374 549 quomodo
1401 479 1495 526 aut
1521 483 1711 525 verum
1738 464 2065 530 Filium,aut
2102 475 2197 514 ve-

588 598 711 642 rum
766 580 980 637 Patrem
1030 570 1272 632 confessi
1304 582 1531 631 sumus,
1574 565 1619 621 si
1653 579 1761 618 non
1788 575 1920 617 vere
1949 557 2197 630 proprie-

590 684 758 733 tatem
824 681 1184 743 personarum
1245 672 1358 719 tam
1430 657 1611 715 Patris
1670 670 1834 727 quam
1893 650 2016 707 Filii
2078 664 2199 706 ser-

587 769 857 827 vavimus.

2308 453 2562 509 Dominus
2586 452 2743 507 Iesus
2774 449 3038 516 Christus,
3065 463 3157 520 per
3195 461 3342 517 quem
3378 442 3552 498 omnia
3574 457 3591 506 ;
3611 448 3652 495 et
3674 456 3823 508 uesper

2304 550 2494 622 ipsum.
2543 547 2651 604 Sed
2709 562 2812 602 non
2859 546 2914 601 in
2958 542 3195 600 omnibus
3243 550 3319 597 est
3384 536 3593 596 scientia
3630 536 3647 607 (
3684 535 3702 591 Ι
3743 533 3824 591 Cor.

2303 660 2431 711 vm,
2472 642 2571 714 6).

2376 737 2493 806 Qua
2531 735 2600 791 de
2640 749 2702 792 re
2733 732 3038 805 explanatis
3068 730 3155 785 his
3182 728 3383 796 verbis,
3417 739 3539 795 quae
3563 722 3826 794 scrupulum,

660 861 770 917 Sed
798 858 924 930 quia
957 856 1119 911 unius
1152 850 1250 907 Dei
1288 828 1616 905 vocabulum
1644 841 1907 905 diximus,
1939 848 2204 908 personas
2306 845 2416 887 non
2459 828 2592 884 mihi
2634 828 2725 898 qui
2777 828 2892 882 scio
2922 824 3064 896 quod
3110 822 3341 879 dixerim
3362 860 3380 890 ,
3410 818 3511 876 sed
3546 816 3658 873 aliis
3692 815 3826 871 infere-

589 969 825 1028 negasse
850 960 1124 1024 putamur.
1154 946 1221 1001 Et
1248 946 1377 999 hinc
1409 938 1707 997 verisimile
1729 935 1903 989 visum
1926 940 2029 997 est,
2059 927 2203 1001 quod
2305 923 2434 981 bant
2458 963 2473 989 ,
2508 930 2637 992 puto
2680 919 3027 977 occasionem
3063 917 3219 972 malm
3248 910 3695 985 interpretationis
3717 910 3827 966 fuisse

1877 1027 1882 1028 ,
2374 1016 2480 1028 ..-
2630 1013 2672 1028 ..
2839 1023 2849 1028 _
3000 1012 3023 1028 ρ
3201 1009 3270 1028 ,η
3311 1009 3325 1028 ε
3379 1006 3650 1028 sum-.-
3693 1013 3752 1028 η.
3799 1014 3826 1028 -.

593 1050 901 1124 posuimus.
933 1044 1044 1101 Nos
1076 1042 1298 1099 Patrem
1320 1046 1375 1094 et
1403 1035 1603 1093 Filium
1639 1033 1711 1086 ita
1739 1027 2114 1090 nominamus,
2150 1031 2208 1079 ut
2308 1016 2599 1073 sublatam.
2629 1013 2761 1071 Nam
2800 1023 2857 1070 et
2898 1011 3166 1085 professio
3200 1009 3327 1066 ﬁdei
3376 1006 3653 1064 manifesta
3690 1013 3776 1067 est,
3798 1014 3830 1058 et

1795 1121 1826 1124 __
2049 1117 2061 1124 .
2813 1123 2822 1124 κ
2869 1108 2881 1124 ι
2942 1106 3006 1124 ιο-
3048 1114 3250 1124 Α-η-.-.
3311 1111 3355 1124 ,ι
3390 1115 3495 1124 μ..-
3544 1098 3753 1124 ,ιι-ε..ξ.-.
3776 1114 3811 1124 ,ρ

598 1159 765 1201 unum
808 1142 977 1197 Deum
1010 1138 1063 1192 in
1095 1135 1180 1190 his
1216 1130 1467 1204 personis
1507 1136 1564 1183 et
1601 1121 1915 1181 nominibus
1954 1117 2206 1186 assigne-

596 1252 741 1296 mus.
768 1235 943 1291 Porro
969 1232 1168 1287 iterum
1194 1225 1360 1283 Pater
1390 1232 1444 1279 et
1471 1219 1666 1283 Filius,
1702 1215 1803 1275 etsi
1844 1214 1953 1269 duo
1987 1210 2209 1267 nomina

595 1331 977 1405 appellantur;
1002 1323 1214 1380 ratione
1236 1330 1416 1375 tamen
1441 1324 1496 1370 et
1523 1309 1827 1369 substantia
1851 1321 2017 1362 unum
2047 1311 2205 1359 sunt:

590 1399 802 1488 etcum
832 1425 1050 1481 Patrem
1094 1426 1150 1475 et
1195 1415 1393 1472 Filium
1432 1420 1615 1467 statuo
1640 1448 1654 1473 ,
1688 1404 1953 1461 unitatem
1991 1399 2211 1469 assigno

637 1534 845 1578 CIIBI‘IS.

637 1539 845 1578 eneris.

599 1539 633 1596 Β
671 1609 830 1686 347
886 1608 1013 1665 llaec
1057 1602 1244 1660 omnia
1294 1595 1525 1667 intelligi
1559 1605 1723 1664 posse
1754 1588 2021 1646 zeStimata
2062 1590 2211 1646 sunt,

598 1675 881 1784 quasi-ista
910 1698 1175 1757 vocabula
1207 1695 1349 1751 inter
1378 1692 1595 1747 Patrem
1631 1694 1685 1740 et
1711 1682 1908 1737 Filium
1938 1679 2010 1735 ita
2037 1675 2214 1747 posita

2310 1125 2542 1183 persona
2573 1125 2697 1166 cum
2727 1106 3011 1165 vocabulis
3039 1114 3279 1171 constat,
3304 1111 3361 1161 et
3390 1115 3502 1158 una
3540 1098 3755 1155 divinitas
3776 1114 3830 1152 as.

2310 1205 2523 1275 signata
2552 1213 2656 1260 est.

2386 1295 2483 1351 Vel
2514 1295 2560 1350 si
2601 1295 2778 1350 adhuc
2818 1292 3023 1364 aliquid
3057 1291 3200 1364 quod
3249 1288 3562 1361 legentibus
3608 1285 3832 1357 ambiguum

2314 1390 2565 1446 videatur
2598 1389 2651 1443 in
2681 1389 2887 1452 verbis,
2916 1386 2983 1441 ad
3010 1400 3207 1441 sensus
3231 1384 3435 1440 debent
3466 1379 3624 1437 verba
3650 1377 3835 1443 conferri,

2315 1483 2440 1553 quia
2473 1497 2582 1537 non
2623 1480 2951 1548 simplicitas
2986 1478 3302 1541 verborum,
3333 1473 3429 1531 sed
3462 1472 3587 1529 mali
3613 1470 3835 1527 intellectas

2316 1576 2613 1632 obstinatio
2653 1574 2865 1643 culpam
2907 1572 3037 1628 olet.
3072 1574 3144 1627 At
3178 1585 3301 1625 eum
3341 1582 3541 1625 sensus
3570 1575 3729 1621 noster
3760 1580 3835 1619 cum

2317 1670 2543 1725 veritate
2574 1665 2891 1732 concordet,
2925 1673 2979 1720 et
3012 1664 3178 1720 verba
3206 1662 3409 1719 debent
3436 1675 3560 1716 cum
3582 1659 3757 1715 ratione
3772 1658 3837 1713 sia-

598 1752 881 1784 νη.-.-
924 1752 1105 1757 ---ηπ

595 1804 732 1869 sint,
764 1809 825 1855 ut
855 1805 941 1853 est
976 1807 1176 1850 nomen
1222 1797 1277 1845 et
1314 1796 1649 1856 cognomen,
1682 1777 1845 1833 unius
1872 1782 2056 1829 tamen
2084 1784 2209 1840 per-
2242 1768 2288 1827 Β
2317 1763 2620 1818 cerissima.
2649 1760 2800 1816 Unde
2827 1776 2855 1813 a
2875 1757 3228 1829 simplicitate
3254 1754 3559 1811 christiana
3575 1752 3837 1808 εωάεωῇριε

603 1913 795 1963 senae;
825 1908 949 1950 cum
997 1905 1064 1945 ex
1103 1880 1480 1957 superioribus
1527 1884 1619 1932 aut
1655 1869 2011 1930 inferioribus
2048 1864 2212 1922 dictis

604 1989 845 2066 potuerit
878 1987 995 2041 haec
1026 1980 1268 2051 suspicio
1301 1991 1408 2030 non
1447 1968 1683 2026 admitti.
1707 1965 1812 2034 Qui
1841 1962 1986 2019 enim
2019 1958 2211 2015 Filium

607 2048 704 2142 Dei
735 2098 842 2139 non
885 2048 1334 2133 aliunde-natum
1378 2065 1646 2127 dixeram,
1676 2073 1840 2130 quam
1887 2053 2105 2125 proprie
2144 2048 2215 2105 de

601 2178 764 2236 Patre
786 2217 799 2241 ,
830 2180 1001 2229 totum
1033 2167 1103 2223 de
1134 2175 1249 2220 toto
1272 2206 1285 2226 ,
1319 2163 1589 2229 integrum
1621 2152 1691 2209 de
1724 2152 1938 2219 integro
1959 2189 1974 2214 ,
2006 2144 2215 2217 perfec—

609 2281 725 2328 tum
759 2268 828 2323 de
865 2261 1142 2337 perfecto,
1187 2259 1731 2317 consummatamque
1760 2241 2019 2297 virtutem
2046 2254 2060 2303 ;
2083 2251 2215 2308 quo-

603 2362 770 2424 modo
792 2334 938 2431 potui
968 2357 1144 2427 ipsum
1166 2350 1411 2418 Patrem,
1430 2347 1607 2414 ipsum
1633 2337 1737 2395 sibi
1768 2334 1962 2391 Filium
1990 2346 2213 2402 ponere,

597 2466 659 2515 et
696 2455 801 2510 hoc
829 2425 1001 2507 modo
1020 2462 1185 2502 uuam
1216 2452 1507 2513 personam
1537 2432 1747 2489 duobus
1779 2425 2095 2485 nominibus
2122 2437 2216 2494 ap-

601 2550 841 2626 pellare;
874 2544 1076 2617 quippe
1110 2553 1234 2596 cum
1273 2543 1329 2590 et
1374 2534 1513 2587 hanc
1538 2539 1772 2591 sectam,
1800 2522 1851 2578 id
1886 2529 1992 2587 est,
2020 2515 2215 2575 Sabel-

604 2620 815 2712 iiamm
844 2641 898 2697 in
923 2636 1116 2695 eodem
1144 2629 1332 2688 libello
1353 2620 1754 2685 damnaverim,
1782 2625 1838 2674 et
1864 2625 2217 2687 personarum

608 2732 1017 2795 distinctionem
1049 2722 1350 2784 secundum
1372 2714 1698 2776 vocabulum
1718 2706 2063 2781 scripserim?
2084 2704 2219 2760 Nam

610 2838 673 2888 et
701 2842 861 2885 nemo
884 2838 987 2897 pro
1011 2836 1118 2878 una
1148 2830 1382 2891 persona
1416 2817 1616 2884 potest,
1649 2820 1814 2864 unum
1837 2811 1985 2869 sunt,
2013 2798 2218 2864 dicere,

611 2921 701 2980 vel
733 2896 997 2976 unitatem
1029 2912 1279 2986 generis,
1318 2905 1424 2963 nisi
1459 2899 1711 2975 personis
1747 2896 2049 2967 assignare.

706 3013 840 3081 Quis
898 3017 1082 3065 autem
1132 3000 1525 3060 catholicorum
1566 2996 1779 3065 ignorat
1822 2988 2039 3044 Patrem
2099 2999 2222 3038 vere

616 3127 742 3171 esse
774 3110 989 3164 Patrem
1009 3144 1024 3169 ,
1058 3099 1255 3157 Filium
1282 3110 1413 3151 vere
1437 3090 1638 3148 Filium
1657 3130 1671 3155 ,
1693 3096 1750 3143 et
1776 3082 2039 3155 Spiritum
2068 3091 2225 3137 sanc-

620 3216 735 3261 tum
766 3214 897 3258 vere
924 3210 1049 3254 esse
1087 3189 1345 3261 Spiritum
1390 3179 1683 3241 sanctum?
1709 3178 1852 3235 sicut
1891 3176 2009 3245 ipse
2042 3171 2223 3227 Domi—

620 3315 725 3360 nus
753 3297 822 3354 ad
862 3289 1144 3365 apostolos
1172 3299 1304 3341 suos
1337 3280 1471 3337 dicit
1499 3296 1511 3332 :
1546 3274 1743 3331 Euntes
1771 3269 2026 3340 baptizata
2052 3281 2225 3321 omnes

617 3402 793 3471 gentes
822 3391 878 3444 in
912 3384 1116 3441 nomine
1161 3378 1368 3442 Patris,
1406 3383 1451 3429 et
1494 3370 1653 3435 Filii,
1688 3376 1734 3421 et
1778 3363 2010 3433 Spiritus
2063 3357 2228 3413 sancti

624 3453 862 3561 (Matth.
900 3494 1096 3545 xxvul,
1142 3475 1206 3532 l9
1233 3477 1275 3546 ).
1312 3470 1440 3526 ll.ec
1484 3474 1568 3522 est
1607 3461 1845 3536 perfecta
1888 3456 2129 3513 Trinitas
2172 3453 2225 3508 in

623 3583 832 3641 unitate
862 3576 1193 3635 consistens,
1241 3582 1401 3638 quam
1451 3562 1661 3618 scilicet
1706 3556 1866 3612 unius
1912 3549 2228 3608 substantia:

621 3676 967 3752 profitemur.
1000 3668 1117 3725 Non
1151 3664 1299 3720 enim
1326 3674 1423 3713 nos
1451 3652 1752 3713 secundum
1782 3662 2075 3720 corporum
2099 3659 2229 3700 con-

620 3774 888 3833 ditionem
918 3763 1249 3824 divisionem
1278 3757 1330 3812 in
1362 3755 1474 3811 Deo
1505 3750 1735 3808 facimus
1760 3762 1774 3812 ;
1806 3743 1900 3800 sed
1930 3739 2227 3798 secundum

619 3866 821 3926 divina:
849 3870 1058 3918 naturae
1093 3850 1426 3925 potentiam,
1460 3859 1586 3917 quae
1617 3842 1669 3897 in
1714 3836 1940 3895 materia
1974 3849 2081 3890 non
2123 3840 2227 3897 est,

616 3972 675 4021 et
715 3958 996 4017 nominum
1039 3962 1301 4023 personas
1347 3956 1475 3997 vere
1517 3944 1778 3994 constare
1818 3928 2125 3993 credimus,
2176 3930 2232 3981 et

622 4055 887 4113 unitatem
915 4042 1217 4104 divinitatis
1246 4053 1368 4096 esse
1400 4043 1683 4091 testamur.

695 4147 806 4204 Nec
837 4139 1215 4200 extensionem
1246 4130 1417 4205 partis
1444 4126 1678 4195 alicujus
1702 4137 1771 4179 ex
1803 4117 2003 4187 Patre(
2029 4123 2086 4170 ut
2112 4112 2231 4184 qui-

627 4244 754 4303 dam
783 4231 1153 4312 putaverunt)
1195 4227 1293 4285 Dei
1325 4223 1523 4281 Filium
1555 4218 1819 4283 dicimus,
1856 4226 1960 4268 nec
2001 4209 2228 4264 verbum

626 4338 747 4400 sine
774 4352 856 4402 re,
887 4342 945 4388 ut
976 4330 1124 4387 velut
1166 4338 1359 4381 sonum
1393 4317 1543 4374 vocis
1585 4312 1888 4383 accipimus
1926 4323 1940 4359 :
1989 4302 2086 4359 sed
2130 4300 2227 4356 tria

625 4436 870 4499 nomina,
905 4438 961 4485 et
992 4439 1104 4483 tres
1137 4432 1397 4495 personas
1427 4413 1588 4470 unius
1618 4422 1739 4466 esse
1768 4403 2045 4467 essentia),
2071 4397 2231 4454 unius

628 4494 931 4603 maiestatis
984 4529 1146 4592 atque
1174 4510 1434 4587 potentia:
1459 4504 1754 4563 credimus.
1801 4499 1867 4553 Et
1908 4494 2031 4551 ideo
2065 4506 2230 4547 unum

633 4628 805 4684 Deum
844 4617 1198 4677 confitemur,
1252 4604 1379 4678 quia
1428 4600 1607 4657 unitas
1653 4592 1822 4665 majes

630 4715 898 4778 vocabulo
925 4712 1060 4768 deos
1090 4701 1348 4778 prohibet
1388 4691 1676 4767 appellari.

708 4808 952 4880 Denique
981 4774 1199 4859 Patrem
1230 4804 1287 4852 et
1320 4791 1519 4849 Filium
1549 4782 1818 4842 catholico
1863 4774 2232 4837 nominamus,

628 4908 771 4969 duos
792 4910 973 4960 autem
998 4897 1132 4953 deos
1153 4892 1338 4950 dicere
1361 4901 1464 4943 nec
1489 4890 1798 4956 possumus,
1818 4887 1919 4929 nec
1939 4870 2235 4931 debemus;

632 5019 743 5063 non
774 4996 918 5071 quod
949 4992 1121 5049 Filius
1148 4985 1244 5043 Dei
1275 4984 1417 5039 Deus
1449 4992 1554 5033 non
1585 4974 1677 5041 sit,
1712 4971 1878 5025 immo
1907 4977 2069 5021 verus
2093 4961 2238 5017 Deus

633 5055 843 5157 dte-Deo
872 5103 1004 5145 vero
1037 5102 1051 5139 :
1084 5080 1183 5138 sed
1228 5077 1355 5149 quia
1396 5086 1503 5128 non
1543 5067 1790 5128 aliunde,
1823 5075 1983 5131 quam
2010 5058 2081 5113 de
2113 5055 2235 5126 ipso

632 5206 743 5250 uno
775 5189 936 5244 Patre
962 5176 1064 5235 Dei
1095 5173 1286 5229 Filium
1317 5165 1592 5229 novimus,
1616 5156 1848 5232 perinde
1876 5169 2039 5209 unum
2064 5150 2236 5206 Deum

630 5241 886 5341 dicimus.
918 5272 1031 5329 Hoc
1055 5266 1201 5325 enim
1247 5258 1548 5333 prophetae,
1583 5254 1684 5309 hoc
1720 5246 1955 5321 apostoli
1999 5241 2240 5301 tradide-

630 5386 784 5441 runt,
817 5373 921 5426 hoc
964 5367 1081 5437 ipse
1120 5356 1383 5416 Dominus
1421 5348 1630 5415 docuit,
1667 5360 1791 5401 cum
1834 5341 1968 5397 dicit
1998 5358 2011 5395 :
2048 5337 2164 5413 Ego
2192 5346 2238 5391 et

632 5434 796 5528 Pater
824 5434 1186 5520 unumvsumus
1208 5450 1408 5525 (Joan.
1441 5461 1496 5512 ς,
1520 5442 1590 5500 50
1610 5440 1651 5513 ).
1680 5439 1856 5496 Unum
1876 5435 1941 5490 ad
1971 5434 2235 5489 unitatem

633 5555 968 5619 divinitatis,
1017 5559 1075 5606 ut
1113 5545 1256 5612 dixi,
1306 5540 1472 5597 refert
1505 5554 1519 5591 :
1552 5549 1732 5590 sumus
1775 5536 1957 5585 autem
1988 5525 2239 5598 personis

627 5652 892 5724 assignat.
923 5643 1032 5703 Sed
1073 5649 1133 5699 et
1176 5633 1474 5711 Apostolus
1503 5631 1581 5684 ait
1624 5646 1637 5682 :
1694 5623 1842 5681 Unus
1885 5630 1987 5689 est,
2031 5620 2236 5691 inquit,

709 5824 735 5852 ιι
766 5809 891 5867 Mss.
919 5804 1052 5859 Lmt.
1081 5806 1135 5854 et
1158 5795 1324 5867 Tell.,
1350 5805 1443 5865 ego
1469 5787 1824 5867 suscipiomec
1853 5789 1943 5835 aut
1973 5779 2239 5850 Opinione,

638 5898 746 5951 etc.
766 5861 971 5941 melius
998 5884 1189 5929 omnes
1220 5865 1354 5923 edit.
1383 5861 1447 5918 ut
1473 5861 1528 5916 in
1562 5867 1734 5915 textu.

2318 1852 2626 1924 disputator
2654 1850 2936 1909 abscedat.

2386 1944 2614 2002 CAPUT
2649 1942 3016 2000 PRIMUM.—
3044 1942 3237 1997 Multas
3263 1938 3490 2011 quidem
3520 1946 3572 1994 et
3600 1950 3757 2008 graves
3775 1937 3839 1988 tua.

2318 2056 2469 2097 reses
2499 2040 2750 2096 novimus
2770 2054 2800 2093 a
2830 2036 3079 2109 plurimis
3104 2034 3352 2102 ebullire,
3376 2043 3433 2088 et
3455 2031 3644 2087 veneni
3666 2030 3781 2094 vice,
3802 2028 3837 2081 ad

2320 2135 2565 2190 intimum
2595 2143 2780 2203 pectus
2797 2129 3041 2186 canceris
3063 2127 3147 2184 sui
3169 2128 3317 2183 virus
3340 2120 3838 2179 infunderezsedrinci

2318 2228 2398 2285 illi
2430 2229 2512 2283 vel
2542 2226 2699 2282 facile
2728 2234 2976 2297 possunt,
3002 2222 3084 2279 vel
3110 2220 3266 2277 facile
3289 2217 3481 2285 vitari,
3506 2231 3713 2289 quorum
3733 2214 3838 2282 prinu

2320 2321 2693 2394 propositione
2708 2334 2873 2376 omne
2896 2318 3180 2374 consilium
3207 2314 3445 2386 pectoris
3470 2309 3838 2384 proditur.Atn:-

2321 2430 2383 2471 ro
2406 2414 2441 2469 ii
2462 2414 2657 2485 quibus
2678 2412 2847 2468 multa
2872 2410 3156 2466 nobiscum
3182 2406 3331 2478 paria
3350 2412 3507 2470 sunt,
3529 2403 3672 2459 facile
3690 2410 3841 2471 possm

2322 2507 2575 2563 innoxias
2619 2513 2867 2571 mentes,
2903 2512 2958 2559 et
3002 2502 3101 2559 soli
3138 2501 3250 2556 Deo
3279 2498 3537 2564 deditas,
3584 2493 3840 2550 fraudulenta

2319 2603 2583 2659 societate
2606 2609 2917 2671 percutere,
2945 2596 3074 2653 dum
3108 2594 3376 2650 malorum
3412 2605 3635 2647 suorum
3657 2587 3841 2655 virusper

2322 2697 2465 2752 bona
2498 2704 2681 2750 nostra
2718 2691 3036 2747 defendunt.
3069 2688 3213 2744 Nihil
3251 2687 3400 2743 enim
3440 2680 3764 2756 periculosius
3790 2678 3839 2731 his

2325 2788 2595 2845 haereticis
2636 2801 2757 2842 esse
2804 2793 3018 2855 potest,
3063 2781 3155 2852 qui
3197 2794 3319 2837 cum
3363 2778 3579 2847 integre
3617 2788 3698 2845 per
3725 2770 3840 2824 omnia

2324 2884 2660 2946 decurrant;
2705 2895 2813 2935 uno
2860 2889 3039 2933 tamen
3076 2878 3281 2941 verbo,
3332 2886 3399 2927 ac
3446 2872 3493 2925 si
3524 2865 3695 2924 veneni
3716 2873 3839 2936 gutta,

2327 2993 2531 3034 meram
2563 2975 2707 3031 illam
2732 2988 2796 3029 ac
2822 2970 3128 3043 simplicem
3163 2967 3322 3024 fidem
3351 2962 3667 3029 Dominicae,
3686 2968 3728 3014 et
3747 2956 3842 3012 exin-

2326 3071 2395 3128 de
2425 3068 2738 3142 apostolica:
2772 3062 3083 3122 traditionis
3118 3060 3387 3116 inficiunt.

2252 3174 2297 3236 C
2402 3137 2559 3221 Unde
2592 3161 2946 3218 vehementer
2976 3155 3133 3212 nobis
3161 3151 3475 3209 cavendum
3508 3157 3611 3214 est,
3647 3160 3703 3201 ne
3729 3156 3771 3197 se
3792 3137 3842 3193 vel

2329 3256 2583 3315 sensibus
2615 3255 2699 3311 vel
2728 3253 2950 3308 auribus
2992 3249 3196 3304 nostris
3244 3242 3567 3317 bujusmodi
3607 3235 3768 3309 aliquid
3795 3232 3841 3286 lt-

2330 3362 2509 3411 tenter
2549 3350 2819 3415 insinuet;
2866 3348 2992 3419 quia
3036 3342 3169 3399 nihil
3214 3353 3324 3397 tam
3369 3340 3522 3411 cogit
3563 3338 3613 3392 in
3653 3340 3840 3389 mortem.

2328 3462 2489 3520 quam
2516 3445 2618 3501 sub
2646 3444 2879 3500 obtentu
2910 3439 3035 3496 fidei
3068 3438 3231 3495 fidem
3261 3435 3494 3491 violare.
3530 3432 3595 3490 Ut
3622 3430 3741 3486 enim
3762 3438 3841 3495 gyp-

2329 3556 2447 3596 sum
2481 3553 2617 3610 aqua
2652 3535 2979 3607 permixtum
3028 3533 3111 3587 lae
3158 3531 3345 3587 colore
3388 3525 3673 3589 mentitur,
3708 3522 3763 3574 ita
3793 3514 3841 3567 hic

2330 3648 2429 3705 per
2455 3629 2811 3688 verisimilem
2847 3625 3249 3682 confessionem
3308 3620 3534 3677 traditio
3565 3616 3747 3674 inimica
3769 3622 3842 3675 sng-

2329 3728 2559 3802 geritur.
2592 3725 2706 3795 Qua
2737 3723 2807 3780 de
2848 3737 2910 3779 re
2947 3736 3054 3777 non
3084 3715 3387 3775 similitudo
3420 3707 3764 3771 confessionis,
3785 3698 3840 3755 sed

2330 3839 2529 3881 sensus
2569 3820 2771 3877 mentis
2808 3827 2891 3875 est
2918 3814 3327 3889 ponderandus,
3356 3826 3467 3885 quo
3509 3804 3747 3866 confessio
3774 3799 3841 3867 itst

2332 3916 2600 3973 firmatur.

2418 4010 2661 4079 Denique
2704 4007 2751 4064 si
2794 4004 3110 4078 diligentius
3154 4012 3209 4060 et
3253 4000 3567 4059 accuratius
3607 3988 3841 4050 attendatis.

2333 4120 2428 4161 cur
2452 4100 2725 4160 voluerint
2765 4099 2835 4156 de
2864 4097 3178 4169 evangelica
3210 4106 3264 4152 et
3301 4094 3601 4165 apostolica
3629 4087 3732 4151 fide,
3752 4090 3791 4137 et
3804 4078 3841 4131 de

2334 4198 2555 4254 Patrum
2588 4194 2885 4251 traditione
2924 4189 3090 4265 348
3117 4187 3451 4259 ,substantim
3468 4200 3658 4242 nomen
3692 4172 3841 4235 auferri.

2337 4293 2521 4366 procul
2542 4291 2708 4348 dubio
2739 4287 2985 4361 probatis
3013 4285 3267 4342 lueresim
3295 4282 3555 4338 Arianam
3583 4274 3843 4335 subtilicom-

2338 4385 2539 4459 pendio
2568 4384 2890 4450 breviatam,
2924 4380 3139 4437 sublato
3166 4376 3272 4434 hoc
3299 4375 3523 4433 nomine
3544 4366 3840 4430 intromissa».

2335 4458 2446 4541 Nec
2476 4484 2579 4538 hoc
2605 4480 2823 4553 quidem
2856 4479 2883 4508 ⁸
2914 4491 3017 4548 ego
3050 4474 3365 4546 suspicione
3407 4478 3502 4527 aut
3535 4467 3753 4540 opinione
3773 4458 3841 4512 col-

1828 4589 1953 4646 tatis
1995 4585 2227 4661 plurium
2255 4572 2310 4635 Ι)
2335 4582 2537 4638 lectum
2563 4576 2803 4642 affirmo,
2839 4589 2942 4630 nec
2970 4574 3044 4627 uti
3086 4571 3186 4642 ipsi
3219 4577 3431 4641 putant,
3455 4552 3841 4623 academicusdir

2338 4683 2558 4747 putator
2588 4670 2817 4737 assiste,
2852 4676 2909 4723 nt
2939 4665 3219 4736 simplices
3260 4677 3457 4719 sensus
3492 4658 3747 4716 verborum
3766 4644 3841 4701 sul!-

2340 4771 2535 4826 tilitate
2578 4777 2973 4836 contorqueam
3010 4779 3024 4818 :
3059 4760 3159 4817 sed
3207 4768 3267 4815 ut
3312 4766 3592 4815 contortos
3635 4758 3685 4810 et
3717 4754 3840 4820 Ρητοέ

2341 4864 2487 4921 tenui
2530 4866 2854 4933 argumento
2901 4854 3241 4927 compositos
3290 4852 3343 4908 in
3390 4851 3568 4907 lucem
3610 4835 3841 4915 cognitionis

2340 4970 2650 5028 exponam;
2694 4967 2802 5025 quo
2847 4950 3062 5006 facilius
3096 4946 3270 5019 possit
3298 4945 3515 5018 cognita
3557 4949 3611 4999 et
3650 4937 3840 5004 corripe”3

2339 5050 2599 5122 iniquitas
2629 5047 2697 5104 ab
2726 5044 3038 5102 hominibus
3064 5040 3281 5097 evitari.

2412 5147 2543 5215 Quae
2575 5142 2779 5199 etenim
2811 5155 2998 5205 causa,
3024 5136 3052 5177 ι’
3074 5152 3267 5209 quaeve
3293 5132 3438 5191 ratio
3464 5127 3672 5194 exstitit,
3699 5108 3840 5186 ιιιτιυοδ

2280 5244 2283 5247 “
2341 5238 2647 5298 docendum
2677 5276 2691 5303 ,
2740 5244 2795 5290 et
2837 5232 2981 5305 quod
3033 5204 3370 5287 credendum
3423 5221 3625 5282 cunctis
3668 5204 3841 5272 Ecclele

2341 5336 2523 5393 fuerat
2571 5330 2865 5396 traditum,
2906 5327 3163 5399 quodque
3203 5325 3394 5381 Patres
3444 5319 3609 5379 nostri
3647 5299 3842 5387 apostolici

2346 5431 2452 5487 viri
2480 5438 2672 5487 contra
2702 5424 2986 5481 universas
3012 5421 3273 5487 haereses,
3310 5428 3367 5475 et
3406 5416 3631 5473 maxime
3648 5404 3841 5466 Minoam,

2345 5525 2499 5597 quasi
2526 5519 2817 5595 quemdam
2845 5517 3057 5575 obicem
3089 5513 3370 5579 veritatis,
3398 5525 3510 5583 quo
3534 5517 3699 5564 omnes
3730 5492 3842 5551 aditus

2350 5583 2626 5690 pestifera:
2680 5612 2951 5671 doctrina:
3000 5610 3393 5674 obstrucrent,
3442 5607 3467 5637 °
3516 5609 3686 5659 sancto
3708 5583 3839 5661 Spitil'

2416 5773 2444 5814 ι)
2485 5773 2624 5829 Tell.
2658 5770 2783 5826 cod.
2814 5781 2869 5824 et
2898 5768 3145 5831 Amerb.,
3178 5782 3293 5839 qua:
3316 5782 3434 5839 vera
3461 5764 3588 5839 ratio
3611 5752 3759 5839 existit.

2418 5856 2440 5884 ε
2486 5844 2750 5917 Vigiliana
2783 5842 2945 5912 edit.,
2978 5832 3387 5914 Spiritu'sancto
3408 5832 3648 5892 inundati.
