3970 6316
155 242 255 301 553

1058 237 1148 298 DE
1188 236 1347 298 FIDE
1386 233 1815 297 ORTIIODOXA
1859 235 2133 295 CONTRA
2178 232 2501 297 ARIANOS.

3334 250 3441 308 554

154 357 403 424 mandati,
434 353 696 413 catholica
723 353 939 412 ratione
965 364 1288 428 posuerunt,
1325 370 1431 411 non
1456 355 1575 410 sine
1603 369 1719 408 ma-
1751 356 1806 416 Α
1830 352 2051 407 aliunde
2076 368 2237 427 quam
2264 353 2333 409 de
2365 364 2594 425 paterno
2624 364 2865 427 pectore,
2887 364 2962 427 et,
2993 366 3054 417 ut
3078 360 3149 417 ita
3182 361 3439 436 dixerim,

151 468 249 527 gno
278 452 394 507 nisu
424 452 487 505 ah
516 450 620 516 his,
659 450 752 520 qui
782 456 810 486 ι
850 451 1028 521 elogio
1078 451 1300 505 Arianae
1345 448 1487 503 labis
1521 446 1725 502 addicti

148 554 286 609 sunt,
314 544 582 600 laboretur
607 542 842 608 auferri;
875 543 980 598 nisi
1025 550 1082 598 ut
1120 543 1319 598 Filium
1352 541 1449 598 Dei
1492 539 1727 596 mutabi-

149 640 247 695 lem
276 645 330 693 et
356 636 784 704 eonvertibilem,
817 646 873 693 ut
907 646 1033 706 pote
1061 652 1169 693 non
1199 636 1268 692 de
1295 636 1514 707 propria
1546 635 1723 691 Patris

145 730 429 787 substantia
459 730 769 785 constitisse
792 729 1107 800 contingant
1136 745 1148 783 :
1183 729 1273 784 cui
1302 738 1357 785 et
1398 728 1612 783 initium
1654 741 1724 783 ex

146 836 397 896 tempore,
428 834 479 883 et
504 835 683 881 ortum
724 840 794 882 ex
838 824 1039 889 nihilo.
1070 838 1270 879 nomen
1317 838 1383 880 ex
1422 822 1629 889 altero,
1665 832 1726 878 ut

144 936 344 991 semper
390 920 723 989 docuerunt,
773 931 996 991 prepter
1023 919 1167 991 quod
1213 928 1270 974 et
1308 934 1454 990 saepe
1484 918 1724 974 damnati

142 1023 277 1081 sunt,
320 1028 461 1068 nunc
494 1012 606 1083 jam
637 1013 841 1080 libere,
873 1021 927 1068 et
964 1027 1190 1079 secure,
1232 1012 1724 1082 incunctanterque

142 1107 388 1163 Ecclesiis
418 1106 631 1162 tradere
662 1115 717 1161 et
745 1105 1032 1163 insinuare
1061 1108 1274 1179 possint
1308 1106 1331 1161 2

201 1198 422 1255 CAPUT
464 1198 526 1253 ll.
555 1228 626 1238 —
658 1197 868 1253 Videtis
890 1214 1023 1270 ergo
1062 1199 1245 1253 omnia
1278 1212 1374 1254 eos
1401 1199 1452 1252 in
1489 1207 1720 1253 tractatu

142 1296 388 1367 ipsorum,
407 1310 511 1350 non
533 1294 850 1366 evangelica
872 1294 993 1361 ﬁde,
1012 1294 1109 1349 sed
1133 1294 1363 1350 subdola
1382 1294 1723 1361 malignitate

138 1389 199 1443 ad
224 1388 555 1445 seducendos
572 1388 849 1459 simplices
864 1403 1109 1459 quosque
1140 1388 1411 1459 posuisse.
1442 1387 1561 1443 Non
1598 1388 1711 1458 jam

140 1492 237 1539 tam
258 1491 587 1553 suspectum,
607 1498 770 1554 quam
816 1482 1163 1538 manifestum
1196 1482 1449 1537 omnibus
1468 1496 1591 1537 esse
1619 1481 1721 1537 de-

139 1578 218 1633 bet
239 1578 308 1632 ita
344 1591 440 1633 eos
469 1576 640 1632 Deum
671 1576 741 1631 de
772 1577 882 1631 Deo
922 1576 1201 1646 posuisse,
1233 1584 1294 1630 ut
1320 1576 1483 1631 Arius
1507 1575 1722 1631 tradere

137 1670 353 1736 solebat,
370 1680 427 1726 ut
444 1686 513 1727 ex
531 1671 646 1728 Deo
669 1670 844 1726 factus
872 1672 964 1739 sit,
986 1685 1093 1725 non
1114 1686 1179 1726 ex
1206 1670 1317 1726 Deo
1339 1678 1519 1724 natus.
1542 1669 1643 1737 Qui
1674 1669 1719 1724 si

1828 444 1896 499 de
1943 453 2101 501 utero
2148 447 2331 502 cordis
2378 448 2471 503 Dei
2524 450 2803 506 credimus
2837 462 3047 508 natum.
3091 455 3159 510 Et
3206 460 3438 528 proinde

1826 554 1948 595 eum
1976 555 2161 611 regem
2190 540 2448 611 appellat,
2479 545 2603 613 quia
2633 544 2751 614 ipse
2771 554 2856 601 est
2886 562 2983 603 rex
3011 562 3233 619 regum:
3260 552 3431 608 Deum

1829 632 2143 713 Dominum,
2174 635 2261 689 cui
2292 635 2473 691 omnia
2503 637 2685 694 divina
2720 655 2889 710 opera
2927 644 3309 713 succumbunt,
3343 651 3438 719 qui

1825 728 1966 785 dixit
2008 747 2021 783 :
2077 729 2265 785 Omnia
2313 746 2427 799 qua:
2481 729 2642 787 Pater
2691 734 2863 802 habet,
2911 753 3023 793 mea
3076 751 3198 794 sunt
3249 741 3435 813 (Joan.

1827 839 1915 879 xvr
1936 866 1951 891 ,
1992 825 2109 896 15).

1901 928 1976 985 De
2024 929 2126 985 hoc
2154 940 2209 987 et
2232 930 2575 1004 Evangelista
2606 948 2619 985 :
2650 930 2717 987 In
2748 933 3006 1005 principio
3026 978 3039 1002 ,
3082 937 3281 1009 inquit,
3328 950 3438 995 erat

1837 1020 2078 1089 Verbum,
2125 1033 2173 1078 et
2213 1022 2435 1079 Verbum
2474 1034 2584 1079 erat
2623 1026 2765 1096 apud
2802 1023 2994 1092 Deum,
3039 1038 3086 1084 et
3134 1028 3277 1087 Deus
3324 1043 3437 1087 erat

1833 1113 2075 1169 Verbum.
2108 1114 2296 1171 Omnia
2324 1134 2415 1187 per
2439 1118 2609 1190 ipsum
2637 1123 2777 1189 facta
2806 1131 2947 1183 sunt,
2974 1131 3021 1175 et
3045 1123 3155 1177 sine
3177 1125 3294 1195 ipso
3321 1130 3433 1195 fac—

1826 1218 1932 1261 tum
1980 1218 2054 1263 est
2094 1208 2229 1263 nihil
2259 1209 2461 1281 (Joan.
2513 1227 2572 1276 l,
2618 1211 2644 1265 1
2695 1220 2743 1265 et
2786 1228 2891 1281 seq.
2918 1212 2963 1283 ).
3008 1215 3177 1285 Igitur
3202 1218 3344 1287 quod
3380 1220 3435 1273 in

1827 1299 2090 1371 principio
2135 1311 2276 1369 erat,
2323 1318 2542 1374 semper
2589 1303 2758 1360 fuisse
2795 1304 3123 1362 credendum
3167 1320 3294 1365 est:
3336 1313 3434 1368 sed

1826 1409 1929 1448 nec
1958 1394 2180 1451 aliunde
2219 1410 2365 1459 esse,
2397 1412 2559 1467 quam
2600 1411 2664 1452 ex
2698 1412 2764 1453 eo
2804 1399 2895 1469 qui
2945 1401 3276 1470 principium
3326 1419 3434 1461 non

1826 1486 2013 1554 habet,
2048 1487 2100 1542 id
2126 1497 2233 1554 est,
2265 1489 2333 1545 de
2354 1490 2521 1545 corde
2542 1488 2755 1556 Patris;
2785 1493 2911 1563 quia
2938 1497 3208 1562 eructavit,
3236 1498 3436 1568 inquit,

1826 1598 1915 1637 cor
1944 1599 2118 1636 meum
2168 1581 2386 1639 Verbum
2415 1588 2604 1640 bonum
2636 1584 2811 1657 (Psal.
2841 1604 2991 1655 κων,
3020 1590 3097 1661 2).
3136 1590 3252 1647 Non
3287 1594 3434 1649 enim

1826 1674 1965 1731 dixit
1994 1693 2007 1730 :
2038 1674 2097 1731 In
2130 1677 2398 1747 principio
2426 1677 2625 1733 factum
2655 1688 2741 1735 est
2767 1678 3035 1748 Verbum;
3076 1682 3173 1739 sed
3206 1685 3258 1739 in
3287 1687 3436 1755 prin-

136 1773 286 1820 natus
318 1773 423 1833 est,
453 1764 613 1820 unius
642 1764 965 1820 substantia:
996 1772 1117 1819 est:
1149 1764 1196 1819 si
1227 1764 1400 1819 lactus
1426 1773 1532 1827 est,
1556 1777 1720 1818 verus
1751 1748 1799 1810 Β
1828 1772 1987 1840 cipio,
2017 1772 2212 1843 inquit,
2249 1782 2362 1827 erat
2396 1771 2643 1826 Verbum.
2676 1772 3073 1847 Quodcumque
3100 1748 3432 1847 principium

136 1857 296 1912 Filius
319 1872 425 1912 non
455 1866 538 1913 est
563 1874 576 1911 :
610 1866 665 1913 et
690 1857 735 1913 si
767 1872 932 1912 verus
958 1856 1129 1912 Filius
1158 1872 1267 1911 non
1297 1864 1403 1923 est,
1434 1870 1537 1912 nec
1562 1870 1720 1911 verus

137 1953 266 2008 Deus
290 1962 374 2009 est
410 1967 423 2005 :
470 1959 566 2007 aut
605 1952 649 2007 si
682 1966 848 2006 verus
879 1950 1024 2006 Deus
1068 1958 1179 2018 est,
1221 1958 1276 2006 et
1304 1949 1373 2005 de
1410 1948 1570 2005 Patre
1610 1964 1717 2003 non

133 2054 225 2111 est,
266 2044 370 2100 duo
412 2052 542 2101 sunt
583 2042 849 2099 habentes
895 2043 1094 2115 singuli
1140 2054 1198 2100 et
1234 2044 1542 2099 voluntates
1592 2058 1719 2113 pro-

132 2141 285 2209 prias,
326 2150 382 2196 et
412 2140 635 2212 imperia
666 2139 882 2196 diversa
914 2156 929 2195 :
966 2137 1052 2194 vel
1088 2138 1133 2194 si
1171 2138 1466 2195 concordia
1509 2147 1717 2193 tantum

131 2245 181 2289 ct
222 2236 477 2294 societate
519 2254 685 2294 unum
724 2248 894 2304 sunt,
940 2252 1046 2293 non
1093 2245 1271 2293 tamen
1317 2244 1373 2293 et
1412 2236 1715 2292 substantia

131 2346 299 2396 verus,
341 2342 400 2389 ut
430 2333 543 2404 jam
584 2332 719 2401 dixi,
768 2333 915 2389 Deus
957 2348 1067 2388 non
1111 2342 1216 2389 est.

193 2428 277 2485 Sic
314 2429 419 2485 erit
444 2428 617 2495 Deus,
644 2438 705 2484 ut
734 2429 949 2500 Moyses
977 2428 1256 2485 Pharaoni
1283 2428 1483 2503 (Exod.
1509 2445 1603 2496 vn,
1638 2430 1715 2502 l),

129 2529 403 2591 potestate,
435 2536 542 2576 non
573 2536 781 2593 genere
813 2538 828 2576 :
861 2520 1033 2578 Filius
1060 2538 1279 2594 quoque
1310 2523 1382 2578 ita
1410 2522 1718 2580 credendus

126 2612 238 2679 crit,
271 2622 326 2668 ut
354 2628 453 2685 per
502 2612 723 2691 Esaiam
769 2615 973 2685 popqu
1014 2614 1222 2672 dictum
1252 2625 1334 2672 est
1365 2633 1379 2671 :
1411 2615 1583 2671 Filios
1622 2634 1715 2688 ge-

124 2709 207 2761 nui
242 2716 289 2762 et
322 2708 545 2763 exaltari
570 2706 744 2780 (Esai.
779 2724 832 2777 ι,
858 2708 952 2781 2);
985 2719 1039 2765 et
1064 2710 1193 2766 alibi
1226 2726 1240 2763 :
1273 2708 1364 2763 Dii
1388 2710 1508 2765 estis
1536 2718 1587 2765 et
1616 2709 1717 2780 filii

124 2802 362 2857 ΛιιὶεεὶΜὶ
381 2818 562 2858 omnes
584 2802 764 2876 (Psal.
792 2819 977 2870 um,
1002 2804 1082 2875 6).
1111 2803 1218 2861 Sed
1241 2814 1297 2861 et
1319 2805 1715 2875 primogenitus

124 2897 187 2952 ita
215 2897 517 2962 habebitur,
541 2896 817 2968 quomodo
847 2904 904 2952 et
932 2895 1096 2952 Israel
1122 2912 1153 2951 a
1177 2896 1291 2952 Deo
1320 2897 1715 2968 primogenitus

126 2992 254 3046 lilius
282 2992 586 3063 appellatus
612 3000 698 3049 est
734 2988 936 3063 (Exod.
970 3005 1046 3059 iv,
1078 2990 1196 3061 2‘2).
1228 2990 1339 3047 Nec
1378 3007 1484 3047 non
1516 3000 1572 3047 et
1601 2990 1713 3061 pri-

121 3085 410 3156 mogenitus
442 3086 608 3141 totius
634 3092 925 3153 creaturae,
949 3082 1108 3156 quasi
1136 3084 1190 3140 in
1223 3084 1413 3141 ordine
1438 3084 1704 3140 factorum

1824 1861 1994 1918 Verbi
2040 1862 2325 1934 assignare
2370 1863 2644 1929 volueris,
2695 1864 3116 1935 praejudicatum
3167 1868 3431 1938 habebis,

1822 1956 1947 2027 quia
1974 1958 2031 2011 in
2061 1958 2337 2029 principio,
2370 1957 2566 2029 inquit,
2593 1970 2726 2013 erat.

1893 2057 2059 2131 35.9
2083 2058 2201 2114 Non
2232 2058 2376 2129 quod
2421 2058 2531 2114 duo
2571 2058 2840 2131 principia
2873 2076 2942 2116 ex
2986 2076 3168 2118 rerum
3198 2063 3430 2120 diversi-

1825 2160 1935 2206 tate
1982 2152 2247 2219 dicamus,
2294 2152 2391 2207 sed
2435 2154 2561 2224 quia
2588 2152 2782 2208 Sermo
2812 2152 2985 2210 Filius
3030 2170 3250 2227 semper
3304 2172 3427 2213 cum

1822 2243 1985 2299 Patre
2013 2252 2119 2309 est,
2149 2254 2206 2300 et
2251 2245 2321 2301 de
2352 2244 2514 2300 Patre
2544 2256 2703 2301 natus
2750 2255 2854 2302 est.
2892 2249 2969 2302 Ac
2999 2249 3231 2319 proinde
3272 2251 3430 2321 cujus

1820 2336 1976 2407 origo
1998 2337 2324 2407 principium
2351 2352 2461 2393 non
2494 2338 2679 2404 habet,
2710 2339 3082 2410 sempiternus
3113 2356 3235 2396 cum
3267 2342 3429 2398 Patre

1820 2429 2131 2487 credendus
2157 2440 2271 2496 est;
2306 2432 2434 2502 quia
2475 2446 2577 2486 nec
2602 2431 2765 2487 Pater
2799 2442 2981 2502 potest
3011 2450 3266 2505 umquam
3306 2435 3428 2492 sine

1820 2522 1961 2579 Filio
1992 2524 2285 2587 nominari,
2317 2538 2419 2580 nec
2446 2523 2619 2579 Filius
2648 2525 2769 2580 sine
2797 2524 2959 2581 Patre
2988 2526 3170 2582 vocari
3196 2544 3209 2580 :
3241 2543 3305 2583 ac
3329 2542 3427 2598 per

1820 2620 1925 2675 hoc
1954 2635 2173 2691 semper
2197 2618 2392 2688 Filius,
2420 2619 2545 2690 quia
2574 2635 2796 2690 semper
2822 2621 3005 2677 Pater.

1893 2714 1961 2769 Et
2004 2712 2170 2781 Deus,
2219 2714 2420 2785 inquit,
2448 2724 2559 2769 erat
2607 2714 2855 2769 Verbum.
2912 2714 3067 2783 Quod
3117 2715 3262 2769 Deus
3300 2726 3407 2782 est,

1816 2821 2037 2878 semper
2053 2814 2165 2872 est;
2196 2822 2264 2862 ne
2288 2806 2333 2861 si
2350 2820 2571 2876 semper
2597 2823 2703 2860 non
2730 2806 2912 2872 fuerit,
2941 2821 3105 2861 verus
3134 2806 3279 2861 Deus
3299 2821 3425 2863 esse

1817 2915 1926 2955 non
1954 2900 2148 2970 possit,
2178 2899 2337 2954 sicuti
2369 2906 2426 2954 et
2464 2898 2517 2952 iu
2546 2897 2766 2969 Sophiae
2794 2898 3041 2965 nomine,
3074 2898 3199 2968 quia
3228 2914 3425 2955 secun-

1816 2993 1944 3048 dum
1968 2990 2293 3062 Apostolum
2318 2993 2433 3060 ipse
2454 3001 2537 3045 est
2560 2990 2837 3059 Sapientia
2855 2990 3101 3064 Patris(l
3119 2989 3288 3057 Com,
3303 2992 3421 3065 24).

1814 3083 1954 3157 Ego,
1987 3085 2182 3155 inquit,
2218 3098 2280 3138 ea:
2306 3099 2393 3138 ore
2423 3082 2681 3139 Altissimi
2721 3083 2922 3155 prodiri
2952 3082 3133 3153 (Eccl.
3159 3101 3307 3151 xxw,
3332 3086 3421 3157 5).

119 3180 493 3251 primogenitus
524 3179 820 3245 habeatur;
855 3187 914 3233 ut
958 3193 1027 3235 ex
1055 3193 1125 3235 eo
1169 3179 1369 3236 seriem
1412 3179 1703 3251 quamdam
1733 3149 1779 3215 Ο
1811 3178 1929 3235 Non
1958 3193 2089 3248 ergo
2118 3176 2337 3231 aliunde
2367 3191 2528 3247 quam
2556 3176 2627 3233 de
2667 3176 2850 3241 Patre,
2884 3178 3011 3247 quia
3040 3192 3260 3248 semper
3290 3194 3417 3234 cuni

118 3272 348 3328 creandis
374 3272 563 3328 mundi
596 3272 763 3328 rebus
790 3272 1090 3344 assignent.

182 3364 418 3437 Denique
451 3366 668 3423 sublato
688 3364 976 3440 ὅμοούσιον,
1002 3366 1056 3422 id
1076 3375 1184 3435 est,
1207 3366 1368 3422 unius
1390 3366 1710 3422 substantia:

114 3455 139 3497 ι’
162 3459 436 3525 vocabulo,
452 3459 763 3535 ὁμοιούσιον,
781 3459 833 3515 id
853 3468 956 3525 est,
975 3458 1212 3514 similem
1245 3459 1440 3515 [actori
1472 3474 1595 3525 suo,
1616 3474 1711 3529 po-

115 3562 355 3621 suerunt;
386 3570 513 3611 cum
534 3555 685 3611 aliud
707 3555 779 3609 sit
798 3552 1124 3618 similitudo,
1153 3552 1301 3608 aliud
1324 3552 1550 3609 veritas.
1572 3551 1707 3608 Nam

115 3655 164 3702 et
196 3645 352 3704 homo
395 3648 467 3703 ad
506 3650 797 3719 imaginem
840 3659 897 3704 et
934 3647 1351 3703 similitudinem
1397 3646 1491 3702 Dei
1536 3646 1709 3703 factus

115 3749 191 3796 est
232 3742 384 3813 (Gen.
419 3758 459 3808 ι,
508 3741 630 3815 26),
678 3757 779 3798 nec
829 3752 1010 3798 tamen
1060 3742 1205 3798 Deus
1249 3749 1337 3796 est
1374 3758 1388 3795 :
1432 3755 1533 3796 nec
1562 3739 1708 3811 quod

116 3835 246 3893 Deus
277 3847 385 3905 est,
417 3836 584 3893 homo
618 3836 895 3893 exstitisse
931 3834 1242 3892 credendus
1271 3843 1376 3890 est.
1410 3834 1485 3888 Ita
1514 3843 1570 3889 et
1615 3831 1705 3887 Fi-

114 3928 232 3986 lium
263 3931 353 3988 Dei
381 3930 622 3987 similem
662 3932 877 3996 volunt,
921 3938 982 3985 ut
1023 3944 1147 3986 eum
1177 3928 1401 3984 aliunde
1446 3926 1702 3992 similem,

116 4042 212 4081 non
239 4026 305 4083 de
335 4027 451 4098 ipsa
482 4041 588 4081 una
614 4034 803 4082 sancta
828 4036 883 4081 et
908 4024 1068 4081 beata
1091 4024 1269 4079 Patris
1298 4022 1600 4078 substantia
1625 4021 1709 4077 (Ιί-

115 4129 244 4177 cant.
277 4122 377 4189 Qui
405 4122 452 4177 si
483 4121 553 4177 de
578 4120 752 4175 Patris
772 4118 1071 4175 substantia
1098 4133 1209 4175 non
1230 4127 1335 4183 est,
1356 4119 1408 4184 ἐξ
1432 4118 1519 4173 οὐκ
1547 4114 1706 4174 ὄντων

116 4227 218 4283 est,
250 4218 300 4273 id
348 4225 473 4285 est,
518 4232 591 4274 ex
641 4215 807 4272 nullis
849 4215 1211 4283 exstantibus,
1256 4222 1317 4270 ut
1360 4212 1502 4270 idem
1540 4214 1706 4271 Arius

117 4309 353 4375 tradidit;
381 4309 599 4366 sublato
629 4309 776 4365 enim
805 4322 876 4365 eo
903 4308 1047 4380 quod
1075 4308 1236 4364 Pater
1265 4315 1372 4375 est,
1404 4308 1705 4364 undecum—

117 4415 213 4470 que
239 4400 400 4457 l‘uerit
428 4401 618 4469 Filius,
652 4416 880 4459 necesse
910 4411 994 4457 est
1013 4410 1073 4457 ut
1100 4408 1155 4457 et
1177 4400 1390 4457 initium
1418 4416 1483 4457 ex
1508 4401 1701 4468 nihilo,

118 4502 165 4547 et
187 4503 359 4549 ortum
390 4509 453 4551 ex
488 4502 737 4565 tempore
765 4495 1002 4553 habeat:
1032 4494 1169 4551 nihil
1194 4494 1341 4551 enim
1370 4495 1489 4551 sine
1517 4495 1699 4563 initio,

119 4587 210 4644 nisi
243 4590 393 4644 solus
424 4589 589 4645 Deus.

185 4681 331 4738 Unde
375 4693 429 4738 et
473 4682 669 4747 Filius,
706 4683 851 4739 sicut
897 4685 1013 4755 ipse
1042 4684 1305 4741 Dominus
1336 4686 1414 4741 ait
1452 4702 1465 4740 :
1512 4684 1623 4756 Ego
1660 4694 1707 4739 et

120 4775 266 4834 Pater
310 4796 465 4834 unum
513 4796 698 4835 sumus
730 4778 910 4849 (Joan.
956 4795 1013 4845 χ,
1056 4780 1177 4851 30).
1207 4779 1363 4849 Quod
1394 4778 1518 4835 ideo
1546 4778 1703 4846 dixit,

121 4881 174 4926 ut
195 4871 413 4927 duarum
443 4886 805 4942 personarum
840 4883 863 4911 ο
907 4872 1168 4928 vocabula
1209 4874 1261 4928 in
1294 4873 1456 4929 unius
1486 4872 1706 4929 deitatis

122 4964 389 5034 majestate
432 4973 789 5031 monstraret,
845 4964 990 5021 sicut
1034 4974 1088 5021 et
1142 4966 1415 5037 Propheta
1460 4981 1524 5022 ex
1570 4981 1705 5023 voce

122 5055 252 5113 Dei:
286 5059 569 5125 Eructarit,
622 5060 817 5131 inquit,
869 5076 961 5115 cor
1001 5078 1171 5116 meum
1223 5061 1448 5118 Verbum
1492 5062 1701 5128 bonum,

122 5150 228 5206 dico
267 5169 356 5226 ego
393 5169 552 5224 opera
595 5170 710 5207 mea
737 5154 848 5226 regi
876 5153 1051 5225 (Psal.
1088 5170 1234 5221 xuv,
1269 5154 1345 5226 i).
1379 5154 1543 5211 Vides
1572 5170 1705 5227 ergo

124 5244 217 5301 hoc
258 5246 488 5305 Verbum
529 5248 733 5305 bonum
775 5248 975 5304 Filium
1048 5249 1143 5305 Dei
1193 5264 1338 5319 esse,
1387 5264 1549 5321 quem
1597 5264 1704 5307 non

190 5464 214 5491 ﬁ
252 5452 808 5527 Elogiumialiqnando
840 5455 979 5511 idem
1027 5453 1315 5527 signiﬁcat,
1362 5467 1425 5509 ac
1474 5452 1706 5511 formula

126 5527 355 5597 quantam
380 5526 875 5583 condemnaticnis.

190 5597 216 5636 δ
255 5598 327 5651 lta
366 5598 497 5654 edit.
526 5598 688 5655 Rom.
716 5609 769 5655 ct
794 5599 1057 5665 Cbilﬂet.;
1094 5606 1201 5655 vet.
1237 5605 1421 5655 autem
1449 5612 1515 5656 ac
1546 5612 1707 5664 mss.,

126 5671 356 5745 rocabulo
385 5670 601 5726 similem
631 5672 823 5745 gestari
852 5689 944 5726 suo
977 5678 1280 5745 posuerunt.

196 5752 218 5780 ε
269 5742 383 5797 Lm
423 5745 544 5799 cod.
571 5785 587 5809 ,
631 5740 881 5800 uocabula
929 5740 1083 5799 unius
1128 5740 1336 5799 deitatis
1382 5744 1709 5816 majestate":

127 5821 439 5870 monstraret.

638 5915 913 5978 Panos.
975 5912 1197 5991 XVII;

1814 3272 1994 3329 Patre.
2040 3270 2109 3326 Et
2137 3270 2264 3327 ideo
2312 3268 2594 3341 Sapientia
2642 3270 2737 3325 Dei
2790 3271 3120 3341 appellatur,
3155 3281 3211 3326 ut
3262 3288 3423 3327 num-

1812 3379 1975 3437 quam
2023 3364 2186 3420 Pater
2229 3364 2350 3418 sine
2380 3362 2682 3433 Sapientia,
2717 3363 2821 3418 hoc
2848 3372 2953 3430 est,
2988 3364 3108 3419 sine
3152 3363 3294 3419 Filio
3324 3380 3424 3420 suo

1812 3459 1983 3515 fuisse
2029 3456 2307 3514 credatur.
2358 3456 2485 3511 Hmc
2532 3465 2618 3511 est
2658 3456 2747 3511 illa
2792 3455 3070 3525 Sapientia
3095 3456 3418 3522 ineﬂabilis,

1811 3551 1837 3590 ιι
1863 3570 1984 3626 quae
2006 3552 2220 3608 initium
2251 3550 2457 3606 viarum
2489 3550 2585 3605 Dei
2609 3549 2751 3620 apud
2778 3548 3131 3606 Salomonem
3166 3552 3252 3606 vel
3276 3568 3410 3608 con-

1811 3651 1945 3716 dita,
1972 3651 2064 3705 vel
2082 3651 2286 3721 genita,
2307 3649 2391 3704 vel
2414 3656 2595 3705 creata
2618 3647 2948 3703 describitur
2967 3648 3151 3721 (Prov.
3167 3651 3413 3723 vmﬂﬁ);

1808 3760 1973 3814 quam
2000 3753 2182 3799 tamen
2205 3743 2285 3797 sic
2312 3741 2589 3797 conditam
2618 3740 2771 3807 dicit,
2805 3752 2863 3795 ut
2888 3756 3106 3811 semper
3132 3757 3251 3796 eam
3285 3758 3410 3798 cum

1812 3838 1924 3893 Deo
1957 3838 2124 3894 fuisse
2157 3834 2436 3892 ostendat.
2479 3834 2634 3903 Quod
2658 3834 2805 3891 enim
2838 3834 3053 3889 initium
3087 3836 3199 3890 Deo
3230 3836 3409 3903 dabis,

1811 3939 1871 3987 ut
1898 3931 2110 3986 initium
2159 3929 2335 4000 possis
2365 3928 2663 3999 Sapientia:
2697 3927 2867 3998 ipsius
2907 3927 3265 3999 consignare?
3291 3929 3409 3985 Non

1810 4025 1960 4081 enim
1987 4023 2061 4079 ita
2093 4024 2238 4078 Deus
2268 4022 2599 4093 Sapientiam
2631 4036 2781 4077 suam
2809 4020 3075 4089 condidit,
3100 4022 3255 4091 quasi
3304 4023 3374 4077 ali
3394 4054 3409 4064 -

1809 4117 2029 4189 quando
2050 4117 2170 4173 sine
2193 4116 2478 4188 Sapientia
2505 4115 2673 4171 fuerit
2703 4134 2717 4169 :
2770 4115 2865 4171 sed
2892 4130 3017 4171 cum
3047 4115 3257 4171 initium
3296 4118 3411 4173 via-

1809 4226 1933 4266 rum
1986 4224 2210 4265 suarum
2261 4208 2427 4276 dicat,
2485 4208 2701 4263 initium
2745 4217 2927 4263 motus
2965 4210 3149 4280 operis
3179 4209 3412 4277 alicujus

1807 4302 2066 4370 ostendit,
2098 4311 2159 4357 ut
2188 4301 2290 4357 hoc
2318 4301 2529 4356 initium
2561 4298 2761 4355 habeat
2792 4300 3074 4371 Sapientia
3110 4301 3230 4367 Dei,
3260 4303 3407 4373 quod

1808 4398 1877 4455 de
1920 4398 2029 4455 Deo
2058 4395 2332 4468 processit
2374 4394 2441 4449 ad
2479 4394 2716 4450 creanda
2764 4393 2968 4458 omnia,
3002 4402 3110 4449 tam
3161 4395 3408 4453 cmlestia

1806 4505 1967 4560 quam
1993 4488 2293 4556 terrestria,
2320 4500 2432 4542 non
2455 4500 2563 4556 quo
2584 4487 2817 4553 coeperit
2836 4499 2958 4541 esse
2983 4487 3033 4539 in
3057 4484 3187 4541 Deo.
3211 4484 3409 4542 Creata

1808 4593 1893 4639 est
1918 4596 2047 4653 ergo
2076 4580 2377 4651 Sapientia,
2403 4581 2569 4635 immo
2590 4579 2798 4650 genita,
2829 4593 2935 4633 non
2965 4576 3067 4633 sibi
3097 4593 3220 4649 qua:
3264 4594 3409 4635 sem-

1810 4694 1906 4747 per
1932 4686 2071 4743 erat,
2101 4675 2197 4732 sed
2229 4675 2314 4730 his
2334 4689 2457 4744 qum
2486 4672 2554 4728 ab
2585 4688 2649 4727 ea
2682 4670 2801 4727 neri
2842 4671 3161 4741 oportebat;
3195 4680 3251 4727 ut
3281 4674 3410 4744 quia

1807 4779 2009 4843 quanta
2039 4778 2097 4825 et
2137 4768 2316 4840 qualis
2344 4775 2491 4823 esset
2528 4763 2659 4821 sciri
2691 4778 2799 4819 non
2834 4772 3066 4833 poterat,
3098 4763 3167 4820 de
3210 4764 3409 4821 eﬂ'ectu

1806 4878 2033 4936 Operum
2064 4875 2285 4917 suorum
2317 4860 2490 4913 virtus
2522 4857 2642 4927 ejus
2685 4868 2740 4912 et
2768 4858 3013 4927 potentia
3037 4866 3357 4914 nosceretur
3389 4878 3403 4913 :

1810 4968 1833 4996 ο
1852 4968 1911 5014 ιιι
1934 4955 2080 5029 quod
2097 4956 2166 5011 de
2192 4953 2429 5011 conditis
2458 4952 2814 5020 assumamus,
2841 4962 2967 5008 tunc
2991 4954 3165 5023 magis
3182 4952 3408 5009 timere-

1803 5066 1946 5118 mus,
1978 5064 2102 5105 cum
2134 5047 2270 5103 facta
2299 5047 2584 5102 miramur.

1876 5153 2145 5210 Caeterum
2187 5151 2233 5205 si
2259 5157 2316 5204 tu
2359 5149 2431 5204 ita
2460 5155 2699 5205 creatam
2745 5146 3078 5217 Sapientiam
3124 5144 3299 5213 dicas,
3346 5155 3409 5201 ut

1804 5246 2007 5303 Filium
2039 5244 2135 5300 Dei
2157 5250 2465 5299 creaturam
2492 5238 2802 5310 intelligas;
2850 5236 3090 5295 occurrit
3126 5236 3225 5292 tibi
3257 5239 3408 5308 Apo-

1881 5450 1909 5491 ἀ
1948 5451 2075 5509 Mss.
2099 5447 2239 5505 Tell.
2255 5455 2309 5503 et
2332 5445 2466 5502 Lazt.
2486 5458 2707 5502 necnon
2727 5450 2833 5499 vet.
2859 5443 3069 5515 etiedit.
3086 5459 3204 5515 quia
3220 5444 3407 5512 initio,-

1810 5523 2072 5608 erinfra,
2120 5519 2211 5576 sed
2247 5535 2363 5574 cum
2396 5517 2544 5572 initio
2569 5533 2590 5571 :
2616 5515 2774 5569 Rom.
2804 5522 2861 5570 et
2908 5513 3106 5586 Vigil.,
3144 5516 3235 5571 sed
3288 5534 3407 5574 cum

1811 5606 2113 5737 mimV’igil.
2151 5662 2311 5730 edit.,
2358 5671 2413 5717 ut
2444 5660 2570 5714 dum
2598 5656 2919 5713 conditorem
2957 5658 3022 5715 de
3062 5660 3411 5721 conditis.....

1814 5742 2107 5797 timeamus.

2848 5896 2928 5965 18
