3970 6316
569 224 677 287 85:5
705 209 714 217 ’

1605 214 1699 279 AD
1734 220 1965 280 OPERA
2002 214 2249 279 SANCTI
2287 220 2619 280 AMBltOSII
2659 212 3024 280 APPENDIX.
3712 233 3783 288 5E6

566 343 1148 411 stolus,condemuans
1170 354 1264 398 eos
1281 342 1370 414 qui
1388 347 1696 397 creaturam
1714 338 2161 407 colunt,dicens:
2194 344 2247 403 Α
2274 338 2517 410 proﬁteri
2549 339 2693 411 quod
2739 341 2954 411 credis;
3003 348 3059 398 et
3088 340 3292 397 frustra
3320 338 3516 405 credis,
3546 343 3586 395 si
3614 342 3673 397 ita
3712 360 3784 399 non

568 440 798 508 Propter
827 437 965 507 quod
986 436 1195 491 tradidit
1236 436 1357 490 illos
1386 432 1529 491 Deus
1560 436 1615 489 in
1646 434 1964 491 desiderium
1990 434 2167 489 cordis

564 550 743 590 eorum
762 534 815 588 in
830 530 1208 587 immunditiam
1226 544 1247 595 ,'
1268 539 1323 585 ut
1346 530 1669 585 contumeliis
1688 530 1928 602 afﬁciant
1948 544 2167 600 corpora

563 646 660 685 sua
679 629 733 684 in
759 626 1049 700 semetipsis
1075 625 1205 697 :qui
1226 634 1676 680 commutauerunt
1706 626 1968 679 veritatem
1993 622 2091 678 Dei
2111 623 2165 678 in

568 720 915 783 mendacium,
952 729 1000 773 et
1026 717 1300 774 coluerunt
1337 726 1385 772 et
1414 719 1696 773 servierunt
1720 726 1971 772 creatura:
1996 717 2165 789 potius

563 832 719 887 quam
758 812 1011 878 Creatori,
1066 812 1153 883 qui
1198 820 1270 867 est
1324 812 1619 868 benedictus
1670 811 1811 867 Deus
1862 814 1917 866 in
1969 810 2166 867 stecula

563 909 751 981 (Rom.
779 922 818 973 ι,
848 905 922 961 Ἡ
948 904 1146 977 stili).

636 1000 765 1056 Haec
787 1008 892 1066 est,
921 999 1163 1067 inquam,
1197 996 1287 1053 illa
1343 996 1632 1067 Sapientia
1674 996 1794 1062 Dei,
1824 1010 1944 1068 quae
1986 996 2160 1052 dicit:

558 1093 673 1167 Ego
704 1109 769 1149 ea:
798 1108 886 1149 ore
909 1092 1165 1148 Altissimi
1185 1091 1388 1164 proclivi
1420 1089 1613 1164 (Eccli.
1640 1105 1796 1158 ntv,
1828 1088 1923 1161 Β),
1951 1091 2142 1146 univer

558 1189 739 1247 sitatis
763 1187 1036 1244 conditrix
1067 1196 1121 1243 et
1159 1184 1428 1253 edectrix,
1461 1185 1513 1240 id
1540 1195 1646 1249 est,
1678 1184 1846 1243 Filius
1895 1184 2012 1252 Dei,
2067 1201 2163 1256 per

558 1294 723 1356 quem
773 1280 979 1345 omnia,
1012 1287 1066 1334 et
1106 1279 1159 1333 in
1189 1292 1297 1348 quo
1328 1276 1544 1343 omnia;
1594 1277 1723 1348 quia
1769 1285 1828 1332 ut
1864 1276 2162 1347 Apostolus

559 1373 733 1430 dixit:
766 1370 834 1428 In
862 1374 979 1440 ipso
1016 1370 1299 1426 constituta
1327 1378 1447 1424 sunt
1477 1369 1720 1424 universa
1762 1369 1817 1422 in
1868 1368 2007 1423 cretis
2034 1378 2083 1424 et
2108 1368 2161 1421 in

551 1475 716 1536 terra,
744 1467 968 1523 visibilis
994 1476 1042 1522 et
1064 1464 1365 1530 invisibilia,
1407 1465 1513 1519 sive
1534 1462 1758 1529 Turoni,
1783 1462 1884 1516 sive
1914 1461 2157 1518 Domina-

553 1563 745 1631 tiones,
778 1560 881 1618 sive
910 1558 1159 1628 Virtutes,
1193 1562 1297 1614 sive
1316 1557 1683 1630 Principatus,
1711 1558 1814 1612 sine
1842 1558 2157 1613 Potestates:

554 1657 729 1711 omnia
757 1670 848 1725 per
873 1656 1066 1725 ipsum,
1115 1664 1160 1708 et
1190 1653 1243 1707 in
1284 1654 1397 1721 ipso
1428 1652 1640 1706 condita
1664 1659 1807 1715 sunt,
1862 1660 1908 1705 et
1940 1652 2052 1722 ipse
2082 1662 2158 1704 est

2270 432 2473 501 credis,
2503 444 2557 490 et
2598 436 2796 490 merito
2836 435 3129 491 limreticus
3178 434 3479 491 denotatis.
3512 443 3535 471 ι
3566 434 3625 489 Ει
3651 452 3787 507 qnam-

2271 541 2431 598 quam
2484 528 2865 584 immutaveris
2892 528 3121 592 dictum,
3153 544 3261 600 quo
3289 528 3495 598 putaris
3518 529 3788 598 prohibuisse

2270 619 2369 676 Dei
2401 620 2597 697 Filium
2628 623 2929 694 nuncupari
2964 622 3260 689 facturam;
3291 621 3389 679 sed
3414 637 3535 678 cum
3561 623 3789 697 subiungit:

2268 709 2442 769 Sicuti
2475 714 2679 783 aliquid
2716 714 2934 782 horum,
2964 714 3111 787 quod
3156 714 3356 771 factum
3399 725 3509 780 est;
3552 732 3612 772 ex
3656 729 3789 789 aperto

2268 805 2513 863 ostendis
2543 824 2651 864 non
2692 807 2762 864 ob
2789 811 2891 864 hoc
2914 806 2941 847 δ
2970 806 3236 864 facturam
3266 808 3370 864 dici
3407 809 3656 873 noluisse,
3683 814 3790 881 quasi

2268 914 2376 957 non
2407 900 2602 958 debeat
2647 900 2822 958 factus
2855 902 3116 975 intelligi;
3145 904 3239 960 sed
3277 920 3383 960 non
3414 904 3487 959 ita
3522 903 3697 961 factum
3719 909 3790 967 vis.

2267 994 2410 1050 sicut
2463 995 2664 1067 aliquid
2707 995 2924 1065 horum,
2982 998 3126 1069 quod
3182 997 3381 1055 factum
3414 1008 3516 1065 est,
3556 999 3639 1054 sed
3668 1013 3792 1058 tamen

2266 1086 2485 1142 factum.
2536 1089 2709 1145 Aliter
2732 1090 2877 1145 enim
2906 1090 3041 1146 dicis
3090 1088 3317 1159 factum,
3352 1102 3540 1161 utpote
3564 1093 3792 1169 perfectam

2265 1190 2593 1246 creaturam,
2644 1197 2745 1252 per
2786 1197 2947 1253 quem
2981 1181 3118 1239 facta
3152 1194 3281 1238 sunt
3311 1186 3526 1249 omnia;
3559 1183 3791 1242 dummodo

2264 1283 2319 1331 et
2353 1275 2526 1346 ipsum
2557 1273 2755 1330 factum
2790 1274 3083 1348 intelligas,
3117 1276 3249 1332 licet
3277 1292 3384 1331 non
3419 1277 3491 1331 ita
3516 1284 3571 1331 ut
3588 1288 3767 1335 cetera.

2337 1368 2449 1426 Sed
2481 1379 2537 1425 ut
2564 1369 2629 1426 ad
2660 1370 2711 1426 id
2744 1380 3009 1439 revertar,
3044 1372 3187 1442 quod
3217 1371 3354 1428 dicis
3384 1371 3438 1427 in
3462 1372 3727 1444 Scripturis
3744 1374 3798 1427 di-

2265 1463 2407 1519 vinis
2432 1463 2724 1536 ὁμοούσιον,
2759 1465 2810 1520 id
2834 1473 2939 1533 est,
2964 1466 3123 1521 unius
3156 1465 3481 1522 substantim
3535 1465 3792 1522 vocabulum

2265 1572 2370 1613 non
2402 1557 2661 1627 inveniri,
2693 1558 2835 1630 tinge
2866 1558 2971 1614 hoc
3002 1559 3220 1615 interim
3244 1559 3323 1615 sic
3353 1561 3447 1626 sit,
3479 1576 3544 1615 eo
3573 1561 3693 1628 quod
3718 1561 3797 1616 ubi—

2263 1665 2496 1722 cumque
2516 1652 2821 1707 substantia
2847 1652 3065 1724 !egitur,
3091 1666 3179 1708 res
3211 1651 3309 1709 Dei
3333 1668 3441 1708 non
3464 1651 3604 1709 Deus
3627 1653 3797 1725 accipia-

549 1759 670 1805 nte
700 1749 899 1811 omnia,
928 1756 978 1802 et
1004 1746 1180 1802 omnia
1208 1746 1263 1801 in
1286 1746 1401 1816 ipso
1429 1753 1670 1799 constant
1694 1740 1927 1815 (Coloss.
1955 1759 1994 1809 ι,
2027 1742 2148 1814 16).
2184 1754 2233 1815 Β
2260 1752 2380 1808 tur;
2434 1759 2761 1815 quamquam
2791 1757 2846 1801 et
2888 1745 3038 1801 aliud
3097 1746 3241 1818 quod
3291 1746 3559 1817 scriptum
3603 1762 3692 1801 non
3727 1758 3798 1807 est,

552 1841 695 1898 Hinc
719 1852 775 1897 et
804 1840 1063 1899 Salomon
1121 1855 1132 1892 :
1182 1838 1313 1893 Cum
1342 1838 1433 1903 sit,
1464 1835 1663 1908 inquit,
1698 1850 1821 1901 una,
1857 1835 2031 1890 omnia
2058 1851 2154 1906 po-

552 1946 687 2005 test;
713 1946 760 1992 et
783 1952 1087 2008 permanens
1109 1935 1161 1989 in
1185 1952 1260 2002 se,
1285 1934 1460 1989 omnia
1482 1933 1715 1998 innovat,
1742 1940 1790 1986 et
1816 1945 1906 2000 per
1928 1932 2159 1987 nationes

548 2033 607 2086 in
654 2033 858 2087 animas
889 2038 1097 2086 sanctas
1128 2045 1181 2083 se
1231 2030 1477 2100 transfert
1500 2025 1524 2098 (
1542 2026 1673 2096 Sap.
1705 2039 1800 2089 vn,
1842 2023 1911 2076 27
1926 2020 1967 2093 1.
2000 2024 2155 2091 Quod

546 2126 886 2183 conﬁrmans
916 2122 1231 2196 Apostolus,
1269 2122 1344 2176 ait
1372 2123 1425 2176 in
1450 2120 1716 2177 interiore
1746 2121 1970 2177 homine
2002 2118 2156 2173 habi-

549 2228 669 2276 tare
696 2218 976 2273 Christum
1010 2214 1250 2290 (Ephes.
1283 2230 1364 2282 tu,
1398 2215 1464 2271 16
1487 2216 1542 2286 );
1575 2224 1633 2270 ut
1658 2229 1756 2285 per
1776 2229 1937 2286 quem
1963 2230 1989 2265 ιι
2013 2214 2159 2282 [ιι-ἰη-

547 2309 695 2385 cipio
724 2312 906 2368 omnia
959 2311 1096 2367 facta
1123 2318 1271 2375 sunt,
1310 2324 1404 2380 per
1438 2310 1614 2379 ipsum
1641 2317 1696 2363 et
1724 2308 1779 2363 in
1824 2308 1932 2363 tino
1961 2315 2155 2363 cuncta

553 2409 863 2466 solventur.

622 2500 854 2558 CAPUT
874 2497 1151 2556 lll.——Sed
1168 2498 1304 2554 dicis
1324 2498 1455 2554 mihi
1476 2498 1771 2573 ὁμοούσιον,
1796 2498 1848 2554 id
1869 2510 1973 2565 εει,
1999 2497 2156 2553 unius

549 2594 875 2651 subsmntiac
914 2609 1114 2649 nomen
1161 2593 1231 2649 ob
1259 2592 1362 2648 hoc
1412 2592 1594 2663 potius
1635 2606 1796 2663 quam
1838 2590 2155 2647 Creatorem

548 2689 802 2756 adorant,
819 2698 1104 2744 servnutes
1118 2688 1307 2744 eadem
1332 2688 1520 2759 utique
1540 2702 1659 2752 una!
1678 2686 1974 2757 Apostolus
1994 2686 2154 2741 dixit:

552 2781 620 2837 Ut
660 2783 713 2835 in
740 2782 949 2835 nomine
1011 2781 1144 2835 Jesu
1194 2795 1371 2834 omnes
1401 2781 1791 2854 genu/iactant,
1848 2780 2153 2847 antestium,

552 2877 899 2941 terrestrium,
928 2884 973 2928 et
1010 2873 1363 2946 infernarum,
1397 2886 1446 2929 et
1490 2875 1658 2928 omnis
1687 2875 1867 2943 lingua
1898 2876 2154 2943 conﬁtea-

556 2978 641 3023 tur
670 2964 1114 3040 (Philip.tt,10).
1153 2968 1219 3022 ΕΙ.
1244 2966 1493 3039 Moyses:
1526 2967 1779 3035 Adon-ent,
1805 2968 2002 3036 inquit,
2037 2984 2155 3023 eum

558 3076 735 3115 omnes
766 3059 941 3129 angeli
974 3055 1267 3131 Dei(Deut.
1298 3074 1469 3127 xxxii,
1496 3059 1618 3129 45).
1647 3060 1712 3114 Et
1742 3060 1942 3114 David:
1964 3059 2156 3116 Omnes

2264 1840 2470 1910 pariter
2506 1840 2833 1910 profitearis,
2869 1840 2920 1896 id
2951 1852 3060 1906 est,
3090 1839 3261 1897 Deum
3286 1858 3359 1897 ex
3404 1838 3541 1908 Dco,
3584 1841 3733 1898 lumen
3755 1858 3798 1897 ex

2263 1932 2469 1990 lumine
2494 1951 2509 1989 :
2542 1936 2671 2006 quid
2702 1936 2768 1991 ad
2792 1936 2910 1992 haec
2939 1936 3101 1993 dicis?
3131 1939 3235 1992 Aut
3270 1946 3443 1993 totum
3472 1953 3669 1992 mecum
3697 1948 3797 2007 tene,

2260 2039 2355 2084 aut
2387 2039 2555 2087 totum
2584 2032 2796 2086 omitte.
2829 2030 2888 2088 Si
2928 2032 3072 2087 enim
3104 2031 3264 2087 unius
3314 2031 3636 2086 substantia:
3682 2045 3797 2087 voca-

2262 2121 2447 2177 bulum
2479 2123 2602 2178 inde
2658 2124 2817 2179 times
2867 2123 3071 2186 dicere.
3123 2126 3247 2195 quia
3280 2124 3552 2194 scriptum
3582 2139 3675 2179 non
3709 2132 3797 2189 est;

2262 2215 2457 2271 timere
2494 2214 2790 2271 identidem
2831 2215 3000 2273 debes
3035 2217 3202 2272 Deum
3228 2231 3296 2273 ex
3327 2216 3469 2281 Deo,
3504 2226 3557 2271 et
3585 2216 3800 2272 lumenex

2262 2305 2470 2363 lumine
2500 2308 2766 2378 proliteri.

2333 2400 2440 2456 Sed
2491 2415 2595 2473 ego
2646 2402 2817 2471 probo
2848 2401 3018 2457 Deum
3050 2402 3119 2458 de
3141 2402 3279 2477 Deo,
3312 2402 3501 2457 lumen
3530 2402 3594 2457 de
3623 2402 3791 2463 lumine,

2259 2505 2315 2552 et
2343 2498 2500 2552 unius
2531 2496 2848 2553 substantia:
2875 2496 3200 2553 vocabulum
3231 2506 3251 2535 ο
3274 2498 3329 2552 in
3346 2496 3549 2552 divinis
3572 2497 3801 2564 Scriptum

2262 2592 2549 2648 contineri.
2578 2593 2712 2647 Cum
2744 2592 2888 2647 enim
2924 2593 3038 2660 ipse
3082 2592 3175 2647 Dei
3209 2591 3405 2658 Filius,
3451 2592 3544 2662 qui
3570 2591 3693 2645 Deus
3728 2598 3799 2651 est,

2263 2686 2316 2742 in
2351 2687 2645 2758 Evangelia
2676 2700 2776 2742 suo
2804 2685 2948 2741 dicat
2977 2701 2993 2742 :
3035 2684 3151 2757 Ego
3194 2686 3260 2740 de
3288 2685 3459 2740 Patre
3504 2686 3631 2740 exivi
3655 2682 3799 2756 (Jour.

2269 2794 2375 2845 xvr,
2410 2778 2549 2851 27);
2592 2780 2715 2851 jure
2742 2790 2797 2837 et
2825 2780 3019 2836 merito
3045 2780 3216 2835 Deum
3257 2779 3327 2835 de
3357 2778 3474 2836 Deo
3516 2778 3792 2850 profitemur,

2264 2876 2392 2945 quia
2416 2875 2484 2931 de
2518 2876 2626 2930 Deo
2656 2876 2814 2930 Patre
2843 2872 3042 2931 Filium
3077 2873 3169 2930 Dei
3205 2874 3374 2930 Deum
3407 2888 3600 2929 verum
3628 2872 3686 2927 de
3716 2870 3796 2925 Deo

2262 2981 2393 3023 vero
2427 2978 2613 3022 natum
2647 2981 2771 3023 esse
2810 2964 3213 3038 cognoscimus.
3242 2967 3353 3023 Sed
3387 2976 3498 3023 nun
3530 2982 3593 3023 eo
3629 2977 3797 3037 genere,

2262 3070 2321 3117 ut
2370 3074 2468 3117 nos
2496 3063 2569 3117 dii
2612 3077 2797 3117 sumus
2821 3062 3072 3135 appellati
3103 3062 3124 3134 (
3153 3060 3298 3116 Psal.
3329 3076 3521 3127 um,
3555 3060 3640 3129 ϐ),
3676 3059 3741 3113 τοι
3764 3065 3801 3109 nt

553 3169 701 3224 reges
736 3152 1027 3206 adorabunt
1054 3168 1168 3206 eum
1200 3150 1383 3224 (Psal.
1414 3166 1559 3218 um,
1593 3154 1648 3207 il
1675 3150 1718 3222 ).
1751 3152 1908 3221 Quod
1934 3154 2153 3224 quidem
2185 3157 2231 3225 ο
2263 3155 2474 3227 Moyses
2508 3155 2808 3210 Pharaonis
2836 3156 2970 3210 deus
2990 3160 3076 3210 e.~t
3099 3154 3283 3210 dictus
3316 3153 3527 3226 (Exod.
3570 3168 3686 3214 xm,
3725 3150 3800 3218 il:

553 3246 610 3301 in
632 3245 933 3317 Seripturis
955 3260 1064 3300 non
1092 3246 1388 3315 diceretur,
1424 3248 1516 3303 sed
1549 3250 1672 3319 quia
1704 3250 1819 3319 ipse
1850 3257 1933 3305 est
1962 3250 2158 3305 Sermo

554 3341 729 3398 Filius
750 3342 992 3395 omnium
1023 3341 1225 3411 opifex.

626 3434 735 3492 Sed
763 3434 898 3491 dicis
924 3435 1197 3507 ὁμοούσιον
1216 3436 1482 3491 nominari
1508 3448 1613 3491 non
1643 3444 1915 3508 oportere,
1949 3439 2075 3508 quia
2102 3438 2155 3493 iu

569 3530 871 3600 Scripturis
903 3529 1101 3585 divinis
1147 3540 1253 3584 non
1300 3530 1662 3584 contineatur.
1711 3530 1909 3598 Qutcro
1932 3542 1985 3587 et
2029 3545 2154 3601 ego,

558 3625 741 3693 homo,
775 3626 862 3696 qui
887 3624 989 3679 hoc
1014 3624 1303 3695 prohibes;
1327 3624 1372 3679 si
1398 3624 1520 3680 ideo
1544 3625 1812 3680 nominari
1840 3640 1947 3680 non
1972 3626 2153 3692 debet,

557 3718 684 3790 quia
716 3718 982 3788 scriptum
1011 3732 1118 3773 non
1153 3724 1259 3783 est,
1291 3732 1357 3772 an
1383 3718 1505 3789 quia
1533 3719 1606 3773 ita
1638 3718 1783 3775 credi
1836 3732 1942 3774 non
1972 3719 2161 3774 liceat?

628 3812 783 3881 Quod
812 3813 856 3866 si
898 3810 969 3865 ita
1000 3810 1334 3866 credendum
1365 3821 1472 3879 est,
1503 3828 1602 3869 cur
1642 3827 1750 3867 non
1791 3812 1860 3867 ita
1896 3811 2157 3883 proﬁten-

557 3904 713 3960 dum?
740 3901 906 3958 Corde
930 3903 1092 3968 enim,
1140 3903 1312 3973 inquit
1343 3903 1661 3974 Apostolus,
1693 3903 1924 3958 creditur
1944 3906 2012 3957 ad
2034 3905 2157 3974 jus-

559 3996 760 4050 titiam:
774 4009 863 4051 ore
878 4005 1051 4048 autem
1070 3994 1327 4065 confessio
1354 3996 1412 4064 ﬁt
1434 3994 1502 4049 ad
1523 3997 1744 4050 salutem
1765 3995 1947 4067 (Rom.
1967 4012 2019 4061 ι,
2040 3996 2155 4069 10).

635 4090 739 4141 Aut
770 4087 816 4141 si
864 4087 991 4141 ideo
1022 4087 1409 4142 nominandum
1462 4102 1569 4143 non
1605 4096 1709 4155 est,
1764 4089 1889 4157 quia
1928 4104 2030 4145 nec
2086 4090 2159 4143 ita

562 4179 926 4244 credendum;
950 4180 1187 4235 obtinuit
1205 4181 1406 4235 arianae
1438 4180 1573 4236 labis
1601 4179 1862 4247 assertio,
1886 4196 2006 4251 qua:
2039 4182 2162 4237 ideo

564 4272 783 4328 Patrem
811 4280 867 4328 et
896 4270 1094 4328 Filium
1122 4273 1286 4328 unius
1314 4273 1637 4328 ttubStantirc
1683 4272 2001 4342 denegavit;
2035 4275 2161 4344 quia

565 4366 761 4425 Filium
810 4366 905 4423 Dei
958 4364 1118 4423 modo
1146 4380 1215 4421 ex
1246 4362 1438 4431 nihilo,
1468 4368 1630 4422 modo
1650 4380 1717 4422 ex
1756 4366 1937 4432 Putre,
1966 4366 2061 4422 sed
2094 4366 2163 4422 ab

563 4462 666 4516 alia
692 4461 1014 4527 Substantia,
1042 4462 1257 4533 quando
1291 4462 1463 4518 voluit
1493 4472 1545 4517 et
1571 4462 1847 4532 quomodo
1872 4462 2064 4529 voluit,
2096 4472 2153 4518 et

2264 3250 2358 3305 sed
2389 3250 2510 3319 quia
2540 3265 2701 3304 verus
2731 3258 2815 3303 est
2844 3248 3039 3313 Filius,
3064 3245 3091 3286 ἀ
3115 3248 3185 3304 de
3212 3263 3343 3304 vero
3374 3248 3541 3303 Patre
3571 3257 3707 3301 natus
3730 3256 3799 3303 esu

2264 3358 2391 3399 vere
2421 3355 2477 3399 et
2506 3343 2848 3399 confidenter
2896 3344 3040 3399 Deus
3066 3342 3136 3398 de
3184 3342 3300 3399 Deo
3347 3341 3631 3405 dicendus,
3674 3347 3717 3394 et
3747 3337 3800 3391 sic

2263 3440 2443 3496 lumen
2469 3456 2534 3495 ex
2556 3440 2784 3495 lumine.

2332 3532 2488 3601 Quod
2523 3533 2785 3601 scriptum
2811 3547 2917 3587 non
2942 3541 3044 3597 est,
3079 3546 3292 3586 mecum
3325 3532 3548 3602 quidem
3571 3530 3712 3587 dicis.
3736 3524 3800 3579 scd

2264 3641 2476 3682 mecum
2521 3627 2923 3681 omninosnou
2964 3624 3159 3681 sentis.
3202 3625 3268 3679 Et
3313 3626 3439 3695 quia
3485 3625 3717 3692 scriptum
3748 3628 3801 3674 est

2264 3718 2333 3775 de
2363 3719 2523 3774 Patre
2552 3737 2565 3772 :
2595 3718 2740 3774 Deus
2770 3720 2862 3773 tua:
2900 3728 2973 3772 est
2997 3718 3225 3788 (ileon.
3265 3730 3303 3781 ι,
3336 3719 3370 3774 5
3390 3720 3445 3786 )A;
3498 3724 3555 3772 et
3581 3720 3642 3771 de
3668 3712 3799 3769 Filio:

2267 3812 2397 3868 Erat
2425 3812 2517 3867 lux
2543 3828 2681 3877 vera,
2708 3827 2824 3883 quas
2860 3811 3123 3866 illuminat
3151 3826 3352 3865 omnem
3379 3811 3633 3865 hominem
3658 3808 3804 3861 uenien-

2265 3916 2365 3960 tem
2392 3904 2445 3957 in
2488 3903 2626 3958 hunc
2653 3906 2942 3971 mundum;
2972 3914 3025 3958 et
3064 3921 3077 3958 :
3113 3901 3230 3957 Lua:
3263 3904 3400 3957 lucet
3429 3904 3483 3956 in
3528 3900 3734 3964 tenebris,
3767 3894 3801 3949 id

2264 4006 2371 4063 est,
2384 3994 2636 4053 Christus
2656 3998 2709 4053 in
2728 3998 2958 4063 Sicculo;
2980 4006 3027 4052 et
3045 3996 3264 4051 teneam
3286 4010 3397 4050 mm
3417 4011 3520 4051 non
3532 4004 3639 4050 sunt
3653 4006 3804 4047 assau-

2264 4090 2531 4164 tat(Joan.
2548 4107 2587 4158 ι,
2601 4090 2635 4147 9
2652 4090 2689 4161 );
2711 4092 2744 4147 ii
2760 4090 2969 4147 scilicet
2986 4090 3233 4145 homines
3262 4089 3605 4159 quorum'cor
3616 4087 3804 4157 ignoran-

2266 4186 2354 4242 tia:
2370 4185 2616 4241 tenebris
2644 4185 2978 4241 obcaecatum
3000 4192 3106 4251 est,
3138 4181 3415 4238 Christum
3454 4196 3638 4237 verum
3663 4178 3800 4238 Deum,

2276 4287 2332 4333 et
2362 4291 2549 4331 vermn
2574 4276 2671 4332 Dei
2698 4276 2897 4332 Filium
2931 4290 3038 4331 non
3069 4283 3437 4345 agnoverunt.
3468 4273 3576 4329 Sed
3608 4272 3705 4341 ipse
3728 4266 3801 4321 Do-

2268 4372 2448 4426 minus
2479 4390 2490 4426 :
2524 4370 2641 4443 Ego
2674 4384 2809 4438 sum,
2840 4370 3037 4441 inquit,
3068 4370 3163 4425 las:
3191 4369 3376 4423 mundi
3405 4383 3425 4422 :
3448 4369 3536 4438 qui
3558 4383 3630 4420 ate
3654 4372 3802 4417 secum

2268 4467 2445 4538 fuerit,
2502 4483 2605 4521 non
2650 4467 2742 4521 ibit
2767 4469 2824 4519 in
2874 4464 3129 4530 tenebris;
3165 4464 3256 4517 sed
3294 4462 3499 4518 habebit
3530 4462 3687 4515 lumen
3722 4455 3801 4507 site

567 4554 712 4611 unde
736 4555 905 4611 voluit
932 4553 1133 4612 factum
1168 4555 1402 4623 inducit;
1430 4555 1724 4611 dummodo
1761 4554 1981 4611 aliunde
2007 4570 2153 4622 eum,
2185 4564 2238 4628 Ι)
2266 4559 2463 4631 (Joan.
2481 4576 2594 4627 vm,
2617 4562 2684 4617 12
2703 4560 2743 4631 ).
2767 4561 2911 4632 Ergo
2929 4561 3251 4630 quialumeu
3282 4559 3463 4627 Pater,
3488 4568 3539 4614 et
3564 4560 3644 4611 lus
3661 4551 3797 4611 Filius.

567 4659 622 4705 et
656 4658 765 4704 non
795 4648 863 4704 de
909 4662 976 4704 eo
1005 4648 1148 4719 quod
1195 4649 1358 4705 Pater
1383 4658 1487 4715 est,
1533 4649 1812 4704 exstitisse
1862 4647 2156 4717 contingat.

566 4742 737 4811 Quem
764 4743 867 4799 etsi
911 4752 1095 4798 natum
1138 4744 1293 4809 dicit,
1324 4744 1421 4800 sed
1458 4743 1560 4799 hoc
1586 4743 1731 4798 dicto
1774 4750 1965 4809 tenus;
1998 4743 2162 4816 350

561 4838 687 4909 quia
711 4844 922 4893 nirsum
947 4850 1108 4894 omne
1139 4838 1279 4907 quod
1314 4847 1499 4894 natum
1528 4846 1631 4902 est,
1660 4839 1859 4892 factum
1883 4839 2157 4911 intelligit,

560 4943 626 4987 eo
652 4930 796 5002 quod
826 4938 879 4988 et
926 4944 1026 4987 nos
1056 4946 1085 4987 a
1117 4932 1227 4989 Deo
1258 4933 1423 5005 geniti
1470 4932 1828 5002 appellemur,
1858 4949 1993 5004 quos
2023 4950 2159 4991 con-

560 5032 668 5079 stat
688 5040 810 5081 esse
834 5025 1120 5080 iacturam.

636 5115 729 5171 Vel
756 5118 804 5171 si
837 5117 1071 5173 Arianus
1112 5132 1221 5173 non
1274 5128 1354 5183 es,
1388 5124 1447 5171 et
1487 5131 1676 5173 verum
1709 5118 1908 5173 Filium
1934 5120 2004 5175 de
2028 5136 2159 5177 vero

561 5203 722 5261 Patre
746 5210 928 5262 natum
952 5220 1063 5263 non
1084 5207 1293 5262 factum
1321 5209 1604 5279 agnoscis;
1637 5219 1736 5265 cur
1751 5222 1859 5265 non
1888 5220 2012 5267 eum
2033 5227 2159 5269 cum

556 5293 716 5355 Patre
748 5316 908 5355 unam
934 5302 1294 5356 substantiam
1321 5301 1482 5356 dicis?
1504 5302 1727 5358 Frustra
1755 5303 1932 5368 times,
1969 5305 2155 5376 homo,

614 5430 834 5509 ,‘f'i‘ell,
867 5436 989 5493 eod.
1015 5446 1069 5509 et
1094 5432 1257 5509 vigil.
1287 5432 1444 5499 edit.,
1474 5447 1790 5508 quainguam
1821 5455 1923 5492 non
1961 5442 2146 5499 immu-

559 5506 743 5557 taveris
774 5504 983 5561 dictum.
1018 5504 1187 5562 “atth
1206 5516 1356 5564 recto
1384 5504 1568 5563 sensu.

560 5573 822 5710 Ρρίπὲἱίιι.
850 5588 901 5643 ει
936 5578 1090 5633 “Ulli.
1129 5579 1283 5646 edit.,
1309 5582 1573 5651 facturam
1597 5580 1700 5633 dici
1731 5580 1969 5635 voluisse.
2004 5576 2140 5645 i’er-

625 5725 646 5789 ξ
686 5714 989 5789 Tellerqin
1019 5719 1321 5789 Scripturisf
1336 5720 1627 5778 dominicis.

614 5782 641 5823 ἀ
685 5785 845 5859 νὶαἱιι
876 5786 1029 5857 edit.,
1056 5788 1119 5846 de
1142 5782 1261 5849 itero
1294 5788 1451 5848 Patre
1493 5800 1666 5861 natus,
1703 5807 1805 5848 non
1835 5796 2003 5864 factus
2036 5807 2136 5854 est.

2265 4662 2417 4710 recte
2443 4655 2623 4709 lumen
2645 4655 2714 4710 de
2744 4655 2971 4709 lumine.

2336 4748 2444 4804 Sed
2480 4749 2664 4804 lumen
2695 4764 2761 4804 ex
2808 4732 3014 4804 litmine
3054 4750 3125 4804 ita
3156 4749 3385 4816 asseris,
3419 4748 3573 4819 quasi
3620 4760 3643 4798 a
3686 4742 3799 4797 Patre

2266 4844 2357 4915 qui
2383 4858 2575 4899 verum
2603 4844 2787 4901 lumen
2825 4855 2933 4910 est,
2964 4843 3113 4899 aliud
3138 4843 3324 4899 lumen
3354 4843 3427 4899 sit
3458 4842 3664 4901 factum,
3693 4830 3796 4906 quod

2268 4940 2336 4995 de
2364 4940 2479 5010 ipsa
2520 4940 2696 4995 Patris
2742 4939 3041 4996 substantia
3080 4953 3187 4993 non
3218 4939 3289 4993 sit
3334 4937 3476 4993 :sed
3509 4935 3653 4991 sicuti
3695 4923 3797 4984 aliud

2269 5033 2549 5103 quodlibet
2576 5035 2781 5098 lumen,
2804 5046 3131 5103 quamquam
3161 5047 3189 5085 a
3218 5030 3335 5088 Deo
3361 5032 3437 5086 sit
3459 5031 3660 5090 factum,
3686 5026 3800 5089 longe

2270 5136 2450 5182 tamen
2484 5125 2629 5181 aliud
2653 5127 2722 5182 sit
2747 5126 2818 5180 ab
2844 5136 2935 5193 eo,
2968 5126 3058 5196 qui
3078 5124 3300 5189 l‘eeerit;
3330 5132 3391 5178 et
3430 5123 3552 5180 ideo
3578 5124 3734 5176 lumen
3756 5123 3798 5165 et

2270 5217 2494 5280 lumine,
2528 5234 2637 5273 non
2666 5219 2736 5273 de
2764 5218 2972 5272 lumine
3004 5216 3162 5272 dicis.
3194 5214 3334 5270 Cum
3365 5220 3500 5287 ergo
3530 5214 3637 5269 hac
3656 5205 3799 5280 [unto-

2267 5319 2425 5365 cutus
2470 5326 2609 5377 sum,
2645 5311 2771 5367 licet
2812 5327 3023 5366 mecum
3058 5325 3163 5365 non
3197 5310 3493 5382 intelligas,
3523 5318 3679 5363 tamen
3704 5311 3798 5371 quo-

2331 5455 2354 5483 θ
2393 5447 2596 5501 Omnes
2612 5448 2829 5513 exarati
2860 5457 3024 5517 atque
3051 5447 3183 5504 editi
3207 5444 3331 5503 cod.
3358 5445 3626 5517 Ambrosii
3650 5453 3794 5517 nomen

2254 5518 2626 5591 praeferentes,
2655 5536 2757 5579 non
2780 5512 2961 5591 sentis,
2988 5528 3041 5573 ut
3062 5521 3185 5591 quia
3208 5522 3459 5586 scriptum
3485 5529 3554 5577 est
3573 5516 3629 5571 de
3657 5512 3796 5591 ξείνα

2254 5587 2394 5660 Deus
2425 5586 2516 5644 lux
2540 5594 2615 5645 est
2634 5602 2749 5660 qua:
2776 5588 3041 5644 illuminat
3067 5586 3268 5645 omnem
3299 5591 3639 5660 hominem...
3661 5586 3712 5660 id
3725 5592 3790 5641 est.

2251 5658 2488 5719 Christus
2516 5662 2567 5714 in
2594 5650 2761 5726 uelo;
2794 5672 2841 5717 οι
2868 5662 3111 5718 tenebraz.
3214 5660 3292 5729 Hi
3319 5650 3790 5729 scilicet‘ltoiuiues...

2251 5746 2356 5815 non
2395 5720 2757 5815 qgitayeruntj
2788 5734 2876 5815 sed
2909 5733 3038 5802 ipse,
3071 5744 3174 5792 etc.
3209 5720 3333 5792 Nos
3372 5746 3503 5792 vero
3550 5720 3709 5797 locum
3744 5736 3789 5782 τι

2249 5801 2381 5861 edit.
2409 5802 2571 5874 Vigil.
2597 5801 2964 5863 restituimus.
