3970 6316
125 323 213 383 357

1018 314 1105 374 DE
1145 315 1306 374 FIDE
1344 313 1773 376 ORTHODOXA
1812 313 2096 376 CONTRA
2137 317 2458 382 ARIANOS.

3276 331 3383 396 558

124 443 482 512 modocumque
506 439 618 510 ipsa
647 437 990 507 pronuntias,
1024 450 1148 491 cum
1183 434 1387 506 scripta
1417 448 1522 490 non
1545 433 1674 490 sint.
1709 438 1755 499 Α
1783 435 2002 506 generis
2031 434 2318 495 habeatur.
2353 440 2435 496 An
2465 439 2686 513 ignoras
2716 443 2875 502 aliter
2923 447 3193 519 coelestia,
3223 451 3389 512 aliter

121 540 191 595 An
216 551 316 592 non
367 544 420 590 et
453 533 607 589 unius
654 531 974 588 substantiae
1023 529 1371 593 vocabulum,
1418 527 1565 599 quod
1621 528 1676 584 in

121 629 381 701 Scripturis
410 643 516 683 non
544 637 702 698 putas
729 626 1026 691 contineri,
1073 638 1284 681 mecum
1317 624 1524 694 pariter
1550 638 1678 696 pro-

122 727 312 781 literis:
351 720 452 777 nisi
497 721 620 792 quia
669 719 780 777 illic
829 717 1063 774 habuisti
1094 717 1368 789 quomodo
1409 716 1682 788 malignos

122 830 292 874 sensus
336 822 454 869 tuus
483 811 693 870 occulta
725 810 921 868 fraude
952 812 1005 866 in
1037 814 1272 883 utraque
1321 820 1680 880 contegeres;

122 921 171 970 ut
193 924 386 966 mecum
412 908 513 963 hoc
540 908 714 978 ipsum
736 921 874 964 sono
894 905 1047 962 vocis
1079 904 1435 976 exprimeres,
1467 903 1564 960 sed
1602 910 1680 958 ta-

120 1023 225 1066 men
251 1006 402 1076 longe
424 1002 556 1058 dicti
592 1001 1010 1073 intelligentiam
1047 997 1382 1071 separares?

175 1098 329 1156 Sicuti
358 1105 414 1153 et
458 1096 538 1152 illi
564 1093 806 1151 ltteretici
850 1094 941 1165 qui
983 1092 1448 1150 resurrectionem
1499 1093 1686 1150 carnis

115 1202 313 1264 negant,
359 1191 425 1246 ad
467 1189 826 1261 decipiendus
853 1198 880 1227 ι
927 1190 1139 1244 animus
1191 1187 1543 1258 simplicium,
1605 1202 1685 1242 vat

117 1286 286 1343 dicunt
305 1283 386 1339 bis
409 1284 500 1354 qui
529 1283 584 1338 in
609 1297 776 1338 carne
804 1296 914 1338 non
941 1289 1252 1352 resurgunt.
1283 1277 1394 1335 Sed
1427 1279 1469 1334 si
1502 1277 1685 1334 discu-

115 1381 207 1436 tias
229 1394 318 1434 eos
341 1391 438 1432 cur
478 1377 582 1432 hoc
622 1375 884 1441 dixerint,
913 1389 1039 1430 cum
1063 1374 1204 1429 scias
1232 1373 1360 1428 illos
1386 1372 1566 1427 carnis
1596 1387 1685 1426 re-

117 1471 496 1531 turrectionem
525 1471 749 1526 omnino
773 1484 994 1540 negare,
1021 1467 1206 1525 dicent
1233 1467 1367 1523 tibi:
1390 1463 1484 1521 Vae
1504 1466 1690 1536 utique

114 1568 182 1624 illi
205 1565 326 1631 erit,
349 1564 443 1634 qui
465 1565 516 1618 in
547 1579 711 1620 carne
742 1564 1054 1634 baptizatus
1076 1576 1183 1617 non
1211 1559 1398 1622 fuerit.
1423 1567 1485 1616 ut
1505 1559 1687 1616 anima

113 1663 272 1732 ipsius
299 1660 426 1716 dum
445 1658 504 1715 in
535 1673 768 1732 corpore
797 1666 902 1725 est,
928 1659 997 1714 de
1030 1667 1205 1713 morte
1223 1657 1550 1713 delictorum
1569 1669 1693 1712 suo-

113 1771 246 1821 rum,
281 1762 339 1809 ut
366 1753 435 1810 de
461 1752 718 1823 sepulcro
746 1753 1038 1808 criminum
1067 1766 1165 1822 per
1195 1750 1483 1821 baptisma,
1518 1749 1571 1805 in
1599 1765 1691 1806 ea-

1784 537 1999 586 terrena
2027 543 2320 600 constare;
2352 535 2446 590 sed
2501 547 2555 592 et
2585 538 2635 592 in
2668 538 2803 610 ipsis
2853 541 3174 601 cmlcstibus
3220 548 3386 604 rebus

1785 631 1948 693 atque
2003 626 2293 682 mundanis
2361 644 2608 700 magnam
2655 632 3021 692 didereutiam
3075 638 3384 697 interesse?

1784 714 1960 772 Aliter
1989 720 2134 774 enim
2165 720 2368 793 angeli,
2402 723 2561 779 aliter
2601 726 2825 798 singulae
2854 729 3086 790 virtutes
3113 737 3384 792 constitu-

1787 811 1994 866 tionum
2031 827 2251 869 suarum
2285 814 2623 874 substantias
2663 834 3017 893 acceperunt,
3049 827 3212 882 sicuti
3242 826 3389 899 Apo-

1785 902 1963 958 stolus
1988 900 2065 957 ait
2091 919 2106 959 :
2143 904 2262 959 Alia
2305 907 2517 963 claritas
2545 910 2692 978 solis,
2721 913 2827 968 alia
2849 915 3061 974 claritas
3089 920 3246 984 fume,
3282 923 3391 976 alia

1785 993 1998 1050 claritas
2052 994 2322 1052 stellarum
2382 998 2572 1073 (lCor.
2620 1018 2688 1058 xv
2721 1047 2736 1073 ,
2783 1004 2894 1077 41).
2928 1008 3019 1066 Sic
3069 1021 3124 1068 et
3177 1012 3231 1068 in
3291 1014 3392 1071 hoc

1787 1087 2090 1156 mundo,ut
2116 1090 2333 1148 diversa
2361 1109 2561 1165 genera
2592 1111 2803 1166 rerum,
2838 1100 2909 1156 ita
2943 1113 2997 1159 et
3021 1104 3244 1161 diversa
3271 1122 3392 1163 cor-

1789 1193 1920 1253 pora
1972 1185 2352 1254 animantium,
2379 1197 2435 1244 et
2479 1190 2734 1247 omnibus
2764 1193 2850 1248 sui
2880 1195 3144 1270 cujusque
3173 1201 3394 1271 genetis

1789 1276 2606 1352 substantia,sicutApostolus
2661 1283 2988 1348 dicit:Non
3043 1293 3210 1347 omnis
3261 1310 3386 1349 caro

1791 1372 1971 1424 eadem
2000 1386 2124 1425 caro
2159 1371 2324 1442 (Ibid.
2349 1415 2362 1439 ,
2392 1373 2508 1448 '59).

1865 1463 1922 1519 Si
1945 1477 2075 1534 ergo
2088 1479 2150 1520 ea
2169 1481 2290 1537 qua:
2312 1482 2340 1521 a
2371 1467 2479 1524 Deo
2502 1464 2640 1526 facta
2665 1483 2812 1540 sunt,
2838 1474 3086 1534 diversas
3107 1479 3399 1552 qualitates

1792 1555 2220 1614 substantiarum
2275 1576 2500 1618 suarum
2534 1564 2776 1637 habent;
2816 1577 2871 1625 tu
2901 1580 3059 1642 putas
3093 1573 3144 1629 in
3179 1576 3290 1632 Deo
3314 1583 3398 1632 ta-

1794 1647 1903 1706 lem
1931 1665 2057 1708 esse
2079 1653 2464 1725 substantiam,
2495 1659 2713 1730 qualem
2759 1660 2919 1721 habet
2970 1667 3172 1739 aliquid
3204 1667 3400 1726 horum

1793 1746 1937 1815 quod
1965 1744 2168 1804 factum
2192 1759 2353 1807 estut
2386 1755 2559 1824 possit
2595 1757 2870 1814 contraria
2902 1760 3150 1831 recipere
3173 1763 3196 1818 ?
3218 1764 3399 1820 Absit.

115 1847 226 1904 detn
255 1855 522 1918 resurgat.
553 1845 736 1902 Solius
765 1842 911 1901 enim
935 1844 1130 1900 animae
1161 1859 1260 1915 per
1287 1844 1489 1899 lavcri
1515 1843 1698 1899 vitalis
1728 1849 1775 1911 Β
1800 1838 1931 1909 Quae
1961 1850 2046 1898 est
2070 1844 2214 1899 enim
2236 1845 2541 1903 substantia
2569 1847 2710 1906 Dei?
2737 1849 2920 1928 Ipsum
2952 1856 3096 1928 quod
3122 1857 3268 1914 Deus
3294 1869 3402 1927 est,

110 1943 328 2016 gratiam
357 1941 826 1998 resnrrectlonem
851 1940 904 1994 in
935 1954 1102 1995 carne
1131 1938 1461 2005 defendunt;
1490 1954 1612 1996 nam
1643 1949 1699 1996 ct

111 2036 269 2105 ipsius
289 2035 477 2091 carnis
506 2037 742 2091 salutem
766 2032 1089 2089 excludunt.
1126 2031 1191 2086 Et
1227 2031 1280 2087 hl
1305 2046 1400 2103 per
1430 2032 1702 2087 verisimi-

107 2135 205 2190 lem
228 2133 630 2190 confessionem
653 2132 1028 2188 inuocentium
1047 2139 1256 2186 mentes
1279 2129 1489 2185 occulta
1512 2128 1700 2185 fraude

108 2229 384 2284 seducunt.
416 2227 483 2284 Et
514 2236 573 2282 ut
614 2229 755 2282 solet
788 2227 986 2282 lethale
1017 2225 1270 2296 poculum
1301 2223 1478 2279 mellis
1506 2223 1697 2279 dulce-

107 2325 225 2381 dine
254 2335 639 2396 temperatum,
677 2321 943 2378 suavitate
991 2319 1234 2386 fallente,
1281 2319 1589 2390 perimere;
1624 2319 1705 2376 sic

108 2429 155 2476 et
203 2420 305 2476 hoc
356 2420 564 2475 malum
618 2433 714 2490 per
765 2415 1204 2474 blandimentum
1254 2415 1488 2478 aurium,
1540 2413 1701 2488 351

105 2513 440 2570 audientium
473 2525 670 2567 sensus
697 2507 930 2581 quadam
964 2509 1084 2565 labe
1130 2507 1534 2573 contaminatis,
1573 2521 1705 2562 con-

110 2608 313 2678 tagione
336 2607 456 2662 vitii
488 2605 820 2660 adhzerentis
847 2603 1036 2658 inficit.

168 2697 402 2756 CAPUT
445 2696 613 2754 iV.-—-—
643 2697 883 2766 Denique
909 2703 962 2750 et
999 2707 1140 2749 nunc
1190 2702 1405 2764 possent
1439 2692 1709 2766 ὁμοούσιον

107 2792 259 2848 sicuti
281 2801 339 2848 et
367 2800 572 2848 caetera
593 2791 766 2845 verbo
811 2797 972 2844 tenus
1009 2787 1320 2852 nominare,
1349 2787 1395 2842 si
1443 2786 1710 2841 haberent

106 2886 382 2959 quomodo
403 2885 540 2941 illud
592 2885 658 2940 ad
684 2884 848 2940 aliam
882 2882 1294 2954 intelligentiam
1338 2894 1515 2937 scaevo
1543 2894 1710 2936 sensu

109 2987 536 3052 perverterent:
582 2978 678 3035 sed
718 2993 845 3033 cum
891 2977 1146 3034 viderent
1173 2991 1235 3032 se
1289 2975 1342 3031 in
1391 2975 1497 3032 hoc
1544 2973 1712 3031 verbo

105 3071 382 3143 concludi,
417 3073 627 3130 nullam
671 3071 896 3130 omnino
921 3071 1254 3128 mentionem
1285 3069 1442 3142 hujus
1472 3069 1591 3126 ﬁeri
1621 3085 1715 3123 vo-

106 3167 370 3236 luerunt;
407 3177 602 3224 neant
629 3165 937 3239 profitendo
982 3165 1087 3222 hoc
1131 3163 1442 3233 crederent,
1478 3173 1571 3220 aut
1595 3178 1715 3220 cre-

1799 1934 2058 2006 simplex,
2112 1935 2408 2010 singulare,
2464 1959 2684 2015 purum,
2717 1946 2863 2003 nulla
2891 1953 3242 2009 concretione
3273 1969 3401 2023 per-

1801 2031 2053 2100 mixtum,
2087 2033 2394 2105 limpidum,
2425 2037 2650 2105 bonum,
2687 2041 3014 2115 perfectum,
3047 2045 3287 2115 beatum,
3324 2050 3406 2104 in-

1804 2133 2042 2195 tegrum,
2073 2134 2320 2183 Sanctum
2369 2135 2566 2186 totum.
2626 2131 2707 2187 An
2740 2141 2792 2188 tu
2827 2145 2983 2206 putas
3011 2136 3172 2193 inane
3200 2139 3405 2210 aliquid

1803 2229 1928 2271 esse
1950 2225 2006 2272 et
2034 2232 2290 2285 vacuum,
2315 2219 2460 2291 quod
2489 2231 2577 2278 est
2605 2223 2780 2279 Deus?
2810 2225 2923 2283 iioc
2955 2229 3100 2284 enim
3133 2229 3238 2285 diei
3262 2231 3411 2287 blas-

1806 2311 2020 2382 phemia
2052 2322 2158 2380 est,
2188 2321 2248 2370 ut
2276 2314 2437 2371 inane
2457 2326 2699 2388 putetur,
2732 2336 2828 2392 per
2856 2338 3018 2392 quem
3049 2333 3246 2379 cuncta
3276 2340 3408 2381 con-

1804 2406 2064 2462 Stiterunt
2089 2450 2102 2474 ,
2155 2408 2248 2478 qui
2294 2407 2473 2464 omnia
2526 2414 2690 2467 verbo
2721 2413 2913 2483 edidit,
2946 2417 3157 2473 ratione
3189 2432 3414 2489 compo—

1805 2500 1933 2564 suit,
1961 2499 2164 2556 virtute
2194 2501 2440 2570 perfecit,
2465 2504 2622 2573 cujus
2652 2515 2784 2561 nutu
2815 2516 2869 2564 et
2895 2508 3130 2580 imperio
3155 2511 3410 2568 universa

1808 2598 2088 2660 reguntur,
2123 2601 2316 2646 cttncta
2349 2594 2685 2652 deserviunt.

1880 2683 1946 2738 Et
1969 2685 2108 2742 bene
2137 2683 2206 2742 de
2235 2685 2350 2744 Dco
2392 2687 2528 2758 legis
2558 2691 2821 2763 scriptum
2850 2711 2863 2748 :
2888 2692 3004 2768 Ego
3026 2713 3165 2766 sum,
3196 2699 3284 2769 qui
3301 2717 3416 2754 sunt

1813 2777 2011 2852 (Exod.
2045 2795 2126 2849 ttt,
2167 2780 2249 2854 Μ)
2274 2798 2288 2850 ;
2315 2790 2370 2839 et
2403 2800 2416 2840 :
2453 2783 2557 2852 Qui
2579 2787 2825 2854 est,misit
2853 2805 2932 2844 me
2953 2788 3170 2865 (Ibid).
3201 2792 3269 2847 Et
3298 2793 3416 2865 ipse

1810 2871 2056 2928 salvator
2084 2873 2346 2931 Dominus
2379 2892 2393 2928 :
2430 2874 2558 2932 "(PC
2587 2885 2682 2943 est,
2735 2880 2928 2954 inquit,
2980 2883 3086 2938 vita
3118 2894 3338 2952 attenta,
3363 2896 3422 2939 ut

1812 2977 2125 3038 cognoscant
2153 2977 2201 3024 te
2230 2969 2396 3026 solum
2429 2987 2604 3026 verum
2637 2969 2828 3043 Deum,
2857 2986 2906 3032 et
2935 2993 3084 3045 quem
3123 2978 3307 3032 misisti
3326 2977 3420 3034 Je-

1812 3077 1928 3116 sum
1952 3059 2216 3118 Christum
2249 3059 2430 3136 (Joan.
2459 3082 2594 3134 xvn,
2620 3067 2701 3138 3).
2743 3066 2840 3123 Est
2861 3086 2992 3140 ergo
3024 3081 3047 3111 ο
3081 3072 3133 3127 in
3165 3074 3421 3129 substan-

1817 3155 1888 3211 tia
1918 3156 2158 3213 essentia
2207 3174 2303 3214 sua
2351 3160 2514 3226 Deus,
2547 3161 2704 3234 cujus
2754 3165 2994 3236 cognitio
3048 3166 3161 3222 vita
3212 3180 3421 3224 aeterna

103 3259 293 3319 dentes
331 3261 578 3334 professi
632 3260 992 3316 viderentur:
1042 3258 1230 3316 subtili
1289 3258 1508 3328 ingenio
1538 3272 1709 3314 excu-
1737 3243 1782 3308 C
1815 3257 1921 3317 est,
1950 3250 2041 3322 qui
2074 3260 2128 3306 et
2183 3261 2364 3307 tantus
2390 3261 2493 3320 est,
2523 3263 2759 3328 quantus
2789 3255 2897 3316 dici
2924 3274 3030 3315 non
3083 3269 3284 3332 potest.
3318 3262 3424 3330 Qui

105 3368 306 3425 santes,
332 3359 488 3431 quod
532 3365 626 3414 aut
677 3357 942 3428 scriptum
975 3371 1081 3412 non
1132 3366 1301 3420 esset,
1335 3364 1429 3409 aut
1459 3353 1630 3410 Deum
1663 3353 1714 3408 in

102 3451 414 3508 substantia
448 3450 558 3508 dici
609 3463 721 3511 non.
772 3460 1056 3522 Oportere,
1086 3464 1155 3506 ne
1203 3462 1505 3520 corporeus
1531 3443 1718 3504 crede-

104 3555 274 3600 ΙὈΙΙΙΡ.

174 3637 321 3693 Deus
351 3636 591 3706 etenim,
640 3637 915 3708 inquiunt,
947 3633 1118 3692 efﬁcit
1164 3642 1221 3690 ut
1271 3633 1346 3690 sit
1393 3633 1714 3699 substantia,

104 3746 209 3788 non
265 3739 466 3789 tamen
499 3739 563 3787 ut
609 3731 727 3802 ipse
757 3729 900 3788 Deus
943 3732 996 3786 in
1047 3729 1355 3786 substantia
1391 3729 1716 3800 deputetur;

103 3825 328 3898 quippe,
362 3828 550 3893 aiunt,
580 3838 706 3882 cum
734 3825 914 3882 omnis
944 3823 1248 3881 substantia
1277 3825 1552 3880 contraria
1584 3823 1721 3880 reci-

103 3916 238 3986 piat.
266 3918 422 3974 Deus
455 3931 590 3973 vero
615 3916 707 3987 qui
741 3916 876 3972 nihil
909 3917 1189 3974 diversum
1212 3914 1502 3974 admittere
1521 3923 1720 3989 potest,

100 4008 416 4066 substantia
443 4009 556 4065 dici
578 4023 690 4065 non
715 4008 900 4066 debet.

168 4101 538 4173 ignoscerem
571 4101 668 4157 tibi
700 4101 746 4158 si
777 4102 878 4158 hoc
928 4101 1252 4173 simpliciter
1300 4097 1533 4166 diceres,
1565 4099 1610 4156 si
1643 4114 1729 4156 ra-

101 4195 308 4255 tionem
334 4198 423 4254 rei
452 4197 630 4254 velles
663 4198 824 4263 scire,
851 4197 896 4252 si
926 4196 1079 4252 rudis
1103 4196 1172 4252 ad
1202 4196 1342 4252 hanc
1371 4196 1724 4267 quaestionem

101 4293 445 4358 accedens,
479 4293 526 4348 si
547 4307 653 4347 non
684 4292 804 4363 ipse
826 4304 998 4357 esses,
1041 4291 1130 4360 qui
1160 4305 1379 4360 semper
1409 4290 1494 4345 vel
1523 4289 1591 4345 de
1620 4289 1726 4344 alia

101 4384 456 4454 substantia,
488 4385 577 4440 vel
611 4384 678 4439 de
715 4382 880 4438 nullis
910 4380 1254 4438 exstantibus
1287 4380 1382 4436 Dei
1423 4379 1619 4436 Filium
1642 4395 1730 4436 as-

97 4481 372 4538 serebas:
418 4489 485 4536 at
503 4493 627 4536 cum
657 4478 800 4535 idem
827 4479 944 4549 ipse
983 4479 1061 4534 sis
1111 4477 1200 4548 qui
1246 4475 1375 4532 hinc
1418 4491 1566 4546 smpe
1596 4489 1732 4530 con-

102 4573 306 4642 victus,
337 4587 506 4645 saepe
553 4572 865 4638 confessus,
896 4586 1045 4642 stupe
1075 4569 1307 4641 negasti,
1339 4569 1540 4640 saepius
1570 4567 1729 4624 aliter

1821 3352 1950 3401 tunc
1998 3345 2158 3418 digne
2209 3347 2537 3419 aestimatur,
2567 3364 2690 3407 cum
2749 3351 3149 3411 inmstimabilis
3196 3355 3425 3422 dicitur,

1822 3441 2013 3512 utique
2043 3441 2183 3497 velis
2211 3456 2274 3496 ac
2315 3441 2478 3498 nolis.

1807 3531 1809 3533 ’
1895 3535 2040 3606 Ergo
2071 3535 2253 3607 ipsum
2278 3537 2423 3609 quod
2454 3548 2556 3606 est,
2593 3539 2698 3596 hoc
2727 3549 2811 3597 est
2839 3541 3143 3598 substantia
3175 3544 3294 3616 ejus
3325 3546 3428 3610 rei,

1823 3643 1944 3700 quae
1973 3643 2098 3684 esse
2126 3628 2440 3687 defenditur
2471 3647 2485 3697 ;
2519 3633 2667 3706 quod
2722 3643 2902 3690 tamen
2931 3634 3044 3706 jam
3075 3636 3284 3693 dictum
3320 3651 3427 3706 εει,

1824 3731 2088 3795 quantum
2107 3733 2162 3780 et
2190 3723 2348 3796 quale
2400 3725 2495 3796 sit,
2520 3741 2620 3782 nec
2651 3739 2832 3784 mente
2859 3729 3098 3799 concipi,
3132 3747 3233 3787 nec
3261 3747 3430 3788 sensu

1827 3819 2111 3890 aestimari,
2144 3835 2245 3877 nec
2272 3821 2456 3878 animo
2483 3821 2698 3879 definiri
2734 3829 2913 3894 potest
2940 3841 2954 3890 ;
2980 3825 3276 3882 dummodo
3303 3841 3436 3883 con-

1827 3923 1937 3971 stet
1969 3930 2114 3982 esse,
2143 3913 2288 3986 quod
2341 3929 2464 3970 esse
2496 3913 2779 3982 creditur;
2813 3926 2871 3971 ut
2920 3917 2988 3973 de
3044 3933 3108 3974 eo
3141 3919 3262 3988 ipso
3290 3920 3434 3990 quod

1832 4006 1975 4064 Deus
1997 4016 2106 4075 est,
2139 4007 2267 4064 inde
2296 4008 2368 4064 sit
2399 4007 2592 4086 Filius,
2627 4020 2685 4064 ut
2734 4025 2902 4066 verus
2933 4011 3002 4068 sit
3027 4009 3223 4078 Filius,
3257 4023 3313 4069 et
3345 4031 3438 4072 vc-

1828 4117 1922 4157 rus
1962 4102 2031 4156 sit
2058 4100 2219 4158 Pater
2251 4101 2305 4157 in
2352 4098 2513 4165 Filio.
2547 4110 2603 4158 et
2648 4101 2816 4159 Filius
2866 4103 2917 4159 in
2974 4103 3154 4161 Patre.
3191 4105 3305 4162 Hoc
3335 4108 3442 4163 erit

1830 4193 2122 4270 ὁμοούσιος,
2157 4195 2208 4251 id
2241 4205 2344 4263 est,
2371 4197 2532 4252 unius
2571 4197 2890 4256 substantia:
2923 4215 3046 4256 cum
3077 4199 3265 4270 Patre,
3294 4200 3443 4258 sicut

1831 4293 1950 4365 ipse
1998 4293 2261 4350 Dominus
2305 4294 2423 4348 ait:
2458 4292 2570 4365 Ego
2618 4294 2673 4349 in
2719 4293 2897 4362 Patre,
2951 4303 2999 4352 et
3056 4294 3217 4351 Pater
3261 4298 3314 4353 in
3357 4315 3439 4354 me

1833 4386 2014 4458 (Joan.
2042 4403 2152 4453 tttv,
2172 4387 2298 4458 10);
2329 4397 2384 4444 et
2409 4406 2421 4442 :
2455 4388 2566 4460 Ego
2593 4398 2640 4444 et
2669 4388 2828 4445 Pater
2853 4407 3014 4446 unum
3035 4409 3216 4448 sumus
3236 4393 3433 4466 (Ibid.,

1835 4497 1890 4548 x,
1925 4481 2018 4553 '50)
2043 4498 2057 4548 ;
2085 4490 2139 4537 et
2187 4499 2201 4538 :
2235 4480 2347 4552 Ego
2396 4481 2460 4536 de
2506 4479 2666 4537 Patre
2695 4483 2828 4538 exivi
2865 4482 3001 4552 (1b.,
3031 4501 3142 4554 xw,
3169 4485 3266 4559 9.8)
3292 4503 3306 4554 ;
3337 4497 3432 4545 et:

1843 4572 1946 4642 Qui
1978 4590 2059 4630 me
2094 4574 2248 4640 videt,
2276 4573 2413 4630 uidet
2441 4585 2488 4630 ct
2512 4573 2720 4630 Patrem
2745 4574 2850 4648 (Ib.
2869 4616 2886 4643 ,
2913 4591 3021 4642 xw,
3054 4577 3134 4652 9).

97 4663 468 4720 immolando
495 4663 787 4719 damnatus
818 4677 878 4719 es
907 4680 924 4721 :
952 4664 1042 4734 qui
1086 4663 1250 4718 etiam
1275 4660 1303 4699 δ
1331 4675 1474 4717 nunc
1513 4661 1587 4728 vi,
1620 4675 1736 4716 am-
1761 4651 1813 4713 D
1910 4663 2026 4721 Non
2058 4665 2500 4737 immerito,qnia
2522 4665 2695 4722 Filius
2722 4667 2817 4726 Dei
2849 4666 2918 4725 de
2950 4669 3065 4728 Deo
3091 4651 3254 4729 Patre
3274 4682 3438 4731 natus

97 4757 319 4816 bittone
379 4767 446 4816 et
493 4758 740 4829 potentia
783 4757 1087 4828 exagitans,
1131 4754 1318 4812 turbas
1345 4756 1525 4812 omnia
1554 4771 1569 4822 ;
1596 4769 1736 4826 quo-

95 4855 268 4910 modo
302 4863 488 4925 putas
539 4866 625 4907 me
666 4851 951 4922 ignoscere
975 4852 1070 4906 tibi
1096 4865 1256 4921 posse
1280 4849 1622 4922 frequentius
1644 4863 1736 4906 ea-

96 4948 225 5004 dem
255 4948 605 5028 retractanti
628 4949 652 5002 i
679 4946 788 5004 Sed
836 4961 904 5003 ne
934 4947 1184 5002 videatur
1237 4946 1354 5002 haec
1399 4945 1737 5018 perversitas

95 5023 488 5116 prejudicata
524 5044 700 5115 magis
750 5057 912 5114 quam
940 5042 1248 5098 examinata
1299 5043 1575 5110 damnari,
1607 5040 1732 5097 bre-

96 5136 243 5197 viter
271 5140 381 5195 tibi
415 5138 498 5195 de
527 5139 628 5195 bac
657 5139 1004 5212 Oppositione
1049 5138 1431 5206 respondeam.

172 5234 474 5291 Prohibes
533 5234 717 5305 itaque
772 5235 826 5289 in
871 5235 982 5289 Deo
1031 5232 1391 5289 substantiam
1443 5231 1734 5300 nominari,

96 5327 263 5399 quasi
291 5341 480 5384 omne
507 5328 652 5399 quod
693 5327 997 5385 substantia
1025 5326 1246 5395 dicitur,
1279 5342 1369 5382 res
1419 5324 1536 5398 ipsa
1581 5325 1740 5380 unius

176 5494 203 5521 ει
248 5484 426 5541 Hunc
459 5486 629 5542 etiam
679 5487 854 5543 locum
883 5486 1043 5542 nobis
1072 5485 1206 5541 edit.
1259 5482 1418 5554 Vigil.
1471 5479 1733 5554 restituit,

98 5569 231 5612 cum
266 5557 591 5614 haberetur
619 5561 669 5614 in
699 5573 834 5614 mss.
880 5567 933 5612 et
960 5557 1095 5613 edit.
1131 5553 1507 5611 Atnbrosianis
1535 5554 1589 5607 in
1620 5553 1738 5607 haec

99 5632 306 5691 verba,
358 5630 585 5683 animas
633 5630 971 5698 simplicium,
1002 5628 1181 5683 dicunt
1223 5631 1303 5683 Itis
1343 5627 1467 5697 quia
1502 5628 1554 5681 iu
1587 5637 1742 5681 carne

104 5715 220 5772 non
265 5711 695 5771 resargant....,
727 5703 898 5757 dicent
947 5701 1042 5756 tibi
1068 5717 1087 5754 τ
1113 5700 1299 5772 Utique
1345 5698 1439 5754 itte
1484 5699 1602 5766 erit,
1635 5706 1741 5753 etc.

102 5769 306 5842 inepto
335 5769 555 5830 senio.

179 5840 456 5900 1"Anthr.
485 5843 622 5900 edit.
670 5860 812 5900 cum.
862 5861 964 5900 ms.
998 5843 1167 5909 Tel|.,
1210 5860 1346 5898 nunc
1376 5844 1429 5898 in
1476 5840 1754 5896 ambitione

107 5916 410 5990 exagitans
443 5931 466 5972 :
503 5913 667 5989 Vigil.
709 5915 844 5974 edit.
878 5931 1001 5974 cum
1030 5916 1164 5974 Lact.
1189 5915 1339 5983 cod.,
1365 5915 1432 5985 ei,
1458 5911 1754 5977 ambitione,

1835 4768 1951 4826 est;
1978 4770 2032 4816 et
2059 4759 2182 4816 ideo
2211 4758 2278 4815 de
2325 4759 2534 4818 unitate
2580 4759 2923 4829 substantia},
2954 4772 3008 4819 et
3051 4764 3121 4821 de
3152 4767 3440 4837 majestate

1837 4853 2059 4909 dcitatis
2078 4869 2246 4909 unum
2276 4863 2424 4920 sunt,
2451 4853 2612 4910 sicuti
2644 4861 2702 4908 et
2732 4853 3033 4912 Hieremias
3054 4858 3437 4928 prophetavit:

1841 4947 1972 5014 Quis
2000 4947 2153 5002 stabit
2194 4948 2248 5002 in
2277 4947 2566 5002 substantia
2596 4947 2834 5015 Domini,
2872 4959 2920 5004 et
2966 4950 3154 5005 videbit
3210 4949 3439 5007 Verbum

1841 5039 2052 5095 Domini
2080 5040 2258 5111 (Hier.
2283 5057 2437 5104 χχιιι,
2466 5040 2595 5112 18)“!
2621 5042 2686 5098 Et
2717 5043 2916 5099 iterum
2951 5061 2964 5097 :
3000 5043 3061 5099 Si
3105 5044 3359 5098 stetissent
3386 5044 3440 5099 in

1839 5133 2124 5190 substantia
2147 5151 2277 5201 mea,
2295 5144 2341 5189 et
2368 5135 2414 5188 si
2429 5135 2694 5190 audissent
2712 5135 2864 5191 verba
2888 5153 3024 5200 mea,
3044 5137 3336 5190 avertissem
3353 5153 3440 5192 eos

1846 5227 1909 5282 ab
1927 5227 2112 5282 studiis
2125 5244 2296 5282 eorum
2311 5229 2547 5298 pessimis
2569 5227 2762 5295 (Ibid.,
2781 5227 2900 5298 2'2).
2921 5228 3139 5297 Etapud
3161 5227 3439 5285 Salomon:

1850 5320 2156 5378 Substantia
2215 5337 2328 5376 mea
2357 5362 2373 5388 ,
2433 5323 2654 5378 dulcedo
2715 5339 2829 5378 mea
2878 5332 2952 5376 est
2995 5320 3152 5394 (Sap.
3192 5320 3439 5395 xwﬂi).

1842 5478 1935 5534 sed
1968 5479 2081 5532 sola
2112 5477 2246 5534 edit.
2281 5477 2399 5546 Vig.
2434 5477 2604 5538 addit,
2630 5487 2676 5531 et
2705 5477 2952 5543 potentia.

1920 5561 1942 5588 ο
1966 5549 2041 5604 Ita
2068 5564 2260 5603 omnes
2286 5551 2419 5603 edit.
2453 5560 2509 5604 et
2539 5549 2664 5602 cod.
2687 5547 2845 5611 Law;
2867 5558 2920 5602 at
2943 5547 3254 5616 Vigil.edit.
3288 5568 3442 5610 rese-

1848 5622 1979 5686 cuit,
2005 5623 2225 5675 essentia
2254 5637 2369 5684 sua,
2395 5635 2493 5688 pro
2534 5621 2729 5691 quibus
2779 5619 2917 5691 'i‘ell.
2964 5621 3088 5676 cod.
3141 5624 3440 5691 sultStituit,

1850 5694 2100 5748 sententia
2129 5691 2680 5758 sua.VerttmrecepIa
2711 5690 2874 5762 lectio
2907 5707 3011 5748 non
3036 5697 3390 5751 estnttttunda
3427 5690 3441 5762 ξ

1854 5765 2096 5842 idem_ea
2146 5762 2434 5842 significat:
2489 5775 2551 5816 ac
2581 5763 2625 5816 si
2679 5761 2968 5831 scribatur,
3011 5766 3062 5822 in
3093 5767 3285 5825 ordine
3312 5761 3443 5824 sub-

1861 5838 2073 5893 stantiae
2097 5849 2198 5906 per
2226 5838 2520 5891 essentiam
2552 5846 2724 5888 suam.
