3970 6316
592 285 702 348 559

1499 283 1597 344 AD
1643 283 1872 344 OPERA
1924 285 2170 346 SANCTI
2209 286 2537 349 AMBROSII
2575 287 2944 350 APPENDIX.
3708 298 3784 360 560

660 402 888 462 CAPUT
930 403 1072 460 V.—
1091 402 1224 461 Cum
1246 416 1378 476 ergo
1400 402 1542 461 hanc
1567 406 1834 464 unitatem
1865 406 2187 465 substantiae
2213 409 2262 471 Α
2289 425 2403 478 res,
2433 419 2489 466 et
2509 425 2698 468 verum
2726 410 2927 468 Filium
2957 408 3028 468 de
3048 423 3179 468 vero
3203 410 3365 468 Patre
3400 421 3782 486 cognosceresme

591 504 643 556 in
679 502 837 557 Patre
854 509 910 557 et
939 499 1079 556 Filio
1097 515 1202 555 non
1234 501 1410 556 solum
1442 502 1784 572 prophetica,
1813 503 1912 560 sed
1940 512 1996 560 et
2024 519 2192 560 evan-

584 593 756 664 gelica
786 593 1110 648 auctoritate
1137 593 1301 665 352
1347 606 1650 664 cognoscas
1680 609 1696 662 ;
1726 596 2008 664 quomodo
2050 595 2191 652 dicis

583 688 638 740 in
684 685 972 756 scripturis
1003 683 1203 739 divinis
1255 683 1526 759 ὁμοούσιον
1566 700 1676 740 non
1725 685 1982 752 inveniri,
2030 687 2188 756 quasi

583 777 736 832 aliud
786 778 859 833 sit
911 777 1187 851 ὃμοούσιον
1238 793 1404 849 quam
1441 780 1587 849 quod
1621 777 1755 833 dicit
1797 795 1810 832 :
1842 777 1956 850 Ego
1987 781 2050 833 de
2074 777 2190 834 Deo

585 867 745 924 Patre
768 869 901 924 exivi
925 867 1106 941 (Joan.
1150 885 1260 938 va,
1287 868 1382 943 28)
1408 887 1423 936 ;
1453 881 1509 927 et
1541 887 1554 924 :
1602 868 1718 944 Ege
1749 879 1798 925 et
1826 869 1986 926 Pater
2029 888 2190 925 unum

579 977 757 1016 sumus
785 960 806 1034 (
830 959 998 1026 Ibid.,
1023 977 1079 1028 x,
1112 962 1222 1034 50)
1257 980 1270 1016 :
1304 963 1391 1019 vel
1430 962 1578 1035 quod
1611 962 1859 1034 prohetaa
1889 979 1953 1020 ex
1995 971 2188 1034 aperto

582 1055 948 1112 substantiam
977 1056 1075 1113 Dei
1126 1057 1497 1114 intimabant?

650 1149 780 1206 Haec
815 1159 902 1205 est
927 1161 1110 1206 autem
1141 1151 1380 1208 nominis
1401 1154 1568 1220 ratio,
1597 1161 1658 1208 ut
1685 1146 1740 1208 in
1774 1153 1938 1210 Patre
1965 1161 2021 1210 et
2046 1151 2187 1209 Filio

575 1243 842 1299 unitatem
875 1243 1203 1299 substantiae
1227 1243 1443 1311 credas,
1474 1245 1603 1301 licet
1655 1261 1771 1302 rem
1829 1247 2029 1317 ipsam,
2061 1259 2187 1316 quae

575 1346 662 1392 est
685 1337 1095 1403 inenarrabilis,
1127 1337 1364 1393 delinire
1384 1353 1491 1393 non
1521 1337 1739 1408 possis;
1773 1348 1834 1394 ut
1857 1339 1974 1395 sive
2001 1339 2185 1394 lumen

576 1429 648 1485 de
673 1429 882 1486 lumine
912 1430 1084 1499 dicas,
1127 1429 1245 1486 sive
1283 1431 1510 1487 verbum
1539 1431 1608 1487 de
1662 1433 1854 1500 verbo,
1885 1433 2001 1489 sive
2027 1432 2188 1503 spiri-

575 1534 691 1579 tum
723 1524 792 1580 de
821 1525 1172 1596 spiritu,sive
1196 1525 1477 1582 dominum
1499 1527 1570 1584 de
1593 1526 1853 1593 domino;
1883 1527 2188 1599 quodcum-

576 1632 686 1688 que
711 1617 780 1673 de
813 1633 881 1673 eo
902 1617 1133 1685 dixeris,
1173 1617 1336 1675 unius
1367 1631 1548 1676 tamen
1595 1621 1849 1676 essentia:
1884 1620 2102 1677 Patrem
2129 1629 2187 1677 et

573 1710 776 1766 Filium
807 1710 1000 1767 credas
1033 1728 1047 1766 :
1078 1721 1133 1767 et
1160 1712 1232 1768 de
1276 1728 1342 1769 eo
1393 1714 1516 1784 ipso
1573 1715 1718 1786 quod
1766 1715 1925 1770 Pater
1951 1723 2054 1782 est,
2089 1714 2182 1771 Fi-

2290 504 2552 576 qualitate
2599 514 2782 562 autem
2830 506 2910 562 rei
2951 505 3233 577 requirere
3289 522 3396 562 non
3435 507 3667 576 deberes;
3703 513 3783 584 quia

2289 599 2450 668 quale
2471 607 2566 654 aut
2587 606 2852 670 quantum
2882 598 2973 662 sit,
3023 599 3168 654 scire
3211 614 3322 654 non
3354 602 3541 670 possis.
3581 602 3673 659 Hoc
3691 605 3784 661 enim

2288 690 2594 762 prophetas,
2619 689 2724 748 hoc
2748 692 2980 763 apostoli
3010 692 3404 763 praedicarunt.

2362 781 2593 840 CAPUT
2639 782 3044 856 VL—Denique
3073 799 3172 854 pro
3200 794 3391 857 captu,
3412 801 3504 857 pro
3520 787 3703 854 viribus,
3725 806 3787 862 pro

2290 877 2397 935 ﬁde
2418 889 2604 935 nostra
2629 879 2940 937 intueamur
2963 880 3102 938 Deus
3139 880 3268 952 quid
3290 882 3386 948 sit,
3414 888 3468 937 et
3492 880 3722 940 videamus
3744 901 3787 941 an

2289 969 2338 1026 ei
2367 970 2569 1041 aliquid
2595 971 2768 1042 possit
2807 974 3140 1044 comparari.
3183 973 3348 1030 Certe
3374 973 3461 1030 hic
3473 981 3568 1039 est,
3587 975 3644 1030 de
3664 989 3791 1047 quoet

2287 1081 2412 1122 cum
2442 1066 2663 1133 dicitur,
2694 1083 2804 1124 non
2863 1077 3042 1139 potest
3092 1068 3386 1127 dici:cum
3428 1069 3790 1139 :estitnatur,non

2289 1172 2473 1233 potest
2499 1163 2762 1219 testimari
2790 1181 2803 1218 :
2837 1178 2962 1220 cum
2994 1173 3374 1236 comparatur,
3403 1178 3509 1220 non
3535 1174 3683 1235 potest
3700 1180 3779 1221 con

2285 1255 2464 1326 parari
2495 1271 2509 1312 :
2535 1269 2660 1310 cum
2685 1253 2978 1324 deﬁnitur,
3005 1255 3122 1328 ipsa
3165 1271 3263 1312 sua
3306 1255 3608 1311 deﬁnitione
3641 1257 3790 1312 crescit.

2287 1347 2389 1415 Qui
2429 1347 2627 1404 coelum
2679 1363 2842 1404 manu
2874 1364 2972 1405 sua
3019 1350 3222 1420 operit,
3250 1363 3435 1421 pugno
3459 1363 3651 1404 omnem
3681 1349 3797 1405 ambi-

2287 1451 2400 1497 tum
2432 1441 2617 1497 mundi
2643 1441 2872 1498 claudit.
2914 1443 3083 1512 Quem
3124 1451 3301 1499 totum
3324 1443 3504 1499 omnia
3528 1443 3743 1510 nesciunt,
3762 1454 3797 1499 et

2287 1536 2580 1592 metuendo
2623 1537 2828 1592 sciunt.
2860 1534 3030 1607 Cujus
3066 1536 3280 1592 nomini
3327 1546 3383 1593 et
3411 1536 3590 1591 virtuti
3635 1535 3795 1592 [amula-

2288 1638 2378 1685 tur
2405 1629 2494 1685 hic
2529 1630 2680 1686 orbis
2708 1672 2724 1696 ,
2765 1640 2822 1686 et
2853 1631 2969 1701 ipsa
3027 1631 3428 1688 elementorum
3451 1629 3551 1686 sibi
3575 1630 3796 1686 succeden-

2289 1723 2422 1778 tium
2459 1731 2843 1780 momentanea
2892 1723 3213 1780 vicissitudo
3239 1732 3494 1780 testatur.
3522 1721 3640 1778 Vide
3659 1738 3753 1795 ergo
3769 1724 3796 1778 si

573 1801 708 1856 lium
740 1803 1037 1874 intelligas.
1070 1803 1206 1859 Nam
1233 1805 1280 1859 si
1325 1805 1564 1877 aliquam
1598 1807 2064 1878 comparationem
2113 1806 2183 1863 de
2212 1813 2258 1874 B
2287 1823 2470 1885 potest
2489 1815 2698 1887 aliquid
2727 1831 2868 1882 esse,
2903 1817 2986 1872 cui
3011 1817 3183 1887 possit
3212 1815 3376 1872 Pater
3401 1814 3678 1887 comparari
3691 1827 3728 1871 et
3743 1815 3800 1870 Fi-

572 1897 742 1953 rebus
767 1896 854 1952 his
869 1912 993 1968 quae
1023 1897 1302 1963 videntur,
1337 1899 1392 1953 in
1424 1914 1490 1954 eo
1521 1899 1724 1967 facias;
1756 1900 1872 1970 ipsa
1905 1899 2186 1956 dissimili-

577 1989 769 2046 tudine
799 2006 982 2047 rerum
1012 2007 1120 2048 non
1153 1991 1422 2048 rationem
1447 1993 1728 2060 ostendes,
1747 1993 1843 2049 sed
1873 1993 2182 2050 altercatio-

576 2100 702 2141 nem
742 2085 1173 2156 disputationum
1229 2085 1484 2153 induces,
1525 2095 1550 2123 δι
1582 2095 1643 2140 ιιι
1687 2086 1842 2157 cujus
1887 2101 2021 2142 voce
2085 2085 2182 2142 de-

574 2178 839 2249 scriptum
863 2190 948 2236 est
976 2199 990 2236 :
1016 2178 1113 2234 Cui
1142 2195 1222 2234 me
1273 2178 1637 2250 comparabilis
1677 2177 1848 2250 (Esai.
1903 2195 2050 2244 χιιι,
2080 2178 2179 2250 5)?

573 2276 657 2332 Ac
686 2273 918 2346 proinde
941 2274 1087 2330 Deus
1115 2274 1201 2330 cui
1232 2274 1523 2329 assimilari
1556 2272 1688 2328 nihil
1722 2281 1922 2344 potest,
1946 2271 2181 2328 sulﬁciat

573 2367 746 2433 credi,
768 2367 914 2439 quod
939 2368 1056 2439 ipse
1083 2367 1343 2436 sentitur,
1369 2381 1532 2437 quem
1580 2366 1696 2436 ipse
1723 2365 1875 2422 credi
1897 2382 1956 2422 se
1983 2364 2177 2430 voluit,

575 2477 687 2519 non
715 2461 969 2518 indicari.

649 2555 895 2627 Denique
941 2555 986 2611 si
1017 2554 1086 2610 de
1135 2552 1239 2610 hoc
1290 2551 1409 2625 ipso
1437 2552 1581 2623 quod
1630 2568 1846 2609 mecum
1879 2552 2176 2623 proﬁteris,

569 2649 641 2704 ad
667 2649 907 2719 aliquam
937 2648 1354 2704 similitudinem
1378 2647 1519 2704 velis
1549 2646 1604 2702 in
1635 2647 1751 2704 Deo
1777 2647 2054 2714 conferre,
2084 2663 2180 2704 ne-

570 2741 689 2798 scio
716 2757 784 2796 an
816 2741 964 2813 quod
993 2741 1429 2811 comparaveris,
1458 2741 1638 2811 possis
1687 2741 2002 2810 expressius
2043 2740 2179 2797 deﬁ-

570 2836 729 2891 nire:
766 2843 826 2889 ut
855 2848 982 2906 puta
1010 2849 1132 2890 cum
1161 2833 1300 2889 dicis
1325 2833 1510 2889 lumen
1544 2849 1614 2890 ex
1646 2833 1875 2898 lumine,
1909 2833 1956 2888 si
1987 2833 2052 2888 ad
2083 2849 2179 2890 ex-

570 2928 906 3000 planandum
961 2926 1094 2982 illud
1149 2927 1471 2997 scrupulosa
1540 2925 1856 2982 narratione
1910 2927 2174 2996 cogaris,

573 3039 764 3094 quaero
789 3021 1071 3092 quomodo
1107 3020 1293 3077 lumen
1343 3036 1416 3076 ex
1459 3020 1666 3075 lumine
1707 3019 1942 3075 credas?
1981 3017 2174 3076 Utrum

574 3116 730 3189 quasi
755 3117 1034 3172 lucernam
1057 3129 1125 3170 ex
1158 3113 1507 3178 lucerna,vel
1531 3113 1687 3184 quasi
1707 3113 1880 3168 solem
1913 3128 1979 3167 ex
2013 3112 2172 3177 sole;

2287 1907 2392 1963 lius
2416 1925 2430 1974 ;
2462 1909 2588 1980 quia
2617 1909 2740 1965 talis
2769 1919 2855 1965 est
2881 1909 3074 1975 Filitts,
3104 1909 3283 1981 qualis
3301 1919 3357 1967 et
3384 1909 3576 1973 Pater;
3602 1925 3688 1965 non
3703 1910 3797 1965 enim

2284 1999 2405 2070 ipse
2425 2013 2486 2055 se
2509 2016 2674 2056 unum
2697 2017 2822 2057 cum
2846 2001 3008 2058 Patre
3042 2001 3271 2069 diceret,
3304 2003 3410 2058 nisi
3460 2003 3608 2060 talem
3627 2018 3693 2072 se,
3713 2018 3798 2076 qua-

2284 2093 2354 2151 lis
2375 2104 2461 2151 est
2487 2096 2674 2162 Pater,
2690 2097 2874 2154 sciret.

2354 2190 2516 2246 Ratio
2533 2190 2779 2262 quaedam
2801 2201 2908 2259 est,
2931 2207 3054 2264 quae
3078 2193 3220 2264 apud
3247 2193 3476 2252 Graecos
3499 2197 3632 2271 λόγος
3657 2212 3798 2253 nuncn-

2283 2293 2470 2356 patur,
2501 2302 2621 2356 quae
2650 2287 2796 2344 inter
2827 2288 3045 2344 Patrem
3087 2298 3144 2345 et
3163 2290 3363 2346 Filium
3389 2306 3640 2362 personas
3663 2293 3800 2349 velro-

2283 2381 2478 2436 cabula
2508 2381 2829 2453 distinguit;
2857 2383 2982 2452 quia
3027 2393 3082 2438 et
3121 2384 3242 2455 ipse
3287 2385 3466 2442 Filius
3489 2387 3616 2442 ratio
3648 2387 3797 2442 dicitur.

2281 2473 2413 2541 Quae
2441 2482 2622 2529 tamen
2649 2475 2791 2530 ratio
2820 2474 3009 2530 multis
3029 2475 3347 2536 nominibus
3364 2477 3678 2551 appellatur:
3694 2478 3802 2534 modo

2281 2563 2533 2632 verbum,
2568 2565 2730 2621 modo
2777 2566 2970 2633 virtus,
3002 2566 3168 2623 modo
3208 2569 3509 2638 sapientia,
3538 2570 3680 2625 modo
3715 2569 3802 2624 dex-

2283 2668 2421 2726 tera,
2450 2659 2612 2715 modo
2639 2659 2947 2728 brachium,
2973 2661 3139 2717 modo
3187 2663 3508 2735 margarita,
3552 2664 3692 2722 modo
3727 2665 3803 2720 tlte-

2281 2766 2496 2818 saurus,
2515 2751 2678 2808 modo
2707 2755 2866 2818 retia,
2888 2753 3052 2810 modo
3079 2763 3346 2824 aratrum,
3365 2756 3532 2814 modo
3561 2757 3682 2824 fons,
3695 2756 3803 2812 modo

2279 2853 2456 2914 petra,
2510 2843 2674 2899 modo
2719 2845 2859 2916 lapis
2891 2845 3168 2916 angularis
3194 2887 3209 2913 ,
3265 2848 3435 2904 modo
3483 2865 3660 2922 agnus,
3695 2847 3806 2904 modo

2280 2935 2468 3005 homo,
2499 2936 2663 2993 modo
2684 2937 2912 3006 vitulus,
2937 2938 3100 2994 modo
3129 2939 3336 3011 aquila,
3387 2942 3553 3000 modo
3582 2943 3672 3004 leo,
3696 2941 3804 2996 modo

2278 3031 2387 3096 via,
2418 3031 2582 3088 modo
2610 3033 2837 3100 veritas,
2865 3032 3030 3089 modo
3073 3033 3202 3090 vita.
3235 3035 3308 3091 Et
3357 3037 3430 3092 ita
3476 3052 3594 3094 cum
3631 3037 3689 3094 sit
3711 3037 3806 3092 Deus

2279 3123 2458 3179 omnia
2488 3125 2540 3180 in
2576 3125 2854 3193 omnibus,
2893 3135 2954 3182 ut
2999 3142 3098 3198 per
3137 3127 3255 3184 huic
3283 3131 3550 3188 vocabula
3573 3131 3803 3187 divinarum

575 3221 639 3267 ut
667 3221 759 3267 aut
807 3210 946 3265 duas
990 3209 1264 3274 lucernas.
1316 3215 1410 3262 alii
1461 3207 1600 3263 duos
1640 3206 1806 3276 30199.
1841 3208 1995 3276 ηυδεί
2035 3205 2175 3261 duos
2202 3211 2249 3276 C
2280 3217 2702 3287 dispositionum
2755 3221 3014 3292 mysteria
3067 3234 3508 3295 cognoscantur,
3535 3241 3633 3283 non
3652 3236 3700 3282 ut
3730 3225 3804 3295 ipsa

573 3307 710 3362 deos
739 3304 841 3360 sub
864 3303 967 3359 hoc
993 3301 1251 3374 exemplo
1282 3301 1551 3358 inducas?
1581 3299 1692 3356 Aut
1717 3300 2070 3371 splendorem
2095 3299 2177 3354 lu-

576 3398 743 3454 minis
767 3397 1012 3468 ejusdem
1044 3397 1305 3461 lucernae,
1355 3396 1439 3451 vel
1467 3395 1770 3450 claritatem
1823 3394 1958 3450 solis
1984 3394 2053 3450 de
2081 3409 2174 3450 eo-

574 3494 700 3550 dem
746 3493 864 3550 sole
893 3491 1216 3562 fulgentem,
1244 3491 1430 3546 lumen
1458 3491 1526 3546 de
1555 3491 1759 3546 lumine
1785 3491 2096 3562 consignes,
2119 3500 2179 3546 ut

575 3589 630 3645 in
662 3589 942 3644 matricem
961 3586 1183 3641 luminis
1206 3585 1382 3641 Patris
1409 3583 1639 3655 ﬁguram
1663 3583 1958 3650 assimiles,
1979 3583 2178 3638 Filium

572 3696 708 3737 vero
734 3680 789 3736 in
819 3679 1171 3751 splendorem
1226 3675 1495 3732 claritatis
1522 3675 1780 3731 ostendas
1808 3691 1823 3742 ;
1852 3675 1996 3746 quod
2019 3675 2088 3731 de
2111 3689 2178 3731 eo

570 3774 844 3844 Propheta
874 3770 1110 3827 dixerit:
1143 3768 1297 3842 Apud
1341 3778 1389 3824 te
1419 3777 1494 3822 est
1517 3767 1634 3837 [om
1663 3768 1800 3832 vitaz,
1825 3776 1872 3821 et
1901 3767 1953 3821 in
1984 3767 2180 3821 lumine

578 3877 666 3921 tuo
705 3865 984 3920 videbimus
1011 3865 1184 3918 lumen
1211 3860 1332 3933 (Ps.
1368 3877 1539 3925 xxxv,
1570 3857 1663 3930 10)
1694 3876 1708 3924 ;
1761 3859 1849 3915 vel
1893 3859 2175 3928 Salomon,

578 3975 702 4015 cum
734 3958 899 4014 dicit:
932 3954 1143 4010 Candor
1166 3964 1242 4009 est
1273 3954 1406 4008 lucis
1427 3962 1654 4017 cateruae,
1697 3962 1744 4006 et
1775 3952 2041 4024 speculum
2069 3953 2182 4007 sine

580 4051 784 4107 macula
814 4047 914 4104 Dei
940 4047 1250 4121 majestatis,
1305 4055 1355 4100 et
1386 4046 1556 4114 imago
1577 4044 1821 4099 bonitatis
1847 4044 1992 4098 illius
2018 4042 2177 4117 (Sap.

581 4159 678 4209 ιίι,
707 4141 802 4215 26)
833 4157 849 4207 ;
876 4139 962 4195 vel
992 4137 1293 4210 Apostolus
1315 4137 1402 4192 hic
1431 4135 1807 4202 prmdicaverit
1837 4135 2180 4192 Salvatorem

582 4246 832 4293 nostrum
876 4233 1167 4304 imaginem
1222 4245 1346 4287 esse
1399 4229 1689 4285 invisibilis
1750 4227 1890 4294 Dei,
1922 4243 1989 4285 eo
2035 4228 2183 4301 quod

583 4329 763 4399 imago
792 4325 820 4364 ι)
860 4323 993 4380 solis
1022 4323 1115 4378 lux
1136 4337 1235 4378 sua
1258 4321 1347 4390 sit,
1380 4336 1501 4392 quae
1526 4320 1594 4376 de
1635 4318 1827 4375 eodem
1851 4319 1967 4378 sole
1991 4336 2185 4391 proce-

587 4422 667 4476 dit
695 4418 920 4489 (Coloss.
946 4432 986 4484 ι,
1021 4413 1138 4486 15).

657 4511 765 4569 Sed
787 4518 987 4582 quanta
1014 4507 1081 4564 ad
1116 4506 1233 4562 haec
1281 4506 1600 4578 responderi
1633 4517 1881 4578 possunt,
1909 4522 2030 4579 quae
2060 4507 2184 4565 lites

2279 3311 2538 3384 majestas
2563 3313 2686 3368 Filii
2719 3313 2815 3369 Dei
2846 3314 3068 3386 proprie
3097 3316 3318 3373 deﬁnita
3354 3328 3687 3376 monstretur.

2349 3406 2488 3475 Quid
2519 3415 2604 3462 est
2625 3407 2769 3463 enim
2789 3407 2962 3463 Filius
2986 3408 3055 3465 de
3095 3424 3162 3466 eo
3197 3411 3344 3482 quod
3375 3411 3538 3468 Pater
3565 3413 3676 3468 est!
3701 3410 3806 3468 Alius

2282 3498 2450 3554 idem.
2469 3498 2605 3555 Nam
2643 3511 2663 3538 ο
2691 3511 2746 3556 et
2775 3501 2846 3557 ob
2879 3501 2983 3557 hoc
3001 3501 3242 3559 Verbum
3267 3513 3628 3576 nuncupatur,
3649 3504 3746 3576 quia
3764 3518 3806 3557 ex

2281 3591 2504 3662 proprio
2561 3592 2723 3665 353
2753 3593 2940 3650 divino
2983 3610 3082 3652 ore
3125 3598 3424 3668 processit,
3458 3609 3515 3655 et
3561 3599 3678 3655 nihil
3702 3597 3805 3654 Pater

2281 3685 2401 3742 sine
2427 3701 2493 3741 eo
2523 3699 2615 3741 aut
2636 3687 2824 3756 jussit,
2851 3698 2946 3744 aut
2975 3688 3126 3745 fecit.
3143 3688 3332 3746 Virtus
3359 3691 3579 3759 dicitur,
3605 3691 3708 3762 quia
3724 3703 3808 3744 rere

2282 3775 2352 3832 de
2383 3777 2495 3832 Deo
2520 3788 2576 3832 et
2605 3793 2828 3849 semper
2854 3795 2977 3836 cum
3011 3780 3125 3837 Deo
3155 3791 3260 3850 est,
3303 3792 3361 3838 et
3410 3786 3587 3841 omnis
3636 3791 3810 3854 potestas

2282 3867 2463 3924 Patris
2495 3869 2546 3924 iu
2577 3869 2698 3941 ipso
2719 3872 2992 3928 consistit.
3013 3873 3288 3946 Sapientia
3310 3878 3633 3948 appellatur,
3660 3875 3753 3948 quia
3767 3874 3809 3927 de

2283 3964 2450 4019 corde
2474 3963 2653 4020 Patris
2674 3964 2993 4034 adveniens,
3027 3983 3230 4026 arcana
3251 3971 3506 4028 cretestia
3538 3969 3810 4029 credentibus

2282 4057 2570 4112 reseravit.
2598 4058 2832 4116 Dextera
2864 4071 3228 4132 nuncupatur,
3263 4066 3388 4135 quia
3414 4080 3514 4136 per
3550 4082 3663 4122 eum
3685 4062 3809 4120 omni:

2283 4170 2450 4226 opera
2479 4157 2658 4212 divina
2691 4159 2928 4228 perlecta
2979 4170 3128 4215 sunt.
3181 4161 3474 4220 Brachium
3505 4163 3704 4226 dicitur,
3725 4159 3810 4231 quia

2285 4247 2354 4304 ab
2377 4251 2495 4320 ipso
2523 4250 2704 4306 omnia
2736 4253 3106 4309 continentur.
3151 4253 3444 4327 Margarita
3471 4258 3755 4329 appellatur,
3776 4263 3814 4306 ut

2287 4340 2421 4396 nihil
2451 4341 2545 4397 illo
2574 4341 2870 4413 pretiosius
2910 4345 3199 4402 habeatur.
3224 4346 3543 4406 Thesaurus
3586 4349 3762 4413 dicitur,
3776 4353 3813 4398 ut

2285 4434 2342 4491 in
2364 4437 2483 4508 ipso
2511 4451 2705 4494 omnes
2751 4454 2886 4510 opes
2914 4450 2968 4496 et
3006 4440 3213 4497 divitiae
3254 4458 3550 4515 regnorum
3579 4443 3812 4504 antestium

2287 4529 2521 4585 condita:
2545 4539 2934 4602 agnoscantur.
2960 4531 3114 4590 Retia
3137 4534 3362 4602 dicitur,
3405 4540 3534 4610 quia
3562 4554 3650 4610 per
3671 4537 3811 4607 ipsum.

585 4611 872 4678 generant,
895 4600 1039 4674 quod
1091 4599 1389 4672 Apostolus
1419 4599 1676 4671 prohibet
1704 4599 1769 4671 (ll
1803 4598 1942 4655 Tim.
1977 4619 2036 4670 tt,
2062 4600 2180 4674 24),

2289 4629 2346 4676 et
2375 4621 2428 4676 in
2452 4622 2569 4692 ipso
2584 4598 2668 4678 ide
2695 4622 2835 4679 mari
2864 4625 3051 4682 saeculi
3078 4626 3295 4685 diversa
3330 4598 3577 4702 gentium
3599 4598 3814 4686 multitudo

587 4703 808 4772 ιοηϐιιιη
834 4708 918 4753 εει
940 4696 1126 4752 dicere
1151 4713 1166 4791 ξ
1191 4694 1396 4791 (ἰυίρρθ
1436 4709 1559 4750 Nm
1587 4703 1807 4791 _¢°"§_‘Cl
1848 4695 2186 4791 ¹Αυῐξιομηᾷί¹¹υά
2290 4713 2430 4769 sicut
2459 4715 2687 4784 piscium
2713 4731 2811 4786 per
2826 4731 3024 4788 aquam
3047 4694 3398 4791 baptismatis
3421 4725 3475 4779 in
3492 4724 3714 4781 Ecclesia
3728 4734 3814 4776 cur

584 4793 730 4866 quod
759 4793 905 4848 Deus
926 4799 1031 4857 est,
1051 4789 1338 4886 aestimari,
1359 4787 1747 4886 comprehendi
1766 4795 1820 4844 et
1840 4787 2052 4886 deﬁniri
2078 4804 2186 4844 non
2290 4816 2564 4878 ενθεριυιι,
2586 4807 2676 4862 ubi
2700 4787 2963 4865 δοηοτίιηι
2995 4787 3376 4886 malarumque
3405 4815 3685 4873 discrimen
3709 4824 3814 4882 agna

588 4900 752 4960 posse
777 4902 791 4939 :
815 4898 918 4941 nec
951 4896 1080 4938 vere
1123 4880 1333 4952 aliquid
1378 4895 1446 4936 ex
1493 4880 1598 4947 his,
1630 4895 1749 4949 quae
1776 4881 1829 4935 in
1861 4880 1965 4937 hoc
1988 4882 2189 4939 mundo

585 4991 732 5049 sunt,
767 4977 1037 5050 majestati
1067 4976 1265 5031 divinae
1288 4974 1590 5044 comparari
1624 4990 1638 5039 ;
1665 4975 1787 5045 quia
1819 4976 1952 5032 nihil
1981 4977 2048 5034 de
2069 4995 2188 5033 ont-

590 5081 752 5135 nihus
778 5077 924 5143 istis,
953 5090 1074 5147 quas
1096 5074 1352 5129 videntur
1377 5076 1471 5124 aut
1490 5069 1769 5138 dicuntur,
1799 5073 2102 5128 secundum
2134 5072 2187 5129 id

591 5173 732 5243 quod
752 5173 894 5225 Deus
917 5166 1308 5238 esu-condigna
1339 5162 1697 5218 similitudine
1709 5166 1967 5222 aestimari
1989 5178 2182 5238 potest,

589 5266 786 5335 quippe
812 5277 935 5318 cum
960 5259 1091 5331 ipsis
1114 5255 1489 5312 intellectibus
1509 5264 1563 5309 et
1589 5257 1839 5314 sensibus
1861 5259 2037 5330 major
2058 5261 2147 5317 sit.

658 5356 786 5412 Ideo
818 5351 1142 5426 praemonuit
1187 5359 1251 5406 ut
1279 5349 1621 5406 divinitatem
1651 5351 1972 5410 substantiae
1999 5357 2189 5416 crede-

659 5526 686 5554 ἰ
715 5514 876 5584 Vigil.
928 5515 1060 5571 edit.
1094 5513 1259 5579 sola.,
1318 5511 1384 5565 Et
1429 5509 1551 5579 quia
1582 5526 1646 5565 ea:
1687 5526 1809 5567 voce
1865 5513 1960 5571 Dei
2007 5519 2178 5589 scrip-

601 5595 829 5710 ἀἵδ’
858 5656 982 5709 solis
1013 5655 1064 5708 iu
1094 5654 1225 5710 edit.
1257 5654 1622 5718 desideratur,
1657 5670 1814 5722 quam
1848 5672 1879 5712 e
1907 5661 2180 5718 cod.Tell.

599 5727 937 5785 restituimus
966 5726 1260 5795 integritati
1293 5741 1488 5780 sensus
1519 5741 1622 5778 non
1657 5727 1922 5782 inutilem.

664 5808 686 5838 ε
715 5798 907 5856 Atnbr.
934 5794 1098 5863 edit.,
1119 5794 1259 5850 Nam
1279 5807 1329 5852 et
1371 5798 1466 5851 hoc
1499 5796 1722 5853 Verbum
1755 5815 1774 5853 :
1801 5801 1992 5860 melius
2015 5803 2176 5876 Vigil.

2292 4900 2487 4956 scitur.
2513 4899 2766 4959 Aratrum
2800 4916 3166 4976 nuncupatur,
3199 4908 3328 4980 quia
3375 4912 3533 4983 signo
3569 4911 3721 4967 crucis
3743 4919 3814 4962 suit:

2296 4993 2430 5049 dura
2470 5004 2689 5066 pectora
2729 4998 3129 5069 subjiciuntur,
3158 5000 3186 5040 δ
3227 5013 3289 5060 ιιι
3342 5007 3647 5064 necessario
3677 4997 3816 5061 sentiri

2296 5088 2412 5158 ipsa
2440 5099 2837 5160 praeparentur.
2865 5093 3014 5151 Fons
3059 5109 3214 5167 aqua:
3239 5097 3378 5155 vivte
3409 5101 3714 5172 appellatur,
3734 5093 3816 5168 quia

2295 5194 2360 5235 ex
2384 5193 2450 5236 co
2473 5180 2711 5237 sitientia
2734 5185 2897 5240 corda
2927 5187 3171 5245 caelestis
3193 5204 3347 5261 aqua:
3373 5193 3545 5262 gratia
3573 5192 3813 5265 irrigeulur.

2296 5273 2458 5330 Petra
2481 5274 2702 5343 dicitur,
2731 5278 2862 5348 quia
2885 5281 3240 5340 credentibus
3271 5284 3659 5353 fortitudinem,
3694 5287 3816 5341 incre-

2295 5364 2437 5420 dulis
2467 5367 2729 5424 duritiam
2758 5381 3003 5442 praestat.
3033 5373 3196 5446 Lapis
3219 5378 3498 5450 angularis
3521 5379 3714 5445 dicitur,
3734 5374 3816 5446 qttlt

2287 5526 2568 5653 :émcogtéx
2618 5527 2756 5584 Tell.
2809 5528 2951 5586 Nam
3005 5543 3052 5589 et
3103 5536 3165 5590 ob
3212 5537 3334 5608 hoc,
3377 5539 3429 5596 id
3477 5548 3583 5607 est,
3612 5539 3677 5595 ob
3719 5535 3816 5590 hanc

2361 5663 2386 5703 ἀ
2417 5666 2561 5723 Edit.
2591 5670 2790 5753 Amb.,_
2811 5686 2868 5728 ut
2889 5678 3241 5753 necessariora
3261 5681 3315 5753 ia
3347 5682 3494 5753 ipsa;
3515 5682 3675 5740 codex
3695 5677 3812 5740 Tell»

2289 5746 2347 5792 ut
2377 5745 2667 5797 necessaria
2688 5747 2742 5799 in
2772 5746 2888 5816 ipsa
2913 5763 2934 5802 .°
2961 5752 3167 5820 Optime
3185 5751 3345 5823 Vigil.
3367 5745 3427 5809 ut
3453 5745 3503 5808 in
3531 5765 3686 5812 textu.
