3970 6316
141 327 233 384 561

1055 325 1146 382 DE
1183 323 1345 383 FIDE
1383 318 1814 381 ORTHODOXA
1853 320 2133 380 CONTRA
2170 322 2495 383 ARlANOS.

3312 327 3420 387 562

140 457 400 518 utrosque
430 448 666 518 parietes
696 446 817 502 novi
851 457 906 502 et
953 447 1156 503 veteris
1207 447 1544 503 Testamenti
1573 461 1714 503 unus
1740 447 1792 506 Δ
1818 442 2151 512 deputabitur
2169 444 2306 500 alius
2355 446 2543 517 absque
2568 445 2689 501 illo:
2726 445 2812 518 qui
2838 445 3031 502 invenit
3055 463 3256 505 omnem
3281 450 3420 505 viam

137 550 188 596 et
218 539 478 596 mediator
498 538 549 594 in
575 543 874 610 semetipso
905 542 1194 597 continens
1213 541 1510 611 copulavit.
1531 542 1715 614 Agnus

135 633 346 702 dicitur,
371 644 428 688 ut
449 634 754 691 innocentia
768 633 971 690 Christi
997 645 1053 691 et.
1071 635 1252 708 passio
1280 635 1712 692 demonstretur.

135 727 302 784 Homo
331 727 549 794 dicitur,
590 729 714 798 quia
761 728 1059 786 secundum
1105 743 1326 785 carnem
1365 739 1590 800 propter
1617 744 1716 785 nos

135 822 377 878 homines
422 822 569 878 nasci
617 822 870 895 dignatus
911 832 1017 880 est.
1076 822 1286 878 Vitulus
1316 823 1542 890 dicitur,
1590 822 1714 896 quia

135 925 347 985 propter
387 924 626 970 nostram
653 916 884 972 salutem
917 917 1028 988 pati
1056 916 1334 972 sustinuit.
1356 917 1554 987 Aqttila
1581 917 1718 973 dici-

133 1017 234 1071 tur,
265 1007 389 1078 quia
416 1017 536 1076 post
558 1009 926 1065 venerabilem
967 1011 1451 1076 resurrectionem,
1477 1020 1502 1048 ιι
1534 1021 1593 1066 ιιι
1619 1025 1714 1066 rex

116 1099 310 1156 alitum
340 1100 410 1156 ad
440 1100 616 1156 Patris
659 1101 905 1171 pervolat
952 1103 1162 1164 sedem.
1219 1103 1330 1160 Leo
1378 1102 1558 1159 dictus
1607 1113 1712 1170 est,

129 1193 248 1264 quia
273 1193 392 1262 ipse
441 1203 526 1250 est
575 1209 672 1250 rex
701 1209 912 1266 regum,
943 1196 1034 1267 qui
1088 1205 1320 1252 mortem
1350 1210 1412 1251 ac
1461 1195 1714 1251 zabulum

131 1287 338 1343 virtutis
359 1302 473 1344 suae
499 1297 767 1360 potestate
796 1292 1137 1348 comminuit.
1170 1291 1269 1347 Via
1312 1299 1418 1358 est,
1461 1291 1589 1362 quia
1619 1304 1716 1358 per

129 1379 295 1450 ipsum
317 1394 580 1438 ascensus
606 1382 963 1450 est.Veritas,
989 1387 1114 1455 quia
1145 1384 1488 1442 mendacium
1518 1385 1714 1443 nescit.

132 1473 244 1529 Vita
264 1483 370 1542 est,
385 1475 512 1546 quia
527 1475 644 1549 ipse
670 1478 926 1534 universa
948 1478 1210 1535 viviticat.

194 1565 354 1622 Vides
389 1582 520 1639 ergo
570 1583 670 1640 per
709 1571 827 1627 haec
877 1571 1138 1628 vocabula
1189 1571 1618 1643 signiﬁcationes
1660 1582 1718 1630 et

117 1660 536 1731 dispositionum
581 1672 637 1719 et
679 1679 908 1734 operum
959 1665 1271 1721 divinorum
1325 1675 1712 1736 praeostensas;

123 1769 223 1808 non
252 1760 433 1810 tamen
459 1755 633 1826 ipsum
667 1757 833 1814 Deum
864 1760 1082 1831 pr0prie
1109 1759 1428 1816 delinitnm?
1455 1758 1557 1814 Est
1584 1775 1716 1830 ergo

1817 536 2124 608 prudentiae,
2178 547 2224 592 et
2267 538 2408 592 dedit
2460 555 2572 593 eam
2621 537 2787 594 Iacob
2831 557 2993 611 puero
3038 559 3154 610 suo,
3178 552 3227 598 et
3249 542 3421 599 Israel

1817 628 2005 684 dilecto
2062 646 2174 684 suo.
2224 629 2353 686 Post
2396 631 2505 686 haec
2556 633 2612 686 in
2665 635 2813 689 terris
2866 635 3006 690 visus
3057 646 3153 700 est,
3208 647 3257 692 et
3301 653 3421 692 cum

1818 723 2112 778 hominibus
2139 733 2469 780 conversatus
2507 725 2814 796 est(Baruc.
2868 744 2946 796 Ill,
2977 729 3066 791 56.
3093 740 3142 785 et
3164 732 3321 803 seq.).
3351 730 3424 787 Et

1816 815 2007 872 Esaias
2036 817 2140 873 hoc
2160 818 2334 889 ipsum
2353 819 2612 890 praedicat
2630 820 2839 877 dicens:
2870 821 3002 878 Ηιεσ
3021 822 3149 878 dicit
3167 823 3424 880 Dominus

1816 910 1982 968 Deus:
2006 914 2222 987 fatigata
2253 923 2327 968 est
2376 912 2665 986 Egyptus,
2691 924 2737 970 et
2779 917 3058 990 negotiatio
3084 917 3422 990 Ethiopum,

1815 1013 1864 1059 et
1889 1002 2108 1070 Sabain,
2139 1004 2237 1059 viri
2265 1004 2457 1061 excelsi
2483 1006 2553 1060 ad
2583 1016 2632 1062 te
2674 1008 2925 1063 transient
2950 1051 2965 1076 ,
2994 1010 3071 1064 tui
3095 1020 3245 1065 erunt
3266 1011 3422 1080 servi,

1815 1109 1862 1153 et
1892 1108 2003 1168 post
2035 1110 2083 1153 le
2105 1099 2438 1156 ambulabunt
2472 1102 2629 1156 vincti
2656 1103 3008 1174 compedibus,
3041 1112 3087 1158 et
3136 1114 3185 1159 te
3236 1105 3424 1176 depre-

1814 1191 2090 1258 cabuntur;
2114 1194 2359 1264 quoniam
2398 1193 2453 1248 in
2500 1203 2547 1250 te
2577 1193 2718 1250 Deus
2763 1205 2861 1260 est,
2909 1206 2958 1251 et
3006 1213 3111 1252 non
3165 1207 3242 1253 est
3285 1199 3425 1254 alius

1822 1281 1960 1338 Deus
1991 1297 2179 1356 praeter
2201 1295 2270 1342 te:
2299 1296 2354 1341 tu
2378 1303 2434 1341 es
2458 1288 2597 1342 enim
2617 1288 2758 1344 Deus
2786 1286 2973 1362 (Esai.
3015 1289 3215 1358 su,”
3238 1294 3276 1360 ).

1887 1375 2054 1449 35ἇΙ
2080 1377 2238 1446 Quod
2277 1394 2346 1434 ne
2379 1388 2538 1450 putes
2589 1396 2678 1436 me
2726 1395 2794 1437 eo
2845 1381 3146 1452 supercilio
3193 1383 3426 1451 dixisse,

1815 1483 1924 1540 quo
1946 1470 2215 1526 Sabellius
2246 1469 2440 1541 fertur,
2485 1472 2579 1544 qui
2603 1475 2779 1543 ipsum
2834 1474 3078 1543 Patrem,
3107 1475 3287 1547 ipsum
3335 1475 3427 1531 Fi-

1816 1561 1947 1617 lium
1974 1563 2282 1634 proﬁtetur,
2316 1582 2426 1622 non
2449 1567 2521 1622 ita
2564 1582 2665 1622 nos
2707 1578 2880 1623 totum
2913 1569 2968 1624 in
2994 1584 3156 1624 unam
3204 1577 3426 1626 senten-

1815 1656 1944 1710 tiam
1971 1658 2241 1728 cogimus,
2287 1669 2348 1715 ut
2399 1661 2631 1717 aliorum
2663 1660 3048 1718 hacrclicorum
3089 1662 3282 1718 fraude
3334 1677 3425 1718 ca-

1817 1750 2048 1820 piamur.
2075 1753 2183 1809 Sed
2205 1755 2331 1824 quia
2358 1755 2411 1810 in
2446 1756 2566 1827 ipso
2593 1756 2814 1812 nomine
2849 1771 3209 1826 personarum
3237 1765 3429 1812 auclo-

119 1845 274 1902 Pater
301 1847 448 1904 Deus
488 1852 807 1919 immensus,
835 1863 1093 1922 aeternus,
1125 1855 1714 1927 incomprehensibilis,
1746 1838 1796 1898 Β
1822 1845 1956 1900 Plias
2005 1845 2299 1904 indiscreta
2328 1852 2705 1920 εοεηοεεὶιυΓ,
2754 1859 2812 1907 ει
2839 1850 3010 1906 Filius
3050 1867 3160 1907 ηοη
3200 1865 3426 1924 genere.

117 1938 536 1999 inaestimabilis.
565 1944 661 2001 Est
689 1955 744 2002 et
772 1945 941 2003 Filius
985 1948 1105 2018 ejus
1159 1950 1304 2006 Deus
1352 1959 1408 2006 et
1453 1951 1719 2006 Dominus

113 2042 312 2098 noster,
339 2042 546 2103 tantus,
577 2047 809 2108 quantus
837 2049 922 2095 est
949 2049 1004 2096 et
1026 2041 1210 2098 Pater:
1243 2043 1339 2099 sed
1363 2058 1472 2100 non
1500 2045 1718 2101 aliunde

111 2143 263 2199 quam
290 2129 360 2184 de
417 2129 618 2187 Patre:
671 2135 793 2202 quia
830 2151 946 2206 ego,
1010 2137 1207 2207 inquit,
1258 2141 1323 2193 de
1372 2138 1533 2196 Patre
1585 2141 1718 2196 exivi

113 2221 294 2293 (Joan.
317 2224 568 2296 xvt,28),
602 2224 703 2280 hoc
735 2238 842 2293 est,
874 2227 1059 2284 lumen
1088 2229 1158 2286 de
1185 2231 1408 2287 lumine.

174 2337 402 2396 CAPUT
433 2339 755 2397 Vll.—Sed
782 2357 851 2398 ne
877 2357 948 2398 ex
980 2358 1046 2399 co
1085 2346 1434 2404 occasionem
1478 2348 1718 2420 aliquam

111 2432 394 2490 haereticus
416 2433 620 2505 capiat,
640 2450 762 2490 cum
784 2435 892 2492 duo
911 2440 1154 2506 nomina,
1171 2441 1255 2496 vel
1275 2441 1408 2496 duas
1433 2457 1716 2513 personas,

112 2529 161 2584 id
181 2539 283 2596 est,
299 2529 482 2586 Patris
495 2538 552 2587 et
576 2529 700 2586 Filii
730 2543 935 2600 statuo,
952 2535 1107 2604 quasi
1130 2535 1267 2591 duos
1279 2536 1410 2592 deos
1425 2537 1628 2607 dicam,
1663 2548 1720 2595 ut

114 2623 183 2678 illi
207 2624 340 2680 duos
363 2639 434 2680 ex
464 2624 782 2682 diversitate
810 2628 1146 2698 conﬁngunt:
1173 2645 1274 2686 nos
1293 2643 1471 2688 autem
1500 2632 1718 2689 Patrem

115 2728 164 2773 et
194 2719 385 2776 Filium
417 2720 495 2776 ita
521 2722 890 2790 nominamus,
915 2735 974 2780 ut
1002 2741 1166 2780 unum
1194 2727 1362 2783 Deum
1398 2729 1450 2784 in
1487 2728 1571 2784 his
1595 2712 1743 2801 per?

114 2814 258 2870 souis
297 2825 352 2871 et
403 2817 724 2874 nominibus
768 2819 1178 2890 consignemus.
1230 2822 1479 2878 Viderint
1539 2825 1717 2895 philo-

116 2907 283 2977 sophi,
315 2909 561 2964 viderint.
589 2909 838 2968 haeretici
867 2912 1128 2984 discipuli
1161 2929 1379 2983 eorum,
1409 2917 1502 2988 qui
1536 2928 1718 2986 potes-

118 3011 276 3058 tatum
307 3004 636 3060 diversitate
667 3007 972 3062 variantur:
1003 3007 1171 3063 Nobis
1199 3018 1379 3065 tamen
1419 3028 1553 3065 unus
1582 3011 1719 3068 Deus

116 3107 182 3150 est
217 3094 396 3166 Pater,
440 3107 496 3152 ut
528 3098 823 3169 Apostolus
853 3100 1013 3169 dixit,
1047 3118 1112 3156 ea:
1130 3120 1230 3174 quo
1252 3106 1446 3170 omnia,
1473 3115 1519 3160 et
1538 3122 1631 3160 nos
1658 3123 1721 3161 ex

119 3191 244 3263 ipso:
266 3200 312 3245 et
342 3208 481 3246 unus
504 3190 760 3250 Dominus
777 3192 930 3250 Iesus
953 3194 1214 3264 Christus,
1237 3197 1379 3254 Deus
1398 3199 1494 3255 Dei
1522 3200 1716 3268 Filius,
1749 3229 1796 3293 ρ

123 3299 205 3352 per
227 3301 374 3354 quem
401 3285 602 3353 omnia,
627 3294 674 3341 et
695 3303 788 3342 nos
813 3302 904 3359 per
933 3289 1101 3361 ipsum
1132 3289 1151 3363 (
1182 3289 1202 3344 l
1233 3290 1352 3345 Cor.
1383 3307 1493 3359 vin,
1529 3292 1608 3365 6).

187 3377 314 3433 Nam
341 3395 439 3448 per
460 3378 572 3434 duo
593 3379 725 3450 quid
747 3381 894 3437 aliud
920 3381 1262 3454 intelligitur,
1299 3401 1460 3455 quam
1487 3386 1718 3442 duorum

123 3485 213 3541 per
256 3480 442 3542 partes
484 3472 662 3530 divisa
695 3475 1026 3544 substantia,
1078 3475 1104 3514 δ
1137 3485 1192 3534 ει
1226 3493 1352 3533 cum
1409 3479 1721 3536 nominibus

125 3564 250 3634 ipsis
279 3565 582 3623 dissociata
621 3576 812 3624 natura
842 3569 1064 3641 ﬁgendi
1111 3585 1174 3626 ac
1213 3570 1438 3642 jubendi
1477 3580 1584 3626 tam
1630 3587 1724 3627 vo-

125 3657 318 3724 luntas,
350 3676 519 3732 quam
549 3662 777 3733 imperia
806 3662 1020 3719 divisa?
1060 3663 1234 3720 Porro
1265 3665 1426 3720 Pater
1460 3681 1523 3720 ac
1551 3664 1724 3719 Filius

125 3753 219 3807 etsi
251 3753 371 3808 duae
427 3768 680 3825 personae
708 3756 1028 3822 creduntur,
1054 3758 1266 3812 ratione
1301 3768 1477 3813 tamen
1511 3765 1566 3813 et
1594 3757 1722 3813 sub-

127 3847 313 3902 stantia
333 3864 504 3904 unum
525 3857 669 3904 sunt.
691 3850 824 3906 Nam
845 3852 1192 3922 inaequalium
1223 3852 1458 3908 societas
1483 3852 1724 3908 melioris

126 3937 322 3997 oﬁ‘eusa
355 3951 462 4008 est,
495 3951 552 3998 et
573 3942 628 3998 in
660 3943 913 4014 iniuriam
949 3945 1090 4016 ejus,
1115 3946 1206 4017 qui
1247 3961 1408 4000 verus
1445 3945 1588 4000 Deus
1616 3953 1725 4013 est,

129 4048 228 4088 non
255 4049 417 4090 verus
439 4035 963 4108 aliuscomparatur.
995 4040 1130 4094 Cum
1161 4050 1341 4095 autem
1374 4054 1478 4109 ego
1509 4038 1725 4093 Patrem

129 4137 180 4180 et
207 4127 403 4184 Filium
439 4139 646 4195 statuo,
695 4133 959 4188 unitatem
1008 4135 1222 4204 generis
1271 4134 1524 4205 assigno:
1579 4143 1630 4188 ει
1681 4133 1725 4188 si

131 4219 269 4276 illam
303 4223 355 4278 in
410 4225 665 4295 personis
703 4226 910 4294 divido;
965 4227 1326 4283 discretiones
1380 4239 1561 4283 tamen
1607 4243 1727 4297 per-

133 4328 388 4372 sonarum
444 4334 640 4374 rursus
698 4320 886 4377 eadem
937 4321 1157 4376 nomina

134 4412 360 4467 naturali
389 4413 530 4484 legis
576 4412 779 4470 findere
802 4415 1145 4486 consignant.

205 4502 353 4559 Unde
379 4514 435 4560 et
453 4513 637 4560 tantus
657 4514 741 4562 est
763 4506 952 4575 Filius,
989 4519 1224 4578 quantus
1249 4509 1522 4566 videbitur
1542 4510 1729 4579 Pater,

1216 4322 1267 4376 in
1317 4321 1580 4378 unitatem
1643 4323 1728 4378 sui

1821 1938 1916 1994 sed
1952 1942 2315 2009 personaliter
2353 1959 2382 1997 a
2433 1943 2594 2001 Patre
2624 1945 2961 2015 nominatur;
2993 1945 3225 2018 proinde
3253 1957 3428 2002 totum

1824 2035 1970 2091 Patri
2019 2037 2368 2104 ascribimus,
2417 2041 2560 2110 quod
2588 2050 2673 2096 est
2700 2040 2912 2098 Filius:
2958 2049 3016 2097 et
3061 2050 3234 2096 totum
3264 2040 3430 2108 Filio,

1822 2131 1968 2200 quod
2011 2131 2174 2187 Pater
2215 2142 2318 2188 est.
2372 2133 2518 2189 Nihil
2557 2151 2666 2191 non
2697 2135 2970 2192 videbitur
3018 2137 3227 2203 Patris,
3282 2136 3428 2206 quod

1823 2225 2149 2295 iudicabitur
2179 2227 2298 2282 Filii
2325 2245 2338 2281 :
2392 2245 2491 2285 nec
2529 2229 2673 2297 Filii,
2703 2229 2846 2299 quod
2870 2229 3184 2286 defenditur
3227 2229 3425 2295 Patris;

1822 2322 1948 2390 quia
1983 2322 2162 2376 unitas
2189 2321 2494 2393 majestatis
2531 2339 2639 2378 non
2686 2325 2814 2379 sinit
2859 2323 2994 2380 deos
3025 2323 3220 2393 plurali
3265 2338 3429 2378 voca-

1823 2415 2228 2486 buloappellari
2253 2433 2266 2471 :
2291 2417 2494 2488 quippe
2521 2431 2644 2472 cum
2668 2427 2886 2473 constet
2911 2418 3128 2473 Patrem
3151 2427 3203 2471 et
3229 2416 3430 2471 Filium

1825 2508 1987 2565 unius
2013 2525 2137 2566 esse
2169 2510 2508 2578 substantiae,
2550 2509 2696 2566 unde
2727 2517 2956 2582 uterque
2983 2523 3125 2566 unus
3152 2509 3300 2565 Deus
3341 2519 3428 2563 est

1821 2603 2021 2660 dictus.

1897 2698 2031 2753 illud
2079 2710 2207 2755 ante
2232 2708 2427 2755 cuncta
2475 2707 2803 2765 metuentes,
2823 2698 2850 2736 ά
2882 2699 3008 2770 quia
3035 2698 3139 2754 nisi
3182 2697 3345 2754 Pater
3375 2707 3431 2754 et

1824 2790 1993 2848 Filius
2019 2809 2188 2848 unum
2217 2808 2324 2848 non
2353 2795 2482 2860 sint,
2512 2795 2566 2848 in
2597 2794 2856 2850 invidiam
2897 2803 3146 2850 recurrat
3187 2797 3431 2850 auctoris

1823 2883 2148 2953 interpolata
2207 2885 2487 2952 nativitas;
2538 2886 2642 2942 hoc
2671 2887 2817 2941 enim
2867 2887 3072 2958 placuit
3123 2886 3428 2954 haereticis,

1824 2985 1884 3033 ut
1929 2977 2075 3033 Deus
2119 2979 2209 3034 ille
2242 2980 2618 3050 omnipotens,
2646 2979 2965 3047 invisibilis,
3001 2981 3303 3035 immensus
3336 2979 3434 3035 dc-

1824 3083 2111 3143 generaret
2140 3075 2192 3129 in
2220 3075 2383 3142 Filio,
2418 3084 2442 3112 ε
2482 3090 2589 3130 non
2635 3074 2798 3130 modo
2831 3083 3123 3144 potestate,
3169 3074 3265 3131 sed
3301 3089 3434 3130 con-

1824 3168 2032 3225 ditione
2060 3177 2293 3237 mutata,
2325 3170 2481 3240 quasi
2519 3185 2626 3225 non
2664 3170 2897 3240 potuerit
2936 3170 3100 3225 Pater
3126 3169 3196 3226 de
3223 3179 3432 3225 semet—

1829 3263 1947 3332 ipso
1981 3264 2142 3318 talem
2173 3262 2402 3331 habere,
2432 3263 2611 3334 qualis
2645 3272 2700 3318 et
2729 3265 2846 3333 ipse
2892 3273 2996 3319 est.
3046 3263 3288 3319 Proinde
3332 3280 3435 3319 nos

1825 3371 2010 3412 verum
2053 3357 2252 3413 Filium
2306 3358 2375 3413 de
2400 3373 2531 3413 vero
2567 3358 2748 3423 Patre,
2785 3359 2872 3429 qui
2926 3374 3146 3428 semper
3201 3359 3322 3426 fuit,
3377 3371 3435 3415 et

1824 3459 1906 3505 est
1931 3449 2092 3505 unius
2124 3450 2444 3506 substantiae
2471 3466 2594 3505 cum
2624 3449 2810 3517 Patre,
2840 3451 3202 3506 defendimus.
3230 3451 3297 3507 Et
3327 3451 3434 3506 hoc

1826 3551 1930 3609 est,
1958 3542 2105 3613 quod
2135 3541 2314 3598 Graeci
2339 3542 2614 3614 ὁμοούσιον
2637 3543 2942 3614 appellant,
2969 3542 3020 3598 id
3045 3553 3150 3611 est,
3176 3559 3300 3599 cum
3326 3560 3436 3598 uno

1826 3635 1975 3691 aliud
2030 3636 2242 3705 ipsum;
2304 3632 2418 3689 fut
2468 3651 2716 3704 personae
2764 3635 3044 3691 audientia
3109 3635 3435 3691 nominatim

1830 3728 2044 3796 ﬁerent,
2085 3739 2141 3784 et
2173 3744 2283 3784 non
2316 3739 2375 3782 ut
2403 3729 2765 3784 substantiam
2789 3728 3054 3785 vocabula
3087 3740 3430 3799 separarent.

1900 3842 2130 3900 CAPUT
2152 3843 2364 3900 Vlll.-——
2385 3844 2494 3900 Sed
2545 3855 2601 3900 ut
2621 3860 2785 3900 omne
2833 3845 3154 3917 mysterium
3205 3845 3436 3900 haeresis

1830 3937 2045 3993 Arianae
2076 3937 2380 4006 traducum,
2431 3953 2528 3993 cur
2559 3938 2731 3992 nolint
2763 3937 2960 3993 Filium
2993 3937 3061 3992 de
3089 3936 3264 3992 Patris
3308 3938 3436 3994 sub-

1829 4032 2024 4085 stantia
2051 4031 2223 4099 credi,
2249 4030 2485 4086 breviter
2508 4029 2788 4085 intimabo.
2820 4028 2983 4085 Aiunt
3009 4031 3174 4086 enim:
3197 4029 3334 4085 Cum
3366 4031 3438 4085 sit

1836 4121 1981 4179 Deus
2009 4124 2170 4180 Pater
2212 4124 2581 4193 omnipotens,
2616 4123 2923 4192 invisibilis,
2975 4124 3438 4190 inconvertibilis,

1832 4217 2209 4284 immutabilis,
2236 4217 2532 4289 perfectus,
2551 4233 2768 4288 semper
2783 4217 2949 4287 idem,
2981 4229 3220 4275 aeternus
3243 4216 3443 4275 :Filius

1833 4327 1964 4368 vero
1982 4313 2234 4381 visibilis,
2259 4314 2385 4383 quia
2407 4328 2553 4384 saepe
2573 4314 2814 4384 patrihus
2838 4314 2987 4368 visus
3008 4324 3110 4378 est;
3139 4323 3192 4370 et
3213 4329 3442 4370 conver-

1835 4407 2006 4464 tibilis
2029 4417 2191 4479 atque
2219 4406 2522 4472 mutabilis,
2558 4407 2682 4477 quia
2723 4408 2774 4462 in
2804 4407 2970 4462 variis
3006 4406 3189 4476 ﬁguris
3218 4407 3443 4478 quibus-

1834 4517 1940 4573 que
1969 4518 2092 4560 sese
2119 4501 2445 4557 monstravit
2469 4519 2481 4554 :
2506 4500 2658 4571 quisi
2680 4501 2746 4562 de
2767 4499 2965 4565 Patris,
2991 4499 3264 4570 inquiunt,
3296 4509 3449 4556 esset

139 4605 278 4653 totus
301 4601 369 4655 de
398 4609 534 4668 toto,
567 4601 778 4673 integer
806 4603 874 4658 de
912 4605 1142 4675 integro,
1176 4605 1453 4678 perfectus
1501 4607 1568 4663 de
1611 4623 1735 4678 ρετ-
1757 4629 1812 4689 D
1839 4599 2167 4664 substantia,
2197 4612 2492 4667 numquam
2523 4595 2639 4650 ﬁeri
2666 4604 2870 4665 pOSset,
2901 4603 2962 4648 ut
2987 4603 3113 4649 ante
3144 4594 3326 4649 carnis
3349 4609 3441 4649 as-

137 4690 269 4748 t‘ecta
301 4704 790 4767 consummataque
820 4696 1041 4766 virtute,
1073 4700 1216 4755 sicut
1242 4698 1537 4771 Apostolus
1566 4700 1730 4758 dicit:

140 4783 202 4842 In
229 4805 331 4860 quo
384 4793 554 4845 omnis
598 4791 869 4860 plenitudo
911 4791 1196 4848 divinitatis
1245 4794 1585 4867 corporaliter
1636 4794 1734 4849 Ita-

141 4883 260 4936 bitat
299 4886 317 4958 (
340 4883 541 4941 Coloss.
584 4901 644 4953 ιι,
674 4885 777 4960 9).
806 4886 938 4943 Nam
977 4899 996 4926 ε
1046 4898 1102 4944 ει
1136 4888 1438 4946 Hieremias
1478 4889 1738 4960 receptis-

142 4979 311 5037 simus
342 4981 760 5051 prophetarum,
813 4984 952 5040 hanc
1011 4984 1276 5040 unitatem
1333 4983 1633 5040 divinitatis
1683 4984 1736 5039 in

145 5069 300 5129 Patre
330 5082 387 5131 ει
413 5073 552 5131 Filio
590 5063 898 5132 sciens'ait:
928 5076 1036 5131 llic
1067 5086 1141 5132 est
1161 5074 1302 5132 Deus
1327 5089 1524 5148 noster,
1557 5089 1603 5134 et
1635 5096 1738 5136 non

217 5269 241 5296 ιι
270 5258 347 5314 Ita
377 5259 557 5314 codex
586 5259 726 5315 Tell.
761 5265 818 5314 et
858 5257 992 5314 edit.
1036 5255 1227 5328 Vigila
1277 5257 1437 5314 Amb.
1490 5275 1647 5328 vero,
1694 5272 1752 5317 ut

147 5347 236 5386 rex
257 5333 422 5387 altam
445 5334 512 5384 ad
534 5331 730 5398 Patris,
763 5338 875 5386 etc.

219 5403 243 5442 δ
275 5403 470 5459 Anthr.
495 5403 624 5457 edit.
653 5417 776 5458 cum
806 5402 931 5466 cod,
960 5401 1174 5471 Tel.§et
1208 5400 1368 5468 ιρι..
1417 5412 1463 5457 et
1493 5419 1608 5458 cum
1637 5422 1750 5459 ont-

152 5476 296 5530 nibus
343 5475 448 5545 ipsi
475 5474 776 5540 dissociata;
810 5473 970 5544 Vigil.
996 5474 1339 5545 conginnius,
1382 5483 1438 5528 ut
1470 5474 1522 5528 in
1579 5486 1748 5531 textu.

227 5558 248 5585 ε
285 5543 446 5601 Rom.
483 5547 612 5600 cdit.
639 5547 778 5612 Sola,
821 5543 962 5600 Nam
993 5554 1040 5597 et
1089 5543 1280 5599 Barac.
1340 5545 1446 5601 Sed
1505 5557 1558 5599 et
1612 5549 1756 5602 hunc

158 5617 449 5675 Hieremiae
501 5619 739 5689 nomine;
761 5617 925 5672 etiam
984 5616 1398 5677 abTAmbrosio
1449 5617 1603 5673 citari
1642 5620 1752 5689 jam

158 5666 283 5746 ante
312 5705 420 5744 non
448 5691 614 5744 semel
668 5666 955 5744 advertere
984 5674 1154 5742 licuit.

227 5761 252 5800 ά
284 5760 410 5816 Yet.
441 5760 596 5825 edit.,
622 5802 624 5804 τ
638 5760 775 5832 quod
804 5759 890 5814 ubi
927 5758 1113 5826 Pater;
1152 5757 1337 5832 Vigi|.,
1377 5777 1439 5815 ne
1481 5761 1526 5814 si
1562 5759 1753 5829 Pater;

163 5839 318 5900 mss'.,
347 5835 472 5904 quia
498 5833 596 5904 nisi
625 5831 802 5886 Pater.
835 5837 902 5887 At
926 5846 1044 5902 seq.
1081 5831 1331 5887 membro
1348 5833 1445 5904 ubi
1476 5840 1586 5888 vet.
1614 5834 1750 5889 edit.

166 5921 227 5961 ac
266 5921 424 5970 mss.,
454 5903 645 5958 invidia
698 5912 950 5970 recurrat,
1011 5903 1183 5958 multo
1231 5903 1426 5958 melius
1476 5905 1660 5972 Vigil..
1699 5907 1753 5958 in

1843 4693 2210 4763 sumptionem
2251 4699 2346 4746 aut
2375 4689 2609 4744 visibilis
2637 4698 2730 4743 aut
2779 4687 3055 4743 mutabilis
3098 4699 3448 4754 cerneretur;

1843 4789 1972 4860 quin
2006 4789 2183 4859 potius
2225 4787 2278 4842 in
2321 4785 2626 4858 aequalitate
2669 4799 2777 4855 qua
2824 4783 2987 4841 Pater
3029 4795 3135 4849 est,
3189 4798 3448 4854 perman-
3504 4815 3510 4819 -

1845 4882 2030 4947 sisset,
2073 4897 2140 4935 ex
2167 4879 2324 4949 cujus
2350 4878 2654 4934 substantia
2685 4887 2822 4944 erat;
2848 4877 2972 4947 quia
3007 4876 3151 4948 quod
3183 4877 3251 4932 de
3287 4877 3449 4932 Patre

1847 4984 1952 5044 est,
2005 4991 2105 5031 nec
2159 4973 2355 5041 videri,
2395 4986 2498 5029 nec
2545 4972 2767 5040 mutari,
2822 4986 2922 5029 nec
2969 4973 3214 5029 converti
3286 4985 3452 5041 posse

1847 5072 2183 5133 credendum
2211 5073 2344 5137 est}

1850 5259 2100 5316 invidiam
2127 5261 2376 5309 recurrat.

1931 5311 2061 5384 “illa
2093 5326 2226 5383 edit.
2259 5323 2422 5394 Vigil.
2456 5335 2583 5376 cum
2625 5319 2678 5374 in
2713 5315 2846 5394 aliis
2889 5329 2954 5370 ac
2983 5328 3118 5394 niss-
3167 5311 3457 5371 habeatur:

1856 5403 1980 5460 Non
2002 5399 2156 5456 modo
2183 5385 2474 5468 potesiesse
2505 5393 2570 5446 de
2589 5389 2888 5444 conditione
2901 5385 3096 5469 ᾖιιιιῌο
3122 5399 3310 5468 sensu.
3340 5459 3369 5469 ξ,

1935 5474 1955 5513 ι
2004 5473 2129 5529 γει.
2182 5461 2343 5534 εόίι.,
2395 5478 2451 5520 ut
2514 5461 3072 5535 personw__audientis
3114 5461 3462 5535 nominatim;

1860 5545 2024 5615 Vigil.
2057 5555 2108 5599 et
2141 5556 2300 5615 mss.)
2329 5529 2658 5615 utApersonte
2683 5529 3247 5615 audientiamominuin
3273 5545 3292 5595 ;
3324 5543 3462 5615 mss.

1860 5599 2184 5672 nominatim.
2255 5599 2435 5679 Quod'
2461 5617 2684 5679 autem“
2835 5601 3166 5679 (ιίειίοιιειιιΔ
3194 5599 3463 5679 incutiam

1858 5699 2056 5746 auctor
2081 5672 2318 5752 exiilicat
2341 5696 2452 5735 cum
2481 5692 2586 5752 uno
2613 5674 2759 5727 aliud
2788 5673 2982 5752 ipsum;
3005 5673 3108 5726 hnc
3139 5672 3466 5752 Ambrosius

1853 5742 2019 5833 paulo
2046 5742 2216 5833 iusius
2249 5752 2482 5833 exhibet
2520 5747 2617 5833 lib.
2660 5761 2719 5833 ιιι
2764 5746 2828 5800 de
2857 5742 2992 5833 Fide
3017 5759 3148 5833 cap.
3166 5745 3266 5833 15,
3305 5759 3460 5833 num.

1853 5817 1981 5898 H6,
2001 5844 2158 5900 quem
2184 5827 2360 5881 locum
2387 5839 2417 5878 a
2444 5817 2645 5877 Basilio
2660 5818 3005 5886 desumptum
3040 5817 3208 5874 videri
3235 5825 3468 5872 annota-

1853 5901 2054 5956 vimus.
