3970 6316
140 5987 442 6071 (“ﬁt

541 264 652 326 563

1460 257 1555 315 AD
1593 253 1825 316 OPERA
1874 252 2130 317 SANCTI
2165 255 2497 316 AMBROSII
2540 257 2914 319 APPENDIX.
3710 269 3789 329 ιιι

613 378 841 438 Accedit
892 378 958 434 ad
1003 392 1249 444 causam,
1306 376 1430 450 quia
1481 391 1607 433 cum
1663 376 1888 449 illapsus
1941 385 2024 434 est
2082 376 2136 433 in
2165 379 2557 450 Aspicabilem
2585 382 3069 449 materiam,sieut
3095 385 3145 442 ei
3172 385 3392 456 placuit,
3422 386 3710 454 assumpsit,
3729 393 3791 444 vel

541 471 791 545 Mariam,
822 490 946 530 cum
977 474 1213 546 Virginis
1239 483 1452 529 uterum
1485 473 1748 546 opplevit,
1783 471 1928 528 aliud
1955 473 2143 543 utique

540 587 604 628 ex
636 571 749 636 illa,
784 585 942 640 quam
990 569 1135 643 quod
1179 577 1425 636 venerat,
1467 577 1653 624 natum
1685 578 1790 624 est.
1822 567 1979 625 Unde
2003 568 2143 639 jam,

537 667 812 739 inquiunt,
839 675 1099 736 corrupta
1132 663 1438 720 substantia
1483 672 1510 702 τι
1556 671 1756 719 statum
1821 664 2006 728 vertit,
2049 678 2143 718 or-

537 759 721 816 dinem
756 758 948 835 perdit,
975 759 1239 814 continuo
1271 758 1654 814 immutatione
1685 758 1796 829 ipsa
1829 755 2146 812 formandus

536 853 604 910 de
632 854 741 908 Deo
764 853 814 908 in
842 851 1143 916 hominem,
1174 852 1242 908 de
1270 852 1464 924 Spiritu
1493 853 1546 907 in
1577 867 1822 908 carnem.
1850 851 1920 906 Et
1959 852 2146 922 utique

532 945 814 1001 translatio
858 946 1037 1000 omnis
1069 945 1420 1016 interemptio
1441 953 1526 1001 est
1546 945 1779 1016 pristini.
1809 943 1889 1000 Ae
1919 959 2016 1016 per
2046 944 2147 1000 hoc

471 1037 479 1046 ’
535 1040 724 1095 aiunt:
756 1038 814 1096 Si
871 1037 1042 1094 Filius
1092 1039 1159 1095 de
1188 1039 1367 1095 Patris
1396 1039 1698 1094 substantia
1729 1049 1896 1105 esset,
1925 1039 2036 1109 jam
2091 1047 2149 1094 et

542 1135 759 1190 Patrem
793 1135 1060 1190 minorem
1118 1134 1294 1208 videri
1335 1134 1658 1190 substantia:
1696 1149 1809 1191 suae
1842 1133 1926 1189 vel
1982 1133 2150 1189 tradi-

540 1229 713 1296 tione,
740 1228 826 1285 vel
850 1227 979 1284 ﬁne:
1023 1237 1080 1284 et
1101 1226 1331 1299 proinde
1373 1227 1572 1283 Filium
1601 1242 1666 1283 ex
1692 1227 1802 1281 alia
1843 1225 2147 1281 substantia

535 1323 766 1378 credere
809 1321 1153 1388 maluerunt,
1190 1321 1338 1393 quod
1378 1321 1658 1386 converti,
1715 1328 1771 1375 et
1816 1318 2046 1387 mutari,
2095 1328 2152 1374 et

532 1418 709 1474 videri
736 1420 942 1490 possit;
969 1418 1095 1489 quia
1127 1417 1228 1474 hoc
1245 1416 1314 1473 de
1334 1416 1511 1473 Patris
1533 1416 1845 1474 substantia
1864 1416 2015 1474 credi
2039 1432 2148 1473 non

533 1515 718 1572 liceat.

604 1608 734 1664 llaec
762 1617 847 1664 est
873 1620 1039 1663 causa
1071 1606 1302 1674 erroris,
1333 1604 1451 1662 haec
1475 1605 1630 1676 origo
1655 1604 1887 1661 haeresis
1912 1604 2149 1671 Aridum;

540 1703 671 1758 dum
705 1716 811 1756 non
843 1699 1160 1772 intelligunt
1189 1700 1446 1755 virtutem
1469 1698 1591 1767 Dei,
1613 1713 1789 1769 neque
1813 1699 1946 1754 tanti
1975 1712 2155 1754 sacra-

2248 473 2424 546 ipsurn
2455 474 2735 532 hominem
2767 477 2997 534 induere
3027 479 3282 550 dignatus
3305 481 3425 536 est?

2317 565 2420 635 Qui
2460 567 2566 624 etsi
2605 567 2837 625 Abrahae
2879 572 3028 628 visus
3058 581 3143 628 est
3172 569 3330 644 (Gen.
3373 587 3527 638 ινιιι,
3557 571 3631 644 ι),
3660 574 3736 630 sed
3755 576 3793 634 in

2249 659 2422 717 forma
2449 663 2669 717 humani
2687 665 2934 735 corporis
2956 665 3104 722 visus
3128 676 3233 731 est,
3265 681 3375 738 quo
3403 666 3615 724 scilicet
3635 678 3796 736 posue-

2249 754 2352 810 mis
2388 757 2722 828 temporibus
2769 760 2822 816 in
2855 758 3077 816 homine
3117 769 3380 818 venturus
3429 775 3557 816 esse
3591 761 3798 821 ostendo-

2253 859 2424 906 retur.

2320 947 2487 1005 Jacob
2517 949 2682 1006 etiam
2708 950 2836 1007 alibi
2867 951 2921 1007 in
2951 952 3146 1023 angelo
3167 951 3328 1024 (Gen.
3359 966 3554 1018 ιιι-ιιι,
3580 950 3679 1022 {3),
3704 952 3798 1010 alibi

2253 1055 2406 1112 atque
2447 1043 2660 1099 videtur
2700 1044 2753 1100 in
2786 1044 3025 1102 homine.
3059 1045 3162 1114 Qui
3193 1046 3317 1102 ideo
3351 1061 3414 1101 se
3454 1047 3512 1100 in
3541 1044 3799 1116 angelode-

2253 1139 2605 1206 tnonstravit,
2628 1149 2687 1194 ut
2710 1141 2957 1196 nuntium
2986 1155 3045 1197 se
3073 1142 3256 1213 magni
3286 1139 3510 1197 consilii
3549 1139 3798 1197 indicaret:

2251 1227 2303 1284 in
2335 1228 2558 1286 homine
2590 1246 2742 1298 vero,
2771 1247 2896 1288 eum
2926 1249 3034 1305 quo
3071 1244 3130 1291 et
3165 1235 3503 1290 colluctatus
3543 1233 3700 1290 fuisse
3733 1235 3802 1292 de-

2253 1325 2544 1392 scribitur;
2583 1335 2641 1383 ut
2680 1328 2968 1399 imaginem
2999 1328 3196 1386 futurae
3235 1328 3659 1393 colluctationis,
3683 1344 3804 1400 quam

2254 1434 2376 1473 cum
2405 1418 2569 1475 Israel
2593 1419 2879 1479 habiturus
2907 1431 3048 1491 erat,
3088 1438 3212 1480 cum
3244 1422 3551 1478 secundum
3586 1421 3803 1480 boarium

2254 1511 2600 1581 advenisset,
2650 1517 2927 1586 praecipue
2967 1517 3255 1573 indicaret.
3310 1516 3420 1576 Sed
3466 1526 3526 1571 ut
3571 1516 3803 1572 Dominum

2254 1604 2527 1672 crederet,
2565 1621 2688 1662 cum
2726 1621 2836 1678 quo
2875 1616 3028 1664 tanto
3067 1608 3370 1665 certamine
3405 1607 3512 1663 sub
3551 1609 3703 1678 ﬁgura
3738 1606 3806 1663 lto-

2257 1701 2420 1756 minis
2441 1701 2771 1768 luctabatur,
2798 1702 2989 1771 Israel,
3014 1703 3066 1759 id
3097 1714 3204 1764 est.
3239 1703 3404 1758 homo
3441 1701 3633 1758 videns
3655 1703 3802 1769 Deum,

539 1793 708 1848 menti
738 1790 1160 1863 dispositionem
1198 1799 1528 1864 agnoscunt,
1554 1799 1616 1848 ut
1669 1791 1843 1847 Deum
1891 1791 2147 1848 humanis
2175 1787 2225 1850 Β
2255 1808 2454 1851 nomen
2476 1794 2688 1865 accepit
2719 1794 2873 1866 (Gen.
2898 1812 3072 1862 xuii,
3099 1795 3218 1868 24).
3273 1795 3424 1858 Vidi,
3459 1794 3654 1866 inquit,
3679 1792 3806 1849 Deut

537 1887 950 1946 conditionibus
994 1888 1342 1958 comparent.
1374 1885 1401 1924 ιι
1452 1885 1662 1954 Quibus
1694 1884 1868 1957 primo
1919 1900 2147 1956 respon-

537 1983 778 2039 dendum
807 1983 860 2038 in
893 1983 1014 2039 loco
1042 1982 1241 2038 Filium
1275 1983 1375 2039 Dei
1408 1999 1516 2039 non
1567 1983 1638 2039 ita
1671 1982 1874 2049 visum,
1905 1993 1962 2038 ut
2005 1982 2150 2040 Deus

539 2086 681 2147 erat,
711 2077 806 2134 sed
847 2087 906 2133 ut
955 2077 1117 2132 homo
1145 2091 1346 2150 capere
1388 2086 1604 2148 poterat
1642 2076 1712 2132 de
1755 2075 1914 2142 Deo;
1950 2075 2150 2134 deinde

541 2171 710 2226 variis
738 2171 924 2242 ﬁguris
947 2185 1056 2226 non
1087 2171 1404 2227 mutabilem
1433 2180 1489 2226 et
1519 2169 1932 2227 convertibilem
1973 2169 2148 2240 ipsum

535 2279 680 2332 esse,
709 2266 805 2322 sed
835 2265 937 2320 hoc
961 2279 1084 2321 esse
1113 2265 1372 2336 potentia:
1403 2263 1526 2334 Dei,
1557 2272 1616 2318 ut
1641 2279 1764 2320 eum
1805 2279 1865 2321 se
1895 2263 2145 2335 singulis,

539 2369 703 2432 prout
741 2359 884 2428 vult,
918 2361 1164 2416 revelare
1212 2359 1486 2431 dignatur,
1531 2359 1777 2416 habitum
1809 2369 2008 2427 mutet,
2040 2374 2149 2418 non

535 2453 900 2510 substantiam
923 2462 1116 2510 vertat:
1151 2469 1250 2510 nec
1277 2456 1672 2526 proprietatem
1691 2454 1970 2526 qualitatis
1997 2456 2152 2512 amit-

541 2555 641 2613 tat,
691 2546 786 2602 sed
842 2548 998 2617 juxta
1042 2546 1296 2602 meritum
1347 2547 1586 2603 videntis
1660 2555 2152 2618 temperamentum

539 2638 844 2710 majestatis
894 2639 1193 2705 adhibeat;
1225 2639 1344 2710 ipse
1404 2648 1583 2695 tamen
1617 2639 1783 2708 idem,
1828 2649 1888 2696 ut
1933 2655 2153 2714 semper

537 2743 641 2798 est,
677 2733 731 2788 in
759 2731 1078 2788 substantia:
1123 2747 1237 2787 sua}
1266 2733 1600 2804 proprietate
1628 2744 1970 2804 permaneat,
2008 2735 2152 2792 sicut

541 2825 802 2896 scriptum
859 2835 982 2882 est:
1015 2822 1240 2881 Mutabis
1273 2843 1360 2881 eos
1390 2838 1435 2881 et
1470 2827 1808 2882 mutabantur
1832 2844 1853 2886 :
1897 2837 1953 2883 tu
1977 2839 2152 2884 autem

543 2919 684 2974 idem
731 2921 840 2993 ipse
899 2938 983 2984 es,
1033 2931 1080 2976 et
1125 2922 1251 2976 anui
1307 2924 1380 2976 tui
1428 2938 1530 2978 non
1587 2923 1826 2993 deﬁcient
1855 2922 2038 2995 (Ptol.
2075 2939 2150 2991 et,

551 3014 623 3070 es
652 3014 692 3085 ).

615 3109 752 3164 Nam
781 3110 884 3166 etsi
925 3111 1094 3166 multa
1144 3120 1359 3167 suntex
1397 3111 1502 3178 his,
1538 3129 1660 3185 qum
1709 3115 1760 3170 in
1799 3113 1900 3171 hoc
1945 3114 2151 3172 mundo

2253 1889 2388 1960 facie
2413 1890 2482 1944 ad
2512 1890 2723 1960 faciem,
2763 1899 2810 1946 et
2832 1892 2977 1946 salva
3006 1895 3147 1962 facta
3186 1900 3258 1946 est
3302 1891 3484 1944 anima
3516 1906 3625 1944 mea
3658 1887 3803 1960 (Ibid,

2253 1981 2372 2055 '50).
2399 1983 2468 2038 Et
2499 1983 2682 2053 utique
2714 1984 2939 2054 ﬁguram
2984 1984 3223 2040 hominis
3252 1983 3492 2049 viderat,
3526 1997 3675 2054 quam
3704 1981 3807 2038 Deos

2253 2075 2354 2135 Dei
2376 2077 2544 2133 Filius
2575 2079 2852 2134 induerat.

2325 2170 2495 2244 Moysi
2543 2172 2597 2226 in
2641 2171 2778 2226 rubo
2816 2170 2872 2226 in
2918 2169 3132 2225 ﬂamma
3172 2170 3313 2241 ignis
3345 2169 3608 2240 apparuit
3652 2167 3804 2237 (Earl.

2253 2281 2334 2331 ιιι,
2385 2264 2466 2338 2),
2509 2276 2567 2321 ut
2607 2267 2789 2322 lumen
2837 2265 3212 2332 credentibus,
3265 2264 3565 2321 incredulis
3595 2263 3804 2335 judicium

2255 2359 2691 2426 demonstraret;
2733 2359 2854 2433 quia
2884 2358 3136 2416 Christus
3175 2357 3534 2414 credentibus
3573 2356 3704 2413 Salus
3732 2364 3806 2422 est,

2259 2470 2367 2510 non
2395 2454 2750 2510 credentibus
2775 2469 2958 2526 poena,
2985 2463 3042 2508 ut
3073 2452 3367 2522 Apostolus
3411 2453 3490 2507 ait
3530 2469 3544 2504 :
3583 2450 3700 2505 Atii:
3715 2450 3806 2504 odor

2255 2549 2372 2602 vita:
2411 2549 2466 2603 in
2498 2548 2677 2613 ritum,
2720 2547 2839 2602 aliis
2887 2546 3018 2602 odor
3055 2547 3237 2602 mortis
3285 2546 3339 2600 in
3390 2551 3606 2598 mortem
3637 2542 3694 2614 (ll
3715 2538 3803 2596 Cor.

2258 2659 2318 2710 ιι,
2349 2639 2463 2711 16).

2330 2733 2591 2808 Populum
2635 2729 2800 2790 lsrael
2850 2733 2900 2788 in
2943 2732 3198 2789 columna
3254 2730 3417 2786 nubis
3465 2744 3564 2800 per
3602 2727 3746 2790 diem,
3770 2735 3808 2781 et

2258 2845 2356 2902 per
2383 2840 2595 2885 noctem
2628 2825 2680 2882 in
2711 2827 2961 2884 columna
2995 2828 3132 2898 ignis
3164 2825 3317 2896 quasi
3341 2824 3450 2879 dux
3485 2822 3686 2878 itineris
3708 2834 3805 2893 pre.

2256 2921 2488 2977 cedebat
2517 2918 2713 2994 (Exod.
2760 2935 2880 2987 xm,
2925 2918 3056 2990 21);
3101 2929 3160 2973 ut
3199 2917 3450 2988 baptismi
3499 2918 3706 2988 gratiam
3742 2928 3808 2984 per

2258 3012 2480 3079 nubem,
2516 3023 2569 3069 et
2589 3011 2792 3068 donum
2821 3011 2995 3067 sancti
3019 3009 3252 3081 Spiritus
3277 3025 3378 3079 per
3407 3010 3588 3080 ignem
3609 3004 3805 3062 oSteade-

2257 3115 2377 3175 ret;
2426 3105 2551 3177 quia
2591 3103 2870 3176 apostolus
2908 3100 3112 3160 Paulus
3144 3104 3195 3157 in
3227 3102 3370 3156 nube
3402 3100 3594 3156 Patres
3615 3099 3805 3168 baptiza-

549 3202 824 3271 videutur,
871 3218 993 3272 qua:
1046 3220 1114 3259 ex
1157 3204 1268 3259 alio
1314 3214 1711 3261 cenvertantur
1757 3207 1810 3261 in
1864 3205 2032 3272 aliud,
2093 3217 2148 3262 ut
2179 3191 2224 3256 C
2259 3209 2342 3258 tos
2371 3199 2559 3257 scribit
2584 3198 2626 3272 (1
2656 3197 2776 3254 Cor.
2806 3216 2858 3264 ι,
2888 3197 2970 3270 2),
2993 3206 3049 3254 et
3071 3197 3334 3268 Spiritum
3362 3195 3508 3251 sicut
3539 3195 3699 3266 ignem
3720 3203 3805 3246 esse

548 3295 801 3369 desinant
832 3313 954 3352 esse
993 3297 1136 3368 quod
1185 3309 1363 3366 erant,
1409 3307 1468 3354 et
1518 3299 1622 3356 hoc
1659 3303 1770 3356 sint
1810 3301 1954 3372 quod
2002 3311 2152 3360 retro

549 3405 658 3444 non
691 3389 932 3458 fuerant;
982 3403 1038 3446 nt
1087 3392 1248 3447 limus
1303 3409 1426 3448 cum
1470 3395 1523 3448 iu
1556 3395 1830 3452 hominem
1867 3395 2149 3467 ﬁguratur,

546 3486 710 3539 limus
737 3502 858 3543 esse
891 3485 1004 3558 jam
1036 3485 1273 3543 desinit:
1303 3499 1398 3542 aut
1419 3489 1620 3560 pisces,
1649 3501 1741 3546 aut
1771 3505 1901 3546 aves
1925 3506 2048 3546 cum
2082 3490 2153 3548 de

548 3595 686 3649 aqua
725 3581 1046 3648 procedunt,
1083 3598 1147 3636 ex
1176 3596 1244 3636 eo
1270 3581 1380 3652 jam
1405 3597 1510 3636 non
1543 3597 1702 3653 aqua,
1738 3585 1863 3654 quia
1897 3584 2066 3638 aliud:
2092 3593 2154 3640 ut

549 3676 719 3729 lutum
744 3675 891 3746 ﬁguli
930 3691 1051 3730 eum
1087 3675 1356 3731 solidatur
1403 3676 1456 3730 in
1493 3684 1712 3731 testam:
1745 3686 1804 3732 ut
1832 3677 1995 3748 lapis,
2027 3690 2152 3734 cum

546 3771 868 3826 dissolvitur
889 3772 1151 3828 decoctus
1176 3772 1228 3827 in
1251 3772 1479 3829 calcem:
1507 3783 1738 3829 utarena
1762 3788 1885 3828 cum
1911 3781 2154 3829 mutatur

547 3864 600 3918 in
624 3865 842 3931 vitrum,
862 3875 913 3920 et
941 3875 1161 3932 caetera,
1191 3881 1312 3935 qua:
1339 3865 1561 3936 longum
1599 3876 1683 3922 est
1709 3881 2015 3923 recensere.
2044 3866 2153 3924 Sed

545 3957 775 4010 multum
810 3957 1059 4022 interest,
1085 3957 1250 4014 stulte
1280 3955 1563 4024 lueretiee,
1592 3959 1736 4014 inter
1766 3974 1832 4016 ea
1857 3975 1980 4030 quae
2015 3959 2156 4015 facta

549 4057 700 4118 sunt,
727 4059 780 4106 et
798 4067 919 4105 eum
945 4051 1036 4122 qui
1054 4052 1265 4120 omnia,
1294 4052 1756 4121 quemadmodum
1782 4052 1978 4119 voluit,
2004 4053 2152 4110 fecit.

550 4142 683 4211 Quae
718 4144 858 4198 facta
889 4155 1036 4209 sunt,
1068 4145 1325 4216 ascripta:
1352 4146 1656 4202 conditioni
1690 4145 2029 4202 deserviunt:
2063 4148 2154 4218 qui

552 4249 684 4290 vero
714 4233 866 4302 fecit,
891 4233 1052 4308 355
1081 4250 1193 4290 sua:
1223 4236 1522 4293 voluntatis
1545 4246 1601 4294 et
1633 4237 1836 4310 proprii
1866 4238 2005 4310 juris
2048 4247 2153 4295 est.

551 4323 735 4394 Neque
755 4331 934 4395 potest
954 4330 1007 4380 in
1031 4326 1200 4394 aliud,
1221 4343 1382 4398 quam
1405 4328 1548 4400 quod
1571 4339 1674 4395 est,
1698 4329 1883 4400 aliquo
1901 4339 2154 4401 eugente,

554 4421 787 4474 mutari:
819 4419 914 4476 sed
950 4430 1109 4490 prout
1141 4422 1274 4490 vult,
1299 4430 1354 4479 et
1381 4425 1468 4479 cui
1505 4425 1648 4492 vult,
1690 4440 1750 4480 se
1793 4423 2156 4482 demenstrat.

549 4511 684 4568 Nam
713 4514 758 4569 si
785 4511 981 4586 Angeli
1015 4515 1068 4570 in
1094 4513 1264 4587 ﬁgura
1290 4515 1576 4573 hominum
1610 4533 1756 4590 saepe
1794 4519 2068 4585 suntvisi,
2101 4529 2156 4576 et

2254 3298 2628 3369 apostolorum
2663 3299 2794 3352 Acta
2823 3295 3104 3352 declarant
3124 3293 3263 3370 (Act.
3294 3309 3352 3362 tt,
3384 3291 3462 3364 5).

2327 3391 2494 3447 Vides
2525 3406 2656 3462 ergo
2690 3406 2786 3460 per
2824 3387 3030 3457 omnia,
3078 3386 3360 3454 limrctice,
3397 3385 3729 3441 characteres
3748 3381 3804 3436 di-

2255 3479 2502 3541 vinarum
2549 3483 2954 3555 Scripturarum
3015 3484 3068 3536 in
3124 3485 3386 3537 honorem
3445 3480 3544 3536 Dei
3611 3476 3806 3533 Patribus

2255 3589 2654 3650 prmostensos;
2702 3589 2807 3632 non
2854 3588 3033 3630 tamen
3083 3575 3258 3646 ipsum
3307 3575 3507 3640 Deum,
3536 3581 3594 3628 ut
3617 3579 3691 3626 est
3711 3583 3802 3643 pro-

2256 3672 2375 3745 prie
2398 3673 2726 3730 revelatum.
2760 3671 3006 3742 Denique
3033 3686 3159 3727 cum
3206 3670 3421 3744 Moyses
3462 3679 3644 3725 oraret
3671 3677 3718 3720 ut
3748 3663 3804 3718 {ao

2255 3769 2394 3824 eiem
2425 3767 2521 3824 Dei
2548 3783 2679 3838 pure
2705 3767 2937 3831 videret,
2963 3764 3093 3836 quid
3120 3765 3186 3819 ad
3207 3764 3358 3819 illum
3385 3763 3642 3819 continuo
3663 3759 3804 3815 Deus?

2259 3857 2384 3914 Non
2414 3860 2626 3931 poteris,
2671 3858 2868 3931 inquit,
2910 3857 3081 3912 videre
3121 3858 3307 3930 [aciem
3347 3872 3549 3923 meam;
3584 3871 3675 3909 non
3705 3851 3804 3906 ιιιίιιι

2255 3952 2445 4008 videbit
2474 3951 2627 4006 homo
2647 3955 2834 4023 fortem
2857 3966 3044 4018 meam,
3068 3959 3114 4004 et
3135 3950 3262 4004 vivet
3293 3948 3495 4023 (Exod.
3521 3963 3694 4011 sunt,
3717 3943 3803 4016 20).

2258 4047 2375 4104 Hoc
2418 4048 2538 4118 ipso
2575 4045 2718 4119 quod
2760 4057 2990 4118 negatur
3025 4053 3301 4116 aspectus,
3344 4045 3567 4100 claritas
3607 4041 3802 4110 assiga-

2261 4151 2370 4211 tur,
2413 4157 2537 4214 quae
2578 4141 2791 4196 scilicet
2843 4150 2990 4196 tanta
3040 4149 3146 4208 est,
3189 4150 3390 4211 quanta
3439 4135 3696 4194 credenda
3727 4139 3803 4190 est.

2259 4252 2381 4308 qua:
2426 4234 2712 4291 invisibilis
2743 4233 3032 4288 indicatur.
3065 4230 3198 4288 Cum
3245 4246 3374 4300 ergo
3421 4229 3629 4302 Moyses
3663 4225 3736 4294 qui
3765 4233 3803 4277 et

2260 4332 2422 4387 situm
2455 4331 2600 4398 coeli,
2631 4338 2685 4385 et
2711 4329 2930 4384 ordines
2960 4327 3169 4394 tnundi,
3195 4335 3250 4382 et
3277 4320 3800 4382 elementoruniriees,

2262 4427 2432 4480 totius
2461 4424 2696 4494 denique
2722 4424 2874 4480 Orbis
2899 4432 3218 4478 ornamenta
3241 4420 3548 4491 digesserit,
3579 4413 3799 4473 iudicarit,

2262 4521 2630 4590 expresserit;
2675 4519 2765 4573 cui
2814 4519 2929 4587 ipse
2975 4515 3234 4572 Dominus
3263 4513 3625 4570 testimonium
3668 4504 3802 4580 perhi-

549 4616 730 4663 tamen
770 4605 915 4664 aliud
945 4625 1052 4665 non
1099 4619 1247 4679 sunt,
1289 4627 1453 4682 quam
1493 4610 1637 4683 quod
1667 4587 1726 4668 se
1765 4627 1888 4668 esse
1925 4621 2152 4683 norunt,
2181 4587 2235 4647 D
2261 4587 2377 4669 buit
2401 4611 2592 4666 dicens
2619 4628 2657 4676 _:
2711 4607 2882 4666 Nemo
2906 4609 3001 4664 erit
3029 4624 3093 4663 ex
3129 4607 3396 4679 praphetis
3427 4616 3478 4660 at
3508 4619 3671 4660 serens
3701 4613 3801 4652 metu

548 4715 732 4774 neque
777 4702 1139 4759 substantiam
1193 4715 1432 4770 mutant,
1485 4721 1610 4762 cum
1650 4701 1880 4761 formam
1933 4709 2154 4764 humani

489 4791 497 4797 ’
549 4794 806 4868 corporis
831 4804 1074 4864 stnnunt;
1101 4807 1307 4869 quanto
1339 4796 1512 4870 magis
1533 4799 1649 4868 ipse
1676 4799 1938 4855 Dominus
1967 4812 2155 4858 noster

548 4891 640 4962 qui
678 4889 866 4945 omnia
913 4889 1061 4959 fecit,
1098 4892 1193 4963 qui
1243 4891 1375 4964 ipsis
1406 4891 1632 4966 Angelis
1676 4902 1734 4949 ut
1758 4893 1860 4950 hoc
1903 4905 2152 4967 possent,

551 4997 650 5040 sua
680 4984 1022 5042 institutione
1042 4987 1312 5043 concessit
1331 4987 1344 5042 l

623 5075 742 5132 Huc
783 5078 996 5134 accedit
1031 5079 1176 5150 quod
1212 5077 1291 5134 sic
1319 5077 1516 5133 Filium
1554 5079 1669 5146 Dei,
1708 5089 1766 5136 ut
1803 5081 1914 5151 jam
1946 5079 2152 5138 dictum

554 5179 658 5237 est,
689 5169 863 5225 visum
892 5187 920 5225 a
952 5170 1208 5226 Patrihus
1244 5171 1628 5242 approbamus,
1663 5183 1722 5228 ut
1748 5187 1852 5228 non
1887 5181 2058 5228 totum
2096 5174 2152 5230 in

554 5262 670 5331 illo,
694 5264 837 5336 quod
865 5264 1012 5320 Deus
1032 5272 1138 5328 est,
1170 5264 1445 5320 videretur
1474 5282 1488 5318 :
1521 5266 1616 5321 sed
1636 5259 2026 5338 dispositiones
2060 5285 2151 5325 re-

555 5369 674 5409 rum
734 5355 1068 5424 futurarum,
1129 5372 1253 5429 qua:
1295 5359 1412 5414 suis
1463 5359 1769 5431 quibusque
1819 5363 2154 5430 temporibus

553 5447 892 5517 complenda:
920 5461 1100 5516 erant,
1131 5451 1184 5506 in
1210 5449 1306 5508 illo
1335 5466 1432 5522 per
1455 5453 1746 5524 imaginem
1773 5465 2151 5515 cernerentur.

554 5531 691 5591 Nam
733 5540 855 5609 quis
884 5533 1083 5600 Filium
1111 5539 1209 5600 Dei
1243 5541 1432 5602 videre
1460 5546 1658 5618 potuit,
1689 5556 1982 5618 antequam
2011 5564 2148 5606 con-

629 5696 1036 5772 fArnbnedit.
1066 5702 1265 5758 etcod.
1301 5702 1434 5760 Last.
1491 5703 1668 5758 statim
1697 5705 1843 5759 vertit
1887 5703 2142 5772 ordinent,

553 5769 999 5849 perditcontinao
1017 5774 1448 5849 immutationem,
1476 5778 1588 5849 ipsa
1612 5775 1922 5849 formando;
1949 5769 2135 5834 Tell...

558 5844 888 5899 mutationem
936 5844 1104 5915 ipsam
1157 5846 1462 5916 formando;
1496 5844 1742 5906 secunda
1804 5863 1990 5914 manu,
2034 5851 2148 5925 ipsa

2263 4703 2493 4779 Moyses,
2536 4705 2616 4760 cui
2662 4705 2796 4776 [acie
2833 4702 2902 4757 ad
2949 4702 3162 4775 faciem,
3198 4716 3286 4756 ore
3321 4699 3388 4754 ad
3423 4716 3479 4754 or
3518 4699 3798 4753 locutum!

2264 4801 2455 4876 (Nunt.
2484 4817 2578 4866 xu,
2600 4800 2654 4867 7,
2687 4800 2772 4870 8);
2817 4800 2983 4855 Deum
3013 4807 3197 4855 tamen
3229 4812 3364 4870 pure
3400 4793 3578 4851 videre
3609 4807 3698 4847 non
3731 4800 3799 4857 po-

2263 4895 2384 4951 tuit.
2416 4893 2610 4951 Merito
2637 4892 2856 4966 quidem
2881 4891 3164 4963 prephetia
3190 4891 3338 4946 omni
3371 4888 3580 4961 dignus,
3611 4883 3693 4941 sed
3719 4895 3796 4936 non

2264 5003 2436 5060 usque
2491 4986 2630 5044 adeo
2680 4995 2740 5042 ut
2788 4985 2987 5042 intueri
3044 4984 3212 5042 Deum
3260 4985 3492 5052 valeret,
3539 4997 3637 5053 qua
3676 4975 3796 5032 homo

2260 5079 2637 5138 tantummodo
2663 5089 2829 5136 esset.

2332 5177 2401 5232 Et
2429 5175 2618 5246 utique
2639 5174 2754 5230 haec
2775 5173 2957 5229 omnia
2979 5171 3101 5227 Filii
3126 5171 3288 5227 verba
3307 5169 3656 5231 defendimus,
3676 5173 3794 5233 quem

2258 5269 2312 5326 in
2349 5271 2553 5325 'monte
2595 5268 2724 5326 Sina
2779 5283 2902 5323 cum
2943 5265 3130 5339 Moyse
3185 5266 3428 5322 locutum
3481 5278 3594 5320 esse
3642 5259 3796 5315 scimus

2257 5363 2456 5437 (Exod.
2483 5377 2636 5426 xxxi,
2663 5361 2774 5432 l8),
2799 5362 2891 5432 qtti
2919 5358 3145 5431 agendis
3163 5357 3600 5430 explicandisque
3624 5350 3754 5408 rebus
3771 5360 3791 5398 ι

2258 5457 2419 5513 Patre
2445 5457 2771 5521 advenerat;
2800 5453 2926 5526 quia
2968 5453 3149 5508 omnia
3178 5467 3207 5507 a
3245 5447 3513 5523 principio
3549 5461 3634 5519 per
3660 5445 3792 5514 ipsum

2257 5562 2311 5607 et
2340 5548 2606 5618 ordinari,
2651 5554 2708 5605 et
2735 5546 3020 5618 explicari,
3064 5539 3120 5602 et
3162 5560 3386 5600 manere
3417 5543 3728 5600 convenerat,
3752 5538 3790 5584 III

2254 5707 2514 5779 {armandi
2537 5724 2556 5762 :
2585 5705 2764 5777 aptius
2784 5705 2916 5779 edit.
2951 5703 3120 5779 Vigil.
3145 5701 3580 5779 ιιιᾼίιιιιοιιιθιιιιἶ
3621 5769 3631 5779 ⁸

2317 5777 2345 5818 b
2387 5779 2527 5834 Tell.
2552 5762 2679 5835 eo'd.
2730 5785 2787 5835 et
2821 5778 2982 5846 νίκη.
3023 5762 3167 5833 ‘edit.
3194 5773 3390 5843 Quibus
3433 5769 3581 5844 primi
3615 5769 3660 5824 in
3704 5762 3788 5823 too

2255 5851 2669 5926 respondendum
2699 5859 2770 5915 est
2794 5849 3018 5921 Filium,
3048 5858 3157 5908 etc.
