3970 6316
122 335 219 394 565

1060 330 1148 388 DE
1187 329 1345 388 FIDE
1382 331 1811 392 ODTHODOXA
1860 335 2142 394 CONTRA
2184 337 2508 398 ARIANOS.

3290 347 3398 405 566

121 447 332 506 habendi
362 445 481 502 Filii
512 449 623 502 haec
663 445 932 519 prmeipua
977 447 1115 502 ratio
1156 458 1452 504 constaret.
1498 448 1566 504 Et
1603 458 1682 503 ta-
1711 453 1755 510 Α
1789 452 2165 519 processisse:
2200 469 2299 511 nec
2331 464 2510 512 tamen
2549 457 2671 528 ipso
2709 459 3031 518 indumento
3071 461 3255 520 carnis
3290 463 3388 518 Dei

118 559 230 601 men
267 542 342 598 sic
378 541 523 596 visus
568 540 852 610 accipitur,
901 548 961 595 ut
1001 540 1227 612 alicujus
1272 542 1680 612 conspicabilis,

122 646 172 690 ut
215 635 339 698 dixi,
399 633 637 690 materia:
686 633 1040 704 dispositione
1071 644 1346 705 assumpta
1386 635 1680 704 videretur,

120 729 252 783 salva
297 727 500 783 scilicet
567 727 939 784 invisibilitate
998 727 1162 798 ejus,
1221 744 1381 800 quam
1459 745 1490 783 a
1555 745 1685 786 con-

121 829 291 891 specto
343 820 576 875 omnium
627 820 883 891 majestas
943 819 1200 876 interfusa
1250 823 1511 894 seposuit.
1567 821 1685 878 Non

120 915 251 969 enim
280 909 355 967 sic
385 909 634 967 humanis
673 913 982 982 aspectibus
1031 914 1301 969 revelatus
1338 915 1446 982 est,
1496 923 1558 970 ut
1579 921 1687 971 tota

117 1006 164 1062 in
192 1006 278 1061 illo
311 1006 484 1062 deitas
527 1015 815 1077 appareret
857 1025 869 1061 :
911 1007 1006 1062 sed
1033 1007 1100 1062 ad
1131 1009 1302 1064 vicem
1333 1010 1538 1080 Specuii
1564 1025 1688 1066 cum

117 1111 394 1170 conceptos
425 1101 562 1155 intra
599 1101 774 1156 lucem
800 1116 951 1156 suam
979 1103 1158 1157 vultus
1198 1104 1350 1173 quasi
1375 1103 1441 1157 ad
1474 1103 1689 1173 plettam

117 1191 332 1266 effigiem
399 1189 638 1250 hominis
697 1194 962 1260 includit;
1024 1204 1048 1232 ³
1095 1205 1165 1251 ita
1225 1195 1524 1267 majestatis
1575 1195 1693 1269 ejus

116 1296 375 1359 prmeunte
417 1285 641 1360 fulgore,
689 1288 826 1344 intra
869 1289 919 1344 id
962 1290 1133 1344 visum
1175 1299 1279 1359 est,
1328 1291 1468 1361 quod
1509 1291 1694 1363 imagi-

115 1399 225 1439 nem
249 1384 510 1450 veritatis,
540 1401 645 1440 non
673 1383 852 1455 ipsum
894 1383 1062 1440 Deum
1091 1386 1310 1457 prOprie
1351 1383 1695 1442 demonstra-

114 1486 202 1533 ret.

177 1571 261 1626 Sic
289 1580 488 1626 etcum
532 1569 808 1626 hominem
857 1569 1082 1627 induere
1132 1570 1384 1644 dignatus
1427 1581 1532 1640 est,
1583 1586 1690 1628 non

110 1667 272 1723 labent
295 1666 583 1721 aeternitati
612 1665 790 1721 intulit
816 1682 829 1731 ;
858 1675 914 1721 ut
943 1666 1193 1737 Spiritum
1228 1664 1280 1721 in
1315 1679 1534 1722 carnent
1579 1683 1697 1722 mu-

112 1770 262 1827 taret,
293 1759 385 1816 sed
413 1770 471 1815 ut
502 1771 758 1832 suscepto
786 1761 991 1818 homini
1029 1762 1492 1819 immortalitatem
1537 1773 1698 1835 atque

1786 541 1983 600 Filium
2025 559 2148 601 esse
2192 556 2496 614 mutatum;
2543 551 2641 605 sed
2687 552 2939 608 eumdem
2973 554 3148 624 ipsum
3177 571 3302 612 esse
3333 557 3390 612 in

1788 637 2029 705 homine,
2082 641 2172 712 qui
2213 640 2390 697 fuerat
2425 653 2552 700 ante
2592 646 2853 703 mundum
2892 663 3016 703 cum
3057 648 3251 716 Patre;
3288 665 3389 722 per

1787 747 1948 802 quem
1974 733 2115 790 facta
2147 744 2273 791 sunt
2298 737 2502 804 omnia,
2527 747 2579 793 et
2601 739 2721 794 sine
2750 755 2858 810 quo
2889 740 3092 797 factum
3118 751 3202 799 est
3227 743 3386 808 nihil,

1789 826 1930 882 sicut
1961 826 2302 899 Evangelista
2338 831 2412 884 ait
2445 847 2457 884 :
2504 831 2738 886 Mundus
2768 850 2859 902 per
2896 835 3069 904 ipsum
3107 837 3278 909 factus
3302 846 3402 905 est,

1792 929 1839 976 et
1869 913 2094 976 mundus
2113 935 2232 976 eum
2263 931 2364 976 nou
2391 924 2628 995 cognovit
2650 923 2837 994 (Joaa.
2870 933 2908 992 i,
2937 920 3050 997 l0).

1866 1014 2136 1070 Cancrum
2159 1018 2392 1072 amentis
2424 1028 2507 1072 est
2532 1018 2758 1074 credere
2779 1018 2849 1073 ab
2870 1035 2938 1074 eo
2963 1035 3121 1090 posse
3153 1022 3400 1090 liberari,

1793 1108 1884 1177 qui
1913 1116 1971 1162 ut
1996 1107 2273 1176 liberaret,
2305 1111 2541 1165 amissus
2567 1120 2682 1176 est;
2720 1118 2778 1164 ut
2805 1121 3143 1179 nasceretur,
3172 1129 3405 1185 oppres-

1796 1216 1888 1256 sus
1917 1213 2000 1256 est
2046 1223 2058 1258 :
2103 1211 2160 1256 ιιι
2191 1199 2658 1258 immortalitatem
2703 1203 2994 1276 reciperet,
3045 1209 3298 1264 transivit
3342 1209 3409 1263 ad

1797 1303 2052 1350 mortem.
2091 1293 2200 1350 Sed
2231 1295 2394 1363 absit,
2433 1291 2712 1364 hzeretice,
2751 1310 2812 1353 ut
2853 1313 3048 1356 sensus
3078 1301 3409 1373 tuminiqni-

1798 1389 1927 1445 tatis
1979 1406 2006 1442 a
2052 1389 2339 1446 catholicis
2384 1389 2748 1460 admittatur;
2799 1409 2900 1448 nos
2945 1393 3090 1449 enim
3134 1395 3412 1451 credimus

1798 1482 2196 1539 immutabilem
2239 1493 2294 1538 et
2338 1483 2835 1551 inconvertiitilem,
2878 1479 3116 1543 Verbum
3166 1497 3223 1544 et
3257 1482 3413 1560 spiri-

1800 1586 1934 1639 tum,
1970 1575 2022 1633 id
2062 1588 2168 1646 est,
2200 1573 2400 1634 Filium
2447 1574 2540 1635 Dei
2565 1596 2580 1646 ;
2605 1578 2697 1650 qui
2728 1595 2850 1636 cum
2882 1579 3163 1638 hominem
3213 1579 3410 1650 induit,

1800 1687 1906 1728 non
1935 1685 2132 1728 statum
2175 1673 2359 1739 vertit,
2399 1688 2507 1728 non
2552 1672 2798 1730 ordinem
2832 1673 3092 1746 perdidit,
3131 1692 3237 1732 non
3280 1678 3411 1732 sub-

1801 1767 2056 1821 stantiam
2100 1765 2401 1822 intmutavit
2436 1784 2448 1820 :
2482 1765 2580 1822 sed
2613 1765 2833 1824 illuvias
2875 1769 3121 1840 ejusdem
3163 1771 3416 1842 corporis

111 1856 458 1913 aeternitatem
501 1857 740 1912 ccclesiis
765 1859 888 1913 vitro
921 1869 1224 1929 priestaret.
1257 1856 1391 1913 Nam
1420 1859 1520 1913 etsi
1546 1857 1693 1929 Apo-
1723 1857 1770 1918 B
1797 1870 2004 1913 teterno
2030 1857 2294 1914 claritatis
2319 1874 2431 1913 sure
2474 1857 2684 1915 lumine
2728 1859 3046 1926 illustravit;
3099 1871 3159 1917 ut
3194 1859 3261 1918 ad
3305 1878 3408 1920 nos

109 1953 267 2008 stolus
317 1952 668 2024 semetipsum
699 1953 1016 2010 exinanisse
1053 1954 1183 2009 dicit
1216 1971 1227 2006 :
1271 1952 1500 2008 formam
1548 1955 1691 2010 servi

109 2045 464 2116 suscipiendo,
500 2062 606 2102 non
658 2049 845 2117 utique
887 2047 966 2102 sic
996 2046 1328 2103 exinanitum
1373 2047 1689 2117 accipimus,

110 2149 161 2194 ut
185 2139 344 2206 aliud,
377 2155 539 2210 quam
570 2140 714 2211 quod
740 2139 936 2205 fuerat,
977 2138 1004 2178 ιι
1042 2137 1184 2196 idem
1215 2138 1452 2210 Spiritus
1494 2137 1688 2195 ﬁeret:

109 2234 259 2307 356
283 2233 375 2289 sed
424 2244 482 2289 ut
535 2235 776 2305 seposito
822 2235 1041 2290 interim
1093 2237 1404 2306 ntajeslatis
1440 2249 1552 2290 sua:
1596 2235 1690 2291 h0-

109 2343 249 2394 note,
289 2329 582 2383 humanum
613 2344 813 2401 corpus
845 2328 1127 2392 indueret,
1159 2344 1267 2401 quo
1301 2339 1576 2399 suscepto,
1604 2344 1692 2384 sa-

109 2421 182 2475 lus
218 2423 454 2492 gentium
506 2422 675 2477 fieret.
725 2421 795 2479 Ut
823 2422 967 2478 enim
1011 2421 1093 2477 sol
1125 2438 1245 2478 cum
1287 2423 1433 2479 nube
1464 2423 1686 2494 tegitur,

107 2515 313 2572 claritas
348 2515 470 2586 ejus
516 2515 914 2587 comprimitur,
949 2532 1057 2573 non
1098 2527 1368 2583 caecatur;
1413 2526 1468 2574 et
1503 2517 1686 2574 iumen

106 2609 255 2675 illud,
303 2609 449 2683 quod
512 2619 626 2666 toto
675 2611 810 2667 orbe
873 2609 1126 2667 diffusum
1183 2611 1335 2666 claro
1395 2611 1688 2684 splendore

106 2713 282 2760 cuncta
320 2705 620 2776 perfundit,
669 2721 839 2776 parvo
868 2706 1158 2761 admodum
1196 2705 1482 2762 obstaculo
1526 2707 1688 2763 nubis

107 2795 409 2865 includitur,
463 2814 573 2854 non
621 2798 866 2854 aufertur
903 2815 916 2854 :
959 2798 1039 2854 sic
1081 2809 1134 2854 et
1183 2799 1348 2852 homo
1389 2798 1480 2854 ille
1521 2813 1683 2872 quem

107 2891 351 2949 Dominus
393 2892 580 2958 Jesus,
631 2894 985 2966 Salvatorque
1031 2903 1244 2964 noster,
1291 2893 1341 2949 id
1386 2903 1490 2961 est,
1543 2895 1684 2952 Deus

102 2985 287 3056 Deique
309 2986 484 3043 Filius
515 2987 719 3052 induit;
757 2998 777 3025 ε
818 2987 989 3042 Deum
1034 2998 1210 3043 tamen
1235 2987 1288 3042 in
1314 2979 1408 3043 illo
1442 3003 1547 3043 non
1594 2989 1680 3042 in-

101 3079 335 3149 tercepit,
369 3079 469 3134 sed
503 3079 808 3134 abscondit.

163 3170 398 3244 Denique
432 3188 554 3228 cum
592 3174 644 3228 in
687 3181 871 3227 monte
902 3187 962 3228 se
999 3169 1274 3241 paululum
1304 3182 1458 3229 extra
1500 3173 1678 3243 ipsum

1799 1966 1896 2020 per
1927 1951 2198 2006 tramitem
2229 1946 2481 2021 corporis
2522 1950 2641 2022 ejus
2681 1947 2773 2007 lux
2819 1951 3002 2009 Sancti
3041 1945 3302 2025 Spiritus,
3355 1961 3412 2012 et

1795 2052 2016 2100 tolerate
2055 2045 2180 2099 vita:
2209 2045 2382 2117 gratia
2413 2035 2766 2102 redundaret.

1867 2138 2038 2205 Quem
2100 2139 2200 2192 etsi
2250 2153 2476 2210 passum
2532 2139 2811 2195 credimus
2855 2150 2911 2196 et
2957 2141 3257 2211 sepultum,
3309 2144 3406 2201 sed

1796 2228 1962 2285 homo
2011 2229 2102 2285 ille
2152 2244 2342 2301 passus
2395 2239 2498 2299 est,
2556 2248 2716 2302 quem
2761 2232 2933 2289 Filius
2987 2235 3081 2291 Dei
3136 2235 3402 2308 suscepit,

1795 2339 1954 2395 quem
2011 2322 2207 2390 induit,
2249 2339 2409 2394 quem
2463 2326 2723 2396 portavit.
2778 2325 2885 2382 Sed
2931 2327 3056 2396 quia
3109 2338 3280 2384 totum
3334 2330 3405 2387 ad

1793 2427 2071 2472 auctorem
2119 2407 2484 2483 referebatur,
2523 2417 2786 2489 quidquid
2828 2417 2994 2474 homo
3035 2418 3128 2475 ille
3159 2420 3401 2490 patieba-

1795 2519 1913 2576 tur;
1967 2509 2090 2564 ideo
2140 2525 2288 2564 mors
2341 2518 2395 2563 et
2442 2509 2627 2580 passio
2676 2509 2888 2565 Domini
2929 2511 3236 2582 judicatur;
3277 2529 3398 2569 nam

1791 2615 2006 2662 constat
2058 2605 2362 2661 immortale
2411 2619 2556 2672 esse,
2611 2605 2751 2676 quod
2805 2599 2898 2662 Dei
2948 2617 3033 2662 est
3077 2599 3392 2673 :hominis,

1791 2701 1934 2773 quod
1961 2700 2252 2756 caducum.

1863 2794 2045 2850 Tertia
2091 2809 2307 2866 quoque
2337 2786 2428 2851 die
2458 2793 2762 2851 resurrexit
2798 2811 2907 2851 non
2950 2789 3095 2853 Deus
3133 2797 3184 2852 in
3219 2787 3396 2852 homi-

1789 2904 1935 2954 nem,
1969 2889 2063 2944 sed
2093 2888 2256 2944 homo
2285 2889 2466 2958 potius
2493 2889 2546 2944 in
2577 2888 2770 2945 Deum.

1861 2979 2122 3038 Ascendit
2152 2981 2205 3036 in
2238 2980 2431 3047 caelos,
2473 2979 2671 3038 obtulit
2702 2979 2846 3038 Patri
2891 2995 2994 3038 suo
3017 2981 3292 3039 hominem
3328 2985 3396 3039 il-

1787 3075 1897 3132 lum
1956 3074 2328 3146 gratissimum
2379 3090 2618 3142 munus,
2683 3067 2935 3131 consedit
2988 3071 3054 3130 ad
3105 3067 3392 3132 dexteram

1787 3169 1989 3236 Patris,
2022 3165 2322 3226 secundum
2353 3165 2497 3240 quod
2526 3167 2790 3238 scriptum
2814 3177 2934 3225 est:
2965 3163 3116 3224 Dixit
3140 3165 3395 3227 Dominus

98 3264 353 3322 hominem
404 3267 735 3333 extulisset,
769 3266 976 3338 fulgore
1012 3268 1230 3323 luminis
1259 3267 1380 3340 ejus
1415 3285 1552 3342 pene
1578 3271 1671 3326 ob.
1701 3253 1745 3320 C
1783 3263 2010 3320 Domino
2038 3282 2149 3320 nteo
2181 3282 2200 3320 :
2234 3263 2368 3321 Sede
2397 3264 2466 3318 ad
2490 3263 2754 3318 dexteram
2783 3281 2949 3319 meam
2969 3251 3146 3335 (Psal.
3166 3280 3280 3331 etx,
3305 3265 3381 3339 l).

95 3359 266 3413 cmcati
291 3361 532 3430 apostoli
584 3363 633 3413 in
675 3368 877 3415 terram
925 3359 1125 3431 quippe
1171 3360 1421 3419 homines
1465 3363 1677 3421 cecide-

95 3453 453 3524 runt(Matth.
498 3471 629 3521 xt'tt,
665 3455 743 3528 6),
772 3455 1060 3526 periclitati
1096 3455 1289 3522 vitam,
1318 3456 1421 3511 nisi
1451 3457 1530 3512 eis
1567 3457 1676 3512 Do-

93 3547 259 3603 minus
290 3563 617 3620 eompresso
648 3565 861 3604 rursum
915 3550 1214 3618 majesmtis
1241 3565 1354 3604 sua:
1387 3549 1590 3605 honore
1620 3559 1679 3606 ut

91 3640 392 3699 misericors
420 3643 790 3707 subvenisset,
811 3642 1109 3698 secundum
1135 3643 1281 3698 illam
1308 3647 1673 3698 sententiam:

95 3729 246 3788 Nemo
277 3733 400 3790 vidit
441 3733 626 3798 Deum,
653 3745 700 3790 et
730 3735 858 3790 visit
887 3731 1086 3807 (Exod.
1125 3751 1314 3803 xaxm,
1337 3731 1420 3807 2).
1449 3730 1517 3792 Ut
1546 3752 1676 3807 ergo

91 3826 294 3883 claritas
322 3829 484 3894 solis,
521 3826 547 3866 ά
579 3843 700 3884 cum
747 3841 852 3883 non
885 3844 1056 3899 u-que
1099 3829 1165 3884 ad
1215 3839 1434 3884 nostros
1479 3830 1680 3886 emicat

91 3921 244 3989 visus,
277 3921 380 3981 sibi
417 3923 568 3980 salva
601 3929 714 3990 est;
761 3924 885 3994 quis
932 3923 1076 3995 quod
1117 3939 1224 3978 non
1256 3924 1492 3990 videtur.
1526 3921 1676 3981 intir-

92 4014 278 4072 mitatis
304 4029 388 4072 est
419 4029 644 4082 nostrae,
683 4034 916 4088 quorum
946 4018 1136 4074 oculos
1166 4018 1384 4074 nubium
1413 4019 1548 4074 texit
1577 4018 1675 4074 ob-

93 4109 329 4167 scuritas:
364 4121 388 4150 °
416 4113 490 4167 ita
517 4114 711 4184 probat
735 4129 794 4169 se
819 4128 924 4168 non
958 4128 1060 4169 suo
1093 4113 1426 4170 detrimento
1467 4115 1673 4185 pr0prii

89 4203 294 4261 latuisse
321 4207 590 4280 fulgoris;
619 4206 711 4263 sed
736 4209 938 4273 carnis,
972 4217 1031 4262 ut
1052 4207 1184 4271 dixi,
1205 4205 1494 4276 heneticio,
1519 4207 1674 4277 cujus

90 4307 237 4351 causa
263 4297 437 4355 Filius
459 4300 551 4355 Dei
587 4299 732 4355 filius
763 4299 1003 4355 hominis
1029 4313 1150 4355 esse
1172 4299 1453 4356 sustinuit.

151 4388 349 4461 Nempe
381 4387 528 4448 enim
579 4392 648 4448 de
687 4391 894 4464 Spiritu
938 4394 1035 4449 Dei
1084 4393 1244 4465 Virgo
1291 4395 1574 4466 concepit,
1620 4404 1674 4451 et

89 4481 218 4548 quod
261 4485 540 4554 concepit.
575 4486 678 4541 hoc
710 4487 941 4556 peperit,
991 4486 1041 4542 id
1091 4499 1199 4552 est,
1251 4487 1419 4543 Deum
1465 4489 1671 4544 homini

89 4589 199 4638 suo.
231 4580 427 4650 utjam
457 4580 595 4648 dixi,
637 4577 923 4646 sociatum,
957 4579 1099 4638 'sicttt
1147 4582 1261 4653 ipse
1291 4579 1429 4639 dixit
1472 4602 1484 4639 :
1521 4581 1674 4650 Quod

1851 3363 1992 3420 Misit
2033 3362 2192 3419 nobis
2243 3361 2504 3433 Spiritum
2545 3370 2792 3418 sanctum
2836 3363 2904 3418 de
2937 3361 3158 3434 prOpria
3185 3379 3304 3430 sua,
3335 3353 3394 3422 et

1781 3457 1896 3528 ipsa
1938 3471 2041 3510 una
2069 3455 2371 3510 substantia
2417 3470 2537 3521 sua,
2579 3464 2974 3526 protectorem,
3016 3457 3388 3514 sanctificato-

1779 3565 1918 3617 rem,
1948 3558 2002 3604 et
2031 3545 2383 3604 deductorem
2421 3547 2473 3602 in
2521 3548 2682 3603 vitam
2715 3557 2996 3616 :eternam,
3038 3549 3180 3604 sicut
3207 3549 3383 3620 scrip-

1782 3650 1892 3696 tum
1921 3651 2004 3695 est
2033 3657 2098 3696 ex
2131 3655 2265 3695 voce
2292 3640 2383 3695 Dei
2416 3658 2428 3693 :
2460 3632 2749 3708 E/fundam
2777 3640 2840 3693 de
2868 3641 3070 3712 Spiritu
3091 3658 3203 3696 meo
3227 3659 3386 3712 super

1780 3752 1951 3791 servos
1983 3752 2140 3801 meos,
2164 3745 2213 3790 et
2236 3731 2459 3789 ancillas
2482 3751 2620 3789 meas
2652 3731 2794 3804 (Joel
2822 3750 2882 3800 il,
2906 3729 3024 3807 '29).
3051 3733 3118 3790 Et
3142 3733 3342 3790 iterum
3368 3755 3382 3792 :

1781 3827 2012 3899 Spiritus
2034 3845 2096 3882 ex
2125 3845 2205 3882 me
2232 3827 2459 3897 prodibit
2497 3825 2673 3897 (Esai.
2717 3842 2846 3891 ινιι,
2883 3826 2999 3898 16).
3035 3826 3100 3882 Ει
3131 3826 3248 3898 ipse
3273 3827 3380 3882 Do-

1781 3925 1961 3978 minus
1990 3921 2348 3994 Salvatorque
2377 3930 2568 3978 noster
2602 3940 2615 3977 :
2663 3919 2738 3978 De
2767 3929 2900 3985 meo,
2938 3919 3130 3992 inquit,
3161 3922 3383 3993 accipiet

1779 4017 1963 4090 (Joan.
1990 4033 2104 4083 xvr,
2132 4018 2256 4089 15);
2286 4032 2350 4073 ex
2383 4032 2450 4073 eo
2492 4017 2682 4087 utique
2712 4017 2857 4088 quod
2884 4026 2968 4073 est
3011 4015 3206 4084 Filius,
3251 4017 3378 4087 quia

1777 4121 1829 4168 et
1863 4111 2036 4166 Filius
2064 4110 2134 4166 de
2157 4125 2222 4166 eo
2253 4109 2398 4181 quod
2431 4109 2595 4165 Pater
2622 4119 2725 4165 est.

1853 4203 2062 4262 Exinde
2106 4205 2381 4276 praefinito
2424 4214 2668 4276 tempore
2709 4205 2991 4272 venturus,
3038 4206 3192 4263 vivos
3233 4211 3380 4263 ιιιστ-

1780 4309 2012 4370 tuosque
2046 4295 2418 4369 iudicaturus;
2446 4303 2503 4353 ut
2526 4296 2722 4353 reddat
2750 4295 3110 4356 credentibus
3135 4299 3378 4372 praemia,

1780 4407 1886 4450 non
1910 4390 2260 4449 credentibus
2289 4405 2418 4447 vero
2441 4391 2727 4463 supplicia.

1848 4483 2018 4552 Cujus
2047 4493 2274 4556 regnum
2305 4492 2596 4553 :etcrnum‘,
2631 4483 2967 4553 immortale;
3018 4499 3121 4543 nec
3160 4479 3376 4543 initium

1779 4578 1966 4647 habet,
1999 4591 2102 4635 nec
2134 4577 2426 4634 terminum
2454 4596 2466 4632 :
2499 4579 2585 4633 cui
2614 4584 2696 4634 est
2721 4577 2899 4634 honor
2924 4585 2981 4636 et
3004 4576 3176 4651 gloria
3200 4579 3252 4636 in
3281 4585 3386 4637 sata

89 4672 308 4727 nascitur
325 4675 390 4727 de
416 4691 596 4742 carne,
629 4687 749 4728 caro
779 4688 854 4729 est
883 4691 902 4730 :
939 4681 984 4730 et
1013 4676 1154 4746 quod
1191 4677 1426 4732 nascitur
1457 4678 1520 4732 de
1561 4677 1669 4748 spi-
1697 4661 1751 4722 D
1777 4672 1898 4728 cuia
1928 4671 2278 4727 smculorum.

87 4761 206 4830 ritu,
247 4765 463 4835 spiritus
509 4773 582 4821 est
627 4767 807 4839 (Joaa.
841 4767 1035 4839 ttt’.6);
1088 4773 1208 4840 quia
1265 4771 1405 4825 Deus
1449 4771 1673 4841 spiritus

87 4863 182 4921 est,
208 4858 356 4913 etde
383 4859 494 4915 Deo
523 4867 684 4915 natus
715 4861 816 4916 est.
866 4861 1016 4917 Sicut
1058 4871 1112 4917 et
1156 4862 1396 4933 Angelus
1441 4865 1507 4918 ad
1563 4863 1674 4920 Ma-

89 4947 213 5002 riam
235 4949 517 5022 Virginem
563 4953 698 5008 dixit
739 4969 752 5007 :
798 4953 1028 5025 Spiritus
1076 4953 1173 5010 Dei
1203 4957 1364 5010 veniet
1405 4957 1459 5011 in
1509 4967 1577 5022 te,
1629 4965 1676 5013 et

87 5040 236 5098 virtus
265 5043 518 5100 ditissimi
551 5047 870 5101 obumbrabit
902 5057 967 5100 te.
1008 5047 1291 5117 Propterea
1317 5049 1456 5119 quod
1491 5063 1672 5106 nasce-

87 5141 164 5186 tur
187 5151 248 5192 η
277 5147 325 5192 te
350 5149 612 5207 sanctum,
644 5142 910 5195 vocabitur
944 5139 1114 5196 Filius
1146 5141 1242 5196 Dei
1264 5141 1414 5212 (Luc.
1445 5155 1483 5207 t,
1509 5143 1624 5214 55).

157 5228 315 5287 Vides
340 5247 472 5303 ergo
495 5235 672 5302 ipsum
706 5234 996 5306 Spiritum,
1024 5235 1075 5290 id
1106 5243 1212 5300 est,
1233 5235 1428 5290 Filium
1461 5235 1556 5291 Dei
1583 5251 1675 5292 ve-

90 5322 226 5379 nisse
265 5326 332 5379 ad
375 5326 682 5399 Virginem;
722 5340 775 5385 et
807 5329 934 5384 inde
974 5329 1069 5384 Dei
1105 5337 1158 5384 et
1205 5329 1440 5385 hominis
1481 5329 1673 5386 Filium

153 5480 340 5560 “__Ve_t.
386 5484 517 5541 edit.
562 5494 617 5543 et
645 5503 749 5544 ms.
774 5487 944 5554 Tell.,
984 5488 1057 5543 ita
1089 5491 1334 5560 ntajrstas
1362 5489 1546 5560 ejus...
1579 5486 1664 5540 in-

87 5558 161 5631 tra
186 5553 238 5606 id
264 5555 447 5631 visum,
466 5568 597 5612 esset
639 5576 657 5614 :
685 5561 858 5631 magis
884 5553 1352 5631 concinne'Vigii.
1383 5553 1512 5631 edit.
1546 5567 1670 5613 cum

88 5620 216 5705 _L:rt.
258 5630 511 5705 ms.,_it_a_
550 5620 834 5704 majestatis
876 5635 1060 5705 ejus...
1094 5633 1231 5685 intra
1260 5620 1325 5683 id
1357 5629 1525 5705 uisum
1557 5639 1670 5697 est,

90 5690 186 5747 hoc
205 5708 308 5762 est,
332 5690 436 5754 sub
460 5701 544 5756 his
573 5690 978 5758 cdnditionilius
1009 5705 1146 5757 visio
1170 5701 1508 5757 conceditur.

155 5763 181 5804 δ
218 5766 346 5842 Giil.
376 5775 433 5826 et
463 5773 617 5828 itum.
643 5775 806 5839 edit.,
833 5775 970 5828 idem
991 5773 1230 5828 Christus
1257 5773 1438 5842 ﬁeret;
1466 5773 1587 5828 alite
1617 5785 1679 5828 ac

92 5850 241 5915 mea,
287 5841 426 5915 idem
442 5845 655 5914 spiritus
689 5847 852 5915 ﬁeret.
894 5846 1110 5902 Minime
1141 5841 1496 5914 tnaie;supra
1533 5845 1679 5899 enim

94 5909 347 5984 scriptum
377 5909 624 5988 legimus,
657 5909 711 5974 ut
733 5919 972 5992 spiritum
998 5920 1050 5972 in
1079 5927 1284 5974 carnem
1304 5909 1552 5972 mutaret.

1848 4764 2247 4822 coucwsw.
2287 4791 2359 4805 -
2388 4762 2512 4818 llaec
2544 4763 2636 4835 qui
2680 4763 2834 4836 legis,
2879 4776 2980 4836 per
3007 4763 3179 4822 Deum
3219 4765 3383 4822 obses

1777 4874 1892 4924 cro,
1919 4873 1986 4915 ne
2013 4858 2419 4928 simplicitatem
2444 4861 2637 4912 sensus
2664 4857 2716 4911 in
2749 4857 3062 4930 ambiguum
3097 4865 3377 4929 torqueas,

1778 4958 1868 5005 aut
1893 4950 2029 5004 alias
2055 4964 2215 5020 quam
2253 4947 2396 5003 dicta
2428 4956 2578 5015 sunt,
2609 4949 2826 5015 trahas;
2854 4951 2978 5022 quia
3017 4955 3118 5006 nos
3159 4951 3378 5007 Patrem

1778 5061 1968 5101 verum
1993 5043 2208 5100 Patrem
2233 5042 2581 5109 eonfltemur,
2611 5053 2663 5100 et
2697 5041 2892 5100 Filium
2942 5043 3034 5099 Dei
3063 5059 3249 5100 verum
3289 5039 3378 5099 Fi-

1781 5139 1912 5195 lium
1949 5138 2066 5203 Dei,
2111 5150 2164 5193 et
2196 5136 2461 5206 Spiritum
2497 5147 2744 5194 sanctum
2788 5149 2917 5194 vere
2951 5137 3210 5208 Spiritum
3256 5141 3381 5193 sau-

1781 5239 1928 5287 cium
1971 5230 2246 5287 credimus
2279 5247 2292 5284 :
2328 5241 2438 5287 tres
2470 5238 2733 5301 Personas
2762 5231 2921 5286 unius
2943 5217 3288 5298 substantiae,
3327 5232 3382 5287 ἐι

1783 5330 1943 5384 unius
1968 5327 2266 5383 divinitatis
2296 5325 2636 5383 confitentes.
2663 5325 2867 5383 Sabelli
2891 5333 3097 5393 autem,
3141 5335 3196 5380 et
3233 5324 3380 5383 Pho-

1852 5495 1872 5558 ε
1915 5485 2080 5558 vigil.
2103 5485 2259 5558 edit.,
2293 5484 2614 5540 divinitatem
2634 5486 2689 5538 in
2711 5484 2826 5548 illo,
2849 5488 2957 5539 etc.

1850 5557 1876 5595 ‘
1917 5555 2107 5613 Ambr.
2153 5557 2286 5613 edit.
2327 5569 2389 5612 ac
2421 5569 2581 5621 tnss.,
2631 5567 2747 5610 cum
2791 5567 2950 5626 usque
2993 5555 3062 5609 ad
3109 5559 3313 5613 nostros
3359 5569 3378 5614 ι

1780 5630 1942 5698 Vigil.
1990 5629 2123 5684 edit.
2171 5631 2515 5700 negationem
2557 5627 2765 5698 adjicit,
2810 5633 2973 5699 quam
3011 5627 3233 5698 quidem
3278 5629 3385 5688 Illic

1787 5702 2099 5759 necessario
2123 5698 2316 5756 sensus
2347 5698 2534 5769 exigit.

1862 5777 1886 5810 ⁸
1930 5773 2088 5840 Vigil.
2121 5773 2280 5844 edit.,
2311 5772 2383 5824 ita
2414 5781 2458 5825 et
2485 5771 2731 5844 majestas
2768 5771 2860 5826 ttta
2907 5771 3105 5838 divina,
3138 5776 3275 5844 qua,
3317 5779 3376 5828 tit

1787 5845 1919 5913 dixi,
1951 5861 2138 5916 corpus
2177 5843 2434 5910 induerat,
2472 5842 2650 5914 probat
2682 5855 2734 5898 se
2763 5857 2865 5898 non
2902 5849 3018 5914 suo,
3047 5842 3154 5902 etc.
