3970 6316
561 334 668 392 567
1581 327 1677 385 AD
1714 325 1954 384 OPERA
1993 321 2247 383 SANCTI
2283 319 2613 379 AMBROSI]
2654 318 3030 380 APPENDIX.
3705 323 3777 382 568

558 451 684 516 tini,
720 463 825 506 nec
847 463 955 505 non
980 447 1098 504 Arii
1125 454 1355 511 sectam,
1387 452 1446 500 et
1474 442 1520 499 si
1552 456 1658 513 qua
1699 441 1805 496 alia
1846 448 1996 506 sunt,
2044 451 2165 510 qua:
2195 438 2248 499 Α
2273 445 2384 492 tota
2414 434 2522 491 ﬁde
2545 444 2852 503 servantes,
2875 434 3293 506 amplectimur;
3318 433 3457 489 hunc
3484 432 3611 489 enim
3637 442 3779 492 tracta-

560 552 752 600 contra
798 541 1039 612 regulam
1093 539 1339 595 veritatis
1392 536 1660 603 veniunt,
1710 532 2161 591 condemnamus.
2275 539 2391 586 tum
2433 528 2636 586 scimus
2674 539 2864 586 contra
2903 543 3093 584 omnes
3140 527 3377 589 haereses
3402 526 3588 583 invicta
3614 529 3781 587 veritate

558 633 798 691 Nicmna:
825 641 1008 689 autem
1038 629 1234 704 synodi
1257 638 1548 686 tractatum
1576 627 1726 684 omni
1755 627 1920 682 animi
1952 625 2077 682 nisu
2099 641 2169 682 ex
2274 626 2606 698 oppositum.

718 882 828 956 IN
902 881 1460 957 LIBELLUM
1537 884 1678 956 DE
1753 883 2168 956 DIGNIT.
2245 882 3011 957 SACERDOTALI
3092 881 3688 958 ADMONITIO.

627 1130 746 1188 Non
779 1133 1006 1188 omnino
1032 1135 1408 1204 perfunctorie
1447 1132 1588 1190 banc
1617 1133 1849 1205 opellam
1880 1133 2193 1206 dispicienti
2221 1135 2535 1207 ambiguum
2567 1151 2674 1192 non
2706 1135 2809 1192 crit
2833 1151 2952 1192 eam
2985 1144 3176 1192 sancto
3204 1135 3496 1191 Ambrosio
3533 1132 3788 1204 suppositam

561 1227 766 1293 fuisse;
803 1228 966 1301 idque
1004 1246 1111 1286 non
1154 1231 1330 1287 solum
1369 1230 1512 1301 quod
1546 1229 1742 1285 habeat
1775 1230 2084 1285 versionem
2119 1228 2434 1302 llieronymi
2456 1273 2470 1296 ,
2503 1238 2558 1286 et
2592 1242 2876 1286 senatores
2907 1230 3216 1284 nascendos
3249 1245 3354 1285 non
3399 1228 3506 1282 lato
3533 1226 3702 1290 clavo,
3731 1227 3790 1278 sed

553 1320 843 1393 chlamyde
865 1332 1108 1388 asserat,
1145 1331 1203 1378 ut
1227 1325 1484 1379 observat
1513 1321 1826 1378 Bloudellus
1849 1319 1962 1395 (De
1991 1320 2171 1376 Form.
2197 1320 2364 1392 Regn.
2389 1319 2514 1377 Chr.
2538 1339 2660 1393 cap.
2684 1321 2739 1392 7)
2772 1331 2860 1376 :at
2891 1321 3061 1376 multo
3081 1321 3255 1392 magis
3282 1317 3426 1390 quod
3447 1315 3572 1372 nihil
3593 1315 3793 1371 contineat

553 1417 625 1472 ab
652 1417 928 1473 Ambrosii
953 1429 1006 1474 et
1032 1419 1250 1490 ingenio
1279 1428 1334 1474 et
1357 1418 1558 1474 saeculo
1581 1433 1688 1473 non
1715 1417 1975 1471 alienum.
2013 1415 2401 1471 Verumtamen
2434 1416 2486 1470 in
2541 1414 2798 1470 omnibus
2825 1413 3059 1485 Operam
3083 1413 3258 1469 sancti
3284 1411 3529 1466 Doctoris
3548 1409 3795 1464 editionibus

561 1512 710 1568 idem
741 1513 956 1569 libellus
989 1514 1168 1568 locum
1195 1513 1459 1580 obtinuit;
1492 1520 1548 1568 et
1573 1512 1626 1566 in
1657 1511 1875 1582 scriptis
1905 1509 2069 1566 etiam
2099 1508 2408 1575 codicibus,
2451 1508 2498 1561 si
2529 1523 2691 1562 unum
2723 1507 3004 1578 exceperis
3033 1551 3048 1574 ,
3085 1507 3317 1578 praafixo
3360 1503 3618 1558 Ambrosii
3643 1503 3795 1557 nomine

556 1602 889 1660 illustratur.
918 1602 1056 1659 Cum
1086 1619 1218 1660 vero
1261 1614 1444 1660 tantus
1470 1605 1542 1659 sit
1562 1619 1751 1659 eorum
1783 1617 2086 1658 consensus
2117 1602 2168 1656 iu
2203 1611 2426 1657 auclore
2451 1599 2952 1672 pseudi—pigrapho,
2987 1599 3182 1654 mirum
3214 1607 3299 1654 est
3325 1605 3529 1669 quanta
3558 1596 3618 1651 sit
3643 1610 3796 1650 eorum-

559 1691 686 1749 dem
716 1694 769 1749 in
800 1694 1092 1750 indicando
1132 1695 1325 1765 Operis
1365 1704 1691 1766 argumento
1717 1693 1970 1750 varietas.
2008 1693 2224 1749 Etenim
2252 1709 2374 1748 cum
2409 1703 2516 1748 tam
2549 1692 2866 1764 frequentes
2895 1701 3189 1749 occurrant
3226 1691 3278 1746 in
3323 1687 3746 1756 bibliothecis,ut
3766 1690 3797 1742 in

560 1791 678 1848 sola
711 1789 968 1846 Vaticana
1001 1791 1410 1860 quatuordecim
1439 1791 1686 1847 invenire
1717 1790 1818 1856 sit;
1854 1789 1968 1844 fere
2011 1787 2234 1844 totidem
2277 1788 2394 1859 ejus
2426 1788 2681 1859 leguntur
2712 1788 3130 1859 inscriptiones,
3163 1795 3296 1858 quot
3325 1785 3678 1855 manuscripti.
3705 1785 3798 1839 Alibi

559 1882 764 1954 quippe
792 1882 977 1937 titulus
1018 1881 1102 1937 illi
1133 1881 1457 1953 prodigitur,
1496 1881 1647 1936 Liber
1681 1879 2006 1946 Pastoralis,
2032 1880 2146 1934 sive
2174 1879 2253 1934 De
2273 1877 2414 1935 Cura
2451 1877 2716 1934 Pastorali
2740 1896 2760 1944 ;
2787 1879 2946 1946 alibi,
2979 1878 3059 1934 De
3083 1877 3423 1933 Obseruantia
3457 1875 3797 1949 EpiscOporm:

563 1973 729 2027 modo
748 2015 762 2039 ,
791 1971 856 2027 de
897 1971 1012 2027 Vita
1038 1983 1085 2028 et
1115 1973 1460 2028 Ordinatione
1482 1971 1870 2042 Episcoporum
1890 2011 1903 2035 ,
1943 1981 1990 2026 et
2011 1971 2298 2025 simoniaca
2327 1970 2517 2025 lucresi
2534 1987 2554 2036 ;
2587 1970 2749 2026 modo
2791 1970 2973 2026 Sermo
3003 1970 3068 2025 de
3100 1969 3380 2042 Episcopis
3409 1981 3455 2024 ct
3494 1969 3799 2025 Sacerdotibus.

565 2059 647 2116 De
669 2064 920 2133 Apostolo
948 2065 999 2118 in
1029 2063 1140 2118 loco
1165 2105 1179 2128 ,
1211 2063 1299 2117 ubi
1325 2064 1399 2118 ait
1430 2080 1448 2118 :
1480 2059 1683 2117 Fidelis
1705 2078 1871 2117 sermo
1896 2103 1910 2126 ,
1943 2072 2069 2128 etc.;
2099 2077 2546 2130 nonnumquam,
2590 2063 2773 2117 Sermo
2813 2063 2876 2116 de
2901 2062 3228 2136 pastoribus;
3263 2062 3538 2118 interdum
3558 2103 3571 2128 ,
3604 2060 3748 2118 Sermo
3763 2063 3800 2114 de

564 2153 834 2226 Mysteriis
857 2173 875 2222 ;
905 2155 1103 2212 alicubi
1124 2157 1287 2211 etiam
1312 2199 1325 2221 ,
1356 2155 1435 2211 De
1467 2154 1809 2210 Ordinatione
1838 2153 2090 2228 Episcopi
2113 2172 2204 2224 per
2225 2155 2520 2211 simoniam.
2555 2155 2662 2212 Sed
2691 2156 2759 2210 ab
2789 2155 2914 2210 aliis
2941 2157 3111 2211 codex
3145 2155 3412 2212 Ecclesia:
3435 2156 3597 2210 sancti
3615 2155 3802 2210 Martialis

565 2247 708 2316 apud
739 2247 1056 2304 Lemovices
1089 2248 1269 2303 minus
1298 2249 1367 2306 ab
1406 2246 1530 2302 aliis
1561 2246 1770 2303 recedit
1801 2247 2075 2311 materiae,
2123 2261 2284 2317 quam
2317 2247 2572 2302 Auctoris
2611 2245 3044 2318 significatione;
3081 2247 3161 2303 sic
3207 2248 3355 2303 enim
3397 2246 3610 2320 przcl'ert
3636 2265 3648 2301 :
3676 2245 3801 2302 Semo

566 2338 784 2396 Gilbcrti
822 2339 1168 2411 ΡΙιὶΙοδορΙιί,
1206 2340 1372 2410 Papa:
1409 2341 1556 2396 urbis
1586 2340 1798 2405 Romae,
1832 2341 1922 2409 qui
1947 2341 2343 2411 aaguominatus
2369 2348 2444 2394 est
2473 2339 2755 2405 Silvester,
2783 2339 2847 2394 de
2886 2338 3268 2409 lnformatione
3299 2340 3679 2414 Episcoporum.
3706 2339 3805 2395 Hunc

562 2435 809 2492 libellum
842 2452 912 2493 ex
944 2438 1137 2493 eodem
1167 2437 1358 2494 codice
1389 2435 1722 2506 exscriptum
1767 2435 2119 2491 Mabillonius
2152 2443 2338 2490 noster
2374 2450 2471 2505 pro
2500 2450 2756 2490 sermone
2786 2435 3028 2490 nondum
3067 2435 3320 2507 vulgato,
3368 2452 3427 2491 xl
3481 2447 3620 2507 parte
3646 2435 3806 2491 Analec-

483 2558 489 2565 -
561 2542 743 2587 torum
794 2533 882 2589 edi
928 2534 1174 2599 curavit,
1211 2532 1355 2588 haud
1402 2531 1568 2588 dubie
1605 2547 1743 2586 nova
1785 2530 1874 2584 illa
1913 2529 2176 2600 deceptus
2207 2529 2587 2600 inscriptione.
2623 2528 3009 2585 Verumtamen
3049 2530 3102 2585 in
3143 2529 3247 2585 hoc
3274 2529 3424 2586 bene
3462 2530 3669 2585 meritus
3688 2540 3749 2584 est
3766 2529 3808 2581 de:

565 2625 832 2694 eruditis,
865 2627 1010 2696 quod
1052 2627 1260 2697 primus
1287 2625 1440 2680 illum
1471 2626 1574 2679 sub
1602 2624 1843 2680 auctoris
1876 2621 2034 2692 hujus
2069 2622 2289 2677 nomine
2313 2622 2366 2675 in
2403 2623 2577 2677 lucem
2610 2621 2775 2678 misit.
2810 2623 3005 2678 Omnia
3036 2622 3280 2693 profecto
3304 2635 3360 2680 et
3387 2638 3628 2695 personae
3652 2631 3695 2680 et
3718 2635 3808 2677 tem-

567 2720 688 2792 pori
717 2721 850 2775 satis
885 2731 1191 2792 congruunt
1215 2719 1369 2791 (Cap.
1397 2720 1423 2773 l
1446 2719 1568 2787 ,sub
1591 2720 1746 2790 ﬁnem
1776 2720 1818 2793 ).
1848 2720 2152 2791 Episcopus
2180 2719 2327 2776 enim
2369 2720 2578 2776 ordinis
2611 2721 2692 2776 sui
2724 2722 2871 2777 viros
2898 2722 2970 2777 ibi
2994 2722 3310 2794 alloquitur,
3344 2723 3598 2792 idemque
3623 2722 3808 2778 saeculum

564 2815 692 2871 labe
718 2813 1018 2871 simoniaca
1048 2813 1287 2869 maxime
1333 2812 1610 2868 laborasse
1653 2813 2001 2884 exploratum
2034 2822 2136 2867 est.
2178 2812 2249 2866 At
2279 2811 2636 2867 nihilominus
2665 2827 2789 2868 cum
2830 2813 3229 2884 manuscriptus
3259 2813 3352 2870 ille
3387 2814 3462 2868 ab
3489 2812 3602 2869 aliis
3627 2811 3809 2867 omnibus

571 2928 679 2966 non
706 2911 758 2966 in
793 2926 959 2967 sensu
991 2911 1209 2981 quidem
1229 2953 1243 2977 ,
1275 2910 1370 2966 sed
1400 2918 1583 2966 tamen
1611 2911 1662 2964 in
1699 2911 2009 2967 elocutione
2051 2920 2316 2981 perpetuo
2349 2909 2648 2978 dissideat,
2679 2911 2922 2968 revocari
2950 2919 3128 2980 potest
3157 2910 3208 2963 in
3252 2907 3484 2964 dubium
3511 2922 3715 2964 verusne
3735 2907 3810 2976 ejus

569 3015 763 3062 auctor
797 3006 985 3062 haberi
1013 3006 1209 3063 debeat
1241 3009 1382 3064 idem
1413 3008 1700 3076 Silvester,
1725 3025 1792 3063 an
1823 3008 2023 3080 aliquis
2053 3007 2440 3079 interpolator:
2475 3008 2620 3080 quod
2652 3022 2754 3063 nos
2793 3013 3058 3063 lectorum
3099 3005 3306 3078 judicio
3336 3003 3687 3062 deﬁniendum
3727 3017 3808 3074 per-

573 3100 860 3156 mittimus.
891 3099 1061 3156 Porro
1079 3116 1143 3156 ex
1167 3101 1333 3158 variis
1358 3101 1463 3158 illis
1484 3102 1732 3158 codicum
1756 3118 1915 3157 manu
1938 3114 2285 3158 exaratorum
2312 3102 2482 3158 titulis
2509 3101 2724 3158 abunde
2750 3101 3095 3172 cognoscitur
3118 3100 3227 3156 duo
3243 3101 3473 3156 tractari
3492 3100 3591 3156 hoc
3615 3101 3660 3154 in
3672 3097 3808 3164 Opere,

569 3193 783 3250 scilicet
823 3191 989 3264 (Cap.
1021 3193 1078 3261 2,
1112 3196 1146 3251 5
1173 3205 1218 3248 et
1247 3197 1309 3264 4)
1365 3195 1728 3266 episcopalem
1756 3196 2027 3253 declarari
2059 3195 2496 3268 amplificarique
2535 3195 2882 3267 dignitatem,
2928 3194 3172 3269 et(Cap.
3231 3195 3283 3250 5.
3353 3206 3404 3250 et
3453 3193 3594 3266 seq.)
3634 3194 3809 3248 simonia

573 3288 783 3345 crimen
853 3289 1050 3344 acriter
1106 3283 1428 3360 impugnari.
1460 3289 1595 3346 Cum
1651 3307 1780 3346 vero
1829 3291 1970 3347 idem
2011 3299 2274 3347 tractatus
2305 3292 2356 3346 iu
2391 3291 2706 3346 memoratis
2733 3290 3011 3346 codicibus
3040 3290 3235 3360 partim
3264 3290 3560 3357 sermonis,
3591 3287 3744 3359 partim
3773 3287 3811 3338 li-

577 3378 708 3435 belli
739 3377 958 3434 nomine
986 3378 1293 3436 inveniatur
1322 3381 1650 3450 inscriptus,
1687 3383 1740 3437 in
1791 3386 2221 3440 controversiam
2265 3383 2404 3439 forte
2453 3383 2662 3440 venerit
2709 3391 2890 3439 utrum
2935 3382 3261 3439 vocabulum
3310 3385 3486 3455 magis
3537 3391 3648 3454 apte
3689 3379 3809 3435 eidem

575 3470 892 3527 conveniat.
923 3470 1223 3526 Fatendum
1270 3471 1488 3542 quidem
1521 3482 1605 3527 est
1642 3473 1695 3528 in
1723 3473 1895 3544 priori
1926 3485 2077 3544 parte
2107 3473 2250 3530 haud
2280 3491 2446 3545 pauca
2484 3490 2606 3531 esse
2630 3517 2645 3543 ,
2675 3491 2794 3546 quae
2835 3475 3108 3530 sermonis
3149 3475 3392 3544 speciem
3439 3476 3569 3531 satis
3604 3472 3809 3533 referant;

573 3565 670 3622 sed
698 3581 821 3622 cum
844 3565 945 3621 sub
976 3566 1138 3622 finem
1167 3577 1357 3638 aperte
1381 3566 1687 3624 nominetur
1710 3567 1930 3624 libellus
1955 3611 1969 3636 ,
2006 3569 2185 3640 ipsum
2211 3571 2354 3626 inter
2384 3570 2598 3627 libellos
2621 3571 2736 3626 sive
2765 3578 3029 3626 tractatus
3058 3569 3318 3627 exhibere
3345 3571 3521 3626 satius
3540 3568 3766 3625 duximus.

713 3825 984 3969 DE
1081 3824 2187 3972 DIGNI-TATE
2285 3824 3724 3977 SACERDOTALL

583 3705 3800 3732 W

650 4165 813 4239 357
854 4163 1081 4224 CAPUT
1130 4166 1423 4224 PRIMUM.
1463 4197 1536 4209 —
1579 4168 1638 4225 Si
1682 4169 1838 4240 quis,
1874 4177 1899 4205 ἰ
1950 4169 2180 4234 fratres,
2213 4179 2261 4238 B
2287 4169 2525 4239 seipsam
2560 4169 2675 4225 suis
2711 4170 2890 4241 pomis
2951 4179 3210 4238 ornatur,
3253 4180 3309 4228 et
3348 4187 3543 4229 omnes
3572 4171 3656 4242 qui
3685 4182 3736 4226 ex
3771 4179 3811 4219 et

579 4260 860 4316 oraculum
897 4260 1282 4316 reminiscatur
1307 4275 1415 4332 quo
1453 4261 1714 4318 Dominus
1752 4261 1890 4327 frugi
1921 4262 2185 4318 famulum
2286 4261 2523 4318 fructum
2573 4262 2952 4333 perceperint,
2985 4264 3340 4335 saginantur,
3382 4265 3543 4322 beato
3577 4279 3665 4320 nos
3696 4263 3808 4317 etiam

583 4351 654 4408 de
696 4360 910 4407 servata
959 4352 1065 4408 sibi
1118 4355 1348 4423 pecunia
1373 4396 1388 4422 ,
1436 4370 1596 4425 quam
1651 4355 1720 4410 ad
1765 4354 2186 4428 praerogandum
2288 4353 2559 4427 Apostolo
2589 4356 2655 4412 ad
2689 4359 2804 4414 haec
2843 4357 3033 4414 eadem
3079 4359 3392 4415 invitante:
3430 4359 3605 4416 Nolite
3633 4368 3812 4430 querere

581 4453 940 4516 susceperat,
977 4445 1283 4517 increpavit
1309 4447 1498 4503 dicens
1543 4447 1611 4501 εὶ»
1649 4446 1732 4503 Tu
1768 4448 1996 4504 dedisses
2031 4465 2188 4520 pecu-
2290 4467 2412 4523 quzo
2437 4462 2619 4508 vestra
2660 4462 2818 4522 sunt,
2858 4452 2955 4509 sed
2985 4469 3106 4525 qua:
3145 4454 3380 4511 aliorum
3414 4453 3585 4529 (Phil.
3616 4469 3668 4520 ιι,
3690 4449 3749 4521 ι).
3771 4446 3813 4502 Et

581 4539 727 4593 niam
740 4554 941 4606 meam,
974 4548 1023 4594 et
1053 4556 1146 4611 ego
1176 4541 1382 4596 veniens
1407 4557 1527 4596 cum
1565 4543 1741 4597 usuris
1771 4543 2052 4614 exegissem
2071 4561 2186 4600 eam
2288 4543 2414 4599 alibi
2446 4561 2460 4597 :
2489 4542 2610 4599 Non
2637 4561 2815 4616 quaero
2840 4546 2980 4615 quod
3007 4547 3134 4600 mihi
3152 4547 3280 4602 utile
3305 4555 3382 4602 est
3403 4588 3421 4614 ,
3450 4547 3540 4602 sed
3568 4543 3691 4617 quod
3719 4541 3805 4596 ιιιιί-

586 4632 742 4704 (Luc.
774 4649 888 4698 xix,
919 4633 1038 4706 25);
1065 4649 1172 4691 non
1199 4634 1312 4707 jam
1339 4635 1549 4693 otiosus
1566 4637 1784 4693 auditor
1804 4638 2061 4694 collatam
2081 4638 2185 4695 sibi
2290 4639 2354 4692 tis
2379 4678 2395 4703 ,
2439 4646 2494 4691 ut
2521 4637 2651 4692 salvi
2693 4639 2825 4709 ﬁant
2855 4639 2902 4711 (Ι
2935 4637 3057 4694 Cor.
3091 4655 3145 4705 κ,
3173 4639 3292 4712 53).
3328 4639 3535 4696 Idcirco
3563 4653 3655 4694 nos
3676 4633 3813 4707 quibus

582 4726 754 4784 divini
782 4726 1026 4784 muneris
1064 4729 1298 4801 gratiam
1325 4731 1441 4787 suis
1472 4740 1681 4788 tantum
1714 4732 1904 4789 usibus
1928 4748 2180 4790 reserva-
2293 4733 2346 4789 in
2378 4733 2563 4789 verbis
2589 4733 2796 4789 divinis
2827 4733 3035 4790 credita
3067 4743 3153 4790 est
3180 4734 3548 4806 diSpensatio,
3569 4741 3623 4789 et
3643 4731 3814 4802 quis»

582 4819 663 4877 bit
689 4839 702 4874 :
730 4820 826 4877 sed
849 4821 1064 4877 cunctis
1089 4837 1208 4878 eam
1230 4823 1740 4880 communicabllem
1769 4824 1972 4881 faciens
2000 4825 2185 4895 copio-
2287 4843 2407 4899 gem
2438 4827 2638 4883 Christi
2671 4828 2927 4885 alendum
2956 4828 3421 4902 nutriendumque
3451 4817 3811 4898 suscepimus.‘

581 4911 698 4968 sius
740 4914 1140 4982 praerogando,
1190 4927 1416 4969 securus
1458 4915 1789 4985 possidebit;
1842 4927 1902 4970 ut
1948 4917 2047 4972 sibi
2089 4932 2186 4986 per
2289 4936 2395 4977 non
2427 4922 2548 4977 sine
2577 4924 2784 4994 ingenti
2816 4924 3057 4995 periculo
3084 4939 3286 4981 noxam
3324 4941 3426 4982 nos
3456 4923 3708 4982 credimus
3725 4929 3812 4974 en-

585 5005 704 5062 llth
729 5015 786 5061 et
817 5003 1068 5075 plurimis
1101 5005 1477 5062 aediticationis
1515 5006 1770 5063 exhibeat
1809 5008 2043 5064 fructum
2065 5050 2079 5074 ,
2131 5019 2186 5064 et
2287 5029 2483 5082 suros,
2513 5015 2560 5072 si
2589 5031 2696 5071 non
2725 5017 3026 5074 secundum
3056 5017 3203 5074 hunc
3235 5020 3453 5075 modum
3482 5019 3812 5079 vivamus,sut

582 5099 735 5155 velut
759 5100 956 5156 decora
987 5101 1152 5156 arbor
1178 5101 1359 5173 pomis
1393 5101 1595 5157 referta
1633 5112 1655 5141 ο
1701 5117 1809 5157 non
1850 5101 2184 5159 infructuose
2286 5109 2452 5164 etiam
2482 5109 2529 5166 si
2555 5109 2779 5166 minime
2803 5112 3185 5183 praedicemus.
3215 5113 3282 5168 Et
3311 5113 3437 5169 licet
3460 5112 3526 5168 ad
3551 5111 3657 5166 haec
3675 5103 3814 5180 pridi-

583 5194 843 5263 probetur
888 5209 1166 5268 occupare
1198 5204 1438 5264 terram,
1480 5195 1608 5250 dum
1642 5195 1807 5262 vivit,
1839 5207 2049 5253 cumet
2088 5213 2186 5269 per
2286 5201 2459 5258 cauda
2501 5218 2602 5260 nos
2645 5204 2886 5261 retardet
2923 5205 3048 5260 vitae
3081 5203 3242 5276 hujus
3286 5205 3632 5278 improbitas,
3675 5197 3813 5256 invitat

656 5391 681 5417 τι
700 5379 845 5458 -Vet.
878 5380 1011 5458 edit.
1035 5381 1342 5458 etAMabill_.,
1376 5379 1436 5458 Si
1457 5379 1843 5458 quis,‘fratr_es,
1875 5381 2078 5434 oraculi
2105 5398 2185 5458 res
2211 5393 2256 5456 ρ
2290 5381 2408 5458 bi_l_l.
2441 5381 2585 5458 quod
2616 5382 2777 5438 habet
2808 5401 2821 5436 :
2857 5384 2937 5438 Tu
2963 5386 3005 5458 si
3034 5385 3332 5458 dedisses...
3368 5387 3614 5458 exigerem
3641 5395 3758 5458 earn;
3777 5381 3812 5426 ιι

583 5449 1256 5527 miniscatur_Domirzi,quo
1278 5451 1419 5527 frugi
1449 5451 1703 5527 famulum
1733 5450 1802 5527 de
1827 5460 2093 5507 servata...
2116 5456 2184 5508 ad
2219 5449 2256 5456 “
2289 5454 2420 5509 odit.
2449 5453 2631 5522 Rom.,
2657 5471 2814 5525 quare
2842 5472 2942 5511 non
2967 5457 3156 5512 dedisti
3187 5449 3628 5527 pecuniam'mcam
3644 5453 3702 5507 ad
3717 5463 3812 5503 ntel-

585 5521 983 5592 prterogandum
1005 5542 1026 5590 ;
1056 5521 1217 5578 Rom.
1249 5521 1479 5585 edit..."
1503 5537 1604 5590 quo
1635 5522 1891 5592 famulam
1917 5539 2179 5592 nequam"
2288 5543 2419 5590 sam,
2443 5539 2551 5581 etc.

586 5591 1002 5673 (td-erogandum
1034 5610 1052 5649 .'
1085 5608 1217 5673 mss.
1252 5606 1433 5673 autem
1469 5591 1688 5663 plurimi
1719 5600 1888 5673 ειᾌνοιἶ
1911 5595 2046 5673 edit.
2078 5597 2182 5652 hoc
2365 5609 2401 5673 C_
2427 5597 2543 5652 Non
2569 5598 2723 5668 pauci
2751 5613 2908 5668 mss.,
2937 5601 3262 5672 infructuosa
3288 5605 3554 5673 probatur;
3585 5610 3721 5660 unus,
3745 5607 3810 5644 η-

586 5660 998 5742 solum‘distant
1020 5668 1160 5742 quod
1190 5660 1704 5742 omittuut'vocetn,
1737 5663 1945 5718 Domini
1965 5675 2061 5742 _,__ct
2087 5682 2180 5722 eo-
2285 5660 2585 5742 probatur.-
2895 5660 2906 5668 ⁷
2995 5660 3006 5672 ’
3288 5660 3300 5673 ”
3537 5660 3547 5668 ’
3720 5736 3728 5742 Δ
3781 5709 3803 5742 μ

586 5747 706 5816 rum
740 5730 946 5816 aliquot
966 5730 1072 5790 non
1101 5740 1288 5816 fratres
1307 5777 1322 5802 ,
1355 5735 1452 5794 sed
1481 5739 1641 5808 frater
1669 5730 1856 5808 legunt
1885 5753 1898 5790 :
1928 5737 2019 5792 alii
2049 5753 2178 5794 vero
2285 5730 2296 5738 ’
2354 5737 2380 5774 ά
2425 5739 2539 5795 Vet.
2575 5752 2629 5795 et
2651 5756 2792 5816 mss.
2820 5744 3068 5816 aliquot,
3099 5762 3201 5800 non
3247 5746 3358 5801 sine
3397 5745 3608 5816 ingentis
3637 5730 3802 5816 perita“

583 5803 766 5889 loc‘um
796 5803 1132 5889 restituur‘it,
1163 5817 1224 5862 ut
1253 5808 1308 5876 in
1337 5803 1674 5889 contextu-“1,.
1728 5803 1750 5808 ⁷
1926 5847 1945 5889 ς,
1972 5879 2004 5889 __
2063 5867 2140 5889 η,

2278 5827 2414 5880 noxa
2427 5828 2448 5876 ;
2475 5815 2660 5868 cmteri
2678 5855 2693 5880 ,
2717 5815 2870 5889 utin
2897 5803 3154 5880 contextu
3169 5833 3345 5889 ;_quos
3365 5803 3525 5874 etiam
3547 5803 3686 5872 Rom.
3703 5805 3798 5866 edi!-

581 5927 596 5942 ,γ
628 5873 684 5944 νδ
725 5871 804 5928 Ita
833 5865 942 5929 vet.
993 5865 1131 5933 edit;
1166 5889 1222 5934 et
1261 5868 1390 5936 mss.
1419 5867 1448 5934 a
1478 5867 1676 5950 quibus
1717 5895 1782 5938 co
1826 5874 2032 5938 recedit
2063 5867 2176 5938 Μὰρ
2281 5865 3507 5956 secutaes'sé't’,’tisiQa'iaeEEiiniiaaEEEil
