3970 6316
162 286 269 343 569

1315 285 1406 343 DE
1448 284 1823 344 DIGNITATE
1863 285 2370 347 SACERDOTALI.

3361 291 3473 350 570

157 418 258 462 nos
290 414 486 461 tamen
510 403 760 478 pratcepti
791 404 1110 461 necessitas.
1144 405 1214 461 Et
1247 404 1460 476 vaajam
1493 403 1624 461 mihi
1656 413 1762 474 est,
1792 411 1847 474 Α
1870 408 2016 474 rius,
2049 417 2320 481 tamquam
2345 409 2391 464 si
2419 408 2625 481 plumbi
2653 409 2938 466 metallum
2961 408 3028 465 ad
3057 409 3173 466 auri
3198 407 3471 482 fulgorem
3520 434 3552 465 μ

156 501 202 556 si
227 502 462 558 minime
507 500 909 573 praedicavero,
938 499 1068 556 etsi
1097 507 1408 572 susceptum
1448 498 1760 557 thesaurum

157 593 210 648 in
241 601 396 650 terra
425 592 702 650 defossum
729 635 743 660 ,
773 591 825 648 id
846 601 933 649 est
953 634 967 660 ,
988 593 1044 648 in
1067 607 1192 650 meo
1215 593 1382 650 corde
1409 593 1500 650 diu
1522 593 1766 650 occulta-

157 703 324 752 vero,
383 699 442 745 et
473 688 748 744 lucernam
787 686 954 760 358
979 685 1148 742 divini
1191 686 1346 744 verbi
1387 702 1760 758 compressam

154 782 259 837 sub
292 781 482 838 modio
529 788 907 847 retentavero,
937 792 1126 838 etnon
1167 797 1330 854 super
1375 782 1760 840 candelabrum

157 875 843 947 propositam,cunctorum
869 875 1044 931 oculis
1062 877 1511 943 manifestavero;
1534 886 1589 932 et
1613 877 1762 931 clau-

154 981 269 1026 Stra
301 970 557 1026 humana:
583 969 870 1041 imperitia:
913 985 1012 1041 per
1038 970 1220 1026 claves
1246 970 1369 1026 illas
1407 971 1557 1042 regni
1591 968 1762 1025 caelo-

152 1078 271 1118 rum
297 1103 313 1128 ,
348 1079 490 1135 quas
533 1065 587 1118 in
621 1062 780 1118 beato
810 1062 976 1118 Petro
1020 1061 1274 1134 apostolo
1303 1062 1485 1119 cuncti
1516 1061 1763 1132 suSeepi-

153 1171 272 1212 mus
303 1154 626 1212 sacerdotes
646 1196 662 1222 ,
697 1156 922 1211 minime
952 1170 1275 1212 reseravero
1301 1173 1316 1224 ;
1348 1165 1406 1211 ut
1447 1155 1634 1212 audire
1665 1171 1762 1226 per

152 1248 271 1304 haec
310 1262 533 1304 merear
573 1263 671 1320 pro
708 1248 907 1319 lingua:
929 1263 1065 1303 mete
1112 1249 1374 1305 modulo:
1407 1247 1578 1321 Euge,
1619 1265 1763 1304 serve

151 1340 283 1395 bone
324 1349 376 1395 et
413 1339 620 1411 ﬁdelis,
666 1341 788 1410 quia
835 1344 890 1396 in
936 1359 1103 1414 pauca
1148 1343 1295 1413 fuisti
1345 1342 1554 1412 ﬁdelis,
1599 1359 1760 1412 supra

155 1439 318 1491 multa
352 1446 404 1491 te
451 1438 764 1492 constituam
792 1454 812 1492 :
839 1439 980 1493 intra
1025 1440 1077 1492 in
1134 1440 1385 1511 gaudium
1436 1435 1652 1492 Domini
1680 1439 1756 1491 tui

151 1529 356 1601 (Mum.
392 1547 525 1596 xxv,
554 1529 672 1604 22).
707 1540 733 1569 ι
764 1531 920 1588 Unde
960 1546 1160 1588 verens
1189 1533 1256 1588 iis
1299 1529 1760 1602 increpationibus

151 1632 208 1679 et
236 1625 528 1695 suppliciis
553 1625 746 1694 subdi,
775 1627 975 1682 timore
1005 1640 1178 1696 paenae
1209 1624 1496 1696 perculsus
1520 1667 1534 1691 ,
1569 1636 1760 1678 amore

151 1718 396 1776 fraterno
428 1719 710 1789 invitatus,
740 1737 846 1776 non
874 1721 985 1791 jam
1017 1721 1084 1776 ad
1109 1720 1385 1776 subditum
1417 1719 1610 1789 loquor
1635 1718 1756 1773 vul-

1867 517 2157 573 compares
2182 543 2197 569 ,
2237 503 2440 575 quippe
2466 518 2588 560 cum
2616 503 2804 560 videas
2833 519 3022 576 regum
3061 504 3200 560 colla
3222 513 3276 560 et
3321 504 3478 575 prin-

1865 595 2048 668 cipum
2077 595 2324 652 submitti
2351 597 2583 668 genibus
2621 598 2968 654 sacerdotum
2994 640 3010 665 ,
3056 606 3110 654 et
3150 600 3469 654 exosculata

1865 704 2055 746 eorum
2077 688 2266 746 dextra
2284 731 2300 758 ,
2324 689 2660 746 orationibus
2681 707 2872 747 eorum
2893 691 3120 748 credant
3138 705 3200 748 se
3223 707 3468 748 commu-

1866 785 1990 840 niri.
2026 785 2164 854 Quid
2187 785 2298 857 jam
2345 785 2413 842 de
2447 785 2656 856 plebeia
2687 785 2926 842 dixerim
2959 786 3308 844 multitudine
3329 830 3344 856 ,
3377 789 3469 844 cui

1865 893 1974 934 non
2007 878 2184 935 solum
2213 878 2462 950 praeferri
2505 894 2536 934 a
2567 878 2803 936 Domino
2835 881 3065 948 meruit,
3107 880 3204 936 sed
3243 891 3304 936 ut
3346 896 3467 936 eam

1864 985 2080 1042 quoque
2117 971 2240 1042 jure
2288 980 2502 1026 tueatur
2537 971 2746 1041 patrio,
2799 972 3087 1044 praeceptis
3137 973 3466 1044 imperatum

1865 1075 1946 1122 est
1974 1066 2344 1138 evangelicis?
2369 1065 2459 1122 Sic
2487 1074 2637 1122 certe
2664 1082 2694 1121 a
2727 1066 2960 1122 Domino
3002 1065 3068 1122 ad
3113 1067 3329 1122 beatum
3358 1066 3466 1122 Pe-

1866 1169 2007 1216 trum
2030 1159 2228 1216 dicitur
2257 1177 2271 1213 :
2298 1157 2487 1226 Petre,
2520 1176 2665 1214 antas
2689 1159 2810 1214 me?
2835 1160 2902 1215 Et
2929 1160 3019 1215 ille
3046 1176 3058 1213 :
3080 1159 3157 1213 Tu
3185 1161 3286 1214 scis
3310 1204 3324 1227 ,
3351 1157 3466 1213 Do-

1862 1254 2023 1321 mine,
2056 1253 2174 1324 quia
2200 1269 2316 1307 amo
2365 1263 2412 1307 te
2451 1250 2650 1323 (Joan.
2687 1269 2799 1320 XXI,
2836 1253 2923 1318 15,
2952 1252 3068 1321 i6).
3109 1251 3175 1307 Et
3210 1267 3334 1308 cum
3365 1253 3468 1326 hoc

1864 1346 2026 1402 tertio
2058 1345 2249 1401 fuisset
2276 1345 2673 1416 interrogatus,
2697 1354 2752 1400 et
2783 1343 2923 1400 trina
2957 1343 3312 1415 responsione
3337 1342 3475 1399 fuis-

1863 1452 1948 1499 set
1993 1444 2351 1510 subsecutus,
2399 1442 2689 1515 repetitum
2738 1451 2826 1498 est
2885 1457 2916 1498 a
2960 1441 3197 1497 Domino
3251 1441 3464 1496 tertio:

1866 1533 2032 1591 Pasce
2060 1551 2174 1590 oves
2205 1552 2362 1590 meas.
2413 1536 2559 1604 Quas
2589 1550 2753 1603 oves,
2787 1544 2840 1591 et
2885 1549 3046 1606 quem
3093 1547 3314 1604 gregem
3357 1549 3464 1587 nou

1863 1631 2039 1685 solum
2069 1641 2198 1686 tunc
2225 1630 2416 1686 beatus
2447 1631 2691 1702 suscepit
2717 1630 2998 1702 apostolus
3018 1629 3214 1685 Petrus
3244 1645 3258 1694 ;
3293 1626 3386 1683 sed
3414 1636 3471 1682 et
3512 1660 3538 1677 ν

1864 1724 2152 1780 nobiscum
2173 1738 2264 1779 eas
2288 1725 2531 1795 accepit,
2561 1733 2762 1778 etcum
2792 1723 2890 1777 illo
2918 1736 3011 1777 eas
3035 1736 3133 1777 nos
3158 1719 3469 1791 accepimus

150 1828 280 1885 guS,
325 1813 474 1885 quod
521 1814 724 1886 iugiter
757 1829 983 1871 mouere
1025 1813 1286 1870 consuet’i
1316 1855 1330 1880 ,
1372 1813 1464 1869 sed
1497 1813 1564 1868 ad
1612 1815 1757 1884 ipsos
1788 1827 1835 1887 Β
1862 1832 2072 1874 omnes.
2106 1815 2261 1872 Unde
2279 1817 2401 1887 quia
2433 1815 2688 1888 regenda:
2727 1815 3102 1872 sacerdotibus
3131 1813 3470 1869 contradun-

145 1907 255 1977 jam
290 1906 687 1978 praedicatores
711 1910 854 1979 vulgi
885 1924 1002 1964 mea
1023 1910 1186 1965 verba
1212 1918 1505 1964 converto:
1537 1917 1591 1962 et
1623 1908 1757 1962 meis

148 1999 435 2057 conservis
481 2001 627 2057 velut
664 2001 931 2058 obediens
965 2016 1158 2056 servus
1182 2043 1197 2066 ,
1227 2001 1279 2057 id
1308 2011 1422 2066 est,
1465 1999 1756 2072 episcopus

150 2092 564 2159 sacerdotibus,
597 2093 828 2150 antistes
860 2093 1248 2164 pontificibus,
1279 2094 1536 2149 audacter
1560 2091 1755 2163 praedi-

155 2201 279 2243 care
298 2184 328 2225 ι)
355 2188 552 2244 salutis
573 2189 990 2245 commonitoria
1015 2203 1121 2243 non
1145 2187 1456 2242 retardabo.
1488 2185 1596 2241 Nec
1620 2200 1754 2255 prte-

158 2281 456 2352 rogativatn
493 2283 739 2338 mihimet
768 2284 1040 2346 scientia),
1079 2284 1123 2339 si
1159 2285 1272 2339 lure
1303 2284 1438 2338 meis
1464 2294 1754 2336 consaccro

154 2372 368 2431 dotibus
399 2375 683 2432 charitatis
714 2377 910 2432 intuitu
937 2393 1269 2448 prmrogem,
1304 2376 1590 2433 vindicabo
1613 2419 1626 2442 ,
1662 2383 1755 2429 aut

153 2469 273 2526 vitae
304 2471 561 2541 perfecta:
589 2488 675 2526 me
701 2488 825 2529 esse
865 2472 1068 2542 lateor,
1100 2489 1221 2529 cum
1253 2473 1320 2529 de
1366 2471 1476 2527 vita
1515 2468 1754 2542 perfecta

152 2563 284 2619 alios
317 2581 518 2620 moneo
547 2585 560 2622 :
587 2565 682 2621 sed
707 2567 886 2637 potius
914 2583 1040 2624 cum
1080 2567 1196 2622 hate
1223 2567 1288 2620 ad
1329 2566 1450 2621 illos
1479 2563 1626 2636 loqui
1651 2578 1752 2618 au-

153 2657 283 2726 deo,
315 2659 481 2715 simul
501 2675 624 2716 cum
652 2661 761 2717 illis
785 2677 907 2732 quae
941 2664 1170 2732 loquor,
1197 2661 1436 2716 audiam.

221 2751 454 2808 CAPUT
486 2752 548 2808 ll.
577 2783 648 2794 —
677 2752 980 2826 Aggrediar
1019 2754 1126 2825 jam
1186 2754 1373 2808 divina
1418 2767 1520 2822 ope
1565 2750 1756 2807 sufful-

157 2855 235 2902 tus
257 2889 271 2914 ,
305 2846 572 2903 facultate
602 2863 710 2919 qua
741 2848 932 2912 valeo,
974 2857 1030 2903 et
1070 2863 1260 2904 eorum
1302 2846 1558 2918 precibus
1595 2845 1752 2916 adju-

154 2948 268 3006 tus,
319 2941 384 2994 ad
436 2955 572 3011 quos
609 2950 795 2996 noster
837 2940 1060 3011 respicit
1108 2955 1331 3002 sermo,
1379 2937 1752 2994 desideratum

154 3047 364 3102 carpam
398 3034 539 3101 iter,
571 3042 627 3089 et
658 3033 711 3089 in
741 3035 952 3106 gremio
989 3034 1142 3104 quasi
1190 3033 1356 3107 359
1386 3032 1754 3088 consacerdo-

157 3138 260 3182 tum
290 3129 503 3199 positus
523 3171 536 3193 ,
573 3127 719 3198 ipsos
749 3128 996 3194 alloquar
1033 3127 1367 3182 sacerdotes.
1402 3126 1600 3181 Audite
1626 3141 1714 3181 me
1738 3168 1752 3193 ,

1863 1921 1952 1968 tur
1978 1954 1991 1978 ,
2045 1913 2240 1968 merito
2283 1911 2590 1968 rectoribus
2629 1911 2743 1966 suis
2785 1909 2942 1966 subdi
2989 1907 3277 1972 dicuntur;
3337 1907 3466 1978 quia

1858 2005 2175 2078 evangelica
2207 2014 2531 2060 coruscante
2560 2003 2816 2059 mandato
2839 2002 3086 2058 videmus
3107 2001 3465 2057 nihilominus

1858 2112 1983 2155 esse
2015 2097 2297 2169 praefixum
2329 2114 2342 2150 :
2371 2096 2495 2152 Non
2522 2107 2596 2151 est
2637 2097 2930 2166 discipulus
2953 2112 3108 2166 super
3133 2095 3462 2167 magistrum,

1859 2211 1950 2250 nec
1973 2211 2150 2250 servus
2176 2209 2330 2262 super
2357 2193 2621 2246 dominum
2646 2208 2792 2246 suum
2815 2190 2939 2246 :sed
2965 2187 3458 2262 sufﬁcitdiscipulo,

1856 2300 1915 2344 ut
1936 2291 2003 2344 sit
2025 2291 2158 2345 sicut
2186 2289 2428 2359 magister
2466 2288 2606 2358 eius,
2639 2296 2684 2340 et
2714 2301 2880 2355 servo,
2909 2286 3044 2339 sicut
3083 2283 3324 2339 dominus
3351 2287 3465 2356 ejus

1857 2381 2010 2453 (Luc.
2043 2397 2117 2448 vr,
2149 2381 2270 2452 40).

1930 2475 2158 2533 CAPUT
2197 2475 2286 2532 lll.
2319 2505 2392 2517 -—
2443 2475 2571 2530 lianc
2611 2489 2743 2531 vero
2792 2483 3022 2541 cuncta,
3056 2473 3284 2538 fratres,
3337 2471 3463 2526 ideo

1857 2585 1957 2626 nos
1986 2571 2318 2642 praemisisse
2345 2569 2560 2624 debetis
2586 2583 2946 2639 cognoscere,
2965 2576 3025 2623 ut
3045 2567 3465 2630 ostenderemus

1857 2666 1990 2721 nihil
2041 2680 2164 2722 esse
2216 2666 2272 2720 in
2335 2664 2441 2720 hoc
2500 2665 2706 2720 saeculo
2779 2665 3133 2721 excellentius
3204 2663 3462 2719 sacerdo-
3498 2695 3534 2715 ν

1858 2760 2030 2824 tibus,
2071 2758 2205 2813 nihil
2257 2757 2549 2814 sublimius
2605 2758 2877 2828 episcopis
2918 2755 3190 2827 reperiri;
3225 2764 3287 2810 ut
3335 2771 3460 2811 cum

1855 2851 2180 2923 dignitatem
2210 2852 2560 2921 episcopatus
2597 2851 2976 2921 episcoporum
3027 2848 3203 2904 oculis
3233 2847 3465 2904 demon-

1856 2953 2124 3010 stramus,
2174 2953 2230 3000 et
2273 2944 2442 3015 digne
2481 2958 2771 2999 noscamus
2801 2942 2930 3013 quid
2962 2956 3153 2997 sumus
3179 2984 3193 3009 ,
3225 2951 3280 2997 et
3316 2943 3461 3013 quod

1855 3050 2046 3092 sumus
2099 3035 2476 3106 professione,
2523 3036 2740 3091 actione
2801 3036 2982 3106 potius
3025 3051 3186 3106 quatn
3243 3035 3463 3089 nomine

1856 3131 2328 3194 demonstremus;
2363 3139 2424 3186 ut
2453 3144 2651 3186 nomen
2711 3138 2975 3200 congruat
3031 3129 3274 3195 actioni,
3317 3129 3464 3183 actio

157 3220 449 3276 beatissimi
476 3231 653 3290 patres
672 3263 687 3288 ,
715 3231 738 3260 ο
763 3229 818 3276 et
845 3221 886 3275 si
916 3220 1136 3290 dignum
1163 3218 1392 3285 ducitis,
1423 3217 1749 3272 sanctissimi
1783 3228 1827 3292 C
1859 3223 2192 3294 respondeat
2222 3223 2459 3290 nomini;
2488 3240 2556 3279 ne
2587 3223 2658 3279 sit
2704 3239 2903 3278 nomen
2933 3225 3096 3278 inane
3125 3265 3140 3290 ν
3174 3233 3226 3278 el
3250 3221 3459 3278 crimen

156 3312 362 3371 fratres.
399 3315 604 3372 Audite
634 3330 741 3381 me,
775 3314 940 3386 stirps
974 3313 1221 3380 lcvitica,
1250 3327 1478 3384 germen
1497 3310 1755 3367 sacerdo-

157 3409 283 3477 tale,
313 3423 559 3481 propago
595 3408 930 3465 sanctificata
953 3449 967 3475 ,
1002 3407 1169 3463 duces
1215 3416 1269 3462 et
1303 3416 1550 3461 rectores
1571 3403 1754 3476 gregis

154 3501 365 3558 Christi.
398 3505 606 3560 Audite
647 3519 735 3560 me
779 3512 1063 3575 rogantem
1092 3517 1189 3558 vos
1226 3501 1435 3573 pariter
1471 3511 1525 3555 et
1559 3499 1756 3554 timen-

157 3606 254 3654 tem
277 3642 292 3668 ,
322 3599 348 3637 ἀ
380 3610 443 3656 et
467 3600 772 3656 commodis
799 3599 1179 3655 communibus
1202 3597 1439 3653 sollicite
1460 3593 1756 3650 consulen-

155 3701 253 3748 tem
279 3735 294 3759 ,
340 3703 394 3749 et
431 3692 697 3750 h0u0retn
737 3694 1083 3765 episcopatus
1133 3692 1516 3747 demonstrare
1555 3687 1745 3743 volen-

157 3795 284 3854 tem;
319 3798 374 3844 ut
415 3803 541 3844 cum
586 3787 810 3844 honoris
851 3787 969 3859 ejus
1018 3784 1439 3858 przerogativam
1484 3792 1758 3838 monstra-

157 3895 304 3950 mus,
348 3884 546 3940 merita
576 3883 740 3939 etiam
783 3897 1026 3954 congrua
1071 3881 1444 3952 requiramus;
1493 3893 1596 3934 nec
1641 3877 1756 3932 falli

159 3975 419 4045 possimus
460 3978 514 4034 in
567 3993 764 4049 opere,
804 3979 898 4050 qui
940 3978 1320 4048 cognoscimus
1370 3976 1659 4030 veritatem
1697 3972 1754 4029 in

156 4069 329 4126 corde.
355 4072 587 4144 Dignum
619 4081 704 4129 est
725 4072 870 4127 enim
893 4081 952 4127 ut
975 4071 1212 4144 dignitas
1229 4068 1590 4126 sacerdotalis
1604 4069 1756 4139 prius

159 4174 400 4220 noscatur
424 4181 457 4221 a
487 4166 676 4234 nobis,
711 4178 765 4222 et
797 4166 875 4221 sic
904 4164 1098 4221 deinde
1130 4174 1382 4220 servetur
1411 4177 1438 4217 a
1470 4163 1663 4225 nobis;
1697 4173 1754 4218 ttt

159 4257 552 4330 psalmographi
582 4260 855 4316 sententia
875 4268 1038 4329 queat
1069 4257 1265 4326 repelli
1292 4273 1320 4312 a
1353 4256 1511 4312 nobis
1541 4273 1554 4310 :
1580 4255 1754 4310 Homo

156 4368 269 4406 cum
310 4355 364 4409 in
413 4355 613 4409 honore
643 4364 794 4417 esset,
839 4371 942 4409 non
988 4354 1281 4421 intellexit,
1317 4361 1648 4421 comparatus
1679 4361 1755 4406 est

151 4443 392 4512 jumentis
431 4445 819 4517 insipientibus,
844 4455 891 4499 et
917 4445 1102 4500 similis
1127 4445 1299 4512 factus
1328 4455 1403 4498 est
1435 4443 1543 4498 illis
1574 4443 1752 4517 (Psal.

164 4549 342 4605 XLVIII,
370 4538 484 4608 l5).
515 4538 701 4594 llonor
728 4539 926 4609 igitur,
961 4537 1160 4592 fratres
1205 4535 1388 4609 (Dist.
1414 4537 1516 4604 96,
1560 4554 1606 4592 c.
1635 4535 1756 4592 Duo

1859 3320 2097 3375 immane
2128 3335 2140 3372 :
2175 3336 2242 3376 ne
2272 3321 2344 3374 sit
2371 3318 2545 3374 honor
2565 3318 2816 3373 sublimis
2839 3361 2853 3385 ,
2892 3318 2909 3355 τ
2935 3327 2993 3372 et
3023 3310 3128 3372 vita
3163 3316 3460 3372 deformis:

1857 3427 1924 3466 ne
1943 3413 2013 3468 sit
2035 3411 2225 3468 deifica
2248 3411 2538 3484 professio,
2564 3421 2620 3468 et
2641 3412 2828 3467 illicita
2860 3411 3033 3466 actio:
3056 3427 3126 3468 ne
3152 3412 3223 3466 sit
3245 3409 3466 3482 religio-

1855 3519 1950 3562 sus
1980 3506 2212 3561 amictus
2237 3548 2250 3572 ,
2281 3516 2306 3552 ις
2338 3515 2392 3560 et
2421 3505 2759 3574 irreligiosus
2787 3515 3074 3575 provectus
3107 3521 3120 3557 :
3152 3520 3218 3558 ne
3240 3504 3308 3558 sit
3338 3518 3466 3574 gra-

1857 3599 1958 3655 dus
1985 3599 2270 3666 excelsus,
2303 3608 2361 3654 et
2384 3597 2646 3654 deformis
2671 3612 2928 3654 excessus
2961 3615 2975 3663 ;
3008 3614 3075 3652 nc
3100 3598 3363 3652 habeatur
3405 3599 3460 3653 in

1859 3692 2100 3749 Ecclesia
2126 3691 2385 3747 cathedra
2413 3691 2698 3748 sublimior
2717 3733 2733 3759 ,
2767 3702 2820 3747 et
2846 3692 3177 3747 conscientia
3208 3690 3464 3746 sacerdo-

1860 3786 1928 3840 tis
1959 3787 2264 3855 reperiatur
2314 3785 2571 3839 humilior
2602 3802 2613 3837 :
2663 3799 2732 3840 ne
2776 3783 3109 3840 locutionem
3143 3783 3466 3838 simulemus

1857 3879 2264 3945 columbinam,
2312 3888 2369 3934 et
2416 3887 2652 3933 mentem
2699 3877 2999 3934 habeamus
3045 3876 3344 3933 caninam:
3390 3893 3461 3931 ne

1860 3971 2253 4044 professionem
2307 3978 2676 4028 monstremus
2713 3973 2928 4028 ovinam
2956 4013 2972 4038 ,
3021 3979 3077 4026 et
3125 3970 3460 4025 ferocitatem

1861 4065 2156 4121 habeamus
2206 4065 2486 4136 lupinam;
2523 4073 2576 4120 ttt
2616 4062 2781 4134 digne
2812 4063 2970 4119 nobis
2999 4079 3097 4134 per
3141 4060 3460 4133 prophetam

1861 4160 2256 4229 reSpondeatur
2285 4176 2313 4212 a
2359 4157 2588 4213 Domino
2622 4175 2635 4212 :
2670 4155 2904 4230 Populus
2935 4157 3018 4210 hic
3059 4156 3212 4210 labiis
3257 4154 3337 4209 me
3367 4156 3463 4208 Ito-

1860 4263 2009 4308 uorat
2029 4294 2044 4319 ,
2077 4268 2166 4306 cor
2196 4263 2368 4306 autem
2399 4268 2574 4307 eorum
2619 4251 2772 4325 longe
2801 4261 2872 4306 est
2909 4267 2939 4303 a
2971 4267 3050 4305 me
3081 4249 3252 4322 (Esui.
3303 4265 3458 4315 nix,

1862 4346 1972 4419 15).
2007 4347 2148 4418 Ergo
2169 4388 2183 4411 ,
2214 4348 2408 4401 fratres
2434 4391 2448 4412 ,
2494 4347 2632 4402 sicut
2661 4355 2972 4401 senatorem
3003 4345 3248 4417 chlamys
3271 4355 3462 4410 ornat,

1858 4442 2000 4496 sicut
2028 4441 2356 4510 agricultura
2391 4439 2689 4507 rusticum,
2709 4437 2738 4476 λι
2764 4440 2905 4494 sicut
2938 4438 3231 4493 barbarum
3263 4453 3414 4492 arma
3445 4479 3462 4504 ,

1860 4535 2003 4591 sicut
2031 4542 2250 4589 nautam
2285 4533 2644 4606 navigationis
2669 4532 2866 4605 peritia
2893 4573 2908 4599 ,
2942 4538 2998 4588 et
3025 4529 3268 4600 singulos
3291 4544 3430 4601 quos
3448 4560 3461 4571 ο

161 4640 288 4695 sunt,
322 4629 348 4701 §
389 4630 620 4703 Honor),
655 4641 710 4687 et
741 4631 1049 4686 sublimitas
1079 4630 1414 4701 episcopalis
1455 4629 1619 4686 nullis
1651 4645 1747 4700 po-
1777 4632 1962 4700 une
2008 4627 2232 4699 Opifices
2278 4627 2459 4700 operis
2508 4628 2591 4682 sui
2634 4625 2870 4697 qualitas
2920 4625 3072 4695 ipsos
3118 4622 3462 4680 demonstrat

163 4722 279 4778 terit
303 4725 802 4798 comparationibus
837 4725 1136 4794 adaequari.
1168 4735 1192 4762 θ
1224 4723 1280 4780 Si
1330 4739 1516 4796 regum
1550 4721 1748 4793 fulgori

115 4845 124 4852 η
162 4829 436 4888 compares
467 4830 522 4877 et
553 4819 859 4892 principum
887 4819 1182 4876 diademati
1210 4861 1227 4888 ,
1261 4820 1422 4892 longe
1462 4817 1570 4876 erit
1613 4817 1748 4874 infe-

227 4963 250 4990 δ
286 4953 358 5010 ita
386 4956 515 5010 edit.
546 4971 769 5018 omnes.
800 4966 855 5011 et
882 4971 1013 5010 mss.
1055 4955 1340 5023 nonnulli;
1386 4955 1480 5010 alii
1523 4955 1742 5025 partim,

159 5039 323 5082 uerens
367 5030 430 5082 iis
458 5029 897 5097 increpationibus
926 5040 973 5084 et
1003 5029 1275 5100 suppliciis
1313 5029 1404 5100 sub
1435 5026 1534 5100 Dei
1565 5027 1749 5080 timore

162 5113 311 5171 plPttw
340 5115 653 5165 percussus;
693 5103 982 5169 partim,...
1017 5097 1290 5171 suppliciis
1324 5097 1419 5152 Dei
1451 5099 1633 5153 timore
1655 5114 1748 5171 pro

164 5168 341 5243 linguis
367 5189 517 5243 pana
547 5168 818 5240 percussus
837 5214 852 5237 ,
884 5168 1102 5243 quidam
1119 5168 1368 5242 denique
1397 5213 1412 5236 ,
1453 5185 1630 5224 verens
1653 5170 1748 5224 has

163 5241 516 5313 increpationes
541 5254 590 5298 et
617 5243 878 5316 supplicia
905 5241 1051 5311 Dei,
1099 5241 1291 5298 timore
1319 5257 1483 5313 paena:
1529 5257 1747 5312 percus-

167 5325 262 5366 διεδ.

229 5381 254 5420 ι’
291 5384 488 5442 Omnes
514 5385 674 5454 cdit.,
705 5387 892 5441 salutis
917 5387 1256 5452 communia;
1288 5384 1523 5450 MabilL,
1567 5385 1750 5439 salutis

164 5457 364 5527 grauia;
409 5457 615 5527 Optime
665 5474 857 5513 omnes
888 5473 1044 5525 mss.,
1093 5459 1279 5512 salutis
1333 5457 1745 5512 commonitoria.

169 5522 414 5583 Caeterum
449 5522 555 5584 non
589 5530 730 5585 male
760 5522 1286 5585 observet—Latinius
1326 5528 1469 5584 hunc
1502 5537 1748 5584 nostrutn

170 5608 423 5654 auctorem
471 5600 574 5654 hoc
622 5601 743 5655 loco
775 5601 1004 5655 multum
1035 5602 1355 5657 dissimilem
1399 5615 1519 5656 esse
1548 5599 1618 5655 ab
1648 5614 1745 5668 eo,

170 5673 458 5804 ggtniipse
497 5687 558 5728 se
594 5673 917 5730 Ambrosius
957 5673 1254 5745 descripsit
1305 5673 1400 5731 lib.
1431 5689 1449 5729 ι
1480 5672 1546 5730 de
1590 5670 1747 5729 Offic.

175 5753 366 5811 ειμι,
451 5794 492 5802 .,
721 5781 754 5802 -.
976 5779 1061 5807 ,ξι

242 5825 261 5848 ε
299 5812 419 5873 Mss.
451 5817 688 5892 aliquot,
720 5826 767 5874 et
791 5818 1005 5889 dignum
1038 5816 1229 5875 ducite.

1856 4729 2110 4777 auctores
2141 4739 2156 4775 :
2188 4722 2270 4776 sic
2299 4721 2614 4791 episcopum
2669 4734 2775 4772 non
2804 4717 2965 4773 aliter
2992 4717 3097 4772 nisi
3129 4715 3430 4786 episcOpali

1855 4816 2104 4888 operatio
2129 4815 2411 4888 designat;
2451 4825 2508 4870 ut
2538 4831 2602 4870 cx
2635 4815 2780 4871 bono
2821 4828 2990 4885 Opere
3035 4814 3241 4882 magis,
3296 4826 3460 4882 quam

1920 4950 1946 4990 ά
1989 4952 2194 5007 Omnes
2221 4951 2352 5007 edit.
2389 4965 2452 5006 ac
2479 4951 2633 5018 pauci
2654 4967 2812 5019 mss.,
2846 4963 2893 5008 et
2919 4951 3200 5006 commodis
3229 4961 3278 5004 et
3321 4965 3435 5003 cum

1851 5024 2222 5079 monitionibus
2263 5025 2450 5088 solito,
2484 5025 2642 5078 liom.
2689 5024 2822 5079 edit.
2876 5024 3132 5084 sollicite,
3181 5023 3457 5075 consulen-

1853 5099 2006 5163 dum;
2040 5111 2171 5152 mss.
2207 5095 2456 5166 plerique
2504 5111 2728 5157 omnes,
2761 5104 2821 5150 ut
2871 5111 2970 5148 nos
3017 5095 3070 5166 in
3119 5102 3310 5166 textu,
3354 5093 3459 5166 nisi

1851 5173 1996 5240 quod
2025 5184 2122 5237 pro
2152 5163 2506 5222 sollicite'non
2542 5167 2699 5237 pauci
2732 5168 2920 5237 legunt
2961 5164 3146 5230 solite,
3178 5164 3272 5218 sed
3305 5163 3458 5219 cala-

1852 5242 1924 5296 mi
1955 5255 2112 5295 error
2158 5250 2261 5295 est.

1930 5323 1953 5350 ο
1994 5313 2120 5367 Mss.
2151 5311 2378 5380 aliquot,
2407 5310 2470 5366 Si
2494 5326 2671 5382 regum
2695 5325 2959 5382 compares
2973 5307 3172 5380 infulas
3197 5347 3210 5371 ,
3242 5317 3288 5361 et
3307 5307 3457 5378 prin-

1853 5386 2028 5456 cipum
2059 5384 2375 5438 diademata.

1933 5455 1952 5495 τ
1997 5458 2113 5512 Duo
2142 5469 2296 5519 mss.,
2331 5465 2378 5508 et
2406 5455 2511 5510 vita
2540 5453 2933 5509 circumuallata
2967 5449 3232 5521 periculis.
3262 5448 3394 5504 Inde
3409 5462 3460 5506 et

1850 5530 1954 5601 uita
1981 5529 2315 5601 periculosa:
2353 5541 2494 5601 unus
2532 5537 2580 5580 et
2622 5527 2725 5580 uita
2755 5525 3036 5596 proclivis;
3066 5523 3203 5579 alius
3245 5533 3300 5578 ct
3343 5522 3454 5578 Ma.

1852 5600 1996 5664 bill.,
2025 5612 2074 5656 et
2100 5601 2203 5654 vita
2226 5600 2464 5668 paenulis.

1929 5684 1954 5743 Β
1995 5672 2249 5728 Nonnulli
2277 5685 2440 5743 mss.,
2472 5679 2518 5723 et
2546 5669 2869 5743 irreligiosus
2889 5673 3171 5743 profectus.

1928 5742 1954 5782 ¹¹
1996 5744 2147 5802 Sicut
2176 5739 2451 5797 barbarum
2477 5756 2654 5811 arma,
2689 5739 2742 5798 in
2788 5739 2948 5801 Rom.
2981 5739 3112 5802 edit.
3150 5741 3460 5813 jugulatum

1855 5826 1958 5873 εει.
