3970 6316
523 227 621 286 5H

1480 225 1572 281 AD
1603 223 1835 284 OPERA
1873 224 2125 286 SANCTI
2164 225 2493 284 AMBROSII
2531 227 2903 286 APPENDIX.
3665 236 3744 295 572

518 339 857 413 ptOftbSiOlle
901 347 1159 396 noscatur
1201 338 1317 411 plus
1351 339 1559 396 meritis
1602 356 1724 397 esse
1778 340 2068 414 episcopus
2090 380 2108 409 ,
2139 343 2189 406 Α
2216 350 2320 397 tum
2346 342 2638 414 desiderat,
2667 345 2856 400 bonum
2877 363 3009 421 opus
3029 347 3288 404 desiderat
3323 347 3528 421 (Ibid),
3558 349 3648 406 hoc
3667 363 3745 420 est,

517 451 676 506 quam
705 434 847 506 quod
888 439 1106 490 nomlne
1138 436 1438 503 vocitetur;
1485 437 1610 508 quia
1640 435 1780 493 sicut
1820 437 1953 494 nihil
1987 452 2109 495 esse

513 528 750 584 diximus
775 528 1034 599 episcopo
1063 529 1421 586 excellentius
1441 571 1456 598 ,
1490 532 1574 588 sic
1603 529 1736 588 nihil
1767 541 1849 588 est
1879 534 2108 591 misera-

513 617 708 688 bilius,
755 621 897 676 side
943 630 1130 676 sancta
1173 624 1278 676 vita
1310 623 1602 695 episcopus
1634 625 2012 696 periclitetur,
2063 628 2108 685 si

512 712 770 770 sacerdos
799 713 962 790 δα)
988 715 1039 770 in
1069 713 1303 772 crimine
1334 727 1584 772 teneatur
1610 726 1636 754 ει
1674 727 1728 774 et
1763 719 2003 791 pontifex
2033 721 2111 777 vi-

510 805 709 860 tiorum
742 809 964 862 maculis
993 807 1287 878 polluatur.
1331 808 1395 864 Et
1441 816 1500 864 ut
1527 809 1698 867 levius
1725 820 1810 867 est
1850 811 1919 868 de
1947 813 2110 884 plano

510 915 771 957 corruere
791 943 806 968 ,
835 899 864 939 ιι
892 902 972 958 sic
999 904 1226 974 gravius
1275 903 1333 958 fit
1357 943 1374 972 ,
1393 905 1484 976 qui
1511 904 1581 962 de
1611 906 1828 963 sublimi
1851 907 2112 964 ceciderit

508 992 774 1065 dignitate
799 1010 814 1060 ;
848 995 972 1064 quia
1006 997 1161 1052 ruina
1191 1012 1311 1068 qua:
1336 996 1419 1066 ,de
1443 997 1553 1054 alto
1576 1010 1690 1065 est,
1721 1000 1954 1074 graviori
1980 1014 2108 1058 casu

508 1087 808 1144 colliditur.
844 1088 1031 1145 llonor
1071 1090 1292 1162 quidem
1337 1093 1660 1163 episc0palis
1700 1108 1884 1152 coram
1933 1095 2112 1151 homi—

509 1180 670 1237 nibus
698 1181 998 1252 przeclarus
1032 1194 1149 1252 est;
1180 1183 1273 1240 sed
1301 1186 1344 1240 si
1379 1187 1594 1242 ruinam
1619 1187 1924 1258 sustineat,
1955 1189 2110 1248 dolor

510 1290 742 1346 magnus
769 1286 871 1331 est.
906 1275 1040 1332 Nam
1074 1288 1277 1348 quanto
1299 1294 1412 1351 pra:
1434 1281 1650 1337 cteteris
1673 1287 1872 1354 gradus
1900 1285 2112 1355 episco—

510 1367 647 1441 palis
674 1368 832 1425 altior
853 1379 937 1426 est
963 1411 978 1437 ,
1012 1380 1162 1426 tanto
1192 1373 1239 1428 si
1270 1389 1366 1444 per
1395 1374 1778 1446 negligentiam
1802 1375 2108 1446 delabatur,

507 1461 664 1518 ruina
694 1464 916 1534 gravior
932 1475 1037 1521 est.
1061 1465 1250 1536 Magna
1278 1466 1588 1543 sublimitas
1613 1479 1635 1507 ο
1669 1484 1918 1542 magnam
1948 1471 2112 1528 debet

513 1553 712 1611 habere
739 1556 1038 1611 cautelam:
1066 1551 1241 1613 honor
1259 1559 1482 1630 grandis
1509 1561 1782 1632 grandiori
1812 1560 1976 1618 debet
2002 1563 2112 1619 sol-

511 1649 798 1706 licitudine
843 1652 1266 1708 circumvallari.
1308 1654 1403 1710 Cui
1455 1654 1578 1726 plus
1607 1656 1852 1712 creditur
1883 1699 1897 1724 ,
1943 1659 2012 1713 ab
2044 1674 2109 1714 eo

2212 433 2258 489 si
2287 435 2578 508 episcOpus
2613 452 2737 494 esse
2765 439 3049 496 desideras
3069 480 3085 510 ,
3115 455 3366 514 magnum
3403 455 3481 500 est
3513 443 3636 515 quod
3658 460 3747 504 esse

2211 529 2366 601 cupis
2400 547 2416 583 :
2449 537 2474 579 κ
2514 529 2611 586 sed
2652 531 2698 586 si
2726 540 2785 588 et
2812 547 2950 603 Opus
2998 532 3199 592 bonum
3230 534 3388 590 simul
3433 537 3746 606 aniplectaris.

2211 619 2347 676 Nam
2372 621 2417 678 si
2438 623 2600 680 aliter
2625 638 2749 682 esse
2773 626 2930 698 cupis
2949 668 2964 694 ,
2993 626 3286 700 episcopus
3315 643 3435 685 esse
3471 644 3574 684 non
3606 639 3748 700 potes,

2211 716 2335 787 quia
2357 719 2602 788 sequitur
2626 735 2639 772 :
2674 717 2888 790 Oportet
2909 722 3043 776 enim
3064 721 3360 794 episcopum
3380 725 3752 796 irreprehemili-

2211 807 2310 862 lem
2329 823 2438 863 esse
2487 808 2674 880 (Ibid.,
2723 809 2803 883 2).
2856 811 3395 884 lrreprehensibilem
3429 814 3541 880 ait;
3582 829 3684 871 nam
3719 817 3751 872 si

2213 898 2505 970 episcopus
2519 901 2944 972 reprehenditur
2959 946 2974 973 ,
2997 905 3320 962 deformiter
3336 906 3580 962 subditur
3601 909 3751 979 culpa.

2212 993 2281 1050 Et
2311 995 2551 1066 profecto
2581 995 2736 1068 culpa
2784 997 2850 1053 ad
2901 1007 3110 1054 reatum
3144 999 3348 1068 trahit,
3389 1010 3568 1056 reatus
3592 1001 3646 1056 ad
3673 1018 3754 1073 pa:-

2213 1102 2341 1150 nam
2358 1127 2374 1153 ,
2398 1102 2551 1158 parua
2581 1089 2829 1160 perducit
2862 1105 3035 1162 usque
3056 1092 3124 1148 ad
3149 1105 3404 1148 mortem.
3430 1093 3565 1150 Ecce
3585 1095 3640 1149 ad
3662 1095 3756 1165 quid

2212 1182 2450 1238 volvitur
2476 1183 2710 1256 dignitas
2734 1184 3088 1257 episcopalis.
3125 1187 3193 1243 Et
3219 1197 3344 1260 post
3371 1188 3636 1259 paululum
3670 1189 3756 1243 ait:

2217 1274 2384 1331 Unius
2407 1277 2584 1331 uxoris
2615 1277 2781 1333 virum
2805 1276 3022 1353 (Ibid.).
3053 1278 3111 1338 Si
3133 1275 3204 1336 ad
3232 1279 3571 1350 superﬁciem
3599 1291 3757 1336 tantum

2213 1367 2408 1424 littera:
2434 1367 2799 1441 respiciamus
2823 1411 2838 1436 ,
2890 1370 3142 1443 prohibet
3171 1372 3450 1445 bigamum
3495 1375 3755 1444 episcopum
3787 1405 3805 1421 κ

2213 1459 2453 1516 ordinari
2485 1479 2497 1516 :
2524 1461 2570 1517 si
2597 1477 2727 1519 vero
2745 1462 2812 1518 ad
2833 1462 3083 1519 altiorem
3114 1479 3338 1521 sensum
3367 1465 3756 1532 conscendimus,

2214 1553 2424 1608 inhibet
2442 1553 2760 1626 episcopum
2784 1553 2918 1610 duas
2937 1570 3205 1629 usurpare
3220 1555 3499 1613 Eccle>ias
3524 1574 3538 1610 :
3565 1557 3668 1612 etsi
3692 1555 3759 1611 atl-

2216 1647 2324 1704 huc
2351 1647 2618 1704 introrsus
2645 1646 3000 1720 proluudiora
3049 1651 3449 1722 perscrutcris,
3507 1660 3673 1706 monet
3711 1666 3760 1707 ne

513 1745 634 1815 plus
674 1745 946 1817 exigitur,
999 1749 1139 1803 sic.“
1180 1748 1440 1818 scriplum
1488 1759 1572 1806 εει
1621 1748 1771 1820 (Luc,
1819 1767 1915 1818 xu,
1963 1751 2057 1825 48)
2091 1768 2106 1808 ε
2143 1761 2188 1820 Β
2218 1747 2341 1809 post
2360 1738 3163 1815 catholicumdogma,sensum
3191 1743 3504 1800 inveniatur
3525 1745 3760 1813 episcopus

514 1837 652 1903 Quia
682 1853 880 1910 semper
909 1839 1116 1910 optimis
1142 1841 1396 1912 permixta
1418 1853 1538 1896 sunt
1570 1843 1830 1910 pessima;
1859 1853 1912 1900 et
1940 1843 2106 1900 alibi:

513 1931 759 1988 Potentes
787 1935 1081 2005 potentiora
1126 1943 1378 1990 tormenta
1417 1938 1678 2006 patientur
1707 1936 1876 2010 (Sap.
1917 1955 1991 2006 vr,
2025 1941 2106 2013 7);

510 2033 567 2080 et
597 2043 610 2081 :
643 2024 840 2080 Scienti
871 2024 1031 2096 legent
1063 2036 1110 2080 et
1139 2043 1239 2080 non
1268 2028 1474 2099 facienti
1525 2045 1672 2094 eam,
1721 2041 1985 2101 peccatum
2035 2043 2110 2092 est

507 2118 706 2190 grande
735 2116 942 2190 (Jacob.
983 2134 1056 2184 tv,
1095 2118 1181 2192 i7)
1206 2136 1220 2186 ;
1251 2129 1306 2176 et
1337 2138 1348 2173 :
1392 2119 1584 2176 Seruus
1611 2124 1776 2178 sciens
1799 2125 2110 2181 uoluntatem

512 2209 712 2266 domini
753 2211 867 2278 sui,
907 2211 954 2266 si
992 2228 1095 2268 non
1141 2214 1314 2286 fecerit
1364 2230 1520 2281 eam,
1571 2215 1838 2288 vapulabit
1887 2217 2110 2274 multum

510 2303 668 2376 (Luc.
699 2319 794 2370 xu,
824 2304 944 2378 47).
975 2304 1133 2361 Aliud
1177 2315 1262 2362 est
1292 2308 1435 2364 enim
1464 2309 1608 2380 quod
1637 2311 1704 2364 ab
1732 2310 1994 2383 episcopo
2024 2330 2110 2370 re-

510 2397 680 2469 quirit
727 2398 867 2454 Deus
893 2439 908 2466 ,
955 2407 1012 2456 et
1039 2399 1187 2456 aliud
1218 2401 1360 2472 quod
1406 2417 1434 2459 a
1475 2402 1830 2476 presbytero,
1863 2413 1918 2460 et
1963 2403 2108 2462 aliud

510 2490 655 2562 quod
683 2505 710 2544 a
744 2489 978 2548 diacono
998 2533 1012 2558 ,
1043 2487 1069 2528 ἀ
1102 2500 1158 2548 et
1192 2493 1336 2550 aliud
1378 2494 1524 2565 quod
1559 2510 1588 2550 a
1614 2495 1815 2552 clerico
1839 2538 1852 2563 ,
1882 2506 1937 2553 et
1961 2498 2107 2555 aliud

517 2583 664 2655 quod
695 2598 725 2638 a
758 2583 895 2641 laico
918 2625 933 2652 ,
959 2583 1044 2642 vel
1075 2601 1103 2641 a
1146 2585 1378 2658 singulis
1407 2587 1718 2661 quibusque
1773 2589 2104 2649 hominibus.

517 2686 541 2715 θ
567 2677 638 2734 Et
669 2678 796 2736 licet
824 2681 1065 2736 omnium
1100 2681 1383 2738 hominum
1407 2698 1574 2754 opera
1599 2683 1743 2740 Deus
1773 2684 1829 2741 in
1857 2699 1954 2742 suo
1977 2701 2109 2743 exa-

512 2769 683 2827 minet
704 2771 914 2843 judicio
935 2815 952 2843 ,
986 2774 1105 2846 plus
1142 2784 1327 2832 tamen
1354 2775 1424 2833 ab
1449 2791 1517 2833 eo
1561 2777 1798 2850 exigitur
1821 2820 1838 2848 ,
1870 2779 1958 2836 cui
1988 2779 2110 2856 plus

511 2863 912 2934 committitur;
937 2867 1232 2938 ampliores
1251 2870 1395 2925 enim
1428 2886 1615 2941 poenas
1635 2871 1730 2927 luit
1759 2913 1777 2941 ,
1808 2873 1897 2929 cui
1919 2889 2112 2932 nume-

515 2958 697 3014 rosior
710 2961 1070 3032 regendorum
1094 2965 1418 3035 populorum
1443 2965 1606 3024 fuerit
1631 2982 1762 3026 cura
1792 2971 2107 3027 commissa.

585 3051 816 3111 CAPUT
859 3055 946 3111 lV.
983 3087 1052 3099 —
1083 3059 1148 3114 Et
1181 3070 1237 3116 ut
1285 3061 1602 3132 specialiter
1631 3061 1802 3134 ipsius
1827 3063 2112 3138 episcopao

2214 1832 2417 1890 habere
2431 1833 2749 1892 htereticum
2776 1855 2788 1891 :
2809 1837 2902 1892 sed
2926 1838 3281 1894 Christianam
3313 1847 3528 1893 tantum
3548 1835 3757 1894 orthodo-

2212 1942 2334 1982 xam
2362 1938 2415 1984 et
2437 1927 2767 1985 catholicam
2787 1929 2890 1986 sibi
2923 1932 3164 1988 associet
3197 1930 3358 1988 ﬁdem
3386 1950 3401 1999 ;
3433 1942 3490 1988 ut
3517 1932 3663 1987 unius
3677 1939 3761 1986 tan-

2214 2021 2492 2077 tummodo
2525 2025 2710 2079 uxoris
2737 2033 2793 2080 et
2814 2026 3101 2082 catholica:
3126 2027 3386 2082 Ecclesia:
3414 2026 3503 2083 vir
3527 2029 3760 2098 episcopus

2211 2115 2498 2172 Vocitetur.
2539 2116 2799 2190 Sequitur
2827 2117 3058 2189 deinde,
3091 2129 3147 2176 et
3176 2120 3251 2176 ait
3277 2140 3290 2174 :
3318 2119 3564 2176 Solii-ium
3593 2117 3758 2192 (Ibid),

2213 2206 2317 2263 hoc
2346 2218 2461 2276 est,
2510 2226 2615 2265 non
2649 2211 2776 2266 vino
2807 2222 3012 2268 tantum
3040 2254 3056 2281 ,
3090 2211 3188 2269 sed
3224 2223 3279 2269 ct
3301 2213 3448 2268 vitiis
3476 2227 3699 2284 parcum;
3722 2221 3761 2266 ut

2213 2317 2314 2357 nec
2361 2304 2488 2358 vino
2555 2305 2792 2376 amplius
2831 2307 3140 2378 indulgeat,
3198 2321 3361 2380 quam
3411 2316 3680 2378 oporteat,
3722 2313 3760 2360 et

2213 2405 2395 2454 mente
2440 2413 2659 2470 semper
2687 2401 2906 2457 sobrius
2950 2401 3278 2458 inveniatur.
3323 2401 3393 2458 Et
3436 2400 3660 2474 adjunxit
3697 2415 3758 2456 sc-

2213 2491 2469 2562 quentia,
2520 2492 2709 2549 dicens
2750 2511 2764 2549 :
2811 2493 3150 2551 Prudentem.
3208 2494 3558 2551 Prudentiam
3609 2493 3760 2563 quippe

2214 2601 2320 2641 non
2355 2585 2723 2655 mundialem,
2779 2587 2847 2644 de
2895 2605 3000 2660 qua
3047 2587 3247 2644 dicitur
3295 2585 3442 2656 quod
3493 2583 3692 2642 stultilia
3711 2583 3760 2640 sit

2213 2681 2353 2753 apud
2405 2682 2572 2740 Deum
2605 2682 2674 2754 (ll
2705 2683 2824 2740 Cor.
2861 2700 2940 2752 Ill,
2972 2683 3062 2756 l9)
3097 2701 3111 2741 :
3146 2681 3241 2740 sed
3280 2681 3623 2754 prudentiam
3645 2680 3761 2751 spiri—

2213 2775 2374 2831 talem
2403 2817 2416 2842 ,
2451 2775 2501 2830 id
2547 2786 2662 2846 est,
2694 2794 2816 2850 qua:
2864 2787 2916 2834 et
2950 2793 3117 2848 opere
3158 2776 3562 2848 circumspecta
3601 2773 3686 2839 sit,
3721 2780 3760 2827 et

2214 2873 2380 2927 verbo
2405 2871 2603 2944 perita;
2637 2881 2692 2927 ut
2722 2873 2793 2928 sit
2814 2881 3024 2928 astutus
3051 2873 3194 2928 sicut
3221 2885 3454 2942 serpens
3473 2912 3488 2938 ,
3515 2879 3564 2926 et
3585 2864 3760 2936 simplex

2214 2967 2356 3023 sicut
2385 2967 2634 3023 columba
2662 2967 2948 3039 (Matth.x,
2984 2965 3091 3039 16).
3115 2965 3140 3003 ιι
3173 2967 3240 3022 Ει
3264 2965 3454 3021 denuo
3480 2962 3627 3020 infert
3651 2979 3661 3014 :
3689 2955 3761 3014 0r-

2214 3069 2413 3116 natum.
2443 3059 2598 3130 Quod
2631 3059 2675 3116 si
2704 3058 2855 3132 iuxta
2892 3076 3112 3118 sensum
3143 3061 3343 3116 litterae
3391 3069 3593 3115 tantum
3634 3053 3762 3126 respi-

513 3157 601 3202 tus
629 3147 845 3204 modum
877 3159 930 3206 et
959 3149 1268 3216 .formulam
1300 3154 1554 3210 omnibus
1593 3155 1974 3213 sacerdotibus
2018 3157 2111 3215 de-
2139 3154 2183 3216 C
2219 3155 2465 3221 ciamus,
2524 3151 2540 3190 ί
2587 3172 2694 3212 non
2739 3155 2917 3221 aliud,
2965 3153 3309 3221 sacerdotes,
3344 3169 3511 3227 quam
3554 3153 3758 3207 amictum

513 3240 797 3311 pingamus
825 3259 841 3307 ;
879 3239 896 3280 ί
932 3245 1226 3314 apostolica
1256 3257 1340 3304 est
1372 3250 1530 3305 nobis
1553 3250 1734 3322 regula
1759 3251 2112 3323 revolvenda,

511 3350 634 3406 quin
663 3334 732 3390 de
778 3335 846 3391 iis
880 3352 978 3406 per
1023 3339 1235 3410 singula
1289 3343 1625 3414 episcopales
1663 3354 1817 3401 actus
1845 3344 2109 3420 depingit.

512 3426 604 3485 Sic
635 3429 700 3481 ad
725 3443 951 3486 cunctos
981 3433 1270 3505 episcotios
1301 3435 1490 3492 beatus
1529 3437 1604 3493 ait
1634 3438 1932 3509 Apostolus
1965 3456 1978 3494 :
2019 3437 2112 3494 Fi-

512 3520 644 3576 delis
672 3539 837 3578 sermo
870 3525 888 3596 (
921 3524 942 3579 ι
969 3524 1105 3581 Tim.
1138 3543 1232 3594 ιιι,
1265 3530 1289 3585 l
1323 3529 1344 3602 )
1372 3546 1386 3596 ;
1421 3545 1483 3586 ac
1513 3532 1558 3586 si
1588 3532 1799 3588 diceret
1841 3551 1854 3586 :
1890 3533 1966 3589 De
2000 3548 2112 3607 quo

509 3629 629 3670 sunt
673 3617 974 3687 locuturus,
1006 3623 1282 3678 veraciter
1325 3624 1514 3695 loquor
1546 3642 1560 3691 ;
1592 3641 1660 3680 ne
1689 3627 1809 3698 quis
1832 3627 2110 3685 existimet

509 3723 594 3765 me
643 3709 814 3769 fuisse
862 3715 1172 3771 mentitum.
1217 3716 1510 3788 Subjunxit
1543 3735 1557 3773 :
1589 3718 1652 3775 Si
1686 3718 1803 3789 quis
1836 3720 2106 3793 episcopa-

579 3880 604 3910 λ
647 3874 850 3955 Aberat
889 3891 919 3930 a
947 3875 1314 3955 cunctis_edit.
1351 3877 1642 3955 multisque
1671 3893 1830 3955 mss.,
1863 3889 1908 3935 et
1934 3883 2103 3955 ponti-

507 3947 689 4029 [φης.
721 3947 1016 4018 polluatur,
1048 3949 1192 4022 quod
1223 3965 1322 4007 nos
1354 3965 1386 4007 e
1419 3947 1822 4008 codfmelioris
1851 3947 1994 4009 uola:
2017 3971 2103 4011 re-

513 4028 804 4074 διιιιιιιιιιιε.

581 4087 608 4128 ι)
650 4089 794 4170 Edit.
818 4089 1071 4170 _h_iabill_.,
1101 4093 1187 4170 sic
1205 4095 1292 4165 qui
1311 4111 1354 4170 ,ς
1391 4095 1911 4170 sublimiceciderit,
1951 4114 2104 4170 grave

507 4163 724 4239 incurrit
749 4164 987 4239 egritiunt.
1016 4165 1081 4219 Et
1107 4165 1188 4220 inf
1189 4159 1243 4220 ra
1263 4207 1276 4231 ,
1302 4159 1484 4239 Honor
1501 4167 1706 4239 quidem
1726 4159 1907 4223 coram'
1931 4159 2101 4225 livomi-

511 4231 660 4314 nibus
709 4235 1014 4314 episcopalis
1043 4253 1255 4314 magnus
1248 4254 1292 4314 _;
1333 4237 1437 4314 sed,
1467 4231 1582 4309 post
1610 4237 1846 4311 lapsum,
1877 4243 1922 4296 si
1963 4241 2104 4314 quod

509 4308 688 4379 absit1
721 4307 873 4362 dolor
903 4322 1119 4379 magnus
1156 4310 1211 4362 in
1240 4307 1492 4365 Ecclesia.

585 4388 608 4418 °
653 4377 854 4435 Eadem
885 4377 1043 4448 edit.,
1075 4398 1313 4450 magnam
1340 4383 1596 4438 cautelam
1624 4382 1904 4450 desiderat,
1939 4385 2104 4442 honor

507 4451 756 4528 grandior
783 4453 1048 4528 grandiori
1067 4453 1412 4528 sollicitudine
1435 4455 1655 4528 indiget.
1677 4455 1770 4512 Cui
1799 4458 1916 4527 plus
1938 4459 2106 4511 credi-

508 4535 622 4597 tur,
649 4522 763 4592 plus
792 4525 853 4576 ab
876 4525 969 4578 illo
991 4527 1246 4597 exigitur,
1279 4537 1324 4583 et
1349 4522 1579 4597 potente}
1601 4522 1830 4597 potenter
1850 4536 2104 4583 tormenta

508 4593 766 4664 patientur
790 4637 804 4658 ,
832 4608 880 4651 et
911 4593 1122 4660 servus,
1153 4599 1240 4668 qui
1267 4593 1409 4654 nouit
1437 4593 1749 4655 voluntatem
1795 4598 2023 4666 domini,
2053 4612 2102 4656 et

508 4681 610 4744 non
639 4667 763 4738 facit
785 4668 971 4738 digna,
1000 4671 1169 4742 plagis
1187 4672 1445 4744 vapulabit
1466 4673 1660 4728 multis.
1691 4670 1850 4727 Aliud
1877 4673 2012 4727 enim
2035 4673 2100 4729 ab

505 4740 750 4808 episcopo
769 4781 785 4807 ,
814 4751 920 4796 etc.

578 4807 605 4848 ιι
644 4809 903 4886 Nonnulli
935 4828 1092 4879 mss.,
1125 4824 1169 4868 et
1194 4812 1369 4880 aliud,
1401 4815 1538 4886 quod
1584 4832 1616 4869 a
1644 4813 1960 4870 subdiacono
1986 4855 2001 4879 ,
2049 4823 2097 4870 et

503 4884 651 4940 aliud
669 4927 683 4950 ,
717 4884 855 4952 quod
880 4904 913 4942 a
933 4887 1137 4941 clerico.

579 4967 602 5031 ἐ
647 4957 788 5013 Edit.
827 4958 1052 5023 Mabill.,
1097 4957 1159 5012 Et
1189 4957 1306 5013 licet
1329 4969 1629 5031 cunctorum
1658 4975 1748 5030 per
1775 4955 1982 5031 singula
2011 4976 2094 5014 re-

2128 4570 2182 4634 D

2214 3267 2521 3324 quaeremus
2555 3250 2884 3316 clariorem;
2917 3249 3067 3304 verbi
3092 3247 3264 3318 gratia
3288 3288 3306 3314 ,
3337 3247 3628 3302 castoriuas
3653 3255 3759 3311 quaa-

2215 3366 2398 3408 rcmus
2437 3359 2494 3408 et
2531 3348 2736 3410 sericas
2783 3355 2962 3402 vestes
2994 3343 3063 3416 (Ι
3101 3342 3234 3399 Tim.
3267 3358 3352 3410 ιιι,
3387 3342 3447 3413 2)
3484 3359 3497 3396 :
3545 3352 3594 3396 et
3622 3339 3758 3394 illcse

2212 3442 2358 3500 inter
2401 3444 2691 3513 episcopos
2740 3439 2914 3495 credit
2965 3451 3088 3494 esse
3129 3437 3382 3492 altiorem
3408 3477 3423 3502 ,
3473 3434 3560 3506 qui
3600 3443 3758 3486 vestem

2214 3537 2454 3594 induerit
2490 3536 2804 3592 clariorem.
2834 3533 2941 3590 Sed
2975 3539 3196 3588 Sanctus
3229 3527 3527 3602 Apostolus
3555 3525 3760 3580 taliterse

2214 3627 2440 3701 intelligi
2474 3641 2581 3682 non
2613 3626 2766 3692 vult,
2796 3623 2922 3695 quia
2965 3640 3071 3678 non
3113 3637 3279 3677 carne
3323 3617 3630 3692 cpiscopum
3654 3659 3664 3682 ,
3689 3605 3758 3669 sed

2216 3728 2396 3778 mente
2425 3719 2584 3777 docet
2615 3733 2738 3776 esse
2769 3724 3018 3774 ornatum
3047 3731 3061 3782 ;
3096 3723 3153 3768 ut
3181 3711 3274 3769 ille
3317 3711 3574 3770 sacerdos
3601 3707 3758 3782 placeat

2210 3897 2322 3938 esse
2347 3883 2525 3951 cupis;
2558 3889 2702 3935 Imus
2730 3893 2860 3933 vero
2885 3877 3044 3933 locus
3075 3876 3150 3932 ita
3195 3872 3497 3951 exhibetur
3522 3870 3648 3940 apud
3672 3866 3755 3924 Ila-

2213 3954 2358 4021 blll.,
2391 3947 2626 4019 lioc’est,
2681 3953 2952 4023 episcopus
2984 3965 3110 4023 (esse
3155 3949 3300 4023 cupis
3317 3947 3350 4023 ?_
3395 3947 3632 4023 Magnum
3673 3951 3753 4023 ut.

2248 4028 2350 4081 uad
2397 4027 2562 4082 ambis
2613 4041 2632 4080 :
2671 4024 2760 4078 sed
2799 4020 2928 4094 opus
2975 4021 3161 4078 bonum
3193 4020 3350 4075 simul
3377 4020 3756 4094 si_ainplecteris.

2248 4043 2349 4081 uoa
2397 4043 2562 4082 amtm
2613 4043 2632 4080 .'
2671 4043 2760 4078 sea
2799 4043 2928 4094 opus
2975 4043 3161 4078 bonum
3193 4043 3348 4075 umut
3377 4043 3422 4075 ﬂ
3466 4043 3754 4088 ampteuem.

2211 4043 2467 4155 Ewterum
2511 4099 2781 4176 episcopus
2823 4110 2932 4176 esse
2952 4109 3074 4176 lim!
3122 4094 3351 4176 poteris,
3383 4091 3467 4176 si.
3497 4081 3754 4176 (piscandi?

2206 4182 2352 4226 actus
2382 4155 2652 4240 aspernari
2674 4155 2915 4222 uolueris.
2945 4163 3009 4240 Et
3039 4155 3219 4240 denuo
3239 4155 3468 4240 inferret
3491 4155 3561 4218 ait
3580 4177 3605 4240 :_
3627 4155 3754 4240 Oper-

2206 4249 2276 4297 ιρι
2305 4227 2696 4312 episcopum...
2745 4251 2926 4312 ne_mpe
2963 4238 3009 4312 si
3046 4227 3440 4312 repreltenderis
3468 4272 3482 4299 ,
3527 4227 3754 4312 μάραθ’

2207 4299 2460 4390 forniitati
2482 4299 2744 4390 'subderis.
2780 4309 2846 4365 Et
2863 4299 3279 4390 'prolecto'culpa
3301 4306 3370 4390 ad
3397 4299 3749 4390 reatumgtraltili

2206 4378 2370 4442 reatui
2400 4400 2560 4453 parum
2581 4383 2813 4453 subditus
2840 4378 3002 4450 parma
3022 4378 3253 4453 servituti
3273 4378 3524 4453 obnoxius
3547 4379 3656 4440 erit,
3675 4385 3752 4453 ut;

2389 4437 2644 4512 obitoaius
2669 4437 2685 4518 ,ν
2735 4437 3016 4520 libertatein
3069 4451 3279 4506 amittit.
3317 4449 3449 4505 Ecce
3491 4459 3596 4516 quis
3632 4437 3751 4520 creuit

2207 4528 2416 4583 libertas
2448 4512 2757 4600 episcopalis
2797 4512 2890 4600 per
2914 4523 3012 4600 hos
3035 4523 3260 4596 gradus,
3293 4537 3424 4600 quos
3444 4512 3748 4600 Δειίῌιιιιιριτζ·

2207 4601 2446 4656 minales.
2476 4593 2593 4657 'Sed
2622 4593 2679 4653 ut
2704 4593 3013 4666 reprehendi
3036 4593 3159 4650 'non
3204 4598 3369 4665 possis
3392 4637 3408 4659 ,
3437 4593 3750 4666 impunest:-

2203 4671 2328 4728 biles
2357 4689 2445 4737 per
2486 4673 2658 4727 omnia
2693 4659 2840 4725 aclus
2867 4668 3090 4722 custodi.
3126 4659 3253 4722 Post
3281 4659 3556 4737 hwcgaddt't
3585 4680 3602 4718 :
3627 4659 3750 4717 Uni”

2201 4735 2379 4799 uxoris
2409 4745 2596 4799 uirum.
2629 4743 2689 4798 Si
2716 4745 2784 4796 ad
2814 4741 3036 4795 litteram
3067 4739 3314 4809 respicias
3341 4782 3356 4806 ,
3388 4735 3645 4811 bigamiam
3659 4743 3748 4784 cott-

2201 4817 2408 4872 deotnat
2433 4859 2447 4889 ,
2478 4833 2542 4870 ne
2567 4815 2816 4889 secundos
2833 4811 3028 4889 nouerit
3054 4811 3354 4889 concubitus
3383 4852 3396 4871 ,
3416 4809 3510 4889 qui
3535 4809 3747 4889 episcspf-

2197 4897 2279 4941 tus
2311 4888 2533 4956 gradum
2556 4886 2794 4955 consequi
2821 4884 3095 4956 desiderat.
3125 4882 3185 4938 Si
3225 4882 3650 4956 rero_allegoricis
3665 4885 3748 4928 sell-

2195 4946 2351 5014 tiattir
2377 4957 2608 5014 sensibus
2632 4999 2648 5024 ,
2694 4946 2886 5010 inhibet
2917 4955 3158 5026 episcopo
3189 4956 3321 5008 ditus
3350 4946 3536 5007 habere
3576 4960 3744 5026 uxores.

503 5029 675 5097 quirat
705 5047 832 5101 opus
851 5071 863 5091 .
894 5032 1012 5103 plus
1041 5022 1221 5114 tamen
1263 5031 1325 5086 ab
1355 5047 1412 5085 eo
1438 5022 1674 5114 exigitur,
1708 5029 1792 5114 cui
1819 5022 1987 5104 υἷα]ον
2017 5041 2092 5114 est
2193 5031 2248 5085 id
2279 5041 2381 5094 est,
2410 5049 2470 5086 ne
2502 5041 2610 5114 post
2636 5022 3204 5114 calliolicuin'dogm’a,
3232 5113 3235 5114 ν
3261 5022 3746 5114 sensum,

504 5095 628 5157 cura
657 5095 930 5158 commissa
957 5120 973 5158 :
1000 5101 1277 5171 ampliores
1297 5119 1471 5170 pientis
1493 5095 1598 5156 luet
1625 5143 1637 5159 .
1670 5099 1756 5156 cui
1777 5095 2097 5158 nummatior
2197 5113 2364 5159 sinuat
2393 5120 2412 5159 :
2443 5105 2530 5157 sed
2559 5099 2850 5155 christiana?
2878 5095 3075 5152 tantum
3101 5095 3408 5170 sinceritatis
3429 5097 3545 5171 _sibi
3581 5095 3746 5171 assodfl

505 5175 841 5246 regendorum
873 5175 1218 5245 populorum,
1252 5175 1297 5228 si
1325 5175 1549 5243 neglecta
1572 5171 1766 5228 credita
1791 5185 1862 5230 est
1888 5175 2100 5246 dispen-

504 5243 657 5318 satio.
682 5243 753 5318 Et
779 5257 832 5318 ut
855 5243 1018 5318 ipsius
1045 5249 1388 5317 episc0patns,
1422 5257 1517 5300 etc.

585 5315 602 5390 Ῡ
643 5317 780 5371 Cod.
805 5315 1022 5390 Βίὶιιιι.⁹
1057 5315 1343 5390 apostolica
1371 5319 1515 5390 nobis
1546 5327 1620 5370 est
1664 5334 1753 5389 per
1799 5315 1973 5390 omnia
2018 5336 2098 5374 re-

503 5388 629 5456 gula
672 5388 976 5462 reuoluenda
999 5432 1011 5453 ,
1062 5388 1175 5461 qua:
1212 5407 1307 5462 per,
1340 5389 1548 5458 singula
1576 5388 1906 5462 episc0patus
1938 5389 2102 5446 linea-

505 5471 678 5534 menta
708 5459 976 5534 distinguit
1018 5479 1036 5529 ;
1062 5459 1123 5517 ne
1149 5459 1337 5532 aliquis
1368 5461 1689 5516 sacerdotum
1716 5461 1929 5531 querulo
1976 5479 2100 5533 gar-

503 5530 606 5585 riat
655 5530 952 5586 commentis
1005 5551 1058 5588 se
1099 5530 1287 5588 nostris
1338 5535 1390 5587 in
1441 5535 1536 5587 Itoc
1576 5530 1734 5602 opere
1775 5530 2098 5602 increpdlos,

505 5603 671 5673 magis
711 5607 1191 5678 quamgpostolicis
1229 5598 1995 5678 sententiisredargutos.lSic
2034 5598 2103 5665 ad

498 5669 847 5739 cun’ctos,etc.
877 5673 1010 5744 Huic
1033 5691 1132 5731 ms.
1159 5678 1320 5732 etiam
1350 5669 1718 5734 acceditedit:
1739 5669 1941 5734 Mabill.
1968 5678 2104 5734 levi-

505 5748 643 5805 culis
681 5745 1006 5818 quibusdam
1049 5748 1319 5818 exceptis.

512 5877 534 5892 _
586 5831 611 5870 κ
654 5822 818 5876 Deest
849 5819 901 5875 in
951 5818 1136 5882 Baluz.
1166 5820 1314 5889 (ιοιι.1
1343 5822 1433 5887 sed
1472 5832 1519 5878 et
1569 5824 1612 5878 si
1660 5840 1789 5897 apus
1819 5823 2100 5880 bonum...

2200 5157 2403 5246 ﬁdem}
2431 5184 2483 5230 ut
2528 5174 2681 5246 unius
2725 5172 2899 5246 uxoris
2932 5171 3246 5246 la_tiluut,_it_l
3286 5167 3366 5246 est
3419 5167 3666 5246 Ecclesia".
3692 5157 3746 5246 sit

2199 5229 2473 5319 episcopus
2495 5244 2802 5319 appelletur.
2836 5241 3113 5319 Sequitur;
3140 5229 3410 5319 Subrium.
3437 5237 3658 5298 Sobriuttl
3673 5229 3744 5319 sit.

2203 5314 2300 5375 hoc
2328 5314 2402 5372 est
2424 5363 2437 5384 ,
2468 5314 2572 5372 non
2599 5318 2715 5370 vino
2741 5325 2940 5369 tantum
2962 5355 2977 5381 ,
3010 5315 3098 5368 sed
3132 5314 3357 5369 moribus
3382 5329 3582 5385 parcum
3606 5352 3619 5376 ,
3639 5316 3681 5362 ut
3698 5317 3743 5384 ut

2203 5389 2319 5444 vino
2344 5391 2571 5459 amplius
2599 5388 2865 5458 indulgeat
2883 5429 2896 5452 ,
2928 5395 2974 5440 et
3005 5393 3170 5440 mente
3197 5385 3400 5459 sobrius
3429 5385 3630 5458 gaudeat
3649 5391 3741 5448 ἔφη

2206 5461 2250 5516 si
2284 5463 2379 5532 [ioc
2409 5457 2510 5516 non
2541 5462 2702 5532 facit,
2736 5457 3006 5532 episcopus
3037 5470 3136 5511 non
3166 5457 3279 5532 erit.

2281 5530 2308 5570 ιι
2351 5529 2498 5588 Edit.
2530 5525 2733 5590 Mabill.
2765 5525 2857 5585 'hic
2887 5525 3076 5587 rursus
3101 5529 3294 5602 ponit,
3327 5529 3420 5598 qui
3465 5529 3510 5584 si
3537 5525 3638 5583 talis
3669 5529 3742 5574 nos

2206 5614 2324 5674 est,
2356 5607 2629 5674 episcopus
2656 5619 2759 5658 non
2784 5609 2877 5658 est.

2289 5673 2304 5714 ί
2348 5672 2605 5733 Nonnulli
2638 5693 2797 5740 mss.,
2826 5688 2928 5729 non
2959 5672 3121 5728 alium
3151 5673 3202 5727 in
3244 5673 3510 5728 sacerdote
3529 5673 3739 5740 oriunturt

2211 5766 2382 5820 quam.
2409 5748 2553 5804 Infra
2585 5764 2718 5804 vero
2747 5737 2863 5818 pro,
2890 5748 3124 5820 secredi‘t
3151 5745 3417 5820 altiorem,
3443 5758 3568 5820 mss.
3586 5737 3741 5814 aliqllOl

2214 5815 2487 5894 legunt....
2516 5815 2797 5878 auctiorem
2819 5836 2839 5886 ;
2896 5818 3026 5874 edit.
3063 5815 3371 5886 Mabill.,...
3400 5817 3688 5873 sanctiorem.

3553 5954 3690 6161 /
