  <div class='ocr_page' id='page_1' title='image "/cluster/home/n/w/nwhite01/storage/ocr_20150623/17/hvd.32044015471329/292.png"; bbox 0 0 3970 6316; ppageno 0'>
   <div class='ocr_carea' id='block_1_1' title="bbox 129 326 229 382">
    <p class='ocr_par' dir='ltr' id='par_1_1' title="bbox 129 326 229 382">
     <span class='ocr_line' id='line_1_1' title="bbox 129 326 229 382; baseline 0 0"><span class='ocrx_word' id='word_1_1' title='bbox 129 326 229 382; x_wconf 77' lang='grc'><strong>575</strong></span> 
     </span>
    </p>
   </div>
   <div class='ocr_carea' id='block_1_2' title="bbox 1259 317 2305 384">
    <p class='ocr_par' dir='ltr' id='par_1_2' title="bbox 1259 317 2305 384">
     <span class='ocr_line' id='line_1_2' title="bbox 1259 317 2305 384; baseline -0.009 -2"><span class='ocrx_word' id='word_1_2' title='bbox 1259 321 1350 384; x_wconf 76' lang='grc' dir='ltr'><strong>ΒΕ</strong></span> <span class='ocrx_word' id='word_1_3' title='bbox 1391 320 1766 382; x_wconf 77' lang='lat' dir='ltr'><strong>DIGNITATE</strong></span> <span class='ocrx_word' id='word_1_4' title='bbox 1805 317 2305 378; x_wconf 78' lang='lat' dir='ltr'><strong>SACERDOTALI.</strong></span> 
     </span>
    </p>
   </div>
   <div class='ocr_carea' id='block_1_3' title="bbox 3309 313 3416 374">
    <p class='ocr_par' dir='ltr' id='par_1_3' title="bbox 3309 313 3416 374">
     <span class='ocr_line' id='line_1_3' title="bbox 3309 313 3416 374; baseline -0.019 0"><span class='ocrx_word' id='word_1_5' title='bbox 3309 313 3416 374; x_wconf 68' lang='grc'><strong>571</strong></span> 
     </span>
    </p>
   </div>
   <div class='ocr_carea' id='block_1_4' title="bbox 128 432 3416 511">
    <p class='ocr_par' dir='ltr' id='par_1_4' title="bbox 128 432 3416 511">
     <span class='ocr_line' id='line_1_4' title="bbox 128 432 3416 511; baseline -0.001 -19"><span class='ocrx_word' id='word_1_6' title='bbox 128 439 271 508; x_wconf 72' lang='lat' dir='ltr'><strong>Deo,</strong></span> <span class='ocrx_word' id='word_1_7' title='bbox 306 439 406 511; x_wconf 88' lang='lat' dir='ltr'><strong>qui</strong></span> <span class='ocrx_word' id='word_1_8' title='bbox 439 439 667 496; x_wconf 89' lang='lat' dir='ltr'><strong>animam</strong></span> <span class='ocrx_word' id='word_1_9' title='bbox 709 437 959 496; x_wconf 87' lang='lat' dir='ltr'><strong>habuerit</strong></span> <span class='ocrx_word' id='word_1_10' title='bbox 1006 438 1367 508; x_wconf 76' lang='lat' dir='ltr'><strong>Compositam</strong></span> <span class='ocrx_word' id='word_1_11' title='bbox 1413 437 1548 496; x_wconf 88' lang='lat' dir='ltr'><strong>Deo.</strong></span> <span class='ocrx_word' id='word_1_12' title='bbox 1581 447 1606 475; x_wconf 73' lang='grc'><strong><em>⁸</em></strong></span> <span class='ocrx_word' id='word_1_13' title='bbox 1654 437 1715 494; x_wconf 81' lang='lat' dir='ltr'><strong>Et</strong></span> <span class='ocrx_word' id='word_1_14' title='bbox 1746 440 1799 501; x_wconf 86' lang='grc' dir='ltr'><strong>Α</strong></span> <span class='ocrx_word' id='word_1_15' title='bbox 1823 450 1920 493; x_wconf 86' lang='lat' dir='ltr'><strong>ore</strong></span> <span class='ocrx_word' id='word_1_16' title='bbox 1948 435 2190 506; x_wconf 80' lang='lat' dir='ltr'><strong>episcopi</strong></span> <span class='ocrx_word' id='word_1_17' title='bbox 2229 435 2660 493; x_wconf 88' lang='lat' dir='ltr'><strong>benedictionem</strong></span> <span class='ocrx_word' id='word_1_18' title='bbox 2693 432 2853 490; x_wconf 91' lang='lat' dir='ltr'><strong>simul</strong></span> <span class='ocrx_word' id='word_1_19' title='bbox 2875 440 2933 491; x_wconf 89' lang='lat' dir='ltr'><strong>et</strong></span> <span class='ocrx_word' id='word_1_20' title='bbox 2973 432 3416 489; x_wconf 78' lang='lat' dir='ltr'><strong>maledictiouent</strong></span> 
     </span>
    </p>
   </div>
   <div class='ocr_carea' id='block_1_5' title="bbox 126 528 1721 603">
    <p class='ocr_par' dir='ltr' id='par_1_5' title="bbox 126 528 1721 603">
     <span class='ocr_line' id='line_1_5' title="bbox 126 528 1721 603; baseline 0.001 -19"><span class='ocrx_word' id='word_1_21' title='bbox 126 538 244 599; x_wconf 90' lang='lat' dir='ltr'><strong>post</strong></span> <span class='ocrx_word' id='word_1_22' title='bbox 277 531 401 585; x_wconf 77' lang='lat' dir='ltr'><strong>ltzec</strong></span> <span class='ocrx_word' id='word_1_23' title='bbox 428 530 634 586; x_wconf 89' lang='lat' dir='ltr'><strong>addidit</strong></span> <span class='ocrx_word' id='word_1_24' title='bbox 662 549 675 585; x_wconf 90' lang='lat'><strong>:</strong></span> <span class='ocrx_word' id='word_1_25' title='bbox 708 529 1040 600; x_wconf 70' lang='lat' dir='ltr'><strong>Hospitalem</strong></span> <span class='ocrx_word' id='word_1_26' title='bbox 1081 530 1125 603; x_wconf 92' lang='grc' dir='ltr'>(ι</span> <span class='ocrx_word' id='word_1_27' title='bbox 1150 529 1282 586; x_wconf 85' lang='lat' dir='ltr'><strong>Tim.</strong></span> <span class='ocrx_word' id='word_1_28' title='bbox 1311 544 1393 595; x_wconf 85' lang='grc' dir='ltr'>ιιι.</span> <span class='ocrx_word' id='word_1_29' title='bbox 1421 528 1503 600; x_wconf 73' lang='grc'><strong>2);</strong></span> <span class='ocrx_word' id='word_1_30' title='bbox 1534 537 1592 585; x_wconf 86' lang='grc' dir='ltr'><strong>ιιι</strong></span> <span class='ocrx_word' id='word_1_31' title='bbox 1621 529 1721 586; x_wconf 84' lang='lat' dir='ltr'><strong>hu-</strong></span> 
     </span>
    </p>
   </div>
   <div class='ocr_carea' id='block_1_6' title="bbox 125 621 1722 695">
    <p class='ocr_par' dir='ltr' id='par_1_6' title="bbox 125 621 1722 695">
     <span class='ocr_line' id='line_1_6' title="bbox 125 621 1722 695; baseline 0.003 -19"><span class='ocrx_word' id='word_1_32' title='bbox 125 621 412 678; x_wconf 87' lang='lat' dir='ltr'><strong>manitatis</strong></span> <span class='ocrx_word' id='word_1_33' title='bbox 485 624 679 680; x_wconf 90' lang='lat' dir='ltr'><strong>intuitu</strong></span> <span class='ocrx_word' id='word_1_34' title='bbox 733 624 972 695; x_wconf 76' lang='lat' dir='ltr'><strong>hospitio</strong></span> <span class='ocrx_word' id='word_1_35' title='bbox 1024 625 1254 695; x_wconf 85' lang='lat' dir='ltr'><strong>recipiat</strong></span> <span class='ocrx_word' id='word_1_36' title='bbox 1285 640 1394 680; x_wconf 90' lang='lat' dir='ltr'><strong>non</strong></span> <span class='ocrx_word' id='word_1_37' title='bbox 1455 621 1722 682; x_wconf 78' lang='lat' dir='ltr'><strong>habentes</strong></span> 
     </span>
    </p>
   </div>
   <div class='ocr_carea' id='block_1_7' title="bbox 122 713 1718 788">
    <p class='ocr_par' dir='ltr' id='par_1_7' title="bbox 122 713 1718 788">
     <span class='ocr_line' id='line_1_7' title="bbox 122 713 1718 788; baseline 0 -16"><span class='ocrx_word' id='word_1_38' title='bbox 122 713 284 786; x_wconf 78' lang='lat'><strong>361</strong></span> <span class='ocrx_word' id='word_1_39' title='bbox 317 714 638 788; x_wconf 72' lang='lat' dir='ltr'><strong>hospitium,</strong></span> <span class='ocrx_word' id='word_1_40' title='bbox 687 726 741 774; x_wconf 91' lang='lat' dir='ltr'><strong>et</strong></span> <span class='ocrx_word' id='word_1_41' title='bbox 771 733 1002 788; x_wconf 89' lang='lat' dir='ltr'><strong>egenum</strong></span> <span class='ocrx_word' id='word_1_42' title='bbox 1030 717 1149 774; x_wconf 88' lang='lat' dir='ltr'><strong>sine</strong></span> <span class='ocrx_word' id='word_1_43' title='bbox 1193 725 1339 774; x_wconf 87' lang='lat' dir='ltr'><strong>tecto</strong></span> <span class='ocrx_word' id='word_1_44' title='bbox 1383 715 1610 773; x_wconf 85' lang='lat' dir='ltr'><strong>inducat</strong></span> <span class='ocrx_word' id='word_1_45' title='bbox 1662 716 1718 772; x_wconf 93' lang='lat' dir='ltr'><strong>in</strong></span> 
     </span>
    </p>
   </div>
   <div class='ocr_carea' id='block_1_8' title="bbox 122 809 1720 882">
    <p class='ocr_par' dir='ltr' id='par_1_8' title="bbox 122 809 1720 882">
     <span class='ocr_line' id='line_1_8' title="bbox 122 809 1720 882; baseline 0.002 -19"><span class='ocrx_word' id='word_1_46' title='bbox 122 809 347 864; x_wconf 83' lang='lat' dir='ltr'><strong>domum</strong></span> <span class='ocrx_word' id='word_1_47' title='bbox 375 825 551 880; x_wconf 88' lang='lat' dir='ltr'><strong>suam,</strong></span> <span class='ocrx_word' id='word_1_48' title='bbox 583 826 684 868; x_wconf 90' lang='lat' dir='ltr'><strong>nec</strong></span> <span class='ocrx_word' id='word_1_49' title='bbox 712 812 861 868; x_wconf 90' lang='lat' dir='ltr'><strong>solus</strong></span> <span class='ocrx_word' id='word_1_50' title='bbox 887 811 1117 869; x_wconf 87' lang='lat' dir='ltr'><strong>devoret</strong></span> <span class='ocrx_word' id='word_1_51' title='bbox 1140 810 1280 867; x_wconf 86' lang='lat' dir='ltr'><strong>dona</strong></span> <span class='ocrx_word' id='word_1_52' title='bbox 1322 811 1527 868; x_wconf 78' lang='lat' dir='ltr'><strong>Christi</strong></span> <span class='ocrx_word' id='word_1_53' title='bbox 1550 850 1567 877; x_wconf 87' lang='lat'><strong>,</strong></span> <span class='ocrx_word' id='word_1_54' title='bbox 1597 825 1720 882; x_wconf 82' lang='lat' dir='ltr'><strong>qute</strong></span> 
     </span>
    </p>
   </div>
   <div class='ocr_carea' id='block_1_9' title="bbox 123 901 1722 979">
    <p class='ocr_par' dir='ltr' id='par_1_9' title="bbox 123 901 1722 979">
     <span class='ocr_line' id='line_1_9' title="bbox 123 901 1722 979; baseline 0.003 -22"><span class='ocrx_word' id='word_1_55' title='bbox 123 901 171 958; x_wconf 89' lang='lat' dir='ltr'><strong>ei</strong></span> <span class='ocrx_word' id='word_1_56' title='bbox 194 903 395 976; x_wconf 78' lang='lat' dir='ltr'><strong>largita</strong></span> <span class='ocrx_word' id='word_1_57' title='bbox 427 915 510 962; x_wconf 89' lang='lat' dir='ltr'><strong>est</strong></span> <span class='ocrx_word' id='word_1_58' title='bbox 540 906 751 962; x_wconf 81' lang='lat' dir='ltr'><strong>bonitas</strong></span> <span class='ocrx_word' id='word_1_59' title='bbox 778 904 982 964; x_wconf 82' lang='lat' dir='ltr'><strong>Christi</strong></span> <span class='ocrx_word' id='word_1_60' title='bbox 1007 924 1022 966; x_wconf 87' lang='lat'><strong>:</strong></span> <span class='ocrx_word' id='word_1_61' title='bbox 1074 917 1130 965; x_wconf 88' lang='lat' dir='ltr'><strong>et</strong></span> <span class='ocrx_word' id='word_1_62' title='bbox 1171 907 1297 979; x_wconf 84' lang='lat' dir='ltr'><strong>quia</strong></span> <span class='ocrx_word' id='word_1_63' title='bbox 1325 906 1544 963; x_wconf 82' lang='lat' dir='ltr'><strong>hilarent</strong></span> <span class='ocrx_word' id='word_1_64' title='bbox 1572 905 1722 962; x_wconf 80' lang='lat' dir='ltr'><strong>dato-</strong></span> 
     </span>
    </p>
   </div>
   <div class='ocr_carea' id='block_1_10' title="bbox 121 995 1720 1071">
    <p class='ocr_par' dir='ltr' id='par_1_10' title="bbox 121 995 1720 1071">
     <span class='ocr_line' id='line_1_10' title="bbox 121 995 1720 1071; baseline 0.004 -23"><span class='ocrx_word' id='word_1_65' title='bbox 121 1011 224 1050; x_wconf 84' lang='lat' dir='ltr'><strong>rem</strong></span> <span class='ocrx_word' id='word_1_66' title='bbox 244 997 421 1070; x_wconf 77' lang='lat' dir='ltr'><strong>diligit</strong></span> <span class='ocrx_word' id='word_1_67' title='bbox 448 995 613 1068; x_wconf 90' lang='lat' dir='ltr'><strong>Deus,</strong></span> <span class='ocrx_word' id='word_1_68' title='bbox 637 999 754 1056; x_wconf 86' lang='lat' dir='ltr'><strong>sine</strong></span> <span class='ocrx_word' id='word_1_69' title='bbox 775 1015 1054 1058; x_wconf 88' lang='lat' dir='ltr'><strong>murmure</strong></span> <span class='ocrx_word' id='word_1_70' title='bbox 1071 1000 1720 1071; x_wconf 88' lang='lat' dir='ltr'><strong>contribuatpauperibus</strong></span> 
     </span>
    </p>
   </div>
   <div class='ocr_carea' id='block_1_11' title="bbox 120 1088 1715 1168">
    <p class='ocr_par' dir='ltr' id='par_1_11' title="bbox 120 1088 1715 1168">
     <span class='ocr_line' id='line_1_11' title="bbox 120 1088 1715 1168; baseline 0.003 -22"><span class='ocrx_word' id='word_1_71' title='bbox 120 1088 347 1147; x_wconf 79' lang='lat' dir='ltr'><strong>Christi.</strong></span> <span class='ocrx_word' id='word_1_72' title='bbox 380 1093 636 1166; x_wconf 82' lang='lat' dir='ltr'><strong>Sequitur</strong></span> <span class='ocrx_word' id='word_1_73' title='bbox 683 1094 918 1164; x_wconf 86' lang='lat' dir='ltr'><strong>deinde,</strong></span> <span class='ocrx_word' id='word_1_74' title='bbox 942 1106 997 1152; x_wconf 86' lang='lat' dir='ltr'><strong>et</strong></span> <span class='ocrx_word' id='word_1_75' title='bbox 1025 1097 1137 1154; x_wconf 84' lang='lat' dir='ltr'><strong>ait:</strong></span> <span class='ocrx_word' id='word_1_76' title='bbox 1170 1095 1451 1152; x_wconf 85' lang='lat' dir='ltr'><strong>Docibilem</strong></span> <span class='ocrx_word' id='word_1_77' title='bbox 1497 1095 1715 1168; x_wconf 87' lang='lat' dir='ltr'><strong>(lbid.),</strong></span> 
     </span>
    </p>
   </div>
   <div class='ocr_carea' id='block_1_12' title="bbox 120 1181 1719 1262">
    <p class='ocr_par' dir='ltr' id='par_1_12' title="bbox 120 1181 1719 1262">
     <span class='ocr_line' id='line_1_12' title="bbox 120 1181 1719 1262; baseline 0.007 -24"><span class='ocrx_word' id='word_1_78' title='bbox 120 1181 170 1239; x_wconf 91' lang='lat' dir='ltr'><strong>id</strong></span> <span class='ocrx_word' id='word_1_79' title='bbox 197 1195 287 1239; x_wconf 88' lang='lat' dir='ltr'><strong>est</strong></span> <span class='ocrx_word' id='word_1_80' title='bbox 330 1187 411 1241; x_wconf 90' lang='lat' dir='ltr'><strong>sic</strong></span> <span class='ocrx_word' id='word_1_81' title='bbox 466 1187 667 1258; x_wconf 90' lang='lat' dir='ltr'><strong>polleat</strong></span> <span class='ocrx_word' id='word_1_82' title='bbox 713 1188 1008 1262; x_wconf 88' lang='lat' dir='ltr'><strong>episcopus</strong></span> <span class='ocrx_word' id='word_1_83' title='bbox 1038 1190 1307 1260; x_wconf 88' lang='lat' dir='ltr'><strong>sapientia</strong></span> <span class='ocrx_word' id='word_1_84' title='bbox 1337 1232 1352 1256; x_wconf 93' lang='lat'><strong>,</strong></span> <span class='ocrx_word' id='word_1_85' title='bbox 1399 1202 1455 1247; x_wconf 91' lang='lat' dir='ltr'><strong>ut</strong></span> <span class='ocrx_word' id='word_1_86' title='bbox 1487 1206 1592 1248; x_wconf 91' lang='lat' dir='ltr'><strong>non</strong></span> <span class='ocrx_word' id='word_1_87' title='bbox 1629 1207 1719 1248; x_wconf 87' lang='lat' dir='ltr'><strong>so-</strong></span> 
     </span>
    </p>
   </div>
   <div class='ocr_carea' id='block_1_13' title="bbox 120 1275 1715 1354">
    <p class='ocr_par' dir='ltr' id='par_1_13' title="bbox 120 1275 1715 1354">
     <span class='ocr_line' id='line_1_13' title="bbox 120 1275 1715 1354; baseline 0.006 -24"><span class='ocrx_word' id='word_1_88' title='bbox 120 1275 228 1332; x_wconf 91' lang='lat' dir='ltr'><strong>lum</strong></span> <span class='ocrx_word' id='word_1_89' title='bbox 275 1277 545 1337; x_wconf 89' lang='lat' dir='ltr'><strong>creditum</strong></span> <span class='ocrx_word' id='word_1_90' title='bbox 585 1281 690 1336; x_wconf 89' lang='lat' dir='ltr'><strong>sibi</strong></span> <span class='ocrx_word' id='word_1_91' title='bbox 756 1283 1016 1354; x_wconf 87' lang='lat' dir='ltr'><strong>populum</strong></span> <span class='ocrx_word' id='word_1_92' title='bbox 1078 1283 1420 1340; x_wconf 81' lang='lat' dir='ltr'><strong>sufﬁcienter</strong></span> <span class='ocrx_word' id='word_1_93' title='bbox 1486 1283 1715 1350; x_wconf 86' lang='lat' dir='ltr'><strong>doceat;</strong></span> 
     </span>
    </p>
   </div>
   <div class='ocr_carea' id='block_1_14' title="bbox 119 1373 1719 1448">
    <p class='ocr_par' dir='ltr' id='par_1_14' title="bbox 119 1373 1719 1448">
     <span class='ocr_line' id='line_1_14' title="bbox 119 1373 1719 1448; baseline 0.008 -25"><span class='ocrx_word' id='word_1_94' title='bbox 119 1385 308 1425; x_wconf 89' lang='lat' dir='ltr'><strong>verum</strong></span> <span class='ocrx_word' id='word_1_95' title='bbox 335 1373 501 1428; x_wconf 90' lang='lat' dir='ltr'><strong>etiam</strong></span> <span class='ocrx_word' id='word_1_96' title='bbox 548 1382 605 1431; x_wconf 90' lang='lat' dir='ltr'><strong>et</strong></span> <span class='ocrx_word' id='word_1_97' title='bbox 642 1385 965 1434; x_wconf 84' lang='lat' dir='ltr'><strong>cunctarum</strong></span> <span class='ocrx_word' id='word_1_98' title='bbox 1008 1387 1169 1448; x_wconf 87' lang='lat' dir='ltr'><strong>queat</strong></span> <span class='ocrx_word' id='word_1_99' title='bbox 1197 1376 1466 1436; x_wconf 58' lang='lat' dir='ltr'><strong>ntere/sum</strong></span> <span class='ocrx_word' id='word_1_100' title='bbox 1499 1388 1719 1436; x_wconf 80' lang='lat' dir='ltr'><strong>contra-</strong></span> 
     </span>
    </p>
   </div>
   <div class='ocr_carea' id='block_1_15' title="bbox 117 1459 1706 1540">
    <p class='ocr_par' dir='ltr' id='par_1_15' title="bbox 117 1459 1706 1540">
     <span class='ocr_line' id='line_1_15' title="bbox 117 1459 1706 1540; baseline 0.006 -23"><span class='ocrx_word' id='word_1_101' title='bbox 117 1459 389 1521; x_wconf 87' lang='lat' dir='ltr'><strong>dictiones</strong></span> <span class='ocrx_word' id='word_1_102' title='bbox 417 1479 451 1521; x_wconf 86' lang='lat' dir='ltr'><strong>a</strong></span> <span class='ocrx_word' id='word_1_103' title='bbox 474 1465 740 1524; x_wconf 87' lang='lat' dir='ltr'><strong>catholica</strong></span> <span class='ocrx_word' id='word_1_104' title='bbox 772 1470 1043 1540; x_wconf 85' lang='lat' dir='ltr'><strong>repellere</strong></span> <span class='ocrx_word' id='word_1_105' title='bbox 1068 1471 1308 1530; x_wconf 84' lang='lat' dir='ltr'><strong>Ecclesia</strong></span> <span class='ocrx_word' id='word_1_106' title='bbox 1330 1511 1344 1535; x_wconf 90' lang='lat'><strong>,</strong></span> <span class='ocrx_word' id='word_1_107' title='bbox 1380 1485 1447 1526; x_wconf 87' lang='lat' dir='ltr'><strong>ne</strong></span> <span class='ocrx_word' id='word_1_108' title='bbox 1475 1485 1571 1526; x_wconf 86' lang='lat' dir='ltr'><strong>sua</strong></span> <span class='ocrx_word' id='word_1_109' title='bbox 1598 1471 1706 1526; x_wconf 83' lang='lat' dir='ltr'><strong>im-</strong></span> 
     </span>
    </p>
   </div>
   <div class='ocr_carea' id='block_1_16' title="bbox 116 1557 1714 1636">
    <p class='ocr_par' dir='ltr' id='par_1_16' title="bbox 116 1557 1714 1636">
     <span class='ocr_line' id='line_1_16' title="bbox 116 1557 1714 1636; baseline 0.004 -24"><span class='ocrx_word' id='word_1_110' title='bbox 116 1557 312 1630; x_wconf 85' lang='lat' dir='ltr'><strong>peritia</strong></span> <span class='ocrx_word' id='word_1_111' title='bbox 341 1558 627 1631; x_wconf 89' lang='lat' dir='ltr'><strong>imperitos</strong></span> <span class='ocrx_word' id='word_1_112' title='bbox 653 1563 880 1621; x_wconf 80' lang='lat' dir='ltr'><strong>minimo</strong></span> <span class='ocrx_word' id='word_1_113' title='bbox 906 1563 1145 1633; x_wconf 81' lang='lat' dir='ltr'><strong>doceat,</strong></span> <span class='ocrx_word' id='word_1_114' title='bbox 1194 1574 1251 1623; x_wconf 90' lang='lat' dir='ltr'><strong>et</strong></span> <span class='ocrx_word' id='word_1_115' title='bbox 1305 1563 1333 1604; x_wconf 66' lang='grc' dir='ltr'>δ</span> <span class='ocrx_word' id='word_1_116' title='bbox 1396 1563 1714 1636; x_wconf 86' lang='lat' dir='ltr'><strong>bujusmodi</strong></span> 
     </span>
    </p>
   </div>
   <div class='ocr_carea' id='block_1_17' title="bbox 115 1659 1712 1733">
    <p class='ocr_par' dir='ltr' id='par_1_17' title="bbox 115 1659 1712 1733">
     <span class='ocr_line' id='line_1_17' title="bbox 115 1659 1712 1733; baseline 0.006 -26"><span class='ocrx_word' id='word_1_117' title='bbox 115 1667 241 1708; x_wconf 88' lang='lat' dir='ltr'><strong>casu</strong></span> <span class='ocrx_word' id='word_1_118' title='bbox 279 1667 593 1724; x_wconf 66' lang='lat' dir='ltr'><strong>praeventus</strong></span> <span class='ocrx_word' id='word_1_119' title='bbox 647 1659 868 1718; x_wconf 84' lang='lat' dir='ltr'><strong>eveniat</strong></span> <span class='ocrx_word' id='word_1_120' title='bbox 922 1661 1040 1728; x_wconf 93' lang='lat' dir='ltr'><strong>illi,</strong></span> <span class='ocrx_word' id='word_1_121' title='bbox 1077 1660 1221 1733; x_wconf 92' lang='lat' dir='ltr'><strong>quod</strong></span> <span class='ocrx_word' id='word_1_122' title='bbox 1279 1664 1543 1733; x_wconf 91' lang='lat' dir='ltr'><strong>scriptum</strong></span> <span class='ocrx_word' id='word_1_123' title='bbox 1589 1671 1712 1718; x_wconf 89' lang='lat' dir='ltr'><strong>est:</strong></span> 
     </span>
    </p>
   </div>
   <div class='ocr_carea' id='block_1_18' title="bbox 115 1744 1717 1827">
    <p class='ocr_par' dir='ltr' id='par_1_18' title="bbox 115 1744 1717 1827">
     <span class='ocr_line' id='line_1_18' title="bbox 115 1744 1717 1827; baseline 0.006 -25"><span class='ocrx_word' id='word_1_124' title='bbox 115 1744 261 1803; x_wconf 63' lang='lat' dir='ltr'><strong>Caco</strong></span> <span class='ocrx_word' id='word_1_125' title='bbox 282 1765 449 1806; x_wconf 68' lang='lat' dir='ltr'><strong>cacus</strong></span> <span class='ocrx_word' id='word_1_126' title='bbox 475 1751 723 1808; x_wconf 82' lang='lat' dir='ltr'><strong>ducatum</strong></span> <span class='ocrx_word' id='word_1_127' title='bbox 745 1753 978 1823; x_wconf 79' lang='lat' dir='ltr'><strong>prtcbens</strong></span> <span class='ocrx_word' id='word_1_128' title='bbox 997 1795 1013 1822; x_wconf 90' lang='lat'><strong>,</strong></span> <span class='ocrx_word' id='word_1_129' title='bbox 1038 1756 1188 1811; x_wconf 90' lang='lat' dir='ltr'><strong>ambo</strong></span> <span class='ocrx_word' id='word_1_130' title='bbox 1215 1757 1270 1812; x_wconf 89' lang='lat' dir='ltr'><strong>in</strong></span> <span class='ocrx_word' id='word_1_131' title='bbox 1300 1759 1500 1827; x_wconf 78' lang='lat' dir='ltr'><strong>foueam</strong></span> <span class='ocrx_word' id='word_1_132' title='bbox 1521 1757 1717 1812; x_wconf 83' lang='lat' dir='ltr'><strong>cadunt</strong></span> 
     </span>
    </p>
   </div>
   <div class='ocr_carea' id='block_1_19' title="bbox 1823 523 3425 600">
    <p class='ocr_par' dir='ltr' id='par_1_19' title="bbox 1823 523 3425 600">
     <span class='ocr_line' id='line_1_19' title="bbox 1823 523 3425 600; baseline -0.003 -14"><span class='ocrx_word' id='word_1_133' title='bbox 1823 529 2030 600; x_wconf 86' lang='lat' dir='ltr'><strong>egredi,</strong></span> <span class='ocrx_word' id='word_1_134' title='bbox 2050 543 2117 584; x_wconf 90' lang='lat' dir='ltr'><strong>ne</strong></span> <span class='ocrx_word' id='word_1_135' title='bbox 2133 543 2226 598; x_wconf 84' lang='lat' dir='ltr'><strong>per</strong></span> <span class='ocrx_word' id='word_1_136' title='bbox 2247 527 2494 583; x_wconf 85' lang='lat' dir='ltr'><strong>eamdem</strong></span> <span class='ocrx_word' id='word_1_137' title='bbox 2509 527 2770 598; x_wconf 75' lang='lat' dir='ltr'><strong>linguam,</strong></span> <span class='ocrx_word' id='word_1_138' title='bbox 2785 539 2881 598; x_wconf 86' lang='lat' dir='ltr'><strong>per</strong></span> <span class='ocrx_word' id='word_1_139' title='bbox 2897 541 3058 596; x_wconf 89' lang='lat' dir='ltr'><strong>quam</strong></span> <span class='ocrx_word' id='word_1_140' title='bbox 3081 523 3223 582; x_wconf 77' lang='lat' dir='ltr'><strong>Deus</strong></span> <span class='ocrx_word' id='word_1_141' title='bbox 3237 523 3425 581; x_wconf 84' lang='lat' dir='ltr'><strong>lauda—</strong></span> 
     </span>
    </p>
   </div>
   <div class='ocr_carea' id='block_1_20' title="bbox 1823 616 3423 692">
    <p class='ocr_par' dir='ltr' id='par_1_20' title="bbox 1823 616 3423 692">
     <span class='ocr_line' id='line_1_20' title="bbox 1823 616 3423 692; baseline -0.003 -13"><span class='ocrx_word' id='word_1_142' title='bbox 1823 633 1931 689; x_wconf 90' lang='lat' dir='ltr'><strong>tur,</strong></span> <span class='ocrx_word' id='word_1_143' title='bbox 1959 623 2125 679; x_wconf 90' lang='lat' dir='ltr'><strong>bomo</strong></span> <span class='ocrx_word' id='word_1_144' title='bbox 2151 620 2540 687; x_wconf 79' lang='lat' dir='ltr'><strong>maledicatur;</strong></span> <span class='ocrx_word' id='word_1_145' title='bbox 2568 621 2693 692; x_wconf 89' lang='lat' dir='ltr'><strong>quia</strong></span> <span class='ocrx_word' id='word_1_146' title='bbox 2719 636 2827 676; x_wconf 93' lang='lat' dir='ltr'><strong>non</strong></span> <span class='ocrx_word' id='word_1_147' title='bbox 2859 628 3040 690; x_wconf 88' lang='lat' dir='ltr'><strong>potest</strong></span> <span class='ocrx_word' id='word_1_148' title='bbox 3062 618 3130 674; x_wconf 86' lang='lat' dir='ltr'><strong>de</strong></span> <span class='ocrx_word' id='word_1_149' title='bbox 3155 632 3260 673; x_wconf 90' lang='lat' dir='ltr'><strong>uno</strong></span> <span class='ocrx_word' id='word_1_150' title='bbox 3274 616 3423 674; x_wconf 86' lang='lat' dir='ltr'><strong>fonte</strong></span> 
     </span>
    </p>
   </div>
   <div class='ocr_carea' id='block_1_21' title="bbox 1823 713 3425 786">
    <p class='ocr_par' dir='ltr' id='par_1_21' title="bbox 1823 713 3425 786">
     <span class='ocr_line' id='line_1_21' title="bbox 1823 713 3425 786; baseline -0.004 -10"><span class='ocrx_word' id='word_1_151' title='bbox 1823 719 2036 776; x_wconf 89' lang='lat' dir='ltr'><strong>dulcem</strong></span> <span class='ocrx_word' id='word_1_152' title='bbox 2060 727 2112 774; x_wconf 90' lang='lat' dir='ltr'><strong>et</strong></span> <span class='ocrx_word' id='word_1_153' title='bbox 2141 729 2380 774; x_wconf 86' lang='lat' dir='ltr'><strong>amaram</strong></span> <span class='ocrx_word' id='word_1_154' title='bbox 2416 715 2715 786; x_wconf 88' lang='lat' dir='ltr'><strong>producere</strong></span> <span class='ocrx_word' id='word_1_155' title='bbox 2744 730 2963 783; x_wconf 87' lang='lat' dir='ltr'><strong>aquam.</strong></span> <span class='ocrx_word' id='word_1_156' title='bbox 2997 714 3268 784; x_wconf 83' lang='lat' dir='ltr'><strong>Deinceps</strong></span> <span class='ocrx_word' id='word_1_157' title='bbox 3295 713 3425 770; x_wconf 56' lang='lat' dir='ltr'><strong>sub.</strong></span> 
     </span>
    </p>
   </div>
   <div class='ocr_carea' id='block_1_22' title="bbox 1822 805 3422 880">
    <p class='ocr_par' dir='ltr' id='par_1_22' title="bbox 1822 805 3422 880">
     <span class='ocr_line' id='line_1_22' title="bbox 1822 805 3422 880; baseline -0.003 -11"><span class='ocrx_word' id='word_1_158' title='bbox 1822 823 2042 869; x_wconf 88' lang='lat' dir='ltr'><strong>secutus</strong></span> <span class='ocrx_word' id='word_1_159' title='bbox 2075 821 2158 868; x_wconf 90' lang='lat' dir='ltr'><strong>est</strong></span> <span class='ocrx_word' id='word_1_160' title='bbox 2176 810 2365 867; x_wconf 89' lang='lat' dir='ltr'><strong>dicens</strong></span> <span class='ocrx_word' id='word_1_161' title='bbox 2391 829 2404 863; x_wconf 86' lang='lat'><strong>:</strong></span> <span class='ocrx_word' id='word_1_162' title='bbox 2426 809 2546 865; x_wconf 85' lang='lat' dir='ltr'><strong>Non</strong></span> <span class='ocrx_word' id='word_1_163' title='bbox 2564 809 2812 876; x_wconf 81' lang='lat' dir='ltr'><strong>cupidum</strong></span> <span class='ocrx_word' id='word_1_164' title='bbox 2831 807 3116 880; x_wconf 86' lang='lat' dir='ltr'><strong>(lbid.),id</strong></span> <span class='ocrx_word' id='word_1_165' title='bbox 3143 817 3252 874; x_wconf 89' lang='lat' dir='ltr'><strong>est,</strong></span> <span class='ocrx_word' id='word_1_166' title='bbox 3276 805 3422 864; x_wconf 60' lang='lat' dir='ltr'><strong>(non</strong></span> 
     </span>
    </p>
   </div>
   <div class='ocr_carea' id='block_1_23' title="bbox 1824 902 3422 976">
    <p class='ocr_par' dir='ltr' id='par_1_23' title="bbox 1824 902 3422 976">
     <span class='ocr_line' id='line_1_23' title="bbox 1824 902 3422 976; baseline -0.003 -14"><span class='ocrx_word' id='word_1_167' title='bbox 1824 907 1998 976; x_wconf 87' lang='lat' dir='ltr'><strong>turpis</strong></span> <span class='ocrx_word' id='word_1_168' title='bbox 2025 907 2158 961; x_wconf 87' lang='lat' dir='ltr'><strong>lucri</strong></span> <span class='ocrx_word' id='word_1_169' title='bbox 2184 903 2441 975; x_wconf 87' lang='lat' dir='ltr'><strong>cupidum</strong></span> <span class='ocrx_word' id='word_1_170' title='bbox 2471 923 2483 958; x_wconf 85' lang='lat'>:</span> <span class='ocrx_word' id='word_1_171' title='bbox 2516 920 2583 959; x_wconf 90' lang='lat' dir='ltr'><strong>ne</strong></span> <span class='ocrx_word' id='word_1_172' title='bbox 2614 904 2748 959; x_wconf 90' lang='lat' dir='ltr'><strong>lucri</strong></span> <span class='ocrx_word' id='word_1_173' title='bbox 2778 902 3078 974; x_wconf 77' lang='lat' dir='ltr'><strong>cupiditate</strong></span> <span class='ocrx_word' id='word_1_174' title='bbox 3125 902 3422 974; x_wconf 85' lang='lat' dir='ltr'><strong>episcopus</strong></span> 
     </span>
    </p>
   </div>
   <div class='ocr_carea' id='block_1_24' title="bbox 1824 995 3426 1066">
    <p class='ocr_par' dir='ltr' id='par_1_24' title="bbox 1824 995 3426 1066">
     <span class='ocr_line' id='line_1_24' title="bbox 1824 995 3426 1066; baseline -0.002 -12"><span class='ocrx_word' id='word_1_175' title='bbox 1824 1006 2074 1056; x_wconf 77' lang='lat' dir='ltr'><strong>teneatur</strong></span> <span class='ocrx_word' id='word_1_176' title='bbox 2114 998 2411 1063; x_wconf 89' lang='lat' dir='ltr'><strong>obnoxius,</strong></span> <span class='ocrx_word' id='word_1_177' title='bbox 2451 1004 2508 1052; x_wconf 88' lang='lat' dir='ltr'><strong>et</strong></span> <span class='ocrx_word' id='word_1_178' title='bbox 2562 996 2770 1051; x_wconf 86' lang='lat' dir='ltr'><strong>nutriat</strong></span> <span class='ocrx_word' id='word_1_179' title='bbox 2813 995 3103 1051; x_wconf 88' lang='lat' dir='ltr'><strong>avaritiam</strong></span> <span class='ocrx_word' id='word_1_180' title='bbox 3128 1037 3145 1063; x_wconf 93' lang='lat'><strong>,</strong></span> <span class='ocrx_word' id='word_1_181' title='bbox 3190 1011 3314 1066; x_wconf 71' lang='lat' dir='ltr'><strong>quae</strong></span> <span class='ocrx_word' id='word_1_182' title='bbox 3341 1003 3426 1052; x_wconf 84' lang='lat' dir='ltr'><strong>est</strong></span> 
     </span>
    </p>
   </div>
   <div class='ocr_carea' id='block_1_25' title="bbox 1823 1089 3425 1164">
    <p class='ocr_par' dir='ltr' id='par_1_25' title="bbox 1823 1089 3425 1164">
     <span class='ocr_line' id='line_1_25' title="bbox 1823 1089 3425 1164; baseline -0.002 -15"><span class='ocrx_word' id='word_1_183' title='bbox 1823 1093 1977 1150; x_wconf 79' lang='lat' dir='ltr'><strong>radix</strong></span> <span class='ocrx_word' id='word_1_184' title='bbox 2010 1092 2251 1148; x_wconf 88' lang='lat' dir='ltr'><strong>omnium</strong></span> <span class='ocrx_word' id='word_1_185' title='bbox 2284 1092 2553 1148; x_wconf 86' lang='lat' dir='ltr'><strong>malorum</strong></span> <span class='ocrx_word' id='word_1_186' title='bbox 2586 1091 2630 1164; x_wconf 92' lang='lat' dir='ltr'><strong>(l</strong></span> <span class='ocrx_word' id='word_1_187' title='bbox 2658 1089 2791 1146; x_wconf 86' lang='lat' dir='ltr'><strong>Tim.</strong></span> <span class='ocrx_word' id='word_1_188' title='bbox 2820 1089 3049 1163; x_wconf 72' lang='grc' dir='ltr'><strong>νι,10,).</strong></span> <span class='ocrx_word' id='word_1_189' title='bbox 3075 1090 3177 1160; x_wconf 83' lang='lat' dir='ltr'><strong>Qui</strong></span> <span class='ocrx_word' id='word_1_190' title='bbox 3209 1092 3425 1162; x_wconf 85' lang='lat' dir='ltr'><strong>stipen-</strong></span> 
     </span>
    </p>
   </div>
   <div class='ocr_carea' id='block_1_26' title="bbox 1821 1184 3425 1255">
    <p class='ocr_par' dir='ltr' id='par_1_26' title="bbox 1821 1184 3425 1255">
     <span class='ocr_line' id='line_1_26' title="bbox 1821 1184 3425 1255; baseline -0.002 -11"><span class='ocrx_word' id='word_1_191' title='bbox 1821 1187 1928 1244; x_wconf 88' lang='lat' dir='ltr'><strong>diis</strong></span> <span class='ocrx_word' id='word_1_192' title='bbox 1979 1196 2190 1243; x_wconf 91' lang='lat' dir='ltr'><strong>tantum</strong></span> <span class='ocrx_word' id='word_1_193' title='bbox 2230 1194 2521 1241; x_wconf 88' lang='lat' dir='ltr'><strong>contentus</strong></span> <span class='ocrx_word' id='word_1_194' title='bbox 2569 1184 2818 1242; x_wconf 64' lang='lat' dir='ltr'><strong>ecclesiae</strong></span> <span class='ocrx_word' id='word_1_195' title='bbox 2856 1199 3006 1251; x_wconf 76' lang='lat' dir='ltr'><strong>sum,</strong></span> <span class='ocrx_word' id='word_1_196' title='bbox 3056 1185 3274 1255; x_wconf 82' lang='lat' dir='ltr'><strong>penitus</strong></span> <span class='ocrx_word' id='word_1_197' title='bbox 3314 1199 3425 1241; x_wconf 91' lang='lat' dir='ltr'><strong>non</strong></span> 
     </span>
    </p>
   </div>
   <div class='ocr_carea' id='block_1_27' title="bbox 1822 1277 3426 1352">
    <p class='ocr_par' dir='ltr' id='par_1_27' title="bbox 1822 1277 3426 1352">
     <span class='ocr_line' id='line_1_27' title="bbox 1822 1277 3426 1352; baseline -0.002 -15"><span class='ocrx_word' id='word_1_198' title='bbox 1822 1283 2050 1351; x_wconf 86' lang='lat' dir='ltr'><strong>ambiat,</strong></span> <span class='ocrx_word' id='word_1_199' title='bbox 2086 1298 2204 1352; x_wconf 76' lang='lat' dir='ltr'><strong>qua:</strong></span> <span class='ocrx_word' id='word_1_200' title='bbox 2232 1281 2486 1351; x_wconf 80' lang='lat' dir='ltr'><strong>intelligit</strong></span> <span class='ocrx_word' id='word_1_201' title='bbox 2531 1295 2654 1336; x_wconf 89' lang='lat' dir='ltr'><strong>esse</strong></span> <span class='ocrx_word' id='word_1_202' title='bbox 2690 1277 3010 1350; x_wconf 79' lang='lat' dir='ltr'><strong>superﬂua:</strong></span> <span class='ocrx_word' id='word_1_203' title='bbox 3055 1279 3156 1334; x_wconf 85' lang='lat' dir='ltr'><strong>sed</strong></span> <span class='ocrx_word' id='word_1_204' title='bbox 3199 1279 3269 1335; x_wconf 90' lang='lat' dir='ltr'><strong>de</strong></span> <span class='ocrx_word' id='word_1_205' title='bbox 3307 1279 3426 1349; x_wconf 83' lang='lat' dir='ltr'><strong>ipsa</strong></span> 
     </span>
    </p>
   </div>
   <div class='ocr_carea' id='block_1_28' title="bbox 1821 1371 3424 1452">
    <p class='ocr_par' dir='ltr' id='par_1_28' title="bbox 1821 1371 3424 1452">
     <span class='ocr_line' id='line_1_28' title="bbox 1821 1371 3424 1452; baseline -0.004 -17"><span class='ocrx_word' id='word_1_206' title='bbox 1821 1382 2003 1452; x_wconf 90' lang='lat' dir='ltr'><strong>potius</strong></span> <span class='ocrx_word' id='word_1_207' title='bbox 2049 1386 2370 1449; x_wconf 83' lang='lat' dir='ltr'><strong>paupertate</strong></span> <span class='ocrx_word' id='word_1_208' title='bbox 2410 1373 2658 1432; x_wconf 69' lang='lat' dir='ltr'><strong>ecclesiae</strong></span> <span class='ocrx_word' id='word_1_209' title='bbox 2710 1388 2826 1430; x_wconf 72' lang='lat' dir='ltr'><strong>sum</strong></span> <span class='ocrx_word' id='word_1_210' title='bbox 2856 1374 3092 1429; x_wconf 87' lang='lat' dir='ltr'><strong>libenter</strong></span> <span class='ocrx_word' id='word_1_211' title='bbox 3139 1371 3424 1442; x_wconf 88' lang='lat' dir='ltr'><strong>impertiat</strong></span> 
     </span>
    </p>
   </div>
   <div class='ocr_carea' id='block_1_29' title="bbox 1820 1467 3424 1548">
    <p class='ocr_par' dir='ltr' id='par_1_29' title="bbox 1820 1467 3424 1548">
     <span class='ocr_line' id='line_1_29' title="bbox 1820 1467 3424 1548; baseline -0.003 -18"><span class='ocrx_word' id='word_1_212' title='bbox 1820 1475 2152 1548; x_wconf 85' lang='lat' dir='ltr'><strong>pauperibus</strong></span> <span class='ocrx_word' id='word_1_213' title='bbox 2182 1473 2420 1535; x_wconf 87' lang='lat' dir='ltr'><strong>Christi,</strong></span> <span class='ocrx_word' id='word_1_214' title='bbox 2445 1471 2589 1528; x_wconf 88' lang='lat' dir='ltr'><strong>sicut</strong></span> <span class='ocrx_word' id='word_1_215' title='bbox 2614 1471 2877 1541; x_wconf 88' lang='lat' dir='ltr'><strong>scriptum</strong></span> <span class='ocrx_word' id='word_1_216' title='bbox 2903 1480 3024 1525; x_wconf 89' lang='lat' dir='ltr'><strong>est:</strong></span> <span class='ocrx_word' id='word_1_217' title='bbox 3054 1467 3295 1524; x_wconf 84' lang='lat' dir='ltr'><strong>Hilarem</strong></span> <span class='ocrx_word' id='word_1_218' title='bbox 3325 1469 3424 1525; x_wconf 77' lang='lat' dir='ltr'><strong>da-</strong></span> 
     </span>
    </p>
   </div>
   <div class='ocr_carea' id='block_1_30' title="bbox 1821 1560 3426 1640">
    <p class='ocr_par' dir='ltr' id='par_1_30' title="bbox 1821 1560 3426 1640">
     <span class='ocr_line' id='line_1_30' title="bbox 1821 1560 3426 1640; baseline -0.004 -17"><span class='ocrx_word' id='word_1_219' title='bbox 1821 1578 1980 1624; x_wconf 83' lang='lat' dir='ltr'><strong>torem</strong></span> <span class='ocrx_word' id='word_1_220' title='bbox 2002 1567 2172 1640; x_wconf 76' lang='lat' dir='ltr'><strong>diligit</strong></span> <span class='ocrx_word' id='word_1_221' title='bbox 2201 1565 2342 1621; x_wconf 91' lang='lat' dir='ltr'><strong>Deus</strong></span> <span class='ocrx_word' id='word_1_222' title='bbox 2371 1563 2440 1637; x_wconf 86' lang='lat' dir='ltr'><strong>(ll</strong></span> <span class='ocrx_word' id='word_1_223' title='bbox 2463 1562 2587 1620; x_wconf 85' lang='lat' dir='ltr'><strong>Cor.</strong></span> <span class='ocrx_word' id='word_1_224' title='bbox 2609 1579 2665 1618; x_wconf 84' lang='lat' dir='ltr'><strong>tx</strong></span> <span class='ocrx_word' id='word_1_225' title='bbox 2687 1605 2702 1630; x_wconf 93' lang='lat'><strong>,</strong></span> <span class='ocrx_word' id='word_1_226' title='bbox 2732 1561 2843 1634; x_wconf 79' lang='lat'><strong>6);</strong></span> <span class='ocrx_word' id='word_1_227' title='bbox 2873 1573 2896 1611; x_wconf 75' lang='lat'><strong>8</strong></span> <span class='ocrx_word' id='word_1_228' title='bbox 2919 1571 2975 1618; x_wconf 90' lang='lat' dir='ltr'><strong>et</strong></span> <span class='ocrx_word' id='word_1_229' title='bbox 2998 1561 3127 1617; x_wconf 85' lang='lat' dir='ltr'><strong>alibi</strong></span> <span class='ocrx_word' id='word_1_230' title='bbox 3159 1579 3172 1616; x_wconf 90' lang='lat'><strong>:</strong></span> <span class='ocrx_word' id='word_1_231' title='bbox 3203 1560 3426 1629; x_wconf 80' lang='lat' dir='ltr'><strong>Disper-</strong></span> 
     </span>
    </p>
   </div>
   <div class='ocr_carea' id='block_1_31' title="bbox 1819 1656 3420 1733">
    <p class='ocr_par' dir='ltr' id='par_1_31' title="bbox 1819 1656 3420 1733">
     <span class='ocr_line' id='line_1_31' title="bbox 1819 1656 3420 1733; baseline -0.006 -15"><span class='ocrx_word' id='word_1_232' title='bbox 1819 1663 1884 1718; x_wconf 85' lang='lat' dir='ltr'><strong>sit</strong></span> <span class='ocrx_word' id='word_1_233' title='bbox 1903 1701 1921 1730; x_wconf 89' lang='lat'><strong>,</strong></span> <span class='ocrx_word' id='word_1_234' title='bbox 1943 1661 2081 1715; x_wconf 83' lang='lat' dir='ltr'><strong>dedit</strong></span> <span class='ocrx_word' id='word_1_235' title='bbox 2111 1660 2450 1732; x_wconf 79' lang='lat' dir='ltr'><strong>pauperibus,</strong></span> <span class='ocrx_word' id='word_1_236' title='bbox 2467 1658 2679 1733; x_wconf 81' lang='lat' dir='ltr'><strong>justitia</strong></span> <span class='ocrx_word' id='word_1_237' title='bbox 2703 1659 2816 1730; x_wconf 82' lang='lat' dir='ltr'><strong>ejus</strong></span> <span class='ocrx_word' id='word_1_238' title='bbox 2846 1666 3020 1712; x_wconf 89' lang='lat' dir='ltr'><strong>manet</strong></span> <span class='ocrx_word' id='word_1_239' title='bbox 3067 1657 3123 1710; x_wconf 86' lang='lat' dir='ltr'><strong>in</strong></span> <span class='ocrx_word' id='word_1_240' title='bbox 3166 1656 3420 1710; x_wconf 68' lang='lat' dir='ltr'><strong>secutum</strong></span> 
     </span>
    </p>
   </div>
   <div class='ocr_carea' id='block_1_32' title="bbox 1819 1745 3418 1825">
    <p class='ocr_par' dir='ltr' id='par_1_32' title="bbox 1819 1745 3418 1825">
     <span class='ocr_line' id='line_1_32' title="bbox 1819 1745 3418 1825; baseline -0.006 -14"><span class='ocrx_word' id='word_1_241' title='bbox 1819 1756 1998 1813; x_wconf 65' lang='lat' dir='ltr'><strong>seculi</strong></span> <span class='ocrx_word' id='word_1_242' title='bbox 2021 1771 2039 1810; x_wconf 90' lang='lat'><strong><em>:</em></strong></span> <span class='ocrx_word' id='word_1_243' title='bbox 2061 1771 2219 1810; x_wconf 85' lang='lat' dir='ltr'><strong>cornu</strong></span> <span class='ocrx_word' id='word_1_244' title='bbox 2245 1755 2356 1825; x_wconf 88' lang='lat' dir='ltr'><strong>ejus</strong></span> <span class='ocrx_word' id='word_1_245' title='bbox 2383 1752 2692 1810; x_wconf 69' lang='lat' dir='ltr'><strong>esaltabitur</strong></span> <span class='ocrx_word' id='word_1_246' title='bbox 2713 1753 2767 1807; x_wconf 90' lang='lat' dir='ltr'><strong>in</strong></span> <span class='ocrx_word' id='word_1_247' title='bbox 2794 1750 2961 1822; x_wconf 83' lang='lat' dir='ltr'><strong>gloria</strong></span> <span class='ocrx_word' id='word_1_248' title='bbox 2983 1748 3161 1818; x_wconf 87' lang='lat' dir='ltr'><strong>(Psal.</strong></span> <span class='ocrx_word' id='word_1_249' title='bbox 3187 1761 3273 1804; x_wconf 78' lang='lat' dir='ltr'><strong>cst</strong></span> <span class='ocrx_word' id='word_1_250' title='bbox 3301 1789 3315 1813; x_wconf 91' lang='lat'><strong>,</strong></span> <span class='ocrx_word' id='word_1_251' title='bbox 3338 1745 3418 1820; x_wconf 88' lang='lat'><strong>9).</strong></span> 
     </span>
    </p>
   </div>
   <div class='ocr_carea' id='block_1_33' title="bbox 115 1839 3422 1930">
    <p class='ocr_par' dir='ltr' id='par_1_33' title="bbox 115 1839 3422 1930">
     <span class='ocr_line' id='line_1_33' title="bbox 115 1839 3422 1930; baseline 0 -35"><span class='ocrx_word' id='word_1_252' title='bbox 115 1839 335 1910; x_wconf 75' lang='lat' dir='ltr'><strong>(Matth.</strong></span> <span class='ocrx_word' id='word_1_253' title='bbox 372 1861 465 1911; x_wconf 82' lang='lat' dir='ltr'><strong>xv,</strong></span> <span class='ocrx_word' id='word_1_254' title='bbox 497 1845 563 1904; x_wconf 75' lang='grc'><strong>14</strong></span> <span class='ocrx_word' id='word_1_255' title='bbox 586 1847 627 1920; x_wconf 92' lang='grc'><strong>).</strong></span> <span class='ocrx_word' id='word_1_256' title='bbox 679 1847 782 1930; x_wconf 81' lang='lat' dir='ltr'><strong>Qui</strong></span> <span class='ocrx_word' id='word_1_257' title='bbox 811 1864 942 1906; x_wconf 87' lang='lat' dir='ltr'><strong>vero</strong></span> <span class='ocrx_word' id='word_1_258' title='bbox 974 1850 1136 1908; x_wconf 86' lang='lat' dir='ltr'><strong>talem</strong></span> <span class='ocrx_word' id='word_1_259' title='bbox 1183 1865 1279 1918; x_wconf 88' lang='lat' dir='ltr'><strong>se,</strong></span> <span class='ocrx_word' id='word_1_260' title='bbox 1327 1862 1384 1907; x_wconf 93' lang='lat' dir='ltr'><strong>ut</strong></span> <span class='ocrx_word' id='word_1_261' title='bbox 1427 1851 1664 1908; x_wconf 78' lang='lat' dir='ltr'><strong>diximus</strong></span> <span class='ocrx_word' id='word_1_262' title='bbox 1689 1892 1705 1917; x_wconf 95' lang='lat'><strong>,</strong></span> <span class='ocrx_word' id='word_1_263' title='bbox 1740 1857 1785 1919; x_wconf 79' lang='grc' dir='ltr'><strong><em>Β</em></strong></span> <span class='ocrx_word' id='word_1_264' title='bbox 1815 1852 1880 1908; x_wconf 85' lang='lat' dir='ltr'><strong>Et</strong></span> <span class='ocrx_word' id='word_1_265' title='bbox 1903 1851 2196 1908; x_wconf 89' lang='lat' dir='ltr'><strong>connexuit</strong></span> <span class='ocrx_word' id='word_1_266' title='bbox 2217 1849 2603 1919; x_wconf 80' lang='lat' dir='ltr'><strong>subsequentia</strong></span> <span class='ocrx_word' id='word_1_267' title='bbox 2630 1888 2647 1915; x_wconf 92' lang='lat'><strong>,</strong></span> <span class='ocrx_word' id='word_1_268' title='bbox 2676 1847 2868 1903; x_wconf 84' lang='lat' dir='ltr'><strong>dicens</strong></span> <span class='ocrx_word' id='word_1_269' title='bbox 2899 1863 2913 1900; x_wconf 87' lang='lat'><strong>:</strong></span> <span class='ocrx_word' id='word_1_270' title='bbox 2949 1846 3049 1913; x_wconf 84' lang='lat' dir='ltr'><strong>Qui</strong></span> <span class='ocrx_word' id='word_1_271' title='bbox 3092 1846 3218 1899; x_wconf 87' lang='lat' dir='ltr'><strong>sciat</strong></span> <span class='ocrx_word' id='word_1_272' title='bbox 3243 1843 3422 1898; x_wconf 83' lang='lat' dir='ltr'><strong>domui</strong></span> 
     </span>
    </p>
   </div>
   <div class='ocr_carea' id='block_1_34' title="bbox 112 1939 1714 2018">
    <p class='ocr_par' dir='ltr' id='par_1_34' title="bbox 112 1939 1714 2018">
     <span class='ocr_line' id='line_1_34' title="bbox 112 1939 1714 2018; baseline 0.006 -28"><span class='ocrx_word' id='word_1_273' title='bbox 112 1950 232 1993; x_wconf 88' lang='lat' dir='ltr'><strong>esse</strong></span> <span class='ocrx_word' id='word_1_274' title='bbox 264 1939 511 2009; x_wconf 89' lang='lat' dir='ltr'><strong>ignorat,</strong></span> <span class='ocrx_word' id='word_1_275' title='bbox 536 1943 901 2002; x_wconf 81' lang='lat' dir='ltr'><strong>sacerdotium</strong></span> <span class='ocrx_word' id='word_1_276' title='bbox 931 1945 1151 2004; x_wconf 88' lang='lat' dir='ltr'><strong>minime</strong></span> <span class='ocrx_word' id='word_1_277' title='bbox 1186 1955 1436 2018; x_wconf 87' lang='lat' dir='ltr'><strong>appetat,</strong></span> <span class='ocrx_word' id='word_1_278' title='bbox 1485 1961 1587 2003; x_wconf 90' lang='lat' dir='ltr'><strong>nec</strong></span> <span class='ocrx_word' id='word_1_279' title='bbox 1634 1947 1714 2002; x_wconf 87' lang='lat' dir='ltr'><strong>lo-</strong></span> 
     </span>
    </p>
   </div>
   <div class='ocr_carea' id='block_1_35' title="bbox 111 2032 1712 2111">
    <p class='ocr_par' dir='ltr' id='par_1_35' title="bbox 111 2032 1712 2111">
     <span class='ocr_line' id='line_1_35' title="bbox 111 2032 1712 2111; baseline 0.009 -28"><span class='ocrx_word' id='word_1_280' title='bbox 111 2043 230 2084; x_wconf 91' lang='lat' dir='ltr'><strong>cum</strong></span> <span class='ocrx_word' id='word_1_281' title='bbox 261 2041 286 2069; x_wconf 80' lang='grc' dir='ltr'><strong>ο</strong></span> <span class='ocrx_word' id='word_1_282' title='bbox 315 2032 542 2089; x_wconf 86' lang='lat' dir='ltr'><strong>alterius</strong></span> <span class='ocrx_word' id='word_1_283' title='bbox 572 2049 836 2107; x_wconf 87' lang='lat' dir='ltr'><strong>usurpare</strong></span> <span class='ocrx_word' id='word_1_284' title='bbox 860 2049 1187 2110; x_wconf 65' lang='lat' dir='ltr'><strong>praesumat,</strong></span> <span class='ocrx_word' id='word_1_285' title='bbox 1231 2041 1532 2111; x_wconf 84' lang='lat' dir='ltr'><strong>pra-sertim</strong></span> <span class='ocrx_word' id='word_1_286' title='bbox 1564 2039 1712 2097; x_wconf 89' lang='lat' dir='ltr'><strong>illius</strong></span> 
     </span>
    </p>
   </div>
   <div class='ocr_carea' id='block_1_36' title="bbox 110 2122 1710 2204">
    <p class='ocr_par' dir='ltr' id='par_1_36' title="bbox 110 2122 1710 2204">
     <span class='ocr_line' id='line_1_36' title="bbox 110 2122 1710 2204; baseline 0.008 -28"><span class='ocrx_word' id='word_1_287' title='bbox 110 2123 199 2191; x_wconf 86' lang='lat' dir='ltr'><strong>qui</strong></span> <span class='ocrx_word' id='word_1_288' title='bbox 233 2122 449 2196; x_wconf 80' lang='lat' dir='ltr'><strong>fulgore</strong></span> <span class='ocrx_word' id='word_1_289' title='bbox 474 2141 586 2185; x_wconf 71' lang='lat' dir='ltr'><strong>suae</strong></span> <span class='ocrx_word' id='word_1_290' title='bbox 614 2129 896 2199; x_wconf 67' lang='lat' dir='ltr'><strong>sapientiae</strong></span> <span class='ocrx_word' id='word_1_291' title='bbox 943 2132 1266 2202; x_wconf 90' lang='lat' dir='ltr'><strong>populorum</strong></span> <span class='ocrx_word' id='word_1_292' title='bbox 1318 2142 1497 2204; x_wconf 87' lang='lat' dir='ltr'><strong>potest</strong></span> <span class='ocrx_word' id='word_1_293' title='bbox 1544 2133 1710 2190; x_wconf 91' lang='lat' dir='ltr'><strong>corda</strong></span> 
     </span>
    </p>
   </div>
   <div class='ocr_carea' id='block_1_37' title="bbox 113 2214 1704 2298">
    <p class='ocr_par' dir='ltr' id='par_1_37' title="bbox 113 2214 1704 2298">
     <span class='ocr_line' id='line_1_37' title="bbox 113 2214 1704 2298; baseline 0.009 -32"><span class='ocrx_word' id='word_1_294' title='bbox 113 2214 373 2275; x_wconf 76' lang='lat' dir='ltr'><strong>lustrare.</strong></span> <span class='ocrx_word' id='word_1_295' title='bbox 406 2217 770 2290; x_wconf 82' lang='lat' dir='ltr'><strong>Subjunxitet</strong></span> <span class='ocrx_word' id='word_1_296' title='bbox 795 2223 869 2278; x_wconf 91' lang='lat' dir='ltr'><strong>ait</strong></span> <span class='ocrx_word' id='word_1_297' title='bbox 897 2241 910 2277; x_wconf 87' lang='lat'>:</span> <span class='ocrx_word' id='word_1_298' title='bbox 960 2221 1084 2279; x_wconf 87' lang='lat' dir='ltr'><strong>Non</strong></span> <span class='ocrx_word' id='word_1_299' title='bbox 1115 2225 1431 2280; x_wconf 75' lang='lat' dir='ltr'><strong>vinolentum</strong></span> <span class='ocrx_word' id='word_1_300' title='bbox 1477 2225 1539 2298; x_wconf 91' lang='lat' dir='ltr'><strong>(l</strong></span> <span class='ocrx_word' id='word_1_301' title='bbox 1570 2225 1704 2282; x_wconf 81' lang='lat' dir='ltr'><strong>Tim.</strong></span> 
     </span>
    </p>
   </div>
   <div class='ocr_carea' id='block_1_38' title="bbox 106 2307 1709 2386">
    <p class='ocr_par' dir='ltr' id='par_1_38' title="bbox 106 2307 1709 2386">
     <span class='ocr_line' id='line_1_38' title="bbox 106 2307 1709 2386; baseline 0.008 -24"><span class='ocrx_word' id='word_1_302' title='bbox 106 2323 204 2376; x_wconf 82' lang='grc' dir='ltr'>ιιι,</span> <span class='ocrx_word' id='word_1_303' title='bbox 241 2307 363 2380; x_wconf 78' lang='grc'><strong>5),</strong></span> <span class='ocrx_word' id='word_1_304' title='bbox 397 2309 501 2368; x_wconf 86' lang='lat' dir='ltr'><strong>hoc</strong></span> <span class='ocrx_word' id='word_1_305' title='bbox 545 2323 667 2380; x_wconf 92' lang='lat' dir='ltr'><strong>est,</strong></span> <span class='ocrx_word' id='word_1_306' title='bbox 697 2330 807 2372; x_wconf 89' lang='lat' dir='ltr'><strong>non</strong></span> <span class='ocrx_word' id='word_1_307' title='bbox 850 2316 1025 2373; x_wconf 88' lang='lat' dir='ltr'><strong>multo</strong></span> <span class='ocrx_word' id='word_1_308' title='bbox 1074 2317 1200 2373; x_wconf 84' lang='lat' dir='ltr'><strong>vino</strong></span> <span class='ocrx_word' id='word_1_309' title='bbox 1227 2317 1511 2386; x_wconf 90' lang='lat' dir='ltr'><strong>deditum;</strong></span> <span class='ocrx_word' id='word_1_310' title='bbox 1555 2328 1614 2375; x_wconf 94' lang='lat' dir='ltr'><strong>ut</strong></span> <span class='ocrx_word' id='word_1_311' title='bbox 1659 2317 1709 2375; x_wconf 90' lang='lat' dir='ltr'><strong>si</strong></span> 
     </span>
    </p>
   </div>
   <div class='ocr_carea' id='block_1_39' title="bbox 109 2401 1707 2479">
    <p class='ocr_par' dir='ltr' id='par_1_39' title="bbox 109 2401 1707 2479">
     <span class='ocr_line' id='line_1_39' title="bbox 109 2401 1707 2479; baseline 0.007 -24"><span class='ocrx_word' id='word_1_312' title='bbox 109 2401 374 2458; x_wconf 87' lang='lat' dir='ltr'><strong>credatur</strong></span> <span class='ocrx_word' id='word_1_313' title='bbox 403 2404 488 2460; x_wconf 84' lang='lat' dir='ltr'><strong>vel</strong></span> <span class='ocrx_word' id='word_1_314' title='bbox 518 2405 764 2466; x_wconf 80' lang='lat' dir='ltr'><strong>videatur</strong></span> <span class='ocrx_word' id='word_1_315' title='bbox 789 2409 1077 2479; x_wconf 84' lang='lat' dir='ltr'><strong>episcOpus</strong></span> <span class='ocrx_word' id='word_1_316' title='bbox 1101 2449 1117 2476; x_wconf 95' lang='lat'><strong>,</strong></span> <span class='ocrx_word' id='word_1_317' title='bbox 1170 2417 1355 2466; x_wconf 89' lang='lat' dir='ltr'><strong>utrum</strong></span> <span class='ocrx_word' id='word_1_318' title='bbox 1404 2409 1606 2468; x_wconf 75' lang='lat' dir='ltr'><strong>bibet-it</strong></span> <span class='ocrx_word' id='word_1_319' title='bbox 1635 2426 1707 2466; x_wconf 87' lang='lat' dir='ltr'><strong>an</strong></span> 
     </span>
    </p>
   </div>
   <div class='ocr_carea' id='block_1_40' title="bbox 119 2497 1707 2574">
    <p class='ocr_par' dir='ltr' id='par_1_40' title="bbox 119 2497 1707 2574">
     <span class='ocr_line' id='line_1_40' title="bbox 119 2497 1707 2574; baseline 0.009 -26"><span class='ocrx_word' id='word_1_320' title='bbox 119 2509 261 2559; x_wconf 92' lang='lat' dir='ltr'><strong>non,</strong></span> <span class='ocrx_word' id='word_1_321' title='bbox 316 2497 629 2568; x_wconf 71' lang='lat' dir='ltr'><strong>ignoretur;</strong></span> <span class='ocrx_word' id='word_1_322' title='bbox 680 2516 748 2556; x_wconf 89' lang='lat' dir='ltr'><strong>ne</strong></span> <span class='ocrx_word' id='word_1_323' title='bbox 793 2512 914 2572; x_wconf 89' lang='lat' dir='ltr'><strong>post</strong></span> <span class='ocrx_word' id='word_1_324' title='bbox 956 2501 1159 2574; x_wconf 83' lang='lat' dir='ltr'><strong>largam</strong></span> <span class='ocrx_word' id='word_1_325' title='bbox 1212 2506 1545 2574; x_wconf 89' lang='lat' dir='ltr'><strong>potationem</strong></span> <span class='ocrx_word' id='word_1_326' title='bbox 1598 2505 1707 2562; x_wconf 88' lang='lat' dir='ltr'><strong>vini</strong></span> 
     </span>
    </p>
   </div>
   <div class='ocr_carea' id='block_1_41' title="bbox 108 2587 1708 2668">
    <p class='ocr_par' dir='ltr' id='par_1_41' title="bbox 108 2587 1708 2668">
     <span class='ocr_line' id='line_1_41' title="bbox 108 2587 1708 2668; baseline 0.01 -28"><span class='ocrx_word' id='word_1_327' title='bbox 108 2589 404 2644; x_wconf 84' lang='lat' dir='ltr'><strong>mulierum</strong></span> <span class='ocrx_word' id='word_1_328' title='bbox 427 2587 453 2626; x_wconf 72' lang='grc' dir='ltr'>ἀ</span> <span class='ocrx_word' id='word_1_329' title='bbox 487 2590 794 2650; x_wconf 88' lang='lat' dir='ltr'><strong>delectetur</strong></span> <span class='ocrx_word' id='word_1_330' title='bbox 819 2595 1203 2662; x_wconf 88' lang='lat' dir='ltr'><strong>illecebra,nec</strong></span> <span class='ocrx_word' id='word_1_331' title='bbox 1225 2611 1322 2668; x_wconf 89' lang='lat' dir='ltr'><strong>per</strong></span> <span class='ocrx_word' id='word_1_332' title='bbox 1346 2598 1708 2664; x_wconf 89' lang='lat' dir='ltr'><strong>vinum,sicut</strong></span> 
     </span>
    </p>
   </div>
   <div class='ocr_carea' id='block_1_42' title="bbox 104 2681 1702 2762">
    <p class='ocr_par' dir='ltr' id='par_1_42' title="bbox 104 2681 1702 2762">
     <span class='ocr_line' id='line_1_42' title="bbox 104 2681 1702 2762; baseline 0.008 -28"><span class='ocrx_word' id='word_1_333' title='bbox 104 2681 178 2736; x_wconf 90' lang='lat' dir='ltr'><strong>ait</strong></span> <span class='ocrx_word' id='word_1_334' title='bbox 206 2682 506 2750; x_wconf 83' lang='lat' dir='ltr'><strong>Apostolus</strong></span> <span class='ocrx_word' id='word_1_335' title='bbox 527 2726 540 2750; x_wconf 87' lang='lat'><strong>.</strong></span> <span class='ocrx_word' id='word_1_336' title='bbox 584 2687 763 2741; x_wconf 91' lang='lat' dir='ltr'><strong>omnis</strong></span> <span class='ocrx_word' id='word_1_337' title='bbox 806 2689 1078 2745; x_wconf 87' lang='lat' dir='ltr'><strong>nutriatur</strong></span> <span class='ocrx_word' id='word_1_338' title='bbox 1108 2689 1351 2747; x_wconf 89' lang='lat' dir='ltr'><strong>luxuries</strong></span> <span class='ocrx_word' id='word_1_339' title='bbox 1381 2688 1618 2762; x_wconf 67' lang='lat' dir='ltr'><strong>(,‘Ephes.</strong></span> <span class='ocrx_word' id='word_1_340' title='bbox 1652 2708 1702 2759; x_wconf 86' lang='lat' dir='ltr'><strong>v,</strong></span> 
     </span>
    </p>
   </div>
   <div class='ocr_carea' id='block_1_43' title="bbox 110 2774 1704 2858">
    <p class='ocr_par' dir='ltr' id='par_1_43' title="bbox 110 2774 1704 2858">
     <span class='ocr_line' id='line_1_43' title="bbox 110 2774 1704 2858; baseline 0.009 -32"><span class='ocrx_word' id='word_1_341' title='bbox 110 2775 171 2827; x_wconf 82' lang='lat' dir='ltr'><strong>l8</strong></span> <span class='ocrx_word' id='word_1_342' title='bbox 194 2777 238 2844; x_wconf 92' lang='lat'><strong>).</strong></span> <span class='ocrx_word' id='word_1_343' title='bbox 279 2774 511 2832; x_wconf 92' lang='lat' dir='ltr'><strong>Demum</strong></span> <span class='ocrx_word' id='word_1_344' title='bbox 539 2779 892 2852; x_wconf 91' lang='lat' dir='ltr'><strong>subsequitur</strong></span> <span class='ocrx_word' id='word_1_345' title='bbox 920 2782 1111 2838; x_wconf 89' lang='lat' dir='ltr'><strong>dicens</strong></span> <span class='ocrx_word' id='word_1_346' title='bbox 1136 2800 1151 2850; x_wconf 92' lang='lat'><strong>;</strong></span> <span class='ocrx_word' id='word_1_347' title='bbox 1182 2781 1305 2839; x_wconf 83' lang='lat' dir='ltr'><strong>Non</strong></span> <span class='ocrx_word' id='word_1_348' title='bbox 1329 2800 1704 2858; x_wconf 85' lang='lat' dir='ltr'><strong>percussorem,</strong></span> 
     </span>
    </p>
   </div>
   <div class='ocr_carea' id='block_1_44' title="bbox 104 2866 1709 2951">
    <p class='ocr_par' dir='ltr' id='par_1_44' title="bbox 104 2866 1709 2951">
     <span class='ocr_line' id='line_1_44' title="bbox 104 2866 1709 2951; baseline 0.009 -30"><span class='ocrx_word' id='word_1_349' title='bbox 104 2868 189 2922; x_wconf 81' lang='lat' dir='ltr'><strong>sed</strong></span> <span class='ocrx_word' id='word_1_350' title='bbox 223 2866 512 2926; x_wconf 84' lang='lat' dir='ltr'><strong>modestum</strong></span> <span class='ocrx_word' id='word_1_351' title='bbox 541 2873 583 2945; x_wconf 90' lang='lat' dir='ltr'><strong>(l</strong></span> <span class='ocrx_word' id='word_1_352' title='bbox 619 2871 752 2941; x_wconf 85' lang='lat' dir='ltr'><strong>Tim,</strong></span> <span class='ocrx_word' id='word_1_353' title='bbox 786 2891 872 2942; x_wconf 90' lang='grc' dir='ltr'>ιιι,</span> <span class='ocrx_word' id='word_1_354' title='bbox 903 2877 937 2932; x_wconf 80' lang='lat'><strong>5</strong></span> <span class='ocrx_word' id='word_1_355' title='bbox 959 2876 1007 2947; x_wconf 92' lang='lat'><strong>),</strong></span> <span class='ocrx_word' id='word_1_356' title='bbox 1044 2877 1230 2945; x_wconf 83' lang='lat' dir='ltr'><strong>idest,</strong></span> <span class='ocrx_word' id='word_1_357' title='bbox 1273 2894 1464 2935; x_wconf 87' lang='lat' dir='ltr'><strong>manus</strong></span> <span class='ocrx_word' id='word_1_358' title='bbox 1504 2879 1709 2951; x_wconf 88' lang='lat' dir='ltr'><strong>impro-</strong></span> 
     </span>
    </p>
   </div>
   <div class='ocr_carea' id='block_1_45' title="bbox 106 2961 1708 3046">
    <p class='ocr_par' dir='ltr' id='par_1_45' title="bbox 106 2961 1708 3046">
     <span class='ocr_line' id='line_1_45' title="bbox 106 2961 1708 3046; baseline 0.012 -32"><span class='ocrx_word' id='word_1_359' title='bbox 106 2961 195 3016; x_wconf 85' lang='lat' dir='ltr'><strong>ltas</strong></span> <span class='ocrx_word' id='word_1_360' title='bbox 225 2964 296 3018; x_wconf 84' lang='lat' dir='ltr'><strong>ad</strong></span> <span class='ocrx_word' id='word_1_361' title='bbox 321 2965 524 3022; x_wconf 72' lang='lat' dir='ltr'><strong>ctcdetn</strong></span> <span class='ocrx_word' id='word_1_362' title='bbox 551 2985 654 3023; x_wconf 90' lang='lat' dir='ltr'><strong>non</strong></span> <span class='ocrx_word' id='word_1_363' title='bbox 689 2968 921 3037; x_wconf 79' lang='lat' dir='ltr'><strong>habeat,</strong></span> <span class='ocrx_word' id='word_1_364' title='bbox 967 2982 1022 3028; x_wconf 88' lang='lat' dir='ltr'><strong>et</strong></span> <span class='ocrx_word' id='word_1_365' title='bbox 1076 2975 1483 3044; x_wconf 85' lang='lat' dir='ltr'><strong>suspicionibus</strong></span> <span class='ocrx_word' id='word_1_366' title='bbox 1514 2976 1708 3046; x_wconf 81' lang='lat' dir='ltr'><strong>&#39;pravis</strong></span> 
     </span>
    </p>
   </div>
   <div class='ocr_carea' id='block_1_46' title="bbox 104 3056 1707 3140">
    <p class='ocr_par' dir='ltr' id='par_1_46' title="bbox 104 3056 1707 3140">
     <span class='ocr_line' id='line_1_46' title="bbox 104 3056 1707 3140; baseline 0.011 -30"><span class='ocrx_word' id='word_1_367' title='bbox 104 3056 330 3113; x_wconf 89' lang='lat' dir='ltr'><strong>minime</strong></span> <span class='ocrx_word' id='word_1_368' title='bbox 362 3061 628 3130; x_wconf 85' lang='lat' dir='ltr'><strong>percutiat</strong></span> <span class='ocrx_word' id='word_1_369' title='bbox 650 3066 1015 3122; x_wconf 86' lang='lat' dir='ltr'><strong>conscientias</strong></span> <span class='ocrx_word' id='word_1_370' title='bbox 1040 3068 1302 3134; x_wconf 87' lang='lat' dir='ltr'><strong>aliorum;</strong></span> <span class='ocrx_word' id='word_1_371' title='bbox 1335 3085 1402 3124; x_wconf 89' lang='lat' dir='ltr'><strong>ne</strong></span> <span class='ocrx_word' id='word_1_372' title='bbox 1449 3069 1578 3126; x_wconf 91' lang='lat' dir='ltr'><strong>dum</strong></span> <span class='ocrx_word' id='word_1_373' title='bbox 1613 3085 1707 3140; x_wconf 80' lang='lat' dir='ltr'><strong>pc—</strong></span> 
     </span>
    </p>
   </div>
   <div class='ocr_carea' id='block_1_47' title="bbox 107 3149 1701 3236">
    <p class='ocr_par' dir='ltr' id='par_1_47' title="bbox 107 3149 1701 3236">
     <span class='ocr_line' id='line_1_47' title="bbox 107 3149 1701 3236; baseline 0.011 -33"><span class='ocrx_word' id='word_1_374' title='bbox 107 3149 289 3207; x_wconf 85' lang='lat' dir='ltr'><strong>iulans</strong></span> <span class='ocrx_word' id='word_1_375' title='bbox 331 3153 607 3210; x_wconf 80' lang='lat' dir='ltr'><strong>invenitur</strong></span> <span class='ocrx_word' id='word_1_376' title='bbox 651 3157 718 3212; x_wconf 86' lang='lat' dir='ltr'><strong>ad</strong></span> <span class='ocrx_word' id='word_1_377' title='bbox 769 3159 1009 3226; x_wconf 67' lang='lat' dir='ltr'><strong>ca&#39;dem,</strong></span> <span class='ocrx_word' id='word_1_378' title='bbox 1060 3162 1264 3218; x_wconf 87' lang='lat' dir='ltr'><strong>athleta</strong></span> <span class='ocrx_word' id='word_1_379' title='bbox 1319 3165 1492 3235; x_wconf 83' lang='lat' dir='ltr'><strong>magis</strong></span> <span class='ocrx_word' id='word_1_380' title='bbox 1541 3181 1701 3236; x_wconf 84' lang='lat' dir='ltr'><strong>quant</strong></span> 
     </span>
    </p>
   </div>
   <div class='ocr_carea' id='block_1_48' title="bbox 1817 1940 3420 2015">
    <p class='ocr_par' dir='ltr' id='par_1_48' title="bbox 1817 1940 3420 2015">
     <span class='ocr_line' id='line_1_48' title="bbox 1817 1940 3420 2015; baseline -0.005 -13"><span class='ocrx_word' id='word_1_381' title='bbox 1817 1963 1923 2002; x_wconf 81' lang='lat' dir='ltr'><strong>sua:</strong></span> <span class='ocrx_word' id='word_1_382' title='bbox 1942 1946 2069 2002; x_wconf 89' lang='lat' dir='ltr'><strong>bene</strong></span> <span class='ocrx_word' id='word_1_383' title='bbox 2087 1961 2304 2015; x_wconf 78' lang='lat' dir='ltr'><strong>prteesse</strong></span> <span class='ocrx_word' id='word_1_384' title='bbox 2322 1988 2337 2012; x_wconf 94' lang='lat'><strong>,</strong></span> <span class='ocrx_word' id='word_1_385' title='bbox 2367 1945 2502 2014; x_wconf 76' lang='lat' dir='ltr'><strong>ﬁlias</strong></span> <span class='ocrx_word' id='word_1_386' title='bbox 2531 1943 2722 1998; x_wconf 85' lang='lat' dir='ltr'><strong>habens</strong></span> <span class='ocrx_word' id='word_1_387' title='bbox 2743 1942 2976 1997; x_wconf 86' lang='lat' dir='ltr'><strong>subditos</strong></span> <span class='ocrx_word' id='word_1_388' title='bbox 3002 1956 3117 1995; x_wconf 86' lang='lat' dir='ltr'><strong>cum</strong></span> <span class='ocrx_word' id='word_1_389' title='bbox 3145 1940 3284 1994; x_wconf 86' lang='lat' dir='ltr'><strong>omni</strong></span> <span class='ocrx_word' id='word_1_390' title='bbox 3307 1955 3420 1994; x_wconf 77' lang='lat' dir='ltr'><strong>cas—</strong></span> 
     </span>
    </p>
   </div>
   <div class='ocr_carea' id='block_1_49' title="bbox 1815 2031 3420 2110">
    <p class='ocr_par' dir='ltr' id='par_1_49' title="bbox 1815 2031 3420 2110">
     <span class='ocr_line' id='line_1_49' title="bbox 1815 2031 3420 2110; baseline -0.003 -16"><span class='ocrx_word' id='word_1_391' title='bbox 1815 2041 1962 2096; x_wconf 87' lang='lat' dir='ltr'><strong>titate</strong></span> <span class='ocrx_word' id='word_1_392' title='bbox 2010 2037 2228 2110; x_wconf 81' lang='lat' dir='ltr'><strong>(lTim.</strong></span> <span class='ocrx_word' id='word_1_393' title='bbox 2263 2054 2354 2107; x_wconf 92' lang='grc' dir='ltr'>ιιι,</span> <span class='ocrx_word' id='word_1_394' title='bbox 2403 2039 2436 2094; x_wconf 62' lang='lat' dir='ltr'><strong>Ai</strong></span> <span class='ocrx_word' id='word_1_395' title='bbox 2464 2040 2504 2109; x_wconf 95' lang='lat'><strong>).</strong></span> <span class='ocrx_word' id='word_1_396' title='bbox 2559 2037 2757 2092; x_wconf 87' lang='lat' dir='ltr'><strong>Domni</strong></span> <span class='ocrx_word' id='word_1_397' title='bbox 2803 2051 2917 2092; x_wconf 75' lang='lat' dir='ltr'><strong>sua:</strong></span> <span class='ocrx_word' id='word_1_398' title='bbox 2961 2031 3152 2091; x_wconf 71' lang='lat' dir='ltr'><strong>hbene</strong></span> <span class='ocrx_word' id='word_1_399' title='bbox 3181 2046 3420 2104; x_wconf 77' lang='lat' dir='ltr'><strong>pra-esse</strong></span> 
     </span>
    </p>
   </div>
   <div class='ocr_carea' id='block_1_50' title="bbox 1818 2123 3420 2203">
    <p class='ocr_par' dir='ltr' id='par_1_50' title="bbox 1818 2123 3420 2203">
     <span class='ocr_line' id='line_1_50' title="bbox 1818 2123 3420 2203; baseline -0.005 -16"><span class='ocrx_word' id='word_1_400' title='bbox 1818 2141 2034 2202; x_wconf 88' lang='lat' dir='ltr'><strong>potest,</strong></span> <span class='ocrx_word' id='word_1_401' title='bbox 2081 2132 2172 2203; x_wconf 88' lang='lat' dir='ltr'><strong>qtti</strong></span> <span class='ocrx_word' id='word_1_402' title='bbox 2203 2131 2451 2202; x_wconf 87' lang='lat' dir='ltr'><strong>corporis</strong></span> <span class='ocrx_word' id='word_1_403' title='bbox 2481 2129 2567 2186; x_wconf 91' lang='lat' dir='ltr'><strong>sui</strong></span> <span class='ocrx_word' id='word_1_404' title='bbox 2599 2130 2902 2186; x_wconf 81' lang='lat' dir='ltr'><strong>servaverit</strong></span> <span class='ocrx_word' id='word_1_405' title='bbox 2929 2127 3260 2184; x_wconf 85' lang='lat' dir='ltr'><strong>castitatem.</strong></span> <span class='ocrx_word' id='word_1_406' title='bbox 3308 2123 3420 2179; x_wconf 84' lang='lat' dir='ltr'><strong>Do-</strong></span> 
     </span>
    </p>
   </div>
   <div class='ocr_carea' id='block_1_51' title="bbox 1815 2219 3412 2296">
    <p class='ocr_par' dir='ltr' id='par_1_51' title="bbox 1815 2219 3412 2296">
     <span class='ocr_line' id='line_1_51' title="bbox 1815 2219 3412 2296; baseline -0.003 -16"><span class='ocrx_word' id='word_1_407' title='bbox 1815 2225 1962 2291; x_wconf 89' lang='lat' dir='ltr'><strong>mui,</strong></span> <span class='ocrx_word' id='word_1_408' title='bbox 2011 2225 2214 2296; x_wconf 89' lang='lat' dir='ltr'><strong>inquit,</strong></span> <span class='ocrx_word' id='word_1_409' title='bbox 2267 2226 2371 2281; x_wconf 90' lang='lat' dir='ltr'><strong>ltoc</strong></span> <span class='ocrx_word' id='word_1_410' title='bbox 2400 2232 2514 2289; x_wconf 90' lang='lat' dir='ltr'><strong>est,</strong></span> <span class='ocrx_word' id='word_1_411' title='bbox 2565 2224 2782 2294; x_wconf 90' lang='lat' dir='ltr'><strong>corpori</strong></span> <span class='ocrx_word' id='word_1_412' title='bbox 2829 2237 2930 2278; x_wconf 89' lang='lat' dir='ltr'><strong>suo</strong></span> <span class='ocrx_word' id='word_1_413' title='bbox 2959 2219 3264 2292; x_wconf 89' lang='lat' dir='ltr'><strong>imperioso</strong></span> <span class='ocrx_word' id='word_1_414' title='bbox 3286 2219 3412 2289; x_wconf 78' lang='lat' dir='ltr'><strong>jure</strong></span> 
     </span>
    </p>
   </div>
   <div class='ocr_carea' id='block_1_52' title="bbox 1813 2313 3419 2388">
    <p class='ocr_par' dir='ltr' id='par_1_52' title="bbox 1813 2313 3419 2388">
     <span class='ocr_line' id='line_1_52' title="bbox 1813 2313 3419 2388; baseline -0.002 -14"><span class='ocrx_word' id='word_1_415' title='bbox 1813 2319 2154 2385; x_wconf 87' lang='lat' dir='ltr'><strong>dominetur;</strong></span> <span class='ocrx_word' id='word_1_416' title='bbox 2189 2334 2255 2376; x_wconf 90' lang='lat' dir='ltr'><strong>ne</strong></span> <span class='ocrx_word' id='word_1_417' title='bbox 2282 2319 2547 2374; x_wconf 85' lang='lat' dir='ltr'><strong>subdatur</strong></span> <span class='ocrx_word' id='word_1_418' title='bbox 2578 2319 2694 2388; x_wconf 90' lang='lat' dir='ltr'><strong>ipse</strong></span> <span class='ocrx_word' id='word_1_419' title='bbox 2724 2318 2939 2387; x_wconf 85' lang='lat' dir='ltr'><strong>corpori</strong></span> <span class='ocrx_word' id='word_1_420' title='bbox 2971 2329 3071 2372; x_wconf 91' lang='lat' dir='ltr'><strong>suo</strong></span> <span class='ocrx_word' id='word_1_421' title='bbox 3091 2355 3106 2381; x_wconf 93' lang='lat'><strong>,</strong></span> <span class='ocrx_word' id='word_1_422' title='bbox 3155 2325 3212 2369; x_wconf 89' lang='lat' dir='ltr'><strong>et</strong></span> <span class='ocrx_word' id='word_1_423' title='bbox 3243 2314 3295 2368; x_wconf 93' lang='lat' dir='ltr'><strong>in</strong></span> <span class='ocrx_word' id='word_1_424' title='bbox 3320 2313 3419 2370; x_wconf 83' lang='lat' dir='ltr'><strong>de-</strong></span> 
     </span>
    </p>
   </div>
   <div class='ocr_carea' id='block_1_53' title="bbox 1812 2409 3410 2482">
    <p class='ocr_par' dir='ltr' id='par_1_53' title="bbox 1812 2409 3410 2482">
     <span class='ocr_line' id='line_1_53' title="bbox 1812 2409 3410 2482; baseline -0.006 -13"><span class='ocrx_word' id='word_1_425' title='bbox 1812 2411 2014 2470; x_wconf 85' lang='lat' dir='ltr'><strong>siderio</strong></span> <span class='ocrx_word' id='word_1_426' title='bbox 2029 2413 2257 2470; x_wconf 69' lang='lat' dir='ltr'><strong>luxuriat</strong></span> <span class='ocrx_word' id='word_1_427' title='bbox 2280 2413 2496 2468; x_wconf 89' lang='lat' dir='ltr'><strong>deditus</strong></span> <span class='ocrx_word' id='word_1_428' title='bbox 2517 2453 2532 2478; x_wconf 96' lang='lat'><strong>,</strong></span> <span class='ocrx_word' id='word_1_429' title='bbox 2560 2413 2612 2467; x_wconf 95' lang='lat' dir='ltr'><strong>in</strong></span> <span class='ocrx_word' id='word_1_430' title='bbox 2641 2410 3002 2482; x_wconf 60' lang='lat' dir='ltr'><strong>praccipitinm</strong></span> <span class='ocrx_word' id='word_1_431' title='bbox 3017 2409 3373 2478; x_wconf 86' lang='lat' dir='ltr'><strong>demergatur</strong></span> <span class='ocrx_word' id='word_1_432' title='bbox 3395 2423 3410 2460; x_wconf 90' lang='lat'><strong>:</strong></span> 
     </span>
    </p>
   </div>
   <div class='ocr_carea' id='block_1_54' title="bbox 1811 2499 3415 2575">
    <p class='ocr_par' dir='ltr' id='par_1_54' title="bbox 1811 2499 3415 2575">
     <span class='ocr_line' id='line_1_54' title="bbox 1811 2499 3415 2575; baseline -0.002 -15"><span class='ocrx_word' id='word_1_433' title='bbox 1811 2504 1908 2561; x_wconf 87' lang='lat' dir='ltr'><strong>sed</strong></span> <span class='ocrx_word' id='word_1_434' title='bbox 1939 2505 2116 2575; x_wconf 88' lang='lat' dir='ltr'><strong>potius</strong></span> <span class='ocrx_word' id='word_1_435' title='bbox 2134 2505 2275 2561; x_wconf 87' lang='lat' dir='ltr'><strong>lilios</strong></span> <span class='ocrx_word' id='word_1_436' title='bbox 2301 2521 2428 2561; x_wconf 80' lang='lat' dir='ltr'><strong>suos</strong></span> <span class='ocrx_word' id='word_1_437' title='bbox 2455 2505 2728 2561; x_wconf 89' lang='lat' dir='ltr'><strong>castitatis</strong></span> <span class='ocrx_word' id='word_1_438' title='bbox 2757 2503 3007 2574; x_wconf 89' lang='lat' dir='ltr'><strong>exemplo</strong></span> <span class='ocrx_word' id='word_1_439' title='bbox 3035 2502 3100 2558; x_wconf 91' lang='lat' dir='ltr'><strong>ad</strong></span> <span class='ocrx_word' id='word_1_440' title='bbox 3136 2499 3415 2572; x_wconf 61' lang='lat' dir='ltr'><strong>pudicitia</strong></span> 
     </span>
    </p>
   </div>
   <div class='ocr_carea' id='block_1_55' title="bbox 1814 2596 3416 2668">
    <p class='ocr_par' dir='ltr' id='par_1_55' title="bbox 1814 2596 3416 2668">
     <span class='ocr_line' id='line_1_55' title="bbox 1814 2596 3416 2668; baseline -0.004 -14"><span class='ocrx_word' id='word_1_441' title='bbox 1814 2598 2054 2668; x_wconf 86' lang='lat' dir='ltr'><strong>regulam</strong></span> <span class='ocrx_word' id='word_1_442' title='bbox 2085 2597 2300 2654; x_wconf 82' lang='lat' dir='ltr'><strong>doceat.</strong></span> <span class='ocrx_word' id='word_1_443' title='bbox 2337 2597 2476 2652; x_wconf 79' lang='lat' dir='ltr'><strong>Nam</strong></span> <span class='ocrx_word' id='word_1_444' title='bbox 2502 2598 2546 2653; x_wconf 89' lang='lat' dir='ltr'><strong>si</strong></span> <span class='ocrx_word' id='word_1_445' title='bbox 2583 2599 2696 2668; x_wconf 88' lang='lat' dir='ltr'><strong>quis</strong></span> <span class='ocrx_word' id='word_1_446' title='bbox 2723 2596 2899 2650; x_wconf 87' lang='lat' dir='ltr'><strong>domui</strong></span> <span class='ocrx_word' id='word_1_447' title='bbox 2928 2612 3035 2650; x_wconf 76' lang='lat' dir='ltr'><strong>suc</strong></span> <span class='ocrx_word' id='word_1_448' title='bbox 3072 2608 3294 2667; x_wconf 78' lang='lat' dir='ltr'><strong>prteesse</strong></span> <span class='ocrx_word' id='word_1_449' title='bbox 3322 2607 3416 2648; x_wconf 76' lang='lat' dir='ltr'><strong>ne-</strong></span> 
     </span>
    </p>
   </div>
   <div class='ocr_carea' id='block_1_56' title="bbox 1811 2686 3407 2764">
    <p class='ocr_par' dir='ltr' id='par_1_56' title="bbox 1811 2686 3407 2764">
     <span class='ocr_line' id='line_1_56' title="bbox 1811 2686 3407 2764; baseline -0.005 -16"><span class='ocrx_word' id='word_1_450' title='bbox 1811 2695 1926 2761; x_wconf 88' lang='lat' dir='ltr'><strong>scit,</strong></span> <span class='ocrx_word' id='word_1_451' title='bbox 1956 2694 2210 2764; x_wconf 81' lang='lat' dir='ltr'><strong>quomodo</strong></span> <span class='ocrx_word' id='word_1_452' title='bbox 2222 2691 2472 2749; x_wconf 67' lang='lat' dir='ltr'><strong>Ecclesia</strong></span> <span class='ocrx_word' id='word_1_453' title='bbox 2488 2692 2580 2747; x_wconf 87' lang='lat' dir='ltr'><strong>Dei</strong></span> <span class='ocrx_word' id='word_1_454' title='bbox 2598 2692 2918 2764; x_wconf 82' lang='lat' dir='ltr'><strong>diligentiam</strong></span> <span class='ocrx_word' id='word_1_455' title='bbox 2930 2688 3190 2744; x_wconf 84' lang='lat' dir='ltr'><strong>adhibebit</strong></span> <span class='ocrx_word' id='word_1_456' title='bbox 3215 2686 3407 2759; x_wconf 81' lang='lat' dir='ltr'><strong>(Ibid.,</strong></span> 
     </span>
    </p>
   </div>
   <div class='ocr_carea' id='block_1_57' title="bbox 1811 2781 3410 2861">
    <p class='ocr_par' dir='ltr' id='par_1_57' title="bbox 1811 2781 3410 2861">
     <span class='ocr_line' id='line_1_57' title="bbox 1811 2781 3410 2861; baseline -0.006 -15"><span class='ocrx_word' id='word_1_457' title='bbox 1811 2788 1886 2861; x_wconf 85' lang='lat'><strong>5)</strong></span> <span class='ocrx_word' id='word_1_458' title='bbox 1913 2790 1936 2844; x_wconf 89' lang='lat'><strong>?</strong></span> <span class='ocrx_word' id='word_1_459' title='bbox 1967 2788 2083 2845; x_wconf 84' lang='lat' dir='ltr'><strong>Hoc</strong></span> <span class='ocrx_word' id='word_1_460' title='bbox 2114 2799 2197 2845; x_wconf 89' lang='lat' dir='ltr'><strong>est</strong></span> <span class='ocrx_word' id='word_1_461' title='bbox 2227 2789 2372 2846; x_wconf 90' lang='lat' dir='ltr'><strong>enim</strong></span> <span class='ocrx_word' id='word_1_462' title='bbox 2404 2829 2419 2854; x_wconf 90' lang='lat'><strong>,</strong></span> <span class='ocrx_word' id='word_1_463' title='bbox 2478 2787 2546 2843; x_wconf 92' lang='lat' dir='ltr'><strong>de</strong></span> <span class='ocrx_word' id='word_1_464' title='bbox 2577 2803 2684 2858; x_wconf 90' lang='lat' dir='ltr'><strong>quo</strong></span> <span class='ocrx_word' id='word_1_465' title='bbox 2714 2787 2973 2858; x_wconf 87' lang='lat' dir='ltr'><strong>superius</strong></span> <span class='ocrx_word' id='word_1_466' title='bbox 3001 2784 3272 2849; x_wconf 77' lang='lat' dir='ltr'><strong>diximus,</strong></span> <span class='ocrx_word' id='word_1_467' title='bbox 3315 2781 3410 2854; x_wconf 89' lang='lat' dir='ltr'><strong>qui</strong></span> 
     </span>
    </p>
   </div>
   <div class='ocr_carea' id='block_1_58' title="bbox 1809 2873 3412 2947">
    <p class='ocr_par' dir='ltr' id='par_1_58' title="bbox 1809 2873 3412 2947">
     <span class='ocr_line' id='line_1_58' title="bbox 1809 2873 3412 2947; baseline -0.006 -8"><span class='ocrx_word' id='word_1_468' title='bbox 1809 2882 1997 2939; x_wconf 82' lang='lat' dir='ltr'><strong>cordis</strong></span> <span class='ocrx_word' id='word_1_469' title='bbox 2035 2883 2120 2938; x_wconf 90' lang='lat' dir='ltr'><strong>sui</strong></span> <span class='ocrx_word' id='word_1_470' title='bbox 2167 2881 2389 2936; x_wconf 90' lang='lat' dir='ltr'><strong>domum</strong></span> <span class='ocrx_word' id='word_1_471' title='bbox 2440 2882 2695 2936; x_wconf 85' lang='lat' dir='ltr'><strong>excolere</strong></span> <span class='ocrx_word' id='word_1_472' title='bbox 2745 2895 2854 2934; x_wconf 88' lang='lat' dir='ltr'><strong>non</strong></span> <span class='ocrx_word' id='word_1_473' title='bbox 2909 2879 3082 2944; x_wconf 83' lang='lat' dir='ltr'><strong>valet,</strong></span> <span class='ocrx_word' id='word_1_474' title='bbox 3131 2873 3412 2947; x_wconf 90' lang='lat' dir='ltr'><strong>quomodo</strong></span> 
     </span>
    </p>
   </div>
   <div class='ocr_carea' id='block_1_59' title="bbox 1812 2964 3411 3046">
    <p class='ocr_par' dir='ltr' id='par_1_59' title="bbox 1812 2964 3411 3046">
     <span class='ocr_line' id='line_1_59' title="bbox 1812 2964 3411 3046; baseline -0.006 -16"><span class='ocrx_word' id='word_1_475' title='bbox 1812 2976 2170 3046; x_wconf 84' lang='lat' dir='ltr'><strong>plurimorum</strong></span> <span class='ocrx_word' id='word_1_476' title='bbox 2202 2974 2483 3030; x_wconf 87' lang='lat' dir='ltr'><strong>adhibebit</strong></span> <span class='ocrx_word' id='word_1_477' title='bbox 2522 2971 2908 3040; x_wconf 79' lang='lat' dir='ltr'><strong>diligentiam?</strong></span> <span class='ocrx_word' id='word_1_478' title='bbox 2949 2982 3003 3026; x_wconf 87' lang='lat' dir='ltr'><strong>et</strong></span> <span class='ocrx_word' id='word_1_479' title='bbox 3059 2968 3151 3040; x_wconf 86' lang='lat' dir='ltr'><strong>qui</strong></span> <span class='ocrx_word' id='word_1_480' title='bbox 3202 2964 3411 3038; x_wconf 88' lang='lat' dir='ltr'><strong>peccati</strong></span> 
     </span>
    </p>
   </div>
   <div class='ocr_carea' id='block_1_60' title="bbox 1811 3058 3408 3139">
    <p class='ocr_par' dir='ltr' id='par_1_60' title="bbox 1811 3058 3408 3139">
     <span class='ocr_line' id='line_1_60' title="bbox 1811 3058 3408 3139; baseline -0.007 -14"><span class='ocrx_word' id='word_1_481' title='bbox 1811 3071 2020 3127; x_wconf 87' lang='lat' dir='ltr'><strong>trabem</strong></span> <span class='ocrx_word' id='word_1_482' title='bbox 2055 3069 2124 3124; x_wconf 89' lang='lat' dir='ltr'><strong>de</strong></span> <span class='ocrx_word' id='word_1_483' title='bbox 2150 3083 2250 3125; x_wconf 88' lang='lat' dir='ltr'><strong>suo</strong></span> <span class='ocrx_word' id='word_1_484' title='bbox 2279 3084 2388 3122; x_wconf 89' lang='lat' dir='ltr'><strong>non</strong></span> <span class='ocrx_word' id='word_1_485' title='bbox 2420 3077 2600 3139; x_wconf 90' lang='lat' dir='ltr'><strong>potest</strong></span> <span class='ocrx_word' id='word_1_486' title='bbox 2625 3080 2823 3122; x_wconf 90' lang='lat' dir='ltr'><strong>eruere</strong></span> <span class='ocrx_word' id='word_1_487' title='bbox 2847 3066 3006 3120; x_wconf 92' lang='lat' dir='ltr'><strong>oculo</strong></span> <span class='ocrx_word' id='word_1_488' title='bbox 3029 3104 3043 3129; x_wconf 89' lang='lat'><strong>,</strong></span> <span class='ocrx_word' id='word_1_489' title='bbox 3081 3061 3095 3100; x_wconf 82' lang='grc' dir='ltr'><strong>ί</strong></span> <span class='ocrx_word' id='word_1_490' title='bbox 3132 3058 3408 3132; x_wconf 90' lang='lat' dir='ltr'><strong>quomodo</strong></span> 
     </span>
    </p>
   </div>
   <div class='ocr_carea' id='block_1_61' title="bbox 1809 3153 3402 3232">
    <p class='ocr_par' dir='ltr' id='par_1_61' title="bbox 1809 3153 3402 3232">
     <span class='ocr_line' id='line_1_61' title="bbox 1809 3153 3402 3232; baseline -0.005 -14"><span class='ocrx_word' id='word_1_491' title='bbox 1809 3179 1878 3220; x_wconf 85' lang='lat' dir='ltr'><strong>cx</strong></span> <span class='ocrx_word' id='word_1_492' title='bbox 1907 3163 2134 3220; x_wconf 88' lang='lat' dir='ltr'><strong>alterius</strong></span> <span class='ocrx_word' id='word_1_493' title='bbox 2159 3161 2319 3218; x_wconf 89' lang='lat' dir='ltr'><strong>oculo</strong></span> <span class='ocrx_word' id='word_1_494' title='bbox 2345 3161 2544 3232; x_wconf 88' lang='lat' dir='ltr'><strong>poterit</strong></span> <span class='ocrx_word' id='word_1_495' title='bbox 2592 3169 2876 3228; x_wconf 87' lang='lat' dir='ltr'><strong>amputare</strong></span> <span class='ocrx_word' id='word_1_496' title='bbox 2905 3158 3168 3214; x_wconf 82' lang='lat' dir='ltr'><strong>festucam</strong></span> <span class='ocrx_word' id='word_1_497' title='bbox 3219 3155 3240 3226; x_wconf 92' lang='lat'><strong>(</strong></span> <span class='ocrx_word' id='word_1_498' title='bbox 3273 3153 3402 3210; x_wconf 85' lang='lat' dir='ltr'><strong>Luc.</strong></span> 
     </span>
    </p>
   </div>
   <div class='ocr_carea' id='block_1_62' title="bbox 105 3247 3405 3338">
    <p class='ocr_par' dir='ltr' id='par_1_62' title="bbox 105 3247 3405 3338">
     <span class='ocr_line' id='line_1_62' title="bbox 105 3247 3405 3338; baseline 0.001 -39"><span class='ocrx_word' id='word_1_499' title='bbox 105 3247 403 3319; x_wconf 89' lang='lat' dir='ltr'><strong>episcopus</strong></span> <span class='ocrx_word' id='word_1_500' title='bbox 438 3249 737 3320; x_wconf 84' lang='lat' dir='ltr'><strong>judicetur.</strong></span> <span class='ocrx_word' id='word_1_501' title='bbox 807 3252 915 3312; x_wconf 87' lang='lat' dir='ltr'><strong>Sed</strong></span> <span class='ocrx_word' id='word_1_502' title='bbox 956 3257 1125 3325; x_wconf 81' lang='lat' dir='ltr'><strong>magis</strong></span> <span class='ocrx_word' id='word_1_503' title='bbox 1167 3272 1198 3311; x_wconf 88' lang='lat' dir='ltr'><strong>e</strong></span> <span class='ocrx_word' id='word_1_504' title='bbox 1227 3257 1446 3314; x_wconf 82' lang='lat' dir='ltr'><strong>diverso</strong></span> <span class='ocrx_word' id='word_1_505' title='bbox 1473 3259 1544 3313; x_wconf 87' lang='lat' dir='ltr'><strong>ab</strong></span> <span class='ocrx_word' id='word_1_506' title='bbox 1582 3261 1702 3316; x_wconf 83' lang='lat' dir='ltr'><strong>aliis</strong></span> <span class='ocrx_word' id='word_1_507' title='bbox 1813 3275 1897 3326; x_wconf 68' lang='grc' dir='ltr'><strong>τι,</strong></span> <span class='ocrx_word' id='word_1_508' title='bbox 1930 3259 1993 3314; x_wconf 68' lang='lat' dir='ltr'><strong>il</strong></span> <span class='ocrx_word' id='word_1_509' title='bbox 2021 3257 2087 3330; x_wconf 77' lang='lat' dir='ltr'><strong>)‘t</strong></span> <span class='ocrx_word' id='word_1_510' title='bbox 2136 3256 2283 3312; x_wconf 89' lang='lat' dir='ltr'><strong>ldetn</strong></span> <span class='ocrx_word' id='word_1_511' title='bbox 2337 3255 2604 3325; x_wconf 86' lang='lat' dir='ltr'><strong>sequitur,</strong></span> <span class='ocrx_word' id='word_1_512' title='bbox 2655 3262 2712 3308; x_wconf 92' lang='lat' dir='ltr'><strong>et</strong></span> <span class='ocrx_word' id='word_1_513' title='bbox 2755 3254 2870 3306; x_wconf 91' lang='lat' dir='ltr'><strong>ait:</strong></span> <span class='ocrx_word' id='word_1_514' title='bbox 2935 3249 3061 3306; x_wconf 87' lang='lat' dir='ltr'><strong>Non</strong></span> <span class='ocrx_word' id='word_1_515' title='bbox 3089 3248 3405 3319; x_wconf 80' lang='lat' dir='ltr'><strong>neophytunt</strong></span> 
     </span>
    </p>
   </div>
   <div class='ocr_carea' id='block_1_63' title="bbox 106 3339 1702 3417">
    <p class='ocr_par' dir='ltr' id='par_1_63' title="bbox 106 3339 1702 3417">
     <span class='ocr_line' id='line_1_63' title="bbox 106 3339 1702 3417; baseline 0.011 -26"><span class='ocrx_word' id='word_1_516' title='bbox 106 3339 287 3395; x_wconf 86' lang='lat' dir='ltr'><strong>illatas</strong></span> <span class='ocrx_word' id='word_1_517' title='bbox 321 3344 590 3412; x_wconf 86' lang='lat' dir='ltr'><strong>patienter</strong></span> <span class='ocrx_word' id='word_1_518' title='bbox 629 3347 767 3400; x_wconf 77' lang='lat' dir='ltr'><strong>lerat</strong></span> <span class='ocrx_word' id='word_1_519' title='bbox 811 3346 1066 3417; x_wconf 84' lang='lat' dir='ltr'><strong>injurias;</strong></span> <span class='ocrx_word' id='word_1_520' title='bbox 1098 3359 1156 3405; x_wconf 91' lang='lat' dir='ltr'><strong>ut</strong></span> <span class='ocrx_word' id='word_1_521' title='bbox 1201 3351 1404 3410; x_wconf 87' lang='lat' dir='ltr'><strong>mentis</strong></span> <span class='ocrx_word' id='word_1_522' title='bbox 1432 3361 1454 3387; x_wconf 73' lang='grc' dir='ltr'><strong>θ</strong></span> <span class='ocrx_word' id='word_1_523' title='bbox 1487 3353 1702 3409; x_wconf 73' lang='grc' dir='ltr'><strong>σιοόεεο</strong></span> 
     </span>
    </p>
   </div>
   <div class='ocr_carea' id='block_1_64' title="bbox 105 3432 1701 3512">
    <p class='ocr_par' dir='ltr' id='par_1_64' title="bbox 105 3432 1701 3512">
     <span class='ocr_line' id='line_1_64' title="bbox 105 3432 1701 3512; baseline 0.01 -26"><span class='ocrx_word' id='word_1_524' title='bbox 105 3432 232 3489; x_wconf 88' lang='lat' dir='ltr'><strong>tiam</strong></span> <span class='ocrx_word' id='word_1_525' title='bbox 261 3439 475 3492; x_wconf 90' lang='lat' dir='ltr'><strong>cunctis</strong></span> <span class='ocrx_word' id='word_1_526' title='bbox 507 3440 818 3496; x_wconf 89' lang='lat' dir='ltr'><strong>hominibus</strong></span> <span class='ocrx_word' id='word_1_527' title='bbox 849 3443 1192 3511; x_wconf 86' lang='lat' dir='ltr'><strong>tranquillam</strong></span> <span class='ocrx_word' id='word_1_528' title='bbox 1232 3443 1572 3501; x_wconf 81' lang='lat' dir='ltr'><strong>demonstret</strong></span> <span class='ocrx_word' id='word_1_529' title='bbox 1599 3485 1614 3512; x_wconf 92' lang='lat'><strong>,</strong></span> <span class='ocrx_word' id='word_1_530' title='bbox 1647 3457 1701 3502; x_wconf 92' lang='lat' dir='ltr'><strong>ct</strong></span> 
     </span>
    </p>
   </div>
   <div class='ocr_carea' id='block_1_65' title="bbox 103 3529 1702 3600">
    <p class='ocr_par' dir='ltr' id='par_1_65' title="bbox 103 3529 1702 3600">
     <span class='ocr_line' id='line_1_65' title="bbox 103 3529 1702 3600; baseline 0.009 -20"><span class='ocrx_word' id='word_1_531' title='bbox 103 3529 313 3584; x_wconf 91' lang='lat' dir='ltr'><strong>lirmam</strong></span> <span class='ocrx_word' id='word_1_532' title='bbox 342 3532 652 3600; x_wconf 80' lang='lat' dir='ltr'><strong>patientiam</strong></span> <span class='ocrx_word' id='word_1_533' title='bbox 678 3538 890 3592; x_wconf 84' lang='lat' dir='ltr'><strong>cunctis</strong></span> <span class='ocrx_word' id='word_1_534' title='bbox 934 3537 1209 3592; x_wconf 88' lang='lat' dir='ltr'><strong>ostendat.</strong></span> <span class='ocrx_word' id='word_1_535' title='bbox 1264 3539 1465 3594; x_wconf 88' lang='lat' dir='ltr'><strong>lterum</strong></span> <span class='ocrx_word' id='word_1_536' title='bbox 1493 3540 1702 3594; x_wconf 85' lang='lat' dir='ltr'><strong>addidit</strong></span> 
     </span>
    </p>
   </div>
   <div class='ocr_carea' id='block_1_66' title="bbox 105 3621 1699 3703">
    <p class='ocr_par' dir='ltr' id='par_1_66' title="bbox 105 3621 1699 3703">
     <span class='ocr_line' id='line_1_66' title="bbox 105 3621 1699 3703; baseline 0.01 -30"><span class='ocrx_word' id='word_1_537' title='bbox 105 3621 290 3678; x_wconf 88' lang='lat' dir='ltr'><strong>dicens</strong></span> <span class='ocrx_word' id='word_1_538' title='bbox 316 3643 329 3680; x_wconf 93' lang='lat'><strong>:</strong></span> <span class='ocrx_word' id='word_1_539' title='bbox 362 3624 482 3681; x_wconf 85' lang='lat' dir='ltr'><strong>Non</strong></span> <span class='ocrx_word' id='word_1_540' title='bbox 512 3628 800 3700; x_wconf 80' lang='lat' dir='ltr'><strong>litigiosum</strong></span> <span class='ocrx_word' id='word_1_541' title='bbox 830 3627 996 3701; x_wconf 85' lang='lat' dir='ltr'><strong>(Ibid.</strong></span> <span class='ocrx_word' id='word_1_542' title='bbox 1007 3634 1058 3703; x_wconf 90' lang='lat'><strong>),</strong></span> <span class='ocrx_word' id='word_1_543' title='bbox 1092 3630 1146 3686; x_wconf 90' lang='lat' dir='ltr'><strong>id</strong></span> <span class='ocrx_word' id='word_1_544' title='bbox 1171 3642 1276 3697; x_wconf 89' lang='lat' dir='ltr'><strong>est,</strong></span> <span class='ocrx_word' id='word_1_545' title='bbox 1322 3647 1432 3686; x_wconf 90' lang='lat' dir='ltr'><strong>non</strong></span> <span class='ocrx_word' id='word_1_546' title='bbox 1464 3632 1699 3703; x_wconf 88' lang='lat' dir='ltr'><strong>linguam</strong></span> 
     </span>
    </p>
   </div>
   <div class='ocr_carea' id='block_1_67' title="bbox 105 3715 1698 3797">
    <p class='ocr_par' dir='ltr' id='par_1_67' title="bbox 105 3715 1698 3797">
     <span class='ocr_line' id='line_1_67' title="bbox 105 3715 1698 3797; baseline 0.012 -29"><span class='ocrx_word' id='word_1_547' title='bbox 105 3715 168 3768; x_wconf 83' lang='lat' dir='ltr'><strong>ad</strong></span> <span class='ocrx_word' id='word_1_548' title='bbox 200 3719 503 3774; x_wconf 84' lang='lat' dir='ltr'><strong>convicium</strong></span> <span class='ocrx_word' id='word_1_549' title='bbox 550 3721 769 3778; x_wconf 83' lang='lat' dir='ltr'><strong>relaxet</strong></span> <span class='ocrx_word' id='word_1_550' title='bbox 805 3725 1129 3796; x_wconf 87' lang='lat' dir='ltr'><strong>episcopus.</strong></span> <span class='ocrx_word' id='word_1_551' title='bbox 1182 3741 1250 3782; x_wconf 92' lang='lat' dir='ltr'><strong>ne</strong></span> <span class='ocrx_word' id='word_1_552' title='bbox 1309 3743 1404 3797; x_wconf 74' lang='lat' dir='ltr'><strong>per</strong></span> <span class='ocrx_word' id='word_1_553' title='bbox 1453 3730 1698 3784; x_wconf 78' lang='lat' dir='ltr'><strong>eamdem</strong></span> 
     </span>
    </p>
   </div>
   <div class='ocr_carea' id='block_1_68' title="bbox 105 3806 1705 3889">
    <p class='ocr_par' dir='ltr' id='par_1_68' title="bbox 105 3806 1705 3889">
     <span class='ocr_line' id='line_1_68' title="bbox 105 3806 1705 3889; baseline 0.011 -29"><span class='ocrx_word' id='word_1_554' title='bbox 105 3806 366 3880; x_wconf 88' lang='lat' dir='ltr'><strong>linguam,</strong></span> <span class='ocrx_word' id='word_1_555' title='bbox 386 3828 480 3883; x_wconf 92' lang='lat' dir='ltr'><strong>per</strong></span> <span class='ocrx_word' id='word_1_556' title='bbox 506 3831 666 3887; x_wconf 90' lang='lat' dir='ltr'><strong>quam</strong></span> <span class='ocrx_word' id='word_1_557' title='bbox 701 3817 888 3876; x_wconf 88' lang='lat' dir='ltr'><strong>laudes</strong></span> <span class='ocrx_word' id='word_1_558' title='bbox 917 3819 1085 3877; x_wconf 83' lang='lat' dir='ltr'><strong>refert</strong></span> <span class='ocrx_word' id='word_1_559' title='bbox 1112 3821 1254 3889; x_wconf 92' lang='lat' dir='ltr'><strong>Deo,</strong></span> <span class='ocrx_word' id='word_1_560' title='bbox 1279 3834 1332 3877; x_wconf 92' lang='lat' dir='ltr'><strong>ct</strong></span> <span class='ocrx_word' id='word_1_561' title='bbox 1366 3823 1546 3878; x_wconf 90' lang='lat' dir='ltr'><strong>divina</strong></span> <span class='ocrx_word' id='word_1_562' title='bbox 1576 3825 1705 3879; x_wconf 87' lang='lat' dir='ltr'><strong>libat</strong></span> 
     </span>
    </p>
   </div>
   <div class='ocr_carea' id='block_1_69' title="bbox 105 3901 1704 3985">
    <p class='ocr_par' dir='ltr' id='par_1_69' title="bbox 105 3901 1704 3985">
     <span class='ocr_line' id='line_1_69' title="bbox 105 3901 1704 3985; baseline 0.011 -32"><span class='ocrx_word' id='word_1_563' title='bbox 105 3901 393 3972; x_wconf 77' lang='lat' dir='ltr'><strong>sacriﬁcia,</strong></span> <span class='ocrx_word' id='word_1_564' title='bbox 423 3906 599 3965; x_wconf 85' lang='lat' dir='ltr'><strong>litium</strong></span> <span class='ocrx_word' id='word_1_565' title='bbox 628 3926 838 3968; x_wconf 85' lang='lat' dir='ltr'><strong>venena</strong></span> <span class='ocrx_word' id='word_1_566' title='bbox 866 3915 1141 3983; x_wconf 86' lang='lat' dir='ltr'><strong>proterat:</strong></span> <span class='ocrx_word' id='word_1_567' title='bbox 1173 3916 1297 3985; x_wconf 89' lang='lat' dir='ltr'><strong>quia</strong></span> <span class='ocrx_word' id='word_1_568' title='bbox 1317 3931 1426 3970; x_wconf 89' lang='lat' dir='ltr'><strong>non</strong></span> <span class='ocrx_word' id='word_1_569' title='bbox 1453 3916 1610 3971; x_wconf 87' lang='lat' dir='ltr'><strong>decet</strong></span> <span class='ocrx_word' id='word_1_570' title='bbox 1636 3916 1704 3972; x_wconf 79' lang='lat' dir='ltr'><strong>de</strong></span> 
     </span>
    </p>
   </div>
   <div class='ocr_carea' id='block_1_70' title="bbox 178 4045 1700 4130">
    <p class='ocr_par' dir='ltr' id='par_1_70' title="bbox 178 4045 1700 4130">
     <span class='ocr_line' id='line_1_70' title="bbox 178 4045 1700 4130; baseline 0.009 -31"><span class='ocrx_word' id='word_1_571' title='bbox 178 4053 203 4080; x_wconf 74' lang='lat'><strong>&quot;</strong></span> <span class='ocrx_word' id='word_1_572' title='bbox 246 4045 386 4130; x_wconf 84' lang='lat' dir='ltr'><strong>Edit.</strong></span> <span class='ocrx_word' id='word_1_573' title='bbox 408 4047 632 4130; x_wconf 66' lang='lat' dir='ltr'><strong>“abiit,</strong></span> <span class='ocrx_word' id='word_1_574' title='bbox 662 4052 934 4130; x_wconf 23' lang='grc' dir='ltr'><strong>Δριιίριιειςο</strong></span> <span class='ocrx_word' id='word_1_575' title='bbox 963 4055 1074 4130; x_wconf 79' lang='lat' dir='ltr'><strong>lucc</strong></span> <span class='ocrx_word' id='word_1_576' title='bbox 1100 4071 1200 4110; x_wconf 89' lang='lat' dir='ltr'><strong>non</strong></span> <span class='ocrx_word' id='word_1_577' title='bbox 1232 4057 1390 4126; x_wconf 79' lang='lat' dir='ltr'><strong>facit,</strong></span> <span class='ocrx_word' id='word_1_578' title='bbox 1426 4057 1700 4127; x_wconf 84' lang='lat' dir='ltr'><strong>episcopus</strong></span> 
     </span>
    </p>
   </div>
   <div class='ocr_carea' id='block_1_71' title="bbox 107 4122 1700 4245">
    <p class='ocr_par' dir='ltr' id='par_1_71' title="bbox 107 4122 1700 4245">
     <span class='ocr_line' id='line_1_71' title="bbox 107 4122 1700 4198; baseline 0.011 -32"><span class='ocrx_word' id='word_1_579' title='bbox 107 4131 207 4169; x_wconf 76' lang='lat' dir='ltr'><strong>non</strong></span> <span class='ocrx_word' id='word_1_580' title='bbox 233 4122 362 4182; x_wconf 87' lang='lat' dir='ltr'><strong>erit;</strong></span> <span class='ocrx_word' id='word_1_581' title='bbox 403 4131 450 4175; x_wconf 87' lang='lat' dir='ltr'><strong>et</strong></span> <span class='ocrx_word' id='word_1_582' title='bbox 488 4122 672 4194; x_wconf 72' lang='lat' dir='ltr'><strong>iniusti</strong></span> <span class='ocrx_word' id='word_1_583' title='bbox 711 4125 984 4194; x_wconf 76' lang='lat' dir='ltr'><strong>infamiam</strong></span> <span class='ocrx_word' id='word_1_584' title='bbox 1032 4122 1284 4192; x_wconf 85' lang='lat' dir='ltr'><strong>incurrit,</strong></span> <span class='ocrx_word' id='word_1_585' title='bbox 1336 4130 1425 4198; x_wconf 87' lang='lat' dir='ltr'><strong>qui</strong></span> <span class='ocrx_word' id='word_1_586' title='bbox 1454 4122 1700 4184; x_wconf 75' lang='lat' dir='ltr'><strong>sanctum</strong></span> 
     </span>
     <span class='ocr_line' id='line_1_72' title="bbox 107 4185 727 4245; baseline 0 0"><span class='ocrx_word' id='word_1_587' title='bbox 107 4185 404 4245; x_wconf 69' lang='lat' dir='ltr'><strong>Anostolum</strong></span> <span class='ocrx_word' id='word_1_588' title='bbox 429 4193 727 4245; x_wconf 81' lang='lat' dir='ltr'><strong>contemnit.</strong></span> 
     </span>
    </p>
   </div>
   <div class='ocr_carea' id='block_1_72' title="bbox 187 4203 244 4242">
    <p class='ocr_par' dir='ltr' id='par_1_72' title="bbox 187 4203 244 4242">
     <span class='ocr_line' id='line_1_73' title="bbox 187 4203 244 4242; baseline 0.018 -1"><span class='ocrx_word' id='word_1_589' title='bbox 187 4203 244 4242; x_wconf 76' lang='grc' dir='ltr'>οι</span> 
     </span>
    </p>
   </div>
   <div class='ocr_carea' id='block_1_73' title="bbox 151 4204 1698 4345">
    <p class='ocr_par' dir='ltr' id='par_1_73' title="bbox 151 4204 1698 4345">
     <span class='ocr_line' id='line_1_74' title="bbox 151 4204 727 4258; baseline 0.019 -18"><span class='ocrx_word' id='word_1_590' title='bbox 151 4204 404 4258; x_wconf 83' lang='lat' dir='ltr'><strong>postotum</strong></span> <span class='ocrx_word' id='word_1_591' title='bbox 429 4204 727 4251; x_wconf 82' lang='lat' dir='ltr'><strong>contemnit.</strong></span> 
     </span>
     <span class='ocr_line' id='line_1_75' title="bbox 170 4257 1698 4345; baseline 0.009 -30"><span class='ocrx_word' id='word_1_592' title='bbox 170 4257 204 4345; x_wconf 24' lang='grc' dir='ltr'><strong>’δ</strong></span> <span class='ocrx_word' id='word_1_593' title='bbox 232 4261 384 4345; x_wconf 46' lang='lat' dir='ltr'><strong>ﬁdit.</strong></span> <span class='ocrx_word' id='word_1_594' title='bbox 419 4265 620 4345; x_wconf 81' lang='lat' dir='ltr'><strong>Mahill.</strong></span> <span class='ocrx_word' id='word_1_595' title='bbox 644 4278 691 4321; x_wconf 87' lang='lat' dir='ltr'><strong>et</strong></span> <span class='ocrx_word' id='word_1_596' title='bbox 720 4266 1019 4342; x_wconf 85' lang='lat' dir='ltr'><strong>hujusmodi</strong></span> <span class='ocrx_word' id='word_1_597' title='bbox 1067 4273 1259 4345; x_wconf 79' lang='lat' dir='ltr'><strong>eveniat</strong></span> <span class='ocrx_word' id='word_1_598' title='bbox 1280 4272 1416 4342; x_wconf 83' lang='lat' dir='ltr'><strong>quod</strong></span> <span class='ocrx_word' id='word_1_599' title='bbox 1445 4273 1698 4342; x_wconf 81' lang='lat' dir='ltr'><strong>scriptum</strong></span> 
     </span>
    </p>
   </div>
   <div class='ocr_carea' id='block_1_74' title="bbox 109 4333 1695 4404">
    <p class='ocr_par' dir='ltr' id='par_1_74' title="bbox 109 4333 1695 4404">
     <span class='ocr_line' id='line_1_76' title="bbox 109 4333 1695 4404; baseline 0.01 -21"><span class='ocrx_word' id='word_1_600' title='bbox 109 4341 201 4386; x_wconf 82' lang='lat' dir='ltr'><strong>cst.</strong></span> <span class='ocrx_word' id='word_1_601' title='bbox 231 4333 444 4392; x_wconf 77' lang='lat' dir='ltr'><strong>Minime</strong></span> <span class='ocrx_word' id='word_1_602' title='bbox 471 4339 614 4392; x_wconf 87' lang='lat' dir='ltr'><strong>male</strong></span> <span class='ocrx_word' id='word_1_603' title='bbox 639 4355 655 4404; x_wconf 86' lang='lat'><strong>;</strong></span> <span class='ocrx_word' id='word_1_604' title='bbox 681 4333 813 4395; x_wconf 63' lang='lat' dir='ltr'><strong>mss&#39;.</strong></span> <span class='ocrx_word' id='word_1_605' title='bbox 852 4349 1030 4398; x_wconf 89' lang='lat' dir='ltr'><strong>tamen</strong></span> <span class='ocrx_word' id='word_1_606' title='bbox 1056 4352 1111 4398; x_wconf 89' lang='lat' dir='ltr'><strong>et</strong></span> <span class='ocrx_word' id='word_1_607' title='bbox 1137 4344 1256 4398; x_wconf 71' lang='lat' dir='ltr'><strong>alim</strong></span> <span class='ocrx_word' id='word_1_608' title='bbox 1283 4333 1413 4399; x_wconf 79' lang='lat' dir='ltr'><strong>edit.</strong></span> <span class='ocrx_word' id='word_1_609' title='bbox 1469 4333 1610 4400; x_wconf 60' lang='lat' dir='ltr'><strong>inter</strong></span> <span class='ocrx_word' id='word_1_610' title='bbox 1633 4362 1695 4401; x_wconf 90' lang='lat' dir='ltr'><strong>se</strong></span> 
     </span>
    </p>
   </div>
   <div class='ocr_carea' id='block_1_75' title="bbox 108 4407 1696 4487">
    <p class='ocr_par' dir='ltr' id='par_1_75' title="bbox 108 4407 1696 4487">
     <span class='ocr_line' id='line_1_77' title="bbox 108 4407 1696 4487; baseline 0.009 -29"><span class='ocrx_word' id='word_1_611' title='bbox 108 4407 469 4487; x_wconf 64' lang='lat' dir='ltr'><strong>consentiunt,</strong></span> <span class='ocrx_word' id='word_1_612' title='bbox 523 4410 626 4466; x_wconf 87' lang='lat' dir='ltr'><strong>nisi</strong></span> <span class='ocrx_word' id='word_1_613' title='bbox 682 4411 826 4481; x_wconf 90' lang='lat' dir='ltr'><strong>quod</strong></span> <span class='ocrx_word' id='word_1_614' title='bbox 857 4428 955 4482; x_wconf 86' lang='lat' dir='ltr'><strong>pro</strong></span> <span class='ocrx_word' id='word_1_615' title='bbox 982 4425 1288 4484; x_wconf 68' lang='lat' dir='ltr'><strong>praecum,</strong></span> <span class='ocrx_word' id='word_1_616' title='bbox 1343 4418 1396 4470; x_wconf 91' lang='lat' dir='ltr'><strong>in</strong></span> <span class='ocrx_word' id='word_1_617' title='bbox 1420 4417 1542 4472; x_wconf 88' lang='lat' dir='ltr'><strong>cod.</strong></span> <span class='ocrx_word' id='word_1_618' title='bbox 1575 4418 1696 4487; x_wconf 82' lang='lat' dir='ltr'><strong>qui-</strong></span> 
     </span>
    </p>
   </div>
   <div class='ocr_carea' id='block_1_76' title="bbox 109 4472 939 4554">
    <p class='ocr_par' dir='ltr' id='par_1_76' title="bbox 109 4472 939 4554">
     <span class='ocr_line' id='line_1_78' title="bbox 109 4472 939 4554; baseline 0.014 -26"><span class='ocrx_word' id='word_1_619' title='bbox 109 4472 339 4554; x_wconf 72' lang='lat' dir='ltr'><strong>busdam</strong></span> <span class='ocrx_word' id='word_1_620' title='bbox 360 4472 606 4549; x_wconf 87' lang='lat' dir='ltr'><strong>habetur,</strong></span> <span class='ocrx_word' id='word_1_621' title='bbox 660 4472 939 4554; x_wconf 48' lang='lat' dir='ltr'><strong>piamen-to.</strong></span> 
     </span>
    </p>
   </div>
   <div class='ocr_carea' id='block_1_77' title="bbox 183 4550 1693 4631">
    <p class='ocr_par' dir='ltr' id='par_1_77' title="bbox 183 4550 1693 4631">
     <span class='ocr_line' id='line_1_79' title="bbox 183 4550 1693 4631; baseline 0.007 -27"><span class='ocrx_word' id='word_1_622' title='bbox 183 4550 428 4631; x_wconf 46' lang='lat' dir='ltr'><strong>{Cutem</strong></span> <span class='ocrx_word' id='word_1_623' title='bbox 473 4553 634 4622; x_wconf 80' lang='lat' dir='ltr'><strong>edit.,</strong></span> <span class='ocrx_word' id='word_1_624' title='bbox 661 4550 896 4631; x_wconf 76' lang='lat' dir='ltr'><strong>alterius</strong></span> <span class='ocrx_word' id='word_1_625' title='bbox 941 4558 1166 4625; x_wconf 87' lang='lat' dir='ltr'><strong>adimat;</strong></span> <span class='ocrx_word' id='word_1_626' title='bbox 1206 4560 1294 4631; x_wconf 85' lang='lat' dir='ltr'><strong>qui</strong></span> <span class='ocrx_word' id='word_1_627' title='bbox 1341 4561 1547 4631; x_wconf 77' lang='lat' dir='ltr'><strong>fulgore</strong></span> <span class='ocrx_word' id='word_1_628' title='bbox 1583 4575 1693 4615; x_wconf 72' lang='lat' dir='ltr'><strong>sua</strong></span> 
     </span>
    </p>
   </div>
   <div class='ocr_carea' id='block_1_78' title="bbox 107 4621 1695 4702">
    <p class='ocr_par' dir='ltr' id='par_1_78' title="bbox 107 4621 1695 4702">
     <span class='ocr_line' id='line_1_80' title="bbox 107 4621 1695 4702; baseline 0.01 -32"><span class='ocrx_word' id='word_1_629' title='bbox 107 4621 370 4702; x_wconf 67' lang='lat' dir='ltr'><strong>sapientia</strong></span> <span class='ocrx_word' id='word_1_630' title='bbox 414 4621 629 4702; x_wconf 80' lang='lat' dir='ltr'><strong>cunctos</strong></span> <span class='ocrx_word' id='word_1_631' title='bbox 671 4629 978 4684; x_wconf 86' lang='lat' dir='ltr'><strong>collustrare</strong></span> <span class='ocrx_word' id='word_1_632' title='bbox 1005 4621 1229 4699; x_wconf 72' lang='lat' dir='ltr'><strong>poterat.</strong></span> <span class='ocrx_word' id='word_1_633' title='bbox 1252 4621 1384 4686; x_wconf 68' lang='lat' dir='ltr'><strong>ltein</strong></span> <span class='ocrx_word' id='word_1_634' title='bbox 1414 4621 1488 4686; x_wconf 75' lang='lat' dir='ltr'><strong>ait</strong></span> <span class='ocrx_word' id='word_1_635' title='bbox 1519 4647 1540 4686; x_wconf 90' lang='lat'><strong><em>:</em></strong></span> <span class='ocrx_word' id='word_1_636' title='bbox 1570 4631 1695 4686; x_wconf 82' lang='lat' dir='ltr'><strong>Non</strong></span> 
     </span>
    </p>
   </div>
   <div class='ocr_carea' id='block_1_79' title="bbox 109 4694 1695 4772">
    <p class='ocr_par' dir='ltr' id='par_1_79' title="bbox 109 4694 1695 4772">
     <span class='ocr_line' id='line_1_81' title="bbox 109 4694 1695 4772; baseline 0.011 -31"><span class='ocrx_word' id='word_1_637' title='bbox 109 4694 450 4772; x_wconf 69' lang='lat' dir='ltr'><strong>vinolentum;</strong></span> <span class='ocrx_word' id='word_1_638' title='bbox 479 4697 576 4752; x_wconf 86' lang='lat' dir='ltr'><strong>Itoc</strong></span> <span class='ocrx_word' id='word_1_639' title='bbox 605 4706 710 4763; x_wconf 89' lang='lat' dir='ltr'><strong>est,</strong></span> <span class='ocrx_word' id='word_1_640' title='bbox 738 4717 841 4755; x_wconf 86' lang='lat' dir='ltr'><strong>non</strong></span> <span class='ocrx_word' id='word_1_641' title='bbox 885 4694 1048 4756; x_wconf 75' lang='lat' dir='ltr'><strong>multo</strong></span> <span class='ocrx_word' id='word_1_642' title='bbox 1079 4703 1196 4757; x_wconf 77' lang='lat' dir='ltr'><strong>uino</strong></span> <span class='ocrx_word' id='word_1_643' title='bbox 1233 4703 1464 4757; x_wconf 84' lang='lat' dir='ltr'><strong>deditum</strong></span> <span class='ocrx_word' id='word_1_644' title='bbox 1485 4743 1503 4772; x_wconf 89' lang='lat'><strong>,</strong></span> <span class='ocrx_word' id='word_1_645' title='bbox 1533 4714 1589 4757; x_wconf 90' lang='lat' dir='ltr'><strong>ut</strong></span> <span class='ocrx_word' id='word_1_646' title='bbox 1621 4705 1695 4759; x_wconf 83' lang='lat' dir='ltr'><strong>sic</strong></span> 
     </span>
    </p>
   </div>
   <div class='ocr_carea' id='block_1_80' title="bbox 110 4769 1392 4843">
    <p class='ocr_par' dir='ltr' id='par_1_80' title="bbox 110 4769 1392 4843">
     <span class='ocr_line' id='line_1_82' title="bbox 110 4769 1392 4843; baseline 0.01 -26"><span class='ocrx_word' id='word_1_647' title='bbox 110 4769 563 4843; x_wconf 52' lang='lat' dir='ltr'><strong>polctfpiscopus,</strong></span> <span class='ocrx_word' id='word_1_648' title='bbox 596 4779 650 4825; x_wconf 89' lang='lat' dir='ltr'><strong>ut</strong></span> <span class='ocrx_word' id='word_1_649' title='bbox 679 4779 852 4843; x_wconf 82' lang='lat' dir='ltr'><strong>utrum</strong></span> <span class='ocrx_word' id='word_1_650' title='bbox 883 4772 1082 4832; x_wconf 85' lang='lat' dir='ltr'><strong>biberit.</strong></span> <span class='ocrx_word' id='word_1_651' title='bbox 1113 4776 1392 4843; x_wconf 84' lang='lat' dir='ltr'><strong>ignoretur.</strong></span> 
     </span>
    </p>
   </div>
   <div class='ocr_carea' id='block_1_81' title="bbox 144 4833 1690 4920">
    <p class='ocr_par' dir='ltr' id='par_1_81' title="bbox 144 4833 1690 4920">
     <span class='ocr_line' id='line_1_83' title="bbox 144 4833 1690 4920; baseline 0.007 -31"><span class='ocrx_word' id='word_1_652' title='bbox 144 4912 154 4920; x_wconf 37' lang='grc'><strong><em>⁸</em></strong></span> <span class='ocrx_word' id='word_1_653' title='bbox 192 4833 628 4920; x_wconf 20' lang='grc' dir='ltr'>άΑΕιιςιᾳιιιέιΙιιη</span> <span class='ocrx_word' id='word_1_654' title='bbox 653 4841 934 4920; x_wconf 79' lang='lat' dir='ltr'><strong>delectetur</strong></span> <span class='ocrx_word' id='word_1_655' title='bbox 965 4833 1206 4920; x_wconf 60' lang='lat' dir='ltr'><strong>libidine;</strong></span> <span class='ocrx_word' id='word_1_656' title='bbox 1229 4848 1350 4920; x_wconf 83' lang='lat' dir='ltr'><strong>quia</strong></span> <span class='ocrx_word' id='word_1_657' title='bbox 1374 4863 1464 4920; x_wconf 83' lang='lat' dir='ltr'><strong>per</strong></span> <span class='ocrx_word' id='word_1_658' title='bbox 1493 4848 1690 4920; x_wconf 81' lang='lat' dir='ltr'><strong>uinum,</strong></span> 
     </span>
    </p>
   </div>
   <div class='ocr_carea' id='block_1_82' title="bbox 109 4911 1698 4988">
    <p class='ocr_par' dir='ltr' id='par_1_82' title="bbox 109 4911 1698 4988">
     <span class='ocr_line' id='line_1_84' title="bbox 109 4911 1698 4988; baseline 0.006 -24"><span class='ocrx_word' id='word_1_659' title='bbox 109 4912 246 4964; x_wconf 85' lang='lat' dir='ltr'><strong>sicut</strong></span> <span class='ocrx_word' id='word_1_660' title='bbox 265 4911 330 4962; x_wconf 89' lang='lat' dir='ltr'><strong>ait</strong></span> <span class='ocrx_word' id='word_1_661' title='bbox 347 4911 642 4988; x_wconf 78' lang='lat' dir='ltr'><strong>Apostolus,</strong></span> <span class='ocrx_word' id='word_1_662' title='bbox 673 4918 838 4971; x_wconf 78' lang='lat' dir='ltr'><strong>omnis</strong></span> <span class='ocrx_word' id='word_1_663' title='bbox 863 4920 1118 4972; x_wconf 89' lang='lat' dir='ltr'><strong>enutritur</strong></span> <span class='ocrx_word' id='word_1_664' title='bbox 1139 4911 1496 4988; x_wconf 13' lang='lat' dir='ltr'><strong>lu’xuriquui</strong></span> <span class='ocrx_word' id='word_1_665' title='bbox 1518 4921 1561 4973; x_wconf 89' lang='lat' dir='ltr'><strong>si</strong></span> <span class='ocrx_word' id='word_1_666' title='bbox 1585 4911 1698 4974; x_wconf 70' lang='lat' dir='ltr'><strong>lucc</strong></span> 
     </span>
    </p>
   </div>
   <div class='ocr_carea' id='block_1_83' title="bbox 111 4987 1189 5056">
    <p class='ocr_par' dir='ltr' id='par_1_83' title="bbox 111 4987 1189 5056">
     <span class='ocr_line' id='line_1_85' title="bbox 111 4987 1189 5056; baseline 0.009 -22"><span class='ocrx_word' id='word_1_667' title='bbox 111 4997 216 5035; x_wconf 89' lang='lat' dir='ltr'><strong>non</strong></span> <span class='ocrx_word' id='word_1_668' title='bbox 245 4991 412 5056; x_wconf 69' lang='lat' dir='ltr'><strong>potest,</strong></span> <span class='ocrx_word' id='word_1_669' title='bbox 438 4987 710 5056; x_wconf 78' lang='lat' dir='ltr'><strong>episcopus</strong></span> <span class='ocrx_word' id='word_1_670' title='bbox 739 5004 847 5041; x_wconf 78' lang='lat' dir='ltr'><strong>esse</strong></span> <span class='ocrx_word' id='word_1_671' title='bbox 875 5005 974 5042; x_wconf 88' lang='lat' dir='ltr'><strong>non</strong></span> <span class='ocrx_word' id='word_1_672' title='bbox 1004 5000 1189 5054; x_wconf 86' lang='lat' dir='ltr'><strong>patest.</strong></span> 
     </span>
    </p>
   </div>
   <div class='ocr_carea' id='block_1_84' title="bbox 187 5052 1693 5132">
    <p class='ocr_par' dir='ltr' id='par_1_84' title="bbox 187 5052 1693 5132">
     <span class='ocr_line' id='line_1_86' title="bbox 187 5052 1693 5132; baseline 0.006 -24"><span class='ocrx_word' id='word_1_673' title='bbox 187 5063 214 5090; x_wconf 73' lang='grc' dir='ltr'>ι·</span> <span class='ocrx_word' id='word_1_674' title='bbox 247 5052 435 5132; x_wconf 81' lang='lat' dir='ltr'><strong>Eadem</strong></span> <span class='ocrx_word' id='word_1_675' title='bbox 467 5052 637 5132; x_wconf 52' lang='lat' dir='ltr'><strong>edit.,</strong></span> <span class='ocrx_word' id='word_1_676' title='bbox 657 5060 962 5115; x_wconf 86' lang='lat' dir='ltr'><strong>modestiam</strong></span> <span class='ocrx_word' id='word_1_677' title='bbox 987 5052 1317 5132; x_wconf 78' lang='lat' dir='ltr'><strong>tranquillam</strong></span> <span class='ocrx_word' id='word_1_678' title='bbox 1345 5073 1586 5117; x_wconf 78' lang='lat' dir='ltr'><strong>monstret</strong></span> <span class='ocrx_word' id='word_1_679' title='bbox 1611 5065 1693 5117; x_wconf 83' lang='lat' dir='ltr'><strong>in-</strong></span> 
     </span>
    </p>
   </div>
   <div class='ocr_carea' id='block_1_85' title="bbox 110 5123 1696 5207">
    <p class='ocr_par' dir='ltr' id='par_1_85' title="bbox 110 5123 1696 5207">
     <span class='ocr_line' id='line_1_87' title="bbox 110 5123 1696 5207; baseline 0.01 -33"><span class='ocrx_word' id='word_1_680' title='bbox 110 5123 266 5207; x_wconf 49' lang='lat' dir='ltr'><strong>iit-uta</strong></span> <span class='ocrx_word' id='word_1_681' title='bbox 301 5128 562 5207; x_wconf 60' lang='lat' dir='ltr'><strong>patiuntia.</strong></span> <span class='ocrx_word' id='word_1_682' title='bbox 607 5125 805 5186; x_wconf 81' lang='lat' dir='ltr'><strong>lterum</strong></span> <span class='ocrx_word' id='word_1_683' title='bbox 854 5132 1020 5207; x_wconf 79' lang='lat' dir='ltr'><strong>dicit.</strong></span> <span class='ocrx_word' id='word_1_684' title='bbox 1062 5173 1078 5189; x_wconf 97' lang='lat'><strong>.</strong></span> <span class='ocrx_word' id='word_1_685' title='bbox 1117 5123 1138 5187; x_wconf 78' lang='grc'><strong>’.</strong></span> <span class='ocrx_word' id='word_1_686' title='bbox 1173 5135 1466 5207; x_wconf 79' lang='lat' dir='ltr'><strong>_._rela:ret,°</strong></span> <span class='ocrx_word' id='word_1_687' title='bbox 1508 5147 1561 5188; x_wconf 91' lang='lat' dir='ltr'><strong>ut</strong></span> <span class='ocrx_word' id='word_1_688' title='bbox 1607 5135 1696 5205; x_wconf 84' lang='lat' dir='ltr'><strong>qui</strong></span> 
     </span>
    </p>
   </div>
   <div class='ocr_carea' id='block_1_86' title="bbox 111 5195 1697 5276">
    <p class='ocr_par' dir='ltr' id='par_1_86' title="bbox 111 5195 1697 5276">
     <span class='ocr_line' id='line_1_88' title="bbox 111 5195 1697 5276; baseline 0.008 -29"><span class='ocrx_word' id='word_1_689' title='bbox 111 5196 213 5249; x_wconf 87' lang='lat' dir='ltr'><strong>Dei</strong></span> <span class='ocrx_word' id='word_1_690' title='bbox 246 5195 412 5252; x_wconf 87' lang='lat' dir='ltr'><strong>laudes</strong></span> <span class='ocrx_word' id='word_1_691' title='bbox 441 5211 721 5276; x_wconf 84' lang='lat' dir='ltr'><strong>personat;</strong></span> <span class='ocrx_word' id='word_1_692' title='bbox 747 5212 794 5258; x_wconf 88' lang='lat' dir='ltr'><strong>et</strong></span> <span class='ocrx_word' id='word_1_693' title='bbox 829 5204 1003 5259; x_wconf 84' lang='lat' dir='ltr'><strong>divina</strong></span> <span class='ocrx_word' id='word_1_694' title='bbox 1046 5205 1306 5276; x_wconf 77' lang='lat' dir='ltr'><strong>sacriﬁcia</strong></span> <span class='ocrx_word' id='word_1_695' title='bbox 1335 5195 1492 5269; x_wconf 79' lang='lat' dir='ltr'><strong>libat,</strong></span> <span class='ocrx_word' id='word_1_696' title='bbox 1524 5195 1697 5261; x_wconf 78' lang='lat' dir='ltr'><strong>litium</strong></span> 
     </span>
    </p>
   </div>
   <div class='ocr_carea' id='block_1_87' title="bbox 110 5275 1696 5354">
    <p class='ocr_par' dir='ltr' id='par_1_87' title="bbox 110 5275 1696 5354">
     <span class='ocr_line' id='line_1_89' title="bbox 110 5275 1696 5354; baseline 0.009 -35"><span class='ocrx_word' id='word_1_697' title='bbox 110 5281 302 5354; x_wconf 73' lang='lat' dir='ltr'><strong>venena</strong></span> <span class='ocrx_word' id='word_1_698' title='bbox 342 5275 744 5354; x_wconf 62' lang='lat' dir='ltr'><strong>nonprofcrat,</strong></span> <span class='ocrx_word' id='word_1_699' title='bbox 782 5277 904 5354; x_wconf 76' lang='lat' dir='ltr'><strong>quia</strong></span> <span class='ocrx_word' id='word_1_700' title='bbox 951 5293 1053 5332; x_wconf 85' lang='lat' dir='ltr'><strong>non</strong></span> <span class='ocrx_word' id='word_1_701' title='bbox 1100 5288 1260 5354; x_wconf 78' lang='lat' dir='ltr'><strong>potest</strong></span> <span class='ocrx_word' id='word_1_702' title='bbox 1304 5294 1368 5332; x_wconf 71' lang='lat' dir='ltr'><strong>ea:</strong></span> <span class='ocrx_word' id='word_1_703' title='bbox 1416 5279 1696 5354; x_wconf 77' lang='lat' dir='ltr'><strong>sacerdotis</strong></span> 
     </span>
    </p>
   </div>
   <div class='ocr_carea' id='block_1_88' title="bbox 112 5340 1696 5425">
    <p class='ocr_par' dir='ltr' id='par_1_88' title="bbox 112 5340 1696 5425">
     <span class='ocr_line' id='line_1_90' title="bbox 112 5340 1696 5425; baseline 0.009 -34"><span class='ocrx_word' id='word_1_704' title='bbox 112 5355 215 5425; x_wconf 41' lang='lat' dir='ltr'><strong>obire.</strong></span> <span class='ocrx_word' id='word_1_705' title='bbox 248 5340 462 5425; x_wconf 81' lang='lat' dir='ltr'><strong>benedici</strong></span> <span class='ocrx_word' id='word_1_706' title='bbox 484 5340 650 5425; x_wconf 69' lang='lat' dir='ltr'><strong>Deus</strong></span> <span class='ocrx_word' id='word_1_707' title='bbox 668 5386 687 5425; x_wconf 81' lang='lat'><strong>,_</strong></span> <span class='ocrx_word' id='word_1_708' title='bbox 709 5356 758 5401; x_wconf 81' lang='lat' dir='ltr'><strong>ct</strong></span> <span class='ocrx_word' id='word_1_709' title='bbox 788 5340 944 5402; x_wconf 75' lang='lat' dir='ltr'><strong>homo</strong></span> <span class='ocrx_word' id='word_1_710' title='bbox 990 5340 1258 5425; x_wconf 77' lang='lat' dir='ltr'><strong>maledici,</strong></span> <span class='ocrx_word' id='word_1_711' title='bbox 1289 5351 1376 5425; x_wconf 82' lang='lat' dir='ltr'><strong>qui</strong></span> <span class='ocrx_word' id='word_1_712' title='bbox 1419 5350 1696 5422; x_wconf 81' lang='lat' dir='ltr'><strong>imaginem</strong></span> 
     </span>
    </p>
   </div>
   <div class='ocr_carea' id='block_1_89' title="bbox 114 5408 1695 5482">
    <p class='ocr_par' dir='ltr' id='par_1_89' title="bbox 114 5408 1695 5482">
     <span class='ocr_line' id='line_1_91' title="bbox 114 5408 1695 5482; baseline 0.009 -20"><span class='ocrx_word' id='word_1_713' title='bbox 114 5408 215 5463; x_wconf 88' lang='lat' dir='ltr'><strong>Dei</strong></span> <span class='ocrx_word' id='word_1_714' title='bbox 259 5416 474 5467; x_wconf 85' lang='lat' dir='ltr'><strong>noscitur</strong></span> <span class='ocrx_word' id='word_1_715' title='bbox 511 5417 774 5482; x_wconf 84' lang='lat' dir='ltr'><strong>possidere</strong></span> <span class='ocrx_word' id='word_1_716' title='bbox 808 5434 944 5474; x_wconf 81' lang='lat' dir='ltr'><strong>:nec</strong></span> <span class='ocrx_word' id='word_1_717' title='bbox 989 5420 1126 5473; x_wconf 88' lang='lat' dir='ltr'><strong>ntala</strong></span> <span class='ocrx_word' id='word_1_718' title='bbox 1155 5408 1271 5479; x_wconf 79' lang='lat' dir='ltr'><strong>sibi.</strong></span> <span class='ocrx_word' id='word_1_719' title='bbox 1299 5408 1350 5473; x_wconf 60' lang='lat' dir='ltr'><strong>get</strong></span> <span class='ocrx_word' id='word_1_720' title='bbox 1397 5408 1695 5476; x_wconf 42' lang='lat' dir='ltr'><strong>bonuuulla-</strong></span> 
     </span>
    </p>
   </div>
   <div class='ocr_carea' id='block_1_90' title="bbox 111 5489 1699 5563">
    <p class='ocr_par' dir='ltr' id='par_1_90' title="bbox 111 5489 1699 5563">
     <span class='ocr_line' id='line_1_92' title="bbox 111 5489 1699 5563; baseline 0.011 -31"><span class='ocrx_word' id='word_1_721' title='bbox 111 5491 265 5534; x_wconf 84' lang='lat' dir='ltr'><strong>tenus</strong></span> <span class='ocrx_word' id='word_1_722' title='bbox 303 5496 535 5563; x_wconf 80' lang='lat' dir='ltr'><strong>poterunt</strong></span> <span class='ocrx_word' id='word_1_723' title='bbox 580 5489 870 5563; x_wconf 68' lang='lat' dir='ltr'><strong>convenire.</strong></span> <span class='ocrx_word' id='word_1_724' title='bbox 903 5490 1006 5558; x_wconf 83' lang='lat' dir='ltr'><strong>Qui</strong></span> <span class='ocrx_word' id='word_1_725' title='bbox 1035 5494 1082 5563; x_wconf 88' lang='lat' dir='ltr'><strong>si</strong></span> <span class='ocrx_word' id='word_1_726' title='bbox 1108 5494 1218 5546; x_wconf 80' lang='lat' dir='ltr'><strong>lucc</strong></span> <span class='ocrx_word' id='word_1_727' title='bbox 1262 5509 1361 5546; x_wconf 89' lang='lat' dir='ltr'><strong>non</strong></span> <span class='ocrx_word' id='word_1_728' title='bbox 1406 5493 1547 5559; x_wconf 86' lang='lat' dir='ltr'><strong>agit,</strong></span> <span class='ocrx_word' id='word_1_729' title='bbox 1589 5495 1699 5563; x_wconf 85' lang='lat' dir='ltr'><strong>epi-</strong></span> 
     </span>
    </p>
   </div>
   <div class='ocr_carea' id='block_1_91' title="bbox 111 5559 1698 5638">
    <p class='ocr_par' dir='ltr' id='par_1_91' title="bbox 111 5559 1698 5638">
     <span class='ocr_line' id='line_1_93' title="bbox 111 5559 1698 5638; baseline 0.006 -25"><span class='ocrx_word' id='word_1_730' title='bbox 111 5567 298 5622; x_wconf 75' lang='grc' dir='ltr'><strong>εεοριιε</strong></span> <span class='ocrx_word' id='word_1_731' title='bbox 323 5573 434 5638; x_wconf 62' lang='lat' dir='ltr'><strong>non</strong></span> <span class='ocrx_word' id='word_1_732' title='bbox 462 5560 586 5638; x_wconf 40' lang='lat' dir='ltr'><strong>erit,</strong></span> <span class='ocrx_word' id='word_1_733' title='bbox 610 5559 823 5638; x_wconf 71' lang='lat' dir='ltr'><strong>Omnes</strong></span> <span class='ocrx_word' id='word_1_734' title='bbox 857 5564 976 5638; x_wconf 64' lang='lat' dir='ltr'><strong>alia:</strong></span> <span class='ocrx_word' id='word_1_735' title='bbox 1022 5562 1153 5617; x_wconf 87' lang='lat' dir='ltr'><strong>edit.</strong></span> <span class='ocrx_word' id='word_1_736' title='bbox 1180 5579 1251 5638; x_wconf 76' lang='lat' dir='ltr'><strong>ac</strong></span> <span class='ocrx_word' id='word_1_737' title='bbox 1298 5579 1430 5638; x_wconf 68' lang='lat' dir='ltr'><strong>mss.</strong></span> <span class='ocrx_word' id='word_1_738' title='bbox 1467 5559 1698 5622; x_wconf 48' lang='lat' dir='ltr'><strong>ittter&#39;se</strong></span> 
     </span>
    </p>
   </div>
   <div class='ocr_carea' id='block_1_92' title="bbox 113 5631 1694 5703">
    <p class='ocr_par' dir='ltr' id='par_1_92' title="bbox 113 5631 1694 5703">
     <span class='ocr_line' id='line_1_94' title="bbox 113 5631 1694 5703; baseline 0.009 -25"><span class='ocrx_word' id='word_1_739' title='bbox 113 5631 488 5703; x_wconf 65' lang='lat' dir='ltr'><strong>cnttsentiunt,</strong></span> <span class='ocrx_word' id='word_1_740' title='bbox 529 5631 637 5703; x_wconf 89' lang='lat' dir='ltr'><strong>nisi</strong></span> <span class='ocrx_word' id='word_1_741' title='bbox 683 5632 826 5703; x_wconf 91' lang='lat' dir='ltr'><strong>quod</strong></span> <span class='ocrx_word' id='word_1_742' title='bbox 876 5635 1058 5689; x_wconf 72' lang='lat' dir='ltr'><strong>Batus.</strong></span> <span class='ocrx_word' id='word_1_743' title='bbox 1093 5634 1215 5689; x_wconf 87' lang='lat' dir='ltr'><strong>cod.</strong></span> <span class='ocrx_word' id='word_1_744' title='bbox 1261 5646 1314 5689; x_wconf 89' lang='lat' dir='ltr'><strong>et</strong></span> <span class='ocrx_word' id='word_1_745' title='bbox 1357 5635 1514 5692; x_wconf 80' lang='lat' dir='ltr'><strong>Rom.</strong></span> <span class='ocrx_word' id='word_1_746' title='bbox 1563 5638 1694 5692; x_wconf 91' lang='lat' dir='ltr'><strong>edit.</strong></span> 
     </span>
    </p>
   </div>
   <div class='ocr_carea' id='block_1_93' title="bbox 116 5693 1694 5835">
    <p class='ocr_par' dir='ltr' id='par_1_93' title="bbox 116 5693 1694 5835">
     <span class='ocr_line' id='line_1_95' title="bbox 116 5693 1694 5776; baseline 0.011 -29"><span class='ocrx_word' id='word_1_747' title='bbox 116 5693 422 5776; x_wconf 70' lang='lat' dir='ltr'><strong>praeferunt,</strong></span> <span class='ocrx_word' id='word_1_748' title='bbox 446 5693 610 5758; x_wconf 85' lang='lat' dir='ltr'><strong>dulcis</strong></span> <span class='ocrx_word' id='word_1_749' title='bbox 630 5714 678 5759; x_wconf 89' lang='lat' dir='ltr'><strong>et</strong></span> <span class='ocrx_word' id='word_1_750' title='bbox 702 5693 886 5762; x_wconf 74' lang='lat' dir='ltr'><strong>amara</strong></span> <span class='ocrx_word' id='word_1_751' title='bbox 911 5707 1187 5776; x_wconf 78' lang='lat' dir='ltr'><strong>procedere</strong></span> <span class='ocrx_word' id='word_1_752' title='bbox 1201 5723 1354 5775; x_wconf 84' lang='lat' dir='ltr'><strong>aqua,</strong></span> <span class='ocrx_word' id='word_1_753' title='bbox 1381 5707 1538 5762; x_wconf 83' lang='lat' dir='ltr'><strong>Rom.</strong></span> <span class='ocrx_word' id='word_1_754' title='bbox 1564 5709 1694 5764; x_wconf 86' lang='lat' dir='ltr'><strong>edit.</strong></span> 
     </span>
     <span class='ocr_line' id='line_1_96' title="bbox 118 5767 500 5835; baseline 0.024 -17"><span class='ocrx_word' id='word_1_755' title='bbox 118 5767 323 5835; x_wconf 71' lang='lat' dir='ltr'><strong>prodire</strong></span> <span class='ocrx_word' id='word_1_756' title='bbox 348 5787 500 5835; x_wconf 87' lang='lat' dir='ltr'><strong>aqua.</strong></span> 
     </span>
    </p>
   </div>
   <div class='ocr_carea' id='block_1_94' title="bbox 273 5785 500 5842">
    <p class='ocr_par' dir='ltr' id='par_1_94' title="bbox 273 5785 500 5842">
     <span class='ocr_line' id='line_1_97' title="bbox 273 5785 500 5842; baseline 0.022 -20"><span class='ocrx_word' id='word_1_757' title='bbox 273 5785 323 5842; x_wconf 78' lang='lat' dir='ltr'><strong>re</strong></span> <span class='ocrx_word' id='word_1_758' title='bbox 343 5787 500 5842; x_wconf 82' lang='lat' dir='ltr'><strong>aqua.</strong></span> 
     </span>
    </p>
   </div>
   <div class='ocr_carea' id='block_1_95' title="bbox 201 5834 1696 5925">
    <p class='ocr_par' dir='ltr' id='par_1_95' title="bbox 201 5834 1696 5925">
     <span class='ocr_line' id='line_1_98' title="bbox 201 5834 1696 5925; baseline 0.01 -31"><span class='ocrx_word' id='word_1_759' title='bbox 201 5834 222 5875; x_wconf 74' lang='grc' dir='ltr'>ί</span> <span class='ocrx_word' id='word_1_760' title='bbox 257 5834 440 5898; x_wconf 76' lang='lat' dir='ltr'><strong>Eadem</strong></span> <span class='ocrx_word' id='word_1_761' title='bbox 469 5844 623 5914; x_wconf 90' lang='lat' dir='ltr'><strong>edit.,</strong></span> <span class='ocrx_word' id='word_1_762' title='bbox 656 5864 719 5904; x_wconf 82' lang='lat' dir='ltr'><strong>ne</strong></span> <span class='ocrx_word' id='word_1_763' title='bbox 754 5849 891 5925; x_wconf 81' lang='lat' dir='ltr'><strong>lucri</strong></span> <span class='ocrx_word' id='word_1_764' title='bbox 933 5850 1180 5925; x_wconf 83' lang='lat' dir='ltr'><strong>cupidine</strong></span> <span class='ocrx_word' id='word_1_765' title='bbox 1214 5854 1266 5925; x_wconf 82' lang='lat' dir='ltr'><strong>in</strong></span> <span class='ocrx_word' id='word_1_766' title='bbox 1297 5853 1472 5922; x_wconf 89' lang='lat' dir='ltr'><strong>aliquo</strong></span> <span class='ocrx_word' id='word_1_767' title='bbox 1498 5854 1696 5925; x_wconf 81' lang='lat' dir='ltr'><strong>cpisco-</strong></span> 
     </span>
    </p>
   </div>
   <div class='ocr_carea' id='block_1_96' title="bbox 120 5922 1698 6002">
    <p class='ocr_par' dir='ltr' id='par_1_96' title="bbox 120 5922 1698 6002">
     <span class='ocr_line' id='line_1_99' title="bbox 120 5922 1698 6002; baseline 0.008 -32"><span class='ocrx_word' id='word_1_768' title='bbox 120 5924 226 5981; x_wconf 76' lang='lat' dir='ltr'><strong>pus</strong></span> <span class='ocrx_word' id='word_1_769' title='bbox 256 5925 527 5997; x_wconf 74' lang='lat' dir='ltr'><strong>superetur,</strong></span> <span class='ocrx_word' id='word_1_770' title='bbox 554 5929 600 5975; x_wconf 86' lang='lat' dir='ltr'><strong>et</strong></span> <span class='ocrx_word' id='word_1_771' title='bbox 629 5922 792 5995; x_wconf 84' lang='lat' dir='ltr'><strong>turpis</strong></span> <span class='ocrx_word' id='word_1_772' title='bbox 819 5922 951 5979; x_wconf 84' lang='lat' dir='ltr'><strong>lucri</strong></span> <span class='ocrx_word' id='word_1_773' title='bbox 993 5925 1164 6000; x_wconf 75' lang='lat' dir='ltr'><strong>gratia</strong></span> <span class='ocrx_word' id='word_1_774' title='bbox 1191 5924 1366 5982; x_wconf 86' lang='lat' dir='ltr'><strong>delicti</strong></span> <span class='ocrx_word' id='word_1_775' title='bbox 1407 5922 1575 6002; x_wconf 80' lang='lat' dir='ltr'><strong>factus</strong></span> <span class='ocrx_word' id='word_1_776' title='bbox 1607 5927 1698 5984; x_wconf 89' lang='lat' dir='ltr'><strong>ob-</strong></span> 
     </span>
    </p>
   </div>
   <div class='ocr_carea' id='block_1_97' title="bbox 1723 4603 1775 4664">
    <p class='ocr_par' dir='ltr' id='par_1_97' title="bbox 1723 4603 1775 4664">
     <span class='ocr_line' id='line_1_100' title="bbox 1723 4603 1775 4664; baseline 0 0"><span class='ocrx_word' id='word_1_777' title='bbox 1723 4603 1775 4664; x_wconf 89' lang='lat' dir='ltr'><strong>D</strong></span> 
     </span>
    </p>
   </div>
   <div class='ocr_carea' id='block_1_98' title="bbox 1810 3339 3404 3424">
    <p class='ocr_par' dir='ltr' id='par_1_98' title="bbox 1810 3339 3404 3424">
     <span class='ocr_line' id='line_1_101' title="bbox 1810 3339 3404 3424; baseline -0.008 -17"><span class='ocrx_word' id='word_1_778' title='bbox 1810 3355 1828 3424; x_wconf 91' lang='lat'>(</span> <span class='ocrx_word' id='word_1_779' title='bbox 1855 3355 1869 3407; x_wconf 96' lang='lat' dir='ltr'><strong>l</strong></span> <span class='ocrx_word' id='word_1_780' title='bbox 1898 3353 2035 3407; x_wconf 85' lang='lat' dir='ltr'><strong>Tim.</strong></span> <span class='ocrx_word' id='word_1_781' title='bbox 2069 3367 2126 3407; x_wconf 94' lang='grc' dir='ltr'><strong>ιιι</strong></span> <span class='ocrx_word' id='word_1_782' title='bbox 2153 3393 2166 3417; x_wconf 89' lang='grc'><em>,</em></span> <span class='ocrx_word' id='word_1_783' title='bbox 2203 3349 2315 3421; x_wconf 85' lang='grc'><strong>6),</strong></span> <span class='ocrx_word' id='word_1_784' title='bbox 2349 3349 2452 3404; x_wconf 88' lang='lat' dir='ltr'><strong>hoc</strong></span> <span class='ocrx_word' id='word_1_785' title='bbox 2480 3357 2594 3413; x_wconf 89' lang='lat' dir='ltr'><strong>est,</strong></span> <span class='ocrx_word' id='word_1_786' title='bbox 2626 3347 2790 3419; x_wconf 65' lang='lat'><strong>362</strong></span> <span class='ocrx_word' id='word_1_787' title='bbox 2817 3346 2908 3416; x_wconf 93' lang='lat' dir='ltr'><strong>qui</strong></span> <span class='ocrx_word' id='word_1_788' title='bbox 2941 3360 3114 3414; x_wconf 88' lang='lat' dir='ltr'><strong>nuper</strong></span> <span class='ocrx_word' id='word_1_789' title='bbox 3142 3342 3206 3397; x_wconf 82' lang='lat' dir='ltr'><strong>ad</strong></span> <span class='ocrx_word' id='word_1_790' title='bbox 3239 3339 3404 3397; x_wconf 86' lang='lat' dir='ltr'><strong>fidem</strong></span> 
     </span>
    </p>
   </div>
   <div class='ocr_carea' id='block_1_99' title="bbox 1808 3434 3404 3519">
    <p class='ocr_par' dir='ltr' id='par_1_99' title="bbox 1808 3434 3404 3519">
     <span class='ocr_line' id='line_1_102' title="bbox 1808 3434 3404 3519; baseline -0.01 -15"><span class='ocrx_word' id='word_1_791' title='bbox 1808 3466 1874 3504; x_wconf 85' lang='lat' dir='ltr'><strong>ex</strong></span> <span class='ocrx_word' id='word_1_792' title='bbox 1904 3447 2213 3519; x_wconf 87' lang='lat' dir='ltr'><strong>gentilitate</strong></span> <span class='ocrx_word' id='word_1_793' title='bbox 2241 3445 2492 3511; x_wconf 87' lang='lat' dir='ltr'><strong>advenit,</strong></span> <span class='ocrx_word' id='word_1_794' title='bbox 2523 3452 2616 3497; x_wconf 90' lang='lat' dir='ltr'><strong>aut</strong></span> <span class='ocrx_word' id='word_1_795' title='bbox 2641 3452 2789 3496; x_wconf 90' lang='lat' dir='ltr'><strong>certe</strong></span> <span class='ocrx_word' id='word_1_796' title='bbox 2819 3455 2884 3495; x_wconf 88' lang='lat' dir='ltr'><strong>ex</strong></span> <span class='ocrx_word' id='word_1_797' title='bbox 2915 3438 3109 3493; x_wconf 86' lang='lat' dir='ltr'><strong>militia</strong></span> <span class='ocrx_word' id='word_1_798' title='bbox 3155 3434 3404 3492; x_wconf 74' lang='lat' dir='ltr'><strong>sazculari</strong></span> 
     </span>
    </p>
   </div>
   <div class='ocr_carea' id='block_1_100' title="bbox 1809 3532 3404 3601">
    <p class='ocr_par' dir='ltr' id='par_1_100' title="bbox 1809 3532 3404 3601">
     <span class='ocr_line' id='line_1_103' title="bbox 1809 3532 3404 3601; baseline -0.01 -5"><span class='ocrx_word' id='word_1_799' title='bbox 1809 3544 1876 3598; x_wconf 87' lang='lat' dir='ltr'><strong>ad</strong></span> <span class='ocrx_word' id='word_1_800' title='bbox 1907 3543 2198 3598; x_wconf 88' lang='lat' dir='ltr'><strong>clericatus</strong></span> <span class='ocrx_word' id='word_1_801' title='bbox 2219 3548 2305 3595; x_wconf 92' lang='lat' dir='ltr'><strong>est</strong></span> <span class='ocrx_word' id='word_1_802' title='bbox 2336 3538 2575 3592; x_wconf 85' lang='lat' dir='ltr'><strong>oflicium</strong></span> <span class='ocrx_word' id='word_1_803' title='bbox 2602 3537 2860 3591; x_wconf 86' lang='lat' dir='ltr'><strong>sociatus.</strong></span> <span class='ocrx_word' id='word_1_804' title='bbox 2897 3532 2960 3585; x_wconf 84' lang='lat' dir='ltr'><strong>Hi</strong></span> <span class='ocrx_word' id='word_1_805' title='bbox 2991 3547 3123 3601; x_wconf 90' lang='lat' dir='ltr'><strong>ergo</strong></span> <span class='ocrx_word' id='word_1_806' title='bbox 3153 3544 3258 3584; x_wconf 91' lang='lat' dir='ltr'><strong>non</strong></span> <span class='ocrx_word' id='word_1_807' title='bbox 3295 3537 3404 3581; x_wconf 85' lang='lat' dir='ltr'><strong>tam</strong></span> 
     </span>
    </p>
   </div>
   <div class='ocr_carea' id='block_1_101' title="bbox 1809 3622 3402 3708">
    <p class='ocr_par' dir='ltr' id='par_1_101' title="bbox 1809 3622 3402 3708">
     <span class='ocr_line' id='line_1_104' title="bbox 1809 3622 3402 3708; baseline -0.008 -21"><span class='ocrx_word' id='word_1_808' title='bbox 1809 3636 2011 3708; x_wconf 72' lang='lat' dir='ltr'><strong>passim</strong></span> <span class='ocrx_word' id='word_1_809' title='bbox 2039 3633 2436 3690; x_wconf 81' lang='lat' dir='ltr'><strong>sacerdotalem</strong></span> <span class='ocrx_word' id='word_1_810' title='bbox 2474 3632 2737 3700; x_wconf 88' lang='lat' dir='ltr'><strong>arripiant</strong></span> <span class='ocrx_word' id='word_1_811' title='bbox 2764 3626 2992 3697; x_wconf 88' lang='lat' dir='ltr'><strong>gradum</strong></span> <span class='ocrx_word' id='word_1_812' title='bbox 3021 3667 3036 3689; x_wconf 92' lang='lat'><strong>,</strong></span> <span class='ocrx_word' id='word_1_813' title='bbox 3092 3639 3159 3678; x_wconf 91' lang='lat' dir='ltr'><strong>ne</strong></span> <span class='ocrx_word' id='word_1_814' title='bbox 3180 3622 3309 3678; x_wconf 89' lang='lat' dir='ltr'><strong>elati</strong></span> <span class='ocrx_word' id='word_1_815' title='bbox 3350 3622 3402 3675; x_wconf 92' lang='lat' dir='ltr'><strong>iu</strong></span> 
     </span>
    </p>
   </div>
   <div class='ocr_carea' id='block_1_102' title="bbox 1809 3718 3400 3802">
    <p class='ocr_par' dir='ltr' id='par_1_102' title="bbox 1809 3718 3400 3802">
     <span class='ocr_line' id='line_1_105' title="bbox 1809 3718 3400 3802; baseline -0.009 -16"><span class='ocrx_word' id='word_1_816' title='bbox 1809 3731 2153 3802; x_wconf 89' lang='lat' dir='ltr'><strong>superbiam,</strong></span> <span class='ocrx_word' id='word_1_817' title='bbox 2207 3729 2260 3782; x_wconf 91' lang='lat' dir='ltr'><strong>in</strong></span> <span class='ocrx_word' id='word_1_818' title='bbox 2314 3727 2578 3798; x_wconf 85' lang='lat' dir='ltr'><strong>judicium</strong></span> <span class='ocrx_word' id='word_1_819' title='bbox 2613 3723 2880 3786; x_wconf 87' lang='lat' dir='ltr'><strong>incidant,</strong></span> <span class='ocrx_word' id='word_1_820' title='bbox 2929 3730 2983 3775; x_wconf 88' lang='lat' dir='ltr'><strong>et</strong></span> <span class='ocrx_word' id='word_1_821' title='bbox 3037 3719 3090 3774; x_wconf 78' lang='grc' dir='ltr'><strong>ιιι</strong></span> <span class='ocrx_word' id='word_1_822' title='bbox 3147 3718 3400 3787; x_wconf 85' lang='lat' dir='ltr'><strong>laqueum</strong></span> 
     </span>
    </p>
   </div>
   <div class='ocr_carea' id='block_1_103' title="bbox 1808 3810 3401 3894">
    <p class='ocr_par' dir='ltr' id='par_1_103' title="bbox 1808 3810 3401 3894">
     <span class='ocr_line' id='line_1_106' title="bbox 1808 3810 3401 3894; baseline -0.012 -14"><span class='ocrx_word' id='word_1_823' title='bbox 1808 3825 2047 3888; x_wconf 86' lang='lat' dir='ltr'><strong>diaboli;</strong></span> <span class='ocrx_word' id='word_1_824' title='bbox 2081 3823 2204 3894; x_wconf 85' lang='lat' dir='ltr'><strong>quia</strong></span> <span class='ocrx_word' id='word_1_825' title='bbox 2236 3825 2250 3872; x_wconf 90' lang='lat' dir='ltr'><strong>l</strong></span> <span class='ocrx_word' id='word_1_826' title='bbox 2290 3820 2432 3892; x_wconf 88' lang='lat' dir='ltr'><strong>quod</strong></span> <span class='ocrx_word' id='word_1_827' title='bbox 2463 3818 2626 3890; x_wconf 84' lang='lat' dir='ltr'><strong>longo</strong></span> <span class='ocrx_word' id='word_1_828' title='bbox 2643 3826 2889 3886; x_wconf 89' lang='lat' dir='ltr'><strong>tempore</strong></span> <span class='ocrx_word' id='word_1_829' title='bbox 2912 3812 3134 3868; x_wconf 91' lang='lat' dir='ltr'><strong>minime</strong></span> <span class='ocrx_word' id='word_1_830' title='bbox 3163 3810 3401 3873; x_wconf 91' lang='lat' dir='ltr'><strong>discunt,</strong></span> 
     </span>
    </p>
   </div>
   <div class='ocr_carea' id='block_1_104' title="bbox 1809 3903 3402 3989">
    <p class='ocr_par' dir='ltr' id='par_1_104' title="bbox 1809 3903 3402 3989">
     <span class='ocr_line' id='line_1_107' title="bbox 1809 3903 3402 3989; baseline -0.011 -16"><span class='ocrx_word' id='word_1_831' title='bbox 1809 3917 1862 3973; x_wconf 93' lang='lat' dir='ltr'><strong>in</strong></span> <span class='ocrx_word' id='word_1_832' title='bbox 1891 3933 2060 3989; x_wconf 87' lang='lat' dir='ltr'><strong>parvo</strong></span> <span class='ocrx_word' id='word_1_833' title='bbox 2085 3927 2330 3988; x_wconf 86' lang='lat' dir='ltr'><strong>tempore</strong></span> <span class='ocrx_word' id='word_1_834' title='bbox 2361 3929 2581 3971; x_wconf 69' lang='lat' dir='ltr'><strong>servare</strong></span> <span class='ocrx_word' id='word_1_835' title='bbox 2628 3927 2733 3966; x_wconf 88' lang='lat' dir='ltr'><strong>non</strong></span> <span class='ocrx_word' id='word_1_836' title='bbox 2767 3917 3012 3981; x_wconf 82' lang='lat' dir='ltr'><strong>possunt.</strong></span> <span class='ocrx_word' id='word_1_837' title='bbox 3063 3905 3130 3960; x_wconf 85' lang='lat' dir='ltr'><strong>Et</strong></span> <span class='ocrx_word' id='word_1_838' title='bbox 3176 3903 3402 3958; x_wconf 84' lang='lat' dir='ltr'><strong>conclu-</strong></span> 
     </span>
    </p>
   </div>
   <div class='ocr_carea' id='block_1_105' title="bbox 1809 4048 3408 4125">
    <p class='ocr_par' dir='ltr' id='par_1_105' title="bbox 1809 4048 3408 4125">
     <span class='ocr_line' id='line_1_108' title="bbox 1809 4048 3408 4125; baseline -0.007 -13"><span class='ocrx_word' id='word_1_839' title='bbox 1809 4059 2026 4125; x_wconf 62' lang='lat' dir='ltr'><strong>noxius,</strong></span> <span class='ocrx_word' id='word_1_840' title='bbox 2082 4059 2307 4113; x_wconf 80' lang='lat' dir='ltr'><strong>radicem</strong></span> <span class='ocrx_word' id='word_1_841' title='bbox 2356 4057 2608 4112; x_wconf 85' lang='lat' dir='ltr'><strong>malorum</strong></span> <span class='ocrx_word' id='word_1_842' title='bbox 2678 4056 2905 4109; x_wconf 85' lang='lat' dir='ltr'><strong>omnium</strong></span> <span class='ocrx_word' id='word_1_843' title='bbox 2973 4050 3197 4125; x_wconf 85' lang='lat' dir='ltr'><strong>enutriat</strong></span> <span class='ocrx_word' id='word_1_844' title='bbox 3220 4048 3408 4125; x_wconf 55' lang='lat' dir='ltr'><strong>9va</strong></span> 
     </span>
    </p>
   </div>
   <div class='ocr_carea' id='block_1_106' title="bbox 1809 4119 3404 4198">
    <p class='ocr_par' dir='ltr' id='par_1_106' title="bbox 1809 4119 3404 4198">
     <span class='ocr_line' id='line_1_109' title="bbox 1809 4119 3404 4198; baseline -0.007 -12"><span class='ocrx_word' id='word_1_845' title='bbox 1809 4131 1955 4186; x_wconf 86' lang='lat' dir='ltr'><strong>tiam.</strong></span> <span class='ocrx_word' id='word_1_846' title='bbox 1999 4119 2023 4186; x_wconf 47' lang='grc'><strong>,⁷</strong></span> <span class='ocrx_word' id='word_1_847' title='bbox 2065 4171 2077 4185; x_wconf 95' lang='grc'><strong><em>.</em></strong></span> <span class='ocrx_word' id='word_1_848' title='bbox 2122 4171 2135 4184; x_wconf 90' lang='grc'><strong>.</strong></span> <span class='ocrx_word' id='word_1_849' title='bbox 2178 4130 2268 4185; x_wconf 81' lang='lat' dir='ltr'><strong>sed</strong></span> <span class='ocrx_word' id='word_1_850' title='bbox 2313 4147 2374 4185; x_wconf 83' lang='lat' dir='ltr'><strong>ea</strong></span> <span class='ocrx_word' id='word_1_851' title='bbox 2425 4131 2540 4198; x_wconf 81' lang='lat' dir='ltr'><strong>ipsa</strong></span> <span class='ocrx_word' id='word_1_852' title='bbox 2607 4129 2772 4197; x_wconf 86' lang='lat' dir='ltr'><strong>potius</strong></span> <span class='ocrx_word' id='word_1_853' title='bbox 2840 4123 3150 4198; x_wconf 62' lang='lat' dir='ltr'><strong>pauperibus</strong></span> <span class='ocrx_word' id='word_1_854' title='bbox 3209 4119 3404 4198; x_wconf 77' lang='lat' dir='ltr'><strong>Christi</strong></span> 
     </span>
    </p>
   </div>
   <div class='ocr_carea' id='block_1_107' title="bbox 1807 4193 3394 4274">
    <p class='ocr_par' dir='ltr' id='par_1_107' title="bbox 1807 4193 3394 4274">
     <span class='ocr_line' id='line_1_110' title="bbox 1807 4193 3394 4274; baseline -0.007 -17"><span class='ocrx_word' id='word_1_855' title='bbox 1807 4205 2124 4274; x_wconf 78' lang='lat' dir='ltr'><strong>impertiens.</strong></span> <span class='ocrx_word' id='word_1_856' title='bbox 2157 4204 2397 4258; x_wconf 72' lang='lat' dir='ltr'><strong>caelorum</strong></span> <span class='ocrx_word' id='word_1_857' title='bbox 2423 4193 2518 4274; x_wconf 80' lang='lat' dir='ltr'><strong>sibi</strong></span> <span class='ocrx_word' id='word_1_858' title='bbox 2545 4193 3002 4274; x_wconf 64' lang='lat' dir='ltr'><strong>comparet’regna.</strong></span> <span class='ocrx_word' id='word_1_859' title='bbox 3031 4193 3394 4274; x_wconf 50' lang='lat' dir='ltr'><strong>Eteonon-ctu,</strong></span> 
     </span>
    </p>
   </div>
   <div class='ocr_carea' id='block_1_108' title="bbox 1805 4261 3397 4341">
    <p class='ocr_par' dir='ltr' id='par_1_108' title="bbox 1805 4261 3397 4341">
     <span class='ocr_line' id='line_1_111' title="bbox 1805 4261 3397 4341; baseline -0.006 -13"><span class='ocrx_word' id='word_1_860' title='bbox 1805 4261 1936 4341; x_wconf 57' lang='grc' dir='ltr'>(διὰ,</span> <span class='ocrx_word' id='word_1_861' title='bbox 1967 4275 2035 4331; x_wconf 84' lang='lat' dir='ltr'><strong>ab</strong></span> <span class='ocrx_word' id='word_1_862' title='bbox 2062 4261 2182 4330; x_wconf 87' lang='lat' dir='ltr'><strong>aliis</strong></span> <span class='ocrx_word' id='word_1_863' title='bbox 2203 4282 2380 4329; x_wconf 88' lang='lat' dir='ltr'><strong>autem</strong></span> <span class='ocrx_word' id='word_1_864' title='bbox 2412 4273 2540 4326; x_wconf 78' lang='lat' dir='ltr'><strong>edit.</strong></span> <span class='ocrx_word' id='word_1_865' title='bbox 2574 4281 2628 4326; x_wconf 90' lang='lat' dir='ltr'><strong>et</strong></span> <span class='ocrx_word' id='word_1_866' title='bbox 2659 4261 2788 4324; x_wconf 85' lang='lat' dir='ltr'><strong>iuss.</strong></span> <span class='ocrx_word' id='word_1_867' title='bbox 2824 4261 2926 4324; x_wconf 71' lang='lat' dir='ltr'><strong>hoc</strong></span> <span class='ocrx_word' id='word_1_868' title='bbox 2953 4266 3179 4322; x_wconf 87' lang='lat' dir='ltr'><strong>dissidet</strong></span> <span class='ocrx_word' id='word_1_869' title='bbox 3225 4261 3397 4341; x_wconf 80' lang='lat' dir='ltr'><strong>cod_ex</strong></span> 
     </span>
    </p>
   </div>
   <div class='ocr_carea' id='block_1_109' title="bbox 1803 4335 3400 4417">
    <p class='ocr_par' dir='ltr' id='par_1_109' title="bbox 1803 4335 3400 4417">
     <span class='ocr_line' id='line_1_112' title="bbox 1803 4335 3400 4417; baseline -0.006 -16"><span class='ocrx_word' id='word_1_870' title='bbox 1803 4335 2003 4402; x_wconf 81' lang='lat' dir='ltr'><strong>Souch.</strong></span> <span class='ocrx_word' id='word_1_871' title='bbox 2037 4347 2178 4416; x_wconf 87' lang='lat' dir='ltr'><strong>quod</strong></span> <span class='ocrx_word' id='word_1_872' title='bbox 2211 4347 2359 4417; x_wconf 87' lang='lat' dir='ltr'><strong>legit,</strong></span> <span class='ocrx_word' id='word_1_873' title='bbox 2389 4344 2475 4415; x_wconf 84' lang='lat' dir='ltr'><strong>qui</strong></span> <span class='ocrx_word' id='word_1_874' title='bbox 2513 4344 2780 4416; x_wconf 84' lang='lat' dir='ltr'><strong>stipendiis</strong></span> <span class='ocrx_word' id='word_1_875' title='bbox 2812 4351 3011 4396; x_wconf 78' lang='lat' dir='ltr'><strong>tantum</strong></span> <span class='ocrx_word' id='word_1_876' title='bbox 3039 4355 3158 4393; x_wconf 83' lang='lat' dir='ltr'><strong>usus</strong></span> <span class='ocrx_word' id='word_1_877' title='bbox 3188 4347 3261 4393; x_wconf 82' lang='lat' dir='ltr'><strong>est</strong></span> <span class='ocrx_word' id='word_1_878' title='bbox 3297 4335 3400 4392; x_wconf 83' lang='lat' dir='ltr'><strong>Ec-</strong></span> 
     </span>
    </p>
   </div>
   <div class='ocr_carea' id='block_1_110' title="bbox 1801 4419 2118 4474">
    <p class='ocr_par' dir='ltr' id='par_1_110' title="bbox 1801 4419 2118 4474">
     <span class='ocr_line' id='line_1_113' title="bbox 1801 4419 2118 4474; baseline 0 -1"><span class='ocrx_word' id='word_1_879' title='bbox 1801 4419 1970 4473; x_wconf 73' lang='lat' dir='ltr'><strong>clesia:</strong></span> <span class='ocrx_word' id='word_1_880' title='bbox 1991 4435 2118 4474; x_wconf 68' lang='lat' dir='ltr'><strong>suae.</strong></span> 
     </span>
    </p>
   </div>
   <div class='ocr_carea' id='block_1_111' title="bbox 1873 4481 3398 4560">
    <p class='ocr_par' dir='ltr' id='par_1_111' title="bbox 1873 4481 3398 4560">
     <span class='ocr_line' id='line_1_114' title="bbox 1873 4481 3398 4560; baseline -0.004 -20"><span class='ocrx_word' id='word_1_881' title='bbox 1873 4502 1899 4540; x_wconf 88' lang='lat' dir='ltr'><strong>tt</strong></span> <span class='ocrx_word' id='word_1_882' title='bbox 1931 4492 2008 4546; x_wconf 88' lang='lat' dir='ltr'><strong>Ita</strong></span> <span class='ocrx_word' id='word_1_883' title='bbox 2053 4505 2184 4545; x_wconf 84' lang='lat' dir='ltr'><strong>mss.</strong></span> <span class='ocrx_word' id='word_1_884' title='bbox 2217 4489 2422 4560; x_wconf 85' lang='lat' dir='ltr'><strong>plures,</strong></span> <span class='ocrx_word' id='word_1_885' title='bbox 2452 4501 2513 4543; x_wconf 85' lang='lat' dir='ltr'><strong>ac</strong></span> <span class='ocrx_word' id='word_1_886' title='bbox 2564 4488 2825 4555; x_wconf 85' lang='lat' dir='ltr'><strong>potiores.</strong></span> <span class='ocrx_word' id='word_1_887' title='bbox 2857 4485 2940 4540; x_wconf 81' lang='lat' dir='ltr'><strong>Ab</strong></span> <span class='ocrx_word' id='word_1_888' title='bbox 2989 4481 3075 4560; x_wconf 83' lang='lat' dir='ltr'><strong>his</strong></span> <span class='ocrx_word' id='word_1_889' title='bbox 3127 4496 3258 4560; x_wconf 76' lang='lat' dir='ltr'><strong>vero</strong></span> <span class='ocrx_word' id='word_1_890' title='bbox 3289 4493 3398 4560; x_wconf 80' lang='lat' dir='ltr'><strong>non</strong></span> 
     </span>
    </p>
   </div>
   <div class='ocr_carea' id='block_1_112' title="bbox 1799 4553 3396 4626">
    <p class='ocr_par' dir='ltr' id='par_1_112' title="bbox 1799 4553 3396 4626">
     <span class='ocr_line' id='line_1_115' title="bbox 1799 4553 3396 4626; baseline -0.005 -10"><span class='ocrx_word' id='word_1_891' title='bbox 1799 4563 2000 4618; x_wconf 88' lang='lat' dir='ltr'><strong>abeunt</strong></span> <span class='ocrx_word' id='word_1_892' title='bbox 2027 4553 2234 4623; x_wconf 58' lang='lat' dir='ltr'><strong>cmteri,</strong></span> <span class='ocrx_word' id='word_1_893' title='bbox 2257 4577 2355 4616; x_wconf 89' lang='lat' dir='ltr'><strong>nec</strong></span> <span class='ocrx_word' id='word_1_894' title='bbox 2387 4553 2516 4616; x_wconf 85' lang='lat' dir='ltr'><strong>edit.</strong></span> <span class='ocrx_word' id='word_1_895' title='bbox 2551 4553 2701 4615; x_wconf 77' lang='lat' dir='ltr'><strong>Erus.</strong></span> <span class='ocrx_word' id='word_1_896' title='bbox 2735 4567 2790 4612; x_wconf 93' lang='lat' dir='ltr'><strong>et</strong></span> <span class='ocrx_word' id='word_1_897' title='bbox 2815 4573 2930 4626; x_wconf 87' lang='lat' dir='ltr'><strong>seq.</strong></span> <span class='ocrx_word' id='word_1_898' title='bbox 2965 4557 3095 4610; x_wconf 88' lang='lat' dir='ltr'><strong>edit.</strong></span> <span class='ocrx_word' id='word_1_899' title='bbox 3124 4554 3223 4608; x_wconf 89' lang='lat' dir='ltr'><strong>nisi</strong></span> <span class='ocrx_word' id='word_1_900' title='bbox 3253 4553 3396 4623; x_wconf 86' lang='lat' dir='ltr'><strong>quod</strong></span> 
     </span>
    </p>
   </div>
   <div class='ocr_carea' id='block_1_113' title="bbox 1803 4626 3399 4700">
    <p class='ocr_par' dir='ltr' id='par_1_113' title="bbox 1803 4626 3399 4700">
     <span class='ocr_line' id='line_1_116' title="bbox 1803 4626 3399 4700; baseline -0.004 -14"><span class='ocrx_word' id='word_1_901' title='bbox 1803 4635 2020 4700; x_wconf 72' lang='lat' dir='ltr'><strong>habent,</strong></span> <span class='ocrx_word' id='word_1_902' title='bbox 2052 4643 2219 4688; x_wconf 77' lang='lat' dir='ltr'><strong>manet</strong></span> <span class='ocrx_word' id='word_1_903' title='bbox 2249 4635 2300 4686; x_wconf 88' lang='lat' dir='ltr'><strong>tn</strong></span> <span class='ocrx_word' id='word_1_904' title='bbox 2329 4643 2577 4687; x_wconf 63' lang='lat' dir='ltr'><strong>aeternum</strong></span> <span class='ocrx_word' id='word_1_905' title='bbox 2599 4649 2617 4698; x_wconf 85' lang='lat'><strong>;</strong></span> <span class='ocrx_word' id='word_1_906' title='bbox 2641 4639 2698 4685; x_wconf 88' lang='lat' dir='ltr'><strong>et</strong></span> <span class='ocrx_word' id='word_1_907' title='bbox 2723 4629 2927 4699; x_wconf 84' lang='lat' dir='ltr'><strong>reliqua</strong></span> <span class='ocrx_word' id='word_1_908' title='bbox 2961 4629 3117 4696; x_wconf 67' lang='lat' dir='ltr'><strong>hujus</strong></span> <span class='ocrx_word' id='word_1_909' title='bbox 3148 4626 3253 4681; x_wconf 85' lang='lat' dir='ltr'><strong>loci</strong></span> <span class='ocrx_word' id='word_1_910' title='bbox 3283 4641 3399 4700; x_wconf 79' lang='lat' dir='ltr'><strong>vcr-</strong></span> 
     </span>
    </p>
   </div>
   <div class='ocr_carea' id='block_1_114' title="bbox 1798 4697 3398 4776">
    <p class='ocr_par' dir='ltr' id='par_1_114' title="bbox 1798 4697 3398 4776">
     <span class='ocr_line' id='line_1_117' title="bbox 1798 4697 3398 4776; baseline -0.005 -17"><span class='ocrx_word' id='word_1_911' title='bbox 1798 4705 1862 4759; x_wconf 66' lang='grc' dir='ltr'>ιω</span> <span class='ocrx_word' id='word_1_912' title='bbox 1897 4697 2334 4776; x_wconf 64' lang='lat' dir='ltr'><strong>praetermittunt.</strong></span> <span class='ocrx_word' id='word_1_913' title='bbox 2366 4703 2587 4759; x_wconf 83' lang='lat' dir='ltr'><strong>Amerb.</strong></span> <span class='ocrx_word' id='word_1_914' title='bbox 2618 4714 2798 4757; x_wconf 85' lang='lat' dir='ltr'><strong>autem</strong></span> <span class='ocrx_word' id='word_1_915' title='bbox 2829 4697 2952 4756; x_wconf 81' lang='lat' dir='ltr'><strong>cum</strong></span> <span class='ocrx_word' id='word_1_916' title='bbox 2996 4716 3125 4754; x_wconf 88' lang='lat' dir='ltr'><strong>tnss.</strong></span> <span class='ocrx_word' id='word_1_917' title='bbox 3161 4697 3398 4752; x_wconf 88' lang='lat' dir='ltr'><strong>nonnul-</strong></span> 
     </span>
    </p>
   </div>
   <div class='ocr_carea' id='block_1_115' title="bbox 1800 4776 2778 4832">
    <p class='ocr_par' dir='ltr' id='par_1_115' title="bbox 1800 4776 2778 4832">
     <span class='ocr_line' id='line_1_118' title="bbox 1800 4776 2778 4832; baseline -0.003 -2"><span class='ocrx_word' id='word_1_918' title='bbox 1800 4776 1866 4831; x_wconf 90' lang='lat' dir='ltr'><strong>lis</strong></span> <span class='ocrx_word' id='word_1_919' title='bbox 1890 4785 2058 4831; x_wconf 90' lang='lat' dir='ltr'><strong>totutn</strong></span> <span class='ocrx_word' id='word_1_920' title='bbox 2088 4777 2239 4832; x_wconf 88' lang='lat' dir='ltr'><strong>illum</strong></span> <span class='ocrx_word' id='word_1_921' title='bbox 2265 4786 2470 4831; x_wconf 75' lang='lat' dir='ltr'><strong>textum</strong></span> <span class='ocrx_word' id='word_1_922' title='bbox 2502 4778 2778 4830; x_wconf 88' lang='lat' dir='ltr'><strong>omiserat.</strong></span> 
     </span>
    </p>
   </div>
   <div class='ocr_carea' id='block_1_116' title="bbox 1871 4843 3394 4916">
    <p class='ocr_par' dir='ltr' id='par_1_116' title="bbox 1871 4843 3394 4916">
     <span class='ocr_line' id='line_1_119' title="bbox 1871 4843 3394 4916; baseline -0.004 -13"><span class='ocrx_word' id='word_1_923' title='bbox 1871 4846 1897 4884; x_wconf 72' lang='grc' dir='ltr'><strong>ιι</strong></span> <span class='ocrx_word' id='word_1_924' title='bbox 1929 4849 2070 4903; x_wconf 87' lang='lat' dir='ltr'><strong>Edit.</strong></span> <span class='ocrx_word' id='word_1_925' title='bbox 2105 4848 2330 4908; x_wconf 81' lang='lat' dir='ltr'><strong>Mahill.,</strong></span> <span class='ocrx_word' id='word_1_926' title='bbox 2361 4849 2483 4902; x_wconf 78' lang='lat' dir='ltr'><strong>bene</strong></span> <span class='ocrx_word' id='word_1_927' title='bbox 2529 4863 2775 4916; x_wconf 78' lang='lat' dir='ltr'><strong>prwesse,</strong></span> <span class='ocrx_word' id='word_1_928' title='bbox 2821 4845 3013 4899; x_wconf 85' lang='lat' dir='ltr'><strong>scilicet</strong></span> <span class='ocrx_word' id='word_1_929' title='bbox 3060 4843 3394 4916; x_wconf 75' lang='lat' dir='ltr'><strong>utrorporis</strong></span> 
     </span>
    </p>
   </div>
   <div class='ocr_carea' id='block_1_117' title="bbox 1797 4915 3396 4988">
    <p class='ocr_par' dir='ltr' id='par_1_117' title="bbox 1797 4915 3396 4988">
     <span class='ocr_line' id='line_1_120' title="bbox 1797 4915 3396 4988; baseline -0.004 -15"><span class='ocrx_word' id='word_1_930' title='bbox 1797 4920 1878 4973; x_wconf 89' lang='lat' dir='ltr'><strong>sui</strong></span> <span class='ocrx_word' id='word_1_931' title='bbox 1903 4921 2111 4974; x_wconf 82' lang='lat' dir='ltr'><strong>domum</strong></span> <span class='ocrx_word' id='word_1_932' title='bbox 2142 4920 2414 4988; x_wconf 81' lang='lat' dir='ltr'><strong>imperioso</strong></span> <span class='ocrx_word' id='word_1_933' title='bbox 2437 4915 2556 4988; x_wconf 80' lang='lat' dir='ltr'><strong>jure</strong></span> <span class='ocrx_word' id='word_1_934' title='bbox 2585 4921 2871 4981; x_wconf 85' lang='lat' dir='ltr'><strong>contineat;</strong></span> <span class='ocrx_word' id='word_1_935' title='bbox 2903 4932 2992 4969; x_wconf 85' lang='lat' dir='ltr'><strong>nec</strong></span> <span class='ocrx_word' id='word_1_936' title='bbox 3017 4915 3262 4970; x_wconf 84' lang='lat' dir='ltr'><strong>subdatur</strong></span> <span class='ocrx_word' id='word_1_937' title='bbox 3287 4915 3396 4981; x_wconf 86' lang='lat' dir='ltr'><strong>ipse</strong></span> 
     </span>
    </p>
   </div>
   <div class='ocr_carea' id='block_1_118' title="bbox 1797 4989 3397 5064">
    <p class='ocr_par' dir='ltr' id='par_1_118' title="bbox 1797 4989 3397 5064">
     <span class='ocr_line' id='line_1_121' title="bbox 1797 4989 3397 5064; baseline -0.004 -20"><span class='ocrx_word' id='word_1_938' title='bbox 1797 5007 1829 5064; x_wconf 85' lang='lat' dir='ltr'><strong>a</strong></span> <span class='ocrx_word' id='word_1_939' title='bbox 1857 5007 2092 5064; x_wconf 82' lang='lat' dir='ltr'><strong>corpore,</strong></span> <span class='ocrx_word' id='word_1_940' title='bbox 2124 5001 2172 5045; x_wconf 81' lang='lat' dir='ltr'><strong>ct</strong></span> <span class='ocrx_word' id='word_1_941' title='bbox 2209 4993 2260 5044; x_wconf 88' lang='lat' dir='ltr'><strong>in</strong></span> <span class='ocrx_word' id='word_1_942' title='bbox 2293 4992 2516 5045; x_wconf 83' lang='lat' dir='ltr'><strong>habenas</strong></span> <span class='ocrx_word' id='word_1_943' title='bbox 2548 4991 2774 5045; x_wconf 69' lang='lat' dir='ltr'><strong>luxuria:</strong></span> <span class='ocrx_word' id='word_1_944' title='bbox 2800 4989 3034 5064; x_wconf 61' lang='lat' dir='ltr'><strong>infrenis</strong></span> <span class='ocrx_word' id='word_1_945' title='bbox 3072 4999 3397 5064; x_wconf 71' lang='lat' dir='ltr'><strong>nequaquam</strong></span> 
     </span>
    </p>
   </div>
   <div class='ocr_carea' id='block_1_119' title="bbox 1798 5058 3393 5134">
    <p class='ocr_par' dir='ltr' id='par_1_119' title="bbox 1798 5058 3393 5134">
     <span class='ocr_line' id='line_1_122' title="bbox 1798 5058 3393 5134; baseline -0.005 -16"><span class='ocrx_word' id='word_1_946' title='bbox 1798 5058 2019 5133; x_wconf 80' lang='lat' dir='ltr'><strong>feratur,</strong></span> <span class='ocrx_word' id='word_1_947' title='bbox 2051 5073 2098 5118; x_wconf 88' lang='lat' dir='ltr'><strong>et</strong></span> <span class='ocrx_word' id='word_1_948' title='bbox 2143 5066 2195 5116; x_wconf 89' lang='lat' dir='ltr'><strong>in</strong></span> <span class='ocrx_word' id='word_1_949' title='bbox 2228 5077 2491 5129; x_wconf 77' lang='lat' dir='ltr'><strong>prteceps;</strong></span> <span class='ocrx_word' id='word_1_950' title='bbox 2522 5073 2578 5116; x_wconf 89' lang='lat' dir='ltr'><strong>ut</strong></span> <span class='ocrx_word' id='word_1_951' title='bbox 2610 5080 2728 5116; x_wconf 89' lang='lat' dir='ltr'><strong>suos</strong></span> <span class='ocrx_word' id='word_1_952' title='bbox 2759 5058 2918 5134; x_wconf 84' lang='lat' dir='ltr'><strong>possit</strong></span> <span class='ocrx_word' id='word_1_953' title='bbox 2959 5059 3117 5134; x_wconf 40' lang='lat' dir='ltr'><strong>ﬁlios“</strong></span> <span class='ocrx_word' id='word_1_954' title='bbox 3143 5058 3393 5134; x_wconf 72' lang='lat' dir='ltr'><strong>castitatis</strong></span> 
     </span>
    </p>
   </div>
   <div class='ocr_carea' id='block_1_120' title="bbox 1799 5127 3392 5206">
    <p class='ocr_par' dir='ltr' id='par_1_120' title="bbox 1799 5127 3392 5206">
     <span class='ocr_line' id='line_1_123' title="bbox 1799 5127 3392 5206; baseline -0.005 -18"><span class='ocrx_word' id='word_1_955' title='bbox 1799 5127 2031 5204; x_wconf 72' lang='lat' dir='ltr'><strong>exemplo</strong></span> <span class='ocrx_word' id='word_1_956' title='bbox 2059 5134 2126 5189; x_wconf 86' lang='lat' dir='ltr'><strong>ad</strong></span> <span class='ocrx_word' id='word_1_957' title='bbox 2168 5127 2432 5204; x_wconf 76' lang='lat' dir='ltr'><strong>pudicitia:</strong></span> <span class='ocrx_word' id='word_1_958' title='bbox 2477 5136 2709 5205; x_wconf 84' lang='lat' dir='ltr'><strong>regulam</strong></span> <span class='ocrx_word' id='word_1_959' title='bbox 2740 5127 3174 5206; x_wconf 58' lang='lat' dir='ltr'><strong>gubertt.ire._Qui</strong></span> <span class='ocrx_word' id='word_1_960' title='bbox 3214 5128 3392 5206; x_wconf 68' lang='lat' dir='ltr'><strong>siluae</strong></span> 
     </span>
    </p>
   </div>
   <div class='ocr_carea' id='block_1_121' title="bbox 1799 5199 3391 5277">
    <p class='ocr_par' dir='ltr' id='par_1_121' title="bbox 1799 5199 3391 5277">
     <span class='ocr_line' id='line_1_124' title="bbox 1799 5199 3391 5277; baseline -0.005 -16"><span class='ocrx_word' id='word_1_961' title='bbox 1799 5224 1900 5261; x_wconf 90' lang='lat' dir='ltr'><strong>non</strong></span> <span class='ocrx_word' id='word_1_962' title='bbox 1927 5199 2105 5276; x_wconf 78' lang='lat' dir='ltr'><strong>egerit,</strong></span> <span class='ocrx_word' id='word_1_963' title='bbox 2136 5199 2406 5276; x_wconf 78' lang='lat' dir='ltr'><strong>episcopus</strong></span> <span class='ocrx_word' id='word_1_964' title='bbox 2437 5199 2554 5260; x_wconf 71' lang='lat' dir='ltr'><strong>dici</strong></span> <span class='ocrx_word' id='word_1_965' title='bbox 2585 5223 2687 5259; x_wconf 81' lang='lat' dir='ltr'><strong>non</strong></span> <span class='ocrx_word' id='word_1_966' title='bbox 2732 5199 2934 5277; x_wconf 62' lang='lat' dir='ltr'><strong>poterit.</strong></span> <span class='ocrx_word' id='word_1_967' title='bbox 2972 5199 3172 5277; x_wconf 80' lang='lat' dir='ltr'><strong>Deinde</strong></span> <span class='ocrx_word' id='word_1_968' title='bbox 3217 5199 3340 5250; x_wconf 84' lang='lat' dir='ltr'><strong>dicit</strong></span> <span class='ocrx_word' id='word_1_969' title='bbox 3372 5215 3391 5253; x_wconf 89' lang='lat'><strong><em>:</em></strong></span> 
     </span>
    </p>
   </div>
   <div class='ocr_carea' id='block_1_122' title="bbox 1801 5273 3390 5347">
    <p class='ocr_par' dir='ltr' id='par_1_122' title="bbox 1801 5273 3390 5347">
     <span class='ocr_line' id='line_1_125' title="bbox 1801 5273 3390 5347; baseline -0.008 -13"><span class='ocrx_word' id='word_1_970' title='bbox 1801 5279 1861 5334; x_wconf 81' lang='lat' dir='ltr'><strong>Si</strong></span> <span class='ocrx_word' id='word_1_971' title='bbox 1889 5273 2002 5347; x_wconf 77' lang='lat' dir='ltr'><strong>quis</strong></span> <span class='ocrx_word' id='word_1_972' title='bbox 2031 5273 2229 5341; x_wconf 83' lang='lat' dir='ltr'><strong>domui,</strong></span> <span class='ocrx_word' id='word_1_973' title='bbox 2260 5273 2390 5343; x_wconf 52' lang='lat' dir='ltr'><strong>cita;</strong></span> <span class='ocrx_word' id='word_1_974' title='bbox 2422 5289 2528 5333; x_wconf 81' lang='lat' dir='ltr'><strong>\et.</strong></span> <span class='ocrx_word' id='word_1_975' title='bbox 2557 5280 2688 5332; x_wconf 88' lang='lat' dir='ltr'><strong>edit.</strong></span> <span class='ocrx_word' id='word_1_976' title='bbox 2722 5273 2783 5330; x_wconf 77' lang='lat' dir='ltr'><strong>ac</strong></span> <span class='ocrx_word' id='word_1_977' title='bbox 2825 5291 2952 5327; x_wconf 71' lang='lat' dir='ltr'><strong>mss.</strong></span> <span class='ocrx_word' id='word_1_978' title='bbox 2992 5273 3222 5347; x_wconf 55' lang='lat' dir='ltr'><strong>invicem</strong></span> <span class='ocrx_word' id='word_1_979' title='bbox 3256 5284 3390 5323; x_wconf 82' lang='lat' dir='ltr'><strong>cou-</strong></span> 
     </span>
    </p>
   </div>
   <div class='ocr_carea' id='block_1_123' title="bbox 1798 5343 3396 5420">
    <p class='ocr_par' dir='ltr' id='par_1_123' title="bbox 1798 5343 3396 5420">
     <span class='ocr_line' id='line_1_126' title="bbox 1798 5343 3396 5420; baseline -0.006 -18"><span class='ocrx_word' id='word_1_980' title='bbox 1798 5343 2018 5418; x_wconf 73' lang='lat' dir='ltr'><strong>gruttut,</strong></span> <span class='ocrx_word' id='word_1_981' title='bbox 2055 5363 2239 5420; x_wconf 81' lang='lat' dir='ltr'><strong>paucis</strong></span> <span class='ocrx_word' id='word_1_982' title='bbox 2264 5351 2526 5418; x_wconf 70' lang='lat' dir='ltr'><strong>exceptis,</strong></span> <span class='ocrx_word' id='word_1_983' title='bbox 2567 5351 2654 5403; x_wconf 89' lang='lat' dir='ltr'><strong>tthi</strong></span> <span class='ocrx_word' id='word_1_984' title='bbox 2688 5347 2902 5417; x_wconf 85' lang='lat' dir='ltr'><strong>legitur,</strong></span> <span class='ocrx_word' id='word_1_985' title='bbox 2929 5343 3135 5408; x_wconf 85' lang='lat' dir='ltr'><strong>corpori</strong></span> <span class='ocrx_word' id='word_1_986' title='bbox 3166 5357 3259 5396; x_wconf 84' lang='lat' dir='ltr'><strong>suo</strong></span> <span class='ocrx_word' id='word_1_987' title='bbox 3280 5356 3396 5420; x_wconf 74' lang='lat' dir='ltr'><strong>vere</strong></span> 
     </span>
    </p>
   </div>
   <div class='ocr_carea' id='block_1_124' title="bbox 1801 5413 3396 5485">
    <p class='ocr_par' dir='ltr' id='par_1_124' title="bbox 1801 5413 3396 5485">
     <span class='ocr_line' id='line_1_127' title="bbox 1801 5413 3396 5485; baseline -0.007 -9"><span class='ocrx_word' id='word_1_988' title='bbox 1801 5413 2093 5476; x_wconf 65' lang='lat' dir='ltr'><strong>dominetur</strong></span> <span class='ocrx_word' id='word_1_989' title='bbox 2121 5439 2138 5477; x_wconf 89' lang='lat'><strong><em>:</em></strong></span> <span class='ocrx_word' id='word_1_990' title='bbox 2169 5433 2241 5476; x_wconf 85' lang='lat' dir='ltr'><strong>at.</strong></span> <span class='ocrx_word' id='word_1_991' title='bbox 2276 5413 2432 5475; x_wconf 69' lang='grc' dir='ltr'>Ιὶιιιιὶ.</span> <span class='ocrx_word' id='word_1_992' title='bbox 2465 5421 2596 5476; x_wconf 91' lang='lat' dir='ltr'><strong>edit.</strong></span> <span class='ocrx_word' id='word_1_993' title='bbox 2637 5421 2715 5474; x_wconf 92' lang='lat' dir='ltr'><strong>sic</strong></span> <span class='ocrx_word' id='word_1_994' title='bbox 2744 5413 3073 5485; x_wconf 63' lang='lat' dir='ltr'><strong>reposuerat</strong></span> <span class='ocrx_word' id='word_1_995' title='bbox 3127 5435 3140 5469; x_wconf 88' lang='lat'><strong>:</strong></span> <span class='ocrx_word' id='word_1_996' title='bbox 3190 5413 3396 5482; x_wconf 87' lang='lat' dir='ltr'><strong>corpori</strong></span> 
     </span>
    </p>
   </div>
   <div class='ocr_carea' id='block_1_125' title="bbox 1800 5487 3396 5566">
    <p class='ocr_par' dir='ltr' id='par_1_125' title="bbox 1800 5487 3396 5566">
     <span class='ocr_line' id='line_1_128' title="bbox 1800 5487 3396 5566; baseline -0.006 -18"><span class='ocrx_word' id='word_1_997' title='bbox 1800 5509 1894 5549; x_wconf 79' lang='lat' dir='ltr'><strong>suo</strong></span> <span class='ocrx_word' id='word_1_998' title='bbox 1923 5495 2016 5548; x_wconf 86' lang='lat' dir='ltr'><strong>tali</strong></span> <span class='ocrx_word' id='word_1_999' title='bbox 2037 5495 2162 5566; x_wconf 82' lang='lat' dir='ltr'><strong>jure</strong></span> <span class='ocrx_word' id='word_1_1000' title='bbox 2186 5493 2499 5558; x_wconf 86' lang='lat' dir='ltr'><strong>dominetur,</strong></span> <span class='ocrx_word' id='word_1_1001' title='bbox 2531 5503 2583 5546; x_wconf 86' lang='lat' dir='ltr'><strong>ut</strong></span> <span class='ocrx_word' id='word_1_1002' title='bbox 2613 5507 2712 5544; x_wconf 89' lang='lat' dir='ltr'><strong>non</strong></span> <span class='ocrx_word' id='word_1_1003' title='bbox 2742 5489 2994 5544; x_wconf 87' lang='lat' dir='ltr'><strong>subdatur</strong></span> <span class='ocrx_word' id='word_1_1004' title='bbox 3022 5487 3186 5556; x_wconf 86' lang='lat' dir='ltr'><strong>ipsius</strong></span> <span class='ocrx_word' id='word_1_1005' title='bbox 3215 5489 3396 5539; x_wconf 83' lang='lat' dir='ltr'><strong>volun-</strong></span> 
     </span>
    </p>
   </div>
   <div class='ocr_carea' id='block_1_126' title="bbox 1802 5566 2466 5633">
    <p class='ocr_par' dir='ltr' id='par_1_126' title="bbox 1802 5566 2466 5633">
     <span class='ocr_line' id='line_1_129' title="bbox 1802 5566 2466 5633; baseline -0.005 -14"><span class='ocrx_word' id='word_1_1006' title='bbox 1802 5567 1927 5633; x_wconf 86' lang='lat' dir='ltr'><strong>tati;</strong></span> <span class='ocrx_word' id='word_1_1007' title='bbox 1958 5581 2024 5619; x_wconf 89' lang='lat' dir='ltr'><strong>ne</strong></span> <span class='ocrx_word' id='word_1_1008' title='bbox 2049 5566 2328 5624; x_wconf 86' lang='lat' dir='ltr'><strong>desiderio.</strong></span> <span class='ocrx_word' id='word_1_1009' title='bbox 2361 5575 2466 5618; x_wconf 87' lang='lat' dir='ltr'><strong>etc.</strong></span> 
     </span>
    </p>
   </div>
   <div class='ocr_carea' id='block_1_127' title="bbox 1880 5631 3400 5706">
    <p class='ocr_par' dir='ltr' id='par_1_127' title="bbox 1880 5631 3400 5706">
     <span class='ocr_line' id='line_1_130' title="bbox 1880 5631 3400 5706; baseline -0.006 -13"><span class='ocrx_word' id='word_1_1010' title='bbox 1880 5631 2075 5694; x_wconf 19' lang='lat' dir='ltr'><strong>i’Edit.</strong></span> <span class='ocrx_word' id='word_1_1011' title='bbox 2112 5636 2336 5698; x_wconf 79' lang='lat' dir='ltr'><strong>M.tbill.,</strong></span> <span class='ocrx_word' id='word_1_1012' title='bbox 2369 5650 2434 5690; x_wconf 81' lang='lat' dir='ltr'><strong>ea:</strong></span> <span class='ocrx_word' id='word_1_1013' title='bbox 2461 5637 2611 5706; x_wconf 85' lang='lat' dir='ltr'><strong>cujus</strong></span> <span class='ocrx_word' id='word_1_1014' title='bbox 2641 5631 2790 5686; x_wconf 85' lang='lat' dir='ltr'><strong>oculo</strong></span> <span class='ocrx_word' id='word_1_1015' title='bbox 2839 5635 3084 5704; x_wconf 76' lang='lat' dir='ltr'><strong>festucam</strong></span> <span class='ocrx_word' id='word_1_1016' title='bbox 3113 5643 3400 5685; x_wconf 71' lang='lat' dir='ltr'><strong>summove-</strong></span> 
     </span>
    </p>
   </div>
   <div class='ocr_carea' id='block_1_128' title="bbox 1804 5706 3035 5778">
    <p class='ocr_par' dir='ltr' id='par_1_128' title="bbox 1804 5706 3035 5778">
     <span class='ocr_line' id='line_1_131' title="bbox 1804 5706 3035 5778; baseline -0.006 -14"><span class='ocrx_word' id='word_1_1017' title='bbox 1804 5709 1902 5764; x_wconf 72' lang='lat' dir='ltr'><strong>bit?</strong></span> <span class='ocrx_word' id='word_1_1018' title='bbox 1931 5710 2032 5777; x_wconf 87' lang='lat' dir='ltr'><strong>Qui</strong></span> <span class='ocrx_word' id='word_1_1019' title='bbox 2064 5710 2161 5763; x_wconf 81' lang='lat' dir='ltr'><strong>hoc</strong></span> <span class='ocrx_word' id='word_1_1020' title='bbox 2191 5724 2292 5762; x_wconf 91' lang='lat' dir='ltr'><strong>non</strong></span> <span class='ocrx_word' id='word_1_1021' title='bbox 2330 5711 2460 5778; x_wconf 83' lang='lat' dir='ltr'><strong>agit,</strong></span> <span class='ocrx_word' id='word_1_1022' title='bbox 2488 5707 2756 5776; x_wconf 82' lang='lat' dir='ltr'><strong>episcopus</strong></span> <span class='ocrx_word' id='word_1_1023' title='bbox 2784 5719 2885 5756; x_wconf 89' lang='lat' dir='ltr'><strong>non</strong></span> <span class='ocrx_word' id='word_1_1024' title='bbox 2920 5706 3035 5757; x_wconf 82' lang='lat' dir='ltr'><strong>erit.</strong></span> 
     </span>
    </p>
   </div>
   <div class='ocr_carea' id='block_1_129' title="bbox 1878 5775 3396 5848">
    <p class='ocr_par' dir='ltr' id='par_1_129' title="bbox 1878 5775 3396 5848">
     <span class='ocr_line' id='line_1_132' title="bbox 1878 5775 3396 5848; baseline -0.002 -17"><span class='ocrx_word' id='word_1_1025' title='bbox 1878 5782 1892 5831; x_wconf 86' lang='lat' dir='ltr'><strong>i</strong></span> <span class='ocrx_word' id='word_1_1026' title='bbox 1933 5775 2089 5834; x_wconf 76' lang='lat' dir='ltr'><strong>Rom.</strong></span> <span class='ocrx_word' id='word_1_1027' title='bbox 2120 5782 2280 5843; x_wconf 87' lang='lat' dir='ltr'><strong>edit.,</strong></span> <span class='ocrx_word' id='word_1_1028' title='bbox 2308 5775 2446 5848; x_wconf 73' lang='lat' dir='ltr'><strong>quod</strong></span> <span class='ocrx_word' id='word_1_1029' title='bbox 2492 5789 2583 5830; x_wconf 85' lang='lat' dir='ltr'><strong>nec</strong></span> <span class='ocrx_word' id='word_1_1030' title='bbox 2623 5791 2781 5848; x_wconf 80' lang='lat' dir='ltr'><strong>parvo</strong></span> <span class='ocrx_word' id='word_1_1031' title='bbox 2821 5786 3046 5842; x_wconf 82' lang='lat' dir='ltr'><strong>tempore</strong></span> <span class='ocrx_word' id='word_1_1032' title='bbox 3074 5775 3396 5848; x_wconf 87' lang='lat' dir='ltr'><strong>didicerunt,</strong></span> 
     </span>
    </p>
   </div>
   <div class='ocr_carea' id='block_1_130' title="bbox 1805 5847 3399 5922">
    <p class='ocr_par' dir='ltr' id='par_1_130' title="bbox 1805 5847 3399 5922">
     <span class='ocr_line' id='line_1_133' title="bbox 1805 5847 3399 5922; baseline -0.003 -15"><span class='ocrx_word' id='word_1_1033' title='bbox 1805 5853 1859 5907; x_wconf 89' lang='lat' dir='ltr'><strong>in</strong></span> <span class='ocrx_word' id='word_1_1034' title='bbox 1891 5853 2042 5922; x_wconf 85' lang='lat' dir='ltr'><strong>longo</strong></span> <span class='ocrx_word' id='word_1_1035' title='bbox 2083 5866 2286 5908; x_wconf 78' lang='lat' dir='ltr'><strong>seruare</strong></span> <span class='ocrx_word' id='word_1_1036' title='bbox 2332 5865 2434 5904; x_wconf 90' lang='lat' dir='ltr'><strong>non</strong></span> <span class='ocrx_word' id='word_1_1037' title='bbox 2483 5847 2722 5922; x_wconf 71' lang='lat' dir='ltr'><strong>pas-sunt,</strong></span> <span class='ocrx_word' id='word_1_1038' title='bbox 2758 5848 2992 5922; x_wconf 75' lang='lat' dir='ltr'><strong>aliarum</strong></span> <span class='ocrx_word' id='word_1_1039' title='bbox 3031 5858 3086 5922; x_wconf 84' lang='lat' dir='ltr'><strong>et</strong></span> <span class='ocrx_word' id='word_1_1040' title='bbox 3135 5863 3265 5904; x_wconf 86' lang='lat' dir='ltr'><strong>mss.</strong></span> <span class='ocrx_word' id='word_1_1041' title='bbox 3298 5847 3399 5922; x_wconf 79' lang='lat' dir='ltr'><strong>hoc</strong></span> 
     </span>
    </p>
   </div>
   <div class='ocr_carea' id='block_1_131' title="bbox 1806 5919 3408 5998">
    <p class='ocr_par' dir='ltr' id='par_1_131' title="bbox 1806 5919 3408 5998">
     <span class='ocr_line' id='line_1_134' title="bbox 1806 5919 3408 5998; baseline -0.004 -13"><span class='ocrx_word' id='word_1_1042' title='bbox 1806 5919 1999 5995; x_wconf 74' lang='lat' dir='ltr'><strong>solum</strong></span> <span class='ocrx_word' id='word_1_1043' title='bbox 2032 5933 2118 5984; x_wconf 81' lang='lat' dir='ltr'><strong>est</strong></span> <span class='ocrx_word' id='word_1_1044' title='bbox 2156 5922 2447 5983; x_wconf 84' lang='lat' dir='ltr'><strong>disctimen</strong></span> <span class='ocrx_word' id='word_1_1045' title='bbox 2470 5963 2487 5994; x_wconf 90' lang='lat'><strong>,</strong></span> <span class='ocrx_word' id='word_1_1046' title='bbox 2523 5921 2670 5997; x_wconf 85' lang='lat' dir='ltr'><strong>quod</strong></span> <span class='ocrx_word' id='word_1_1047' title='bbox 2703 5919 2846 5998; x_wconf 45' lang='lat' dir='ltr'><strong>,cdit.</strong></span> <span class='ocrx_word' id='word_1_1048' title='bbox 2893 5920 3098 5980; x_wconf 78' lang='lat' dir='ltr'><strong>Mabill.</strong></span> <span class='ocrx_word' id='word_1_1049' title='bbox 3142 5919 3408 5992; x_wconf 85' lang='lat' dir='ltr'><strong>singulari</strong></span> 
     </span>
    </p>
   </div>
  </div>
