3970 6316
583 281 692 340 575

1492 279 1587 337 AD
1632 278 1868 337 OPERA
1904 276 2150 337 SANCTI
2189 279 2520 339 AMBROSII
2561 280 2933 340 APPENDIX.

3683 295 3761 354 576

579 396 718 454 deus
734 397 976 468 regulam
1008 404 1065 452 et
1089 395 1452 467 episcopalem
1482 393 1740 461 formam,
1763 393 1830 450 ad
1859 403 2171 451 extremum
2200 407 2255 466 Α
2280 395 2380 452 bus
2404 398 2612 454 morbis
2637 399 2820 470 capite
2850 398 3042 456 vitiato
3059 440 3074 465 ,
3102 397 3371 470 reliquum
3398 415 3578 461 necesse
3591 419 3655 463 est
3677 422 3768 465 cor-

582 491 801 559 intulit,
833 490 1056 547 dicens:
1092 489 1306 562 Oportet
1343 499 1510 544 autem
1548 500 1594 544 et
1635 489 1788 545 illum
1833 491 2179 545 testimonium

581 583 772 641 bonum
795 584 978 639 habere
1006 583 1070 638 ab
1094 584 1180 650 iis,
1200 583 1288 654 qui
1319 584 1448 656 foris
1475 592 1618 650 sunt,
1659 582 1702 654 (l
1728 582 1860 638 Tim.
1886 599 1966 650 ιιι,
2000 583 2078 654 7),
2125 583 2179 638 id

584 687 692 748 est,
725 678 793 734 ab
823 679 1096 734 haereticis
1117 687 1171 734 et
1199 677 1598 745 schismaticis,
1631 677 1721 748 qui
1746 687 1901 734 extra
1933 687 2177 733 sanctam

584 770 886 828 Ecclesiam
935 769 1259 826 catholicam
1307 777 1334 806 α
1375 770 1760 826 conventicula
1803 770 1907 826 sibi
1954 770 2181 841 profana

585 867 887 938 praeﬁciunt
913 882 929 933 ;
960 880 1096 937 quos
1127 876 1307 921 tamen
1342 875 1506 920 testes
1531 865 1824 937 Apostolus
1849 875 1902 921 et
1937 865 2184 921 testimo-

583 959 732 1017 nium
761 959 895 1016 dicit
920 961 1122 1016 debere
1140 959 1342 1015 bonum
1369 959 1568 1014 habere
1595 957 1663 1014 de
1685 959 2028 1014 immaculata
2052 957 2183 1024 vita,

577 1062 636 1111 et
658 1065 842 1109 sancta
873 1054 1112 1124 episc0pi
1144 1053 1596 1118 conversatione;
1642 1067 1709 1108 ne
1741 1051 1882 1108 forte
1910 1052 2185 1121 accipiant

585 1146 792 1203 inimici
823 1148 1000 1203 locum
1027 1147 1287 1218 episcopo
1317 1145 1660 1201 obtrectandi
1691 1186 1706 1211 ,
1735 1153 1792 1200 et
1818 1143 2084 1202 infamare
2105 1145 2186 1199 in-

585 1240 791 1315 cipiunt
816 1241 1145 1298 catholicum
1172 1239 1390 1311 dogma.

659 1332 889 1390 CAPUT
921 1335 982 1388 V.
1013 1364 1086 1374 —
1113 1332 1204 1388 llis
1235 1334 1305 1388 ita
1339 1332 1668 1404 praelibatis,
1717 1340 1776 1387 ut
1805 1346 1953 1400 reor,
1999 1330 2054 1386 in
2083 1329 2188 1387 hoc

586 1441 756 1499 opere
783 1428 931 1484 velut
959 1443 988 1482 a
1021 1427 1215 1499 grandi
1247 1426 1434 1482 fenore
1465 1441 1563 1481 nos
1587 1425 1961 1496 persensimus
1989 1424 2190 1481 libera-

589 1534 711 1593 tos,
763 1540 885 1581 cum
935 1542 1040 1582 non
1091 1535 1276 1582 nostra
1306 1535 1498 1582 contra
1527 1527 1848 1598 episcopos,
1884 1526 1980 1582 sed
2016 1527 2189 1582 sancti

589 1619 839 1691 Apostoli
865 1621 1218 1693 opposuimus
1245 1622 1555 1679 testimonia
1579 1639 1594 1690 ;
1622 1637 1690 1678 ne
1721 1624 1870 1678 velut
1893 1621 1920 1661 ιι
1940 1621 2188 1692 vulgares

589 1711 803 1769 fabulas
831 1724 1072 1770 nostrum
1092 1715 1382 1772 irriderent
1409 1729 1566 1787 opus.
1587 1716 1719 1772 Cum
1742 1731 1874 1772 vero
1891 1715 2187 1771 auctoritas

591 1807 750 1862 nobis
798 1821 899 1879 per
947 1807 1160 1878 singula
1217 1810 1390 1864 sancti
1422 1808 1670 1864 arriserit
1714 1809 1948 1879 apostoli
1979 1808 2132 1863 Pauli
2168 1850 2183 1875 ,

592 1898 770 1969 ipsum
801 1900 985 1970 potius
1009 1901 1331 1972 Apostolum
1366 1943 1379 1966 ,
1423 1902 1468 1957 si
1525 1903 1642 1958 ausi
1675 1912 1844 1970 sunt,
1896 1918 2058 1974 quam
2088 1917 2190 1959 nos

594 1992 1019 2063 reprehendant.
1051 1995 1116 2050 Et
1141 1996 1395 2065 licetjarn
1427 2006 1672 2052 coarctet
1695 2012 1794 2053 nos
1828 1996 1995 2054 libelli
2027 1997 2190 2068 hujus

597 2085 882 2158 prolixitas
904 2129 919 2153 ,
948 2099 1003 2142 et
1037 2096 1251 2160 tempus
1279 2104 1380 2145 nos
1402 2101 1621 2161 urgeat,
1657 2103 1718 2146 ut
1741 2091 1806 2145 ad
1839 2090 2003 2146 linem
2031 2091 2192 2161 hujus

590 2181 777 2251 Operis
809 2183 1124 2249 veniamus;
1158 2183 1474 2240 sollicitudo
1501 2195 1680 2240 tamen
1713 2185 1942 2241 fraterni
1977 2201 2076 2242 nos
2109 2201 2196 2242 re-

592 2273 768 2329 tardat
795 2277 1036 2340 amoris,
1087 2277 1304 2333 illorum
1336 2279 1616 2349 praecipue
1659 2279 2013 2336 sacerdotum
2040 2320 2055 2345 ,
2100 2279 2195 2349 qui

593 2368 795 2424 mentis
846 2380 1067 2440 torpore
1117 2371 1391 2440 hebetati,
1447 2373 1846 2430 sacerdotalem
1905 2373 2196 2431 dill‘amant

594 2461 889 2519 honorem:
927 2475 950 2503 ε
981 2472 1038 2520 et
1063 2465 1155 2536 qui
1185 2481 1379 2521 novam
1411 2468 1790 2541 prodigialiter
1814 2467 2056 2539 regulam
2099 2468 2198 2525 hac

595 2563 919 2624 tempestate
951 2557 1230 2628 peperisse
1255 2557 1528 2614 deflentur
1553 2570 1610 2616 et
1639 2559 1790 2616 Giezi
1821 2570 2102 2617 sectantes
2142 2568 2200 2617 et

596 2645 841 2703 Simonis
896 2651 1264 2716 sententiam,
1321 2652 1495 2707 sancti
1551 2652 1904 2723 episcopatus
1969 2655 2198 2724 gratiam

481 2767 518 2810 ν
599 2740 850 2810 pecuniis
875 2752 1228 2809 coetneruut,
1256 2759 1598 2815 nequaquam
1629 2745 1918 2812 timentes,
1949 2762 2070 2801 cum
2102 2747 2202 2801 ho-

603 2846 794 2888 norem
825 2835 1217 2892 sacerdotalem
1254 2839 1496 2908 pecuniis
1524 2838 1822 2907 emerint,a
1855 2840 2016 2896 beato
2040 2840 2203 2897 Petro

601 2929 854 2998 apostolo
884 2945 944 2986 se
964 2946 1086 2986 cum
1115 2932 1336 2988 Simone
1364 2932 1532 2988 fuisse
1555 2933 1844 2990 damnatos
1867 2977 1880 2998 ,
1912 2937 2058 2990 sicut
2083 2936 2158 2989 ait
2188 2953 2200 2989 :

609 3017 840 3074 Pecunia
866 3063 882 3088 ,
917 3022 1124 3093 inquit,
1149 3033 1238 3078 tua
1288 3034 1452 3080 tecum
1493 3027 1559 3080 sit
1598 3027 1650 3080 in
1682 3027 2057 3097 perditionem;
2087 3027 2208 3098 quia

604 3117 797 3168 donum
830 3117 993 3169 sancti
1027 3115 1255 3187 Spiritus
1301 3116 1327 3155 ἀ
1372 3131 1420 3174 te
1465 3121 1732 3175 credidisti
1777 3122 2004 3191 pecuniis
2042 3139 2208 3177 emere

609 3206 751 3278 (Act.
786 3222 879 3261 vui
903 3249 921 3274 ,
951 3207 1088 3281 20).
1123 3211 1189 3264 Et
1215 3211 1420 3281 lepram
1451 3228 1576 3269 cum
1615 3214 1767 3272 Giezi
1798 3231 1828 3271 a
1862 3224 2052 3273 sancto
2081 3232 2204 3272 sus-

606 3300 818 3371 cepisse
849 3317 909 3357 se
939 3303 1165 3359 credant
1191 3305 1392 3362 Elisuco
1419 3307 1507 3380 (IV
1539 3309 1666 3382 Reg.
1696 3327 1748 3375 v,
1776 3311 1846 3364 27
1871 3313 1922 3381 ),
1956 3312 2047 3382 qui
2078 3326 2202 3382 gra-

606 3393 740 3450 dum
767 3397 1162 3454 sacerdotalem
1188 3415 1250 3455 se
1279 3401 1552 3456 testimoni
1583 3403 1832 3473 pecuniis
1859 3418 2205 3474 comparare.

607 3485 820 3555 Quibus
845 3506 968 3546 cum
1000 3490 1104 3547 ista
1151 3492 1452 3549 dixerimus
1478 3535 1494 3561 ,
1535 3494 1794 3552 sufﬁcere
1838 3495 2027 3552 debuit
2053 3511 2208 3552 suam

605 3583 976 3654 comparando
999 3584 1204 3656 lepram
1230 3586 1535 3657 possidere.
1561 3587 1714 3657 fNam
1741 3589 1880 3644 sicut
1927 3588 2212 3644 validiori-

606 3735 832 3794 numero
864 3721 1054 3789 utitur,
1083 3731 1142 3779 et
1181 3722 1298 3778 haec
1332 3721 1638 3794 subjungit,
1671 3724 1761 3778 sed
1812 3723 2010 3792 lapsus,
2043 3733 2088 3776 et
2113 3723 2199 3778 in-

604 3793 740 3868 scius
757 3795 1015 3868 judicium
1045 3794 1284 3866 suscipiet
1311 3837 1325 3863 ,
1358 3793 1495 3866 quod
1520 3793 1708 3851 meruit
1732 3795 1992 3866 suscipere
2015 3812 2198 3868 supcr-

605 3864 1034 3922 biens'diabolus.

679 3944 705 3972 ⁸
750 3938 947 3994 Eadem
979 3939 1134 3996 edit.,
1161 3939 1516 3993 conventicula
1538 3941 1760 4009 profana
1788 3940 2009 4010 faciunt,
2053 3940 2196 4008 apud

605 4023 734 4078 quos
765 4017 933 4064 tamen
957 4010 1232 4079 Apostolus
1258 4012 1602 4064 testimonium
1630 4012 1757 4064 dicit
1782 4011 1967 4067 habere
2018 4012 2204 4065 bonum

608 4079 673 4132 de
693 4079 1025 4134 immaculata
1049 4092 1095 4135 et
1123 4092 1301 4136 sancta
1330 4083 1433 4136 vita
1463 4082 1821 4150 episcoporum
1841 4099 1860 4137 :
1885 4085 2019 4138 unde
2048 4098 2200 4136 occa-

608 4150 805 4225 sionem
849 4152 1103 4220 accipiant
1131 4152 1472 4225 obtrectandi,
1497 4163 1543 4206 et
1569 4155 1823 4225 infamare
1845 4155 2096 4219 incipiant
2123 4170 2206 4207 re-

611 4221 817 4294 ligionis
843 4233 1032 4278 sancta:
1079 4224 1392 4278 catholicum
1441 4221 1648 4294 dogma.
1707 4224 1808 4290 Qui
1833 4225 1949 4279 talis
1976 4242 2084 4279 esse
2103 4242 2208 4278 non

615 4293 819 4366 poterit,
877 4296 1147 4366 episcOpus
1193 4295 1449 4366 quomodo
1487 4293 1598 4351 esse
1622 4296 1851 4366 poterit?
1898 4295 1967 4351 Ut
1993 4312 2130 4361 reor,
2154 4297 2208 4350 in

615 4362 713 4416 hoc
740 4379 912 4434 opere,
957 4362 1062 4421 etc.
1106 4362 1239 4421 Cod.
1293 4368 1417 4421 Alit.
1448 4368 1516 4422 ah
1542 4362 1681 4434 aliis,
1710 4377 1765 4423 et
1792 4367 1925 4424 edit.
1953 4367 2204 4435 dissidet,

615 4435 756 4560 quo?
890 4438 1036 4509 legit,
1088 4437 1346 4510 accipiant
1372 4441 1425 4494 in
1454 4440 1650 4495 malitia
1703 4456 1820 4494 cum
1848 4440 2090 4511 episc0po
2118 4438 2208 4493 ob-

641 4523 721 4560 rec
743 4524 808 4562 an
849 4527 887 4562 ι.

619 4516 887 4562 tractandi.

689 4577 716 4617 ι’
759 4581 831 4634 Ita
862 4596 1053 4637 omnes
1081 4582 1216 4638 edit.
1245 4597 1308 4638 ac
1339 4600 1468 4639 mss.
1500 4583 1686 4648 paucis
1713 4581 2083 4651 exceptis,ubi
2115 4583 2209 4636 ha-

617 4649 796 4727 betur,
855 4669 916 4708 ne
962 4654 1097 4727 velut
1127 4655 1449 4727 rrulgaribus
1473 4654 1666 4727 fabulis
1687 4649 1942 4727 nostrum,
1967 4662 2074 4709 etc.
2110 4672 2123 4708 :
2155 4655 2208 4708 in

615 4721 752 4777 edit.
777 4734 956 4778 autem
998 4725 1199 4781 Mabill.
1239 4721 1447 4783 'lacuna
1473 4721 1572 4781 'est
1598 4727 1701 4782 hoc
1739 4724 1924 4792 modo,
1981 4743 2046 4780 ne
2074 4727 2212 4780 velut

619 4793 777 4848 nubes
803 4811 821 4849 :
852 4795 978 4850 Cum
1007 4811 1150 4861 vero,
1179 4807 1284 4852 etc.

695 4877 717 4904 ε
761 4865 919 4942 Rom.
956 4867 1116 4942 _ed_it.,
1149 4877 1197 4922 et
1224 4885 1410 4942 novam
1439 4869 1674 4942 regulam
1705 4869 1840 4942 hanc
1865 4877 2214 4938 tempestatem

619 4940 878 5010 peperisse
931 4938 1141 5008 deﬂent,
1184 4941 1337 5007 quiet
1363 4938 1515 4996 (ἷξεκῖ
1539 4941 1721 4995 :inter
1773 4941 1910 4995 alias
1944 4956 2120 5010 vero,
2160 4951 2216 4995 et

623 5009 755 5066 is.
788 5010 916 5066 illud
943 5010 1191 5076 interest,
1248 5013 1391 5082 quod
1448 5022 1556 5068 vet.
1591 5013 1725 5067 edit.
1749 5020 1806 5067 et
1827 5009 2048 5081 quidam
2079 5026 2213 5067 mss.

620 5084 935 5152 praeierunt,
962 5085 1195 5153 regulam
1221 5100 1280 5136 ac
1309 5094 1674 5154 tempestatem,
1727 5084 1821 5154 ubi
1869 5084 2052 5152 plures
2083 5098 2214 5138 mss.

621 5153 834 5219 melius,
870 5155 1102 5226 regulam
1131 5156 1226 5226 ltac
1247 5163 1560 5223 tempestate.
1594 5159 1661 5209 At
1691 5153 1894 5210 Maliill.
1955 5155 2086 5210 edit.
2139 5154 2212 5209 ita

625 5225 968 5298 prosequitur
993 5245 1005 5280 :
1036 5239 1082 5282 et
1111 5225 1254 5281 (ἕξειί
1281 5228 1492 5295 leproai,
1518 5238 1564 5282 et
1591 5227 1821 5282 Simonis
1843 5227 1978 5297 ntagi
2013 5235 2216 5280 sectan-

625 5307 699 5370 tes
729 5299 1034 5370 exemplum,
1066 5300 1286 5369 gratiam
1319 5300 1548 5368 Spiritus
1561 5299 1733 5362 sancti
1759 5307 2048 5352 coemerunt
2099 5312 2220 5369 pre-

628 5368 722 5441 tio,
760 5379 807 5424 et
838 5368 1207 5435 distraxerunt,
1241 5387 1575 5441 nequaquam,
1605 5379 1714 5425 etc.

698 5435 726 5475 ά
767 5441 911 5496 Edit.
946 5441 1172 5512 Mahill.,
1217 5435 1432 5512 sperasti
1463 5451 1510 5496 te
1533 5441 1696 5510 pretio
1743 5439 2003 5512 p0ssidere
2031 5455 2049 5494 :
2080 5449 2124 5494 et
2152 5439 2225 5492 le-

629 5526 777 5582 prum
825 5529 940 5566 cum
983 5511 1127 5567 Giezi
1175 5531 1207 5568 a
1246 5509 1427 5568 sancto
1459 5530 1512 5567 se
1533 5509 1816 5579 suscepisse
1864 5509 2077 5582 Eliswo,
2109 5527 2224 5564 cum

630 5580 851 5655 gradum
877 5585 996 5638 item
1024 5586 1303 5639 sacerdotis
1330 5585 1494 5655 pretio
1519 5584 1771 5655 wstimaut
1803 5580 2216 5636 distrahendum.

636 5653 704 5709 Et
729 5657 776 5709 si
799 5670 916 5708 cum
947 5655 1299 5721 validioribus,
1324 5653 1456 5721 etc.;
1483 5665 1591 5712 vet.
1620 5653 1756 5710 edit.
1789 5667 1852 5706 ac
1878 5667 2011 5706 mss.
2045 5655 2228 5707 nobis-

633 5741 758 5782 cum
791 5724 993 5780 iaciunt
1021 5743 1036 5780 :
1067 5727 1197 5782 edit.
1230 5739 1410 5783 autem
1438 5727 1600 5784 Rom.

1643 5733 1765 5798 post
1786 5737 1976 5798 vocem
2034 5723 2226 5780 Eliswo

634 5798 738 5857 ista
765 5796 1064 5868 subiungit,
1095 5798 1300 5867 quando
1321 5800 1451 5861 dixit
1475 5815 1498 5858 ξ
1531 5795 1792 5862 Νααιιιιιιι,
1812 5795 1970 5869 .lepra
1998 5798 2230 5869 adurere-

632 5871 706 5924 bit
761 5869 872 5928 tibi,
917 5877 963 5922 et
1008 5869 1189 5922 semini
1240 5879 1325 5921 tuo
1374 5885 1533 5939 usque
1577 5872 1630 5926 in
1681 5868 2064 5930 sempiternum.
2102 5868 2229 5934 Qui»-

2284 502 2383 558 pos
2407 489 2764 546 inundatione
2792 491 3094 563 superioris
3120 492 3298 548 morbi
3329 490 3562 551 Iethaliter
3579 498 3767 572 irrigari;

2284 581 2356 637 ita
2387 591 2443 639 et
2492 583 2532 640 ii
2578 585 2671 657 qui
2719 595 2884 657 caput
2935 585 3192 642 videntur
3218 602 3340 642 esse
3368 588 3772 659 Ecclesiz,morbo
3827 633 3832 638 ο

2285 677 2546 749 pestifero
2573 679 2876 736 fraternum
2899 682 3098 737 vitiant
3137 696 3340 752 copas;
3371 692 3427 736 ut
3451 683 3626 741 nihilex
3653 687 3774 744 totius

2283 773 2533 840 corporis
2562 789 2824 845 compage
2847 759 3408 844 insauciatum‘possit
3439 776 3648 845 evadere,
3671 780 3776 848 quod

2286 866 2679 936 negligentium
2711 867 3057 923 sacerdotum
3088 878 3112 904 υ
3139 865 3445 922 vitiositatis
3472 869 3651 923 mortale
3675 870 3777 926 inle-

2286 961 2427 1015 cerit
2454 961 2632 1029 virus,
2668 962 2738 1017 ita
2773 971 2830 1016 ut
2854 962 3042 1018 videas
3097 962 3152 1017 in
3205 961 3448 1018 Ecclesia
3487 963 3648 1033 passim
3683 979 3778 1035 quos

2287 1069 2396 1109 non
2421 1056 2613 1110 merita
2641 1097 2655 1122 ,
2705 1056 2801 1112 sed
2850 1056 3098 1127 pecunia:
3145 1055 3215 1111 ad
3246 1056 3566 1126 episcopatus
3597 1057 3780 1114 ordinem

2287 1160 2696 1218 provexerunt:
2733 1164 2995 1220 nugacem
3039 1150 3301 1221 populum
3346 1158 3399 1204 et
3441 1147 3694 1216 indoctum,
3722 1151 3782 1221 qui

2287 1244 2451 1299 talem
2477 1245 2578 1298 sibi
2601 1243 2954 1300 adsciverunt
2983 1242 3352 1299 sacerdmem.
3381 1241 3517 1310 Quos
3539 1243 3576 1298 si
3593 1259 3785 1314 percunc-

2286 1339 2387 1392 tari
2416 1337 2648 1394 lideliter
2669 1337 2837 1405 velis,
2885 1340 3008 1408 quis
3043 1351 3141 1393 eos
3178 1335 3485 1408 praefecerit
3523 1336 3785 1400 sacerdotes,

2287 1431 2619 1502 reSpondeot
2651 1446 2779 1487 mox
2821 1441 2873 1486 et
2914 1429 3142 1485 dicunt:
3193 1429 3278 1485 Ab
3313 1427 3670 1498 archiepiscopo
3701 1442 3782 1481 sum

2289 1541 2462 1596 nuper
2504 1527 2792 1595 episcopus
2843 1523 3162 1590 ordinatus,
3205 1528 3522 1590 centumque
3550 1519 3591 1574 ei
3638 1519 3788 1577 solidos

2289 1618 2415 1674 dedi
2444 1617 2460 1656 ί
2504 1630 2562 1674 ιιι
2592 1618 2959 1688 episcopalem
2992 1617 3223 1690 gratiam
3252 1615 3510 1686 consequi
3528 1614 3789 1678 meruissem,

2290 1730 2430 1786 quos
2473 1716 2519 1770 si
2586 1714 2810 1769 minime
2869 1713 3180 1778 dedissem,
3229 1709 3394 1766 hodie
3446 1709 3687 1780 episcopus
3719 1723 3790 1762 non

2216 1807 2264 1868 B
2291 1823 2498 1874 essem;
2531 1807 2676 1862 unde
2707 1806 2901 1862 melius
2921 1815 3005 1862 est
3037 1803 3170 1860 mihi
3201 1818 3394 1858 aurum
3421 1800 3486 1856 de
3513 1800 3669 1856 locello
3691 1799 3795 1854 inve-

2293 1902 2456 1967 here,
2505 1917 2668 1973 quam
2722 1910 2928 1956 tantum
2974 1897 3346 1956 sacerdotium
3390 1895 3613 1967 perdere.
3650 1894 3795 1949 Auram

2293 1996 2449 2061 dedi,
2478 2005 2533 2051 et
2563 1996 2934 2066 episcopatum
2992 1991 3344 2063 comparavi;
3381 2000 3406 2038 ε
3433 2005 3560 2062 quos
3583 1999 3721 2044 tamen
3741 2003 3798 2043 so-

2293 2088 2453 2156 lidos,
2471 2089 2515 2145 si
2536 2088 2683 2151 vivo,
2709 2097 3051 2158 recepturum
3077 2101 3164 2142 me
3182 2085 3328 2140 illico
3341 2099 3448 2140 non
3471 2082 3798 2138 diﬂido.0rdino

2297 2183 2946 2254 presbyteros,consecro
2983 2179 3264 2246 diaconos,
3307 2187 3363 2233 et
3381 2177 3534 2250 363
3558 2175 3798 2246 accipioan-

2295 2291 2455 2339 rum;
2485 2289 2607 2329 nam
2638 2283 2692 2328 et
2720 2271 2788 2328 de
2816 2271 2940 2327 aliis
2971 2271 3326 2326 nihilominus
3349 2268 3612 2324 ordinibus
3627 2267 3798 2338 pecunia

2298 2376 2565 2440 quaestum
2615 2366 2910 2438 proﬂigare
2951 2364 3188 2421 conlido.
3238 2364 3382 2420 Ecce
3423 2361 3800 2432 etaurtnn,quod

2299 2461 2460 2526 dedi,
2497 2461 2548 2515 in
2568 2475 2693 2516 meo
2718 2460 2913 2516 locello
2938 2459 3160 2530 recepi:
3193 2457 3561 2529 episcopatum
3577 2456 3707 2528 igitur
3725 2469 3802 2524 gn-

2301 2557 2373 2612 tis
2399 2556 2608 2627 accepi.

2374 2651 2582 2722 Nempe
2609 2650 2712 2706 hoc
2735 2660 2856 2719 est,
2883 2651 3029 2722 quod
3071 2651 3262 2718 doleo,
3295 2651 3421 2723 quia
3463 2646 3805 2720 archiepiscopus

2303 2746 2597 2801 carnaliter
2635 2745 2954 2816 episcopum
2997 2745 3146 2801 fecit.
3196 2744 3332 2801 Nam
3374 2752 3585 2816 pr0pter
3628 2739 3808 2813 pecunias

2305 2839 2627 2910 spiritaliter
2658 2839 2934 2909 leprosum
2962 2837 2990 2875 ιι
3018 2839 3314 2895 ordinavit.
3368 2837 3618 2901 Pecunia,
3663 2833 3805 2902 inquit.

2309 2942 2398 2987 tua
2418 2941 2582 2986 tecum
2599 2931 2663 2986 sit
2677 2933 2730 2986 in
2756 2933 3127 3002 perditionem;
3151 2933 3270 3003 quia
3284 2936 3473 2986 donum
3495 2930 3638 2984 sancti
3655 2925 3809 2997 Spiritu

2309 3027 2493 3095 gratia:
2533 3025 2699 3097 pretio
2729 3027 3041 3095 comparasti
3064 3026 3206 3097 (Act.
3237 3041 3364 3093 vm,
3394 3025 3484 3091 20,
3514 3024 3574 3078 21
3599 3021 3634 3094 ),
3660 3029 3809 3076 etcum-

2315 3118 2576 3173 mercium
2606 3117 2915 3173 miserabile
2947 3117 3002 3172 in
3043 3119 3349 3172 animarum
3380 3114 3590 3172 exitium
3613 3110 3808 3184 peregisti.

2229 3199 2275 3262 C
2307 3214 2376 3270 Et
2393 3213 2557 3269 nescii
2586 3213 2834 3268 homines
2861 3222 2916 3268 et
2941 3211 3147 3268 indocti
3169 3212 3222 3267 in
3258 3210 3673 3267 ordinationibus
3687 3219 3809 3261 eorum

2309 3308 2553 3364 clamant
2579 3315 2635 3361 et
2654 3305 2843 3360 dicunt
2869 3322 2884 3358 :
2913 3306 3115 3376 Dignus
3135 3321 3225 3371 es,
3258 3315 3316 3361 et
3339 3305 3516 3376 justus
3542 3317 3630 3368 es;
3652 3311 3696 3356 et
3727 3311 3807 3352 con.

2312 3401 2539 3457 scientia
2581 3401 2824 3455 misera:
2869 3397 3126 3472 Indignus
3153 3415 3241 3464 es.
3275 3408 3334 3454 et
3373 3398 3594 3469 iniustus
3617 3390 3810 3456 es,dirit.

2321 3495 2334 3534 ί
2366 3495 2696 3552 Pronuntiat
2720 3495 2868 3550 enim
2896 3495 3187 3564 episcopus
3217 3493 3525 3565 hujusmodi
3550 3492 3610 3545 ad
3639 3486 3810 3561 populum

2313 3588 2534 3644 dicens:
2571 3587 2684 3645 Pax
2700 3588 2872 3644 vobis.
2896 3586 3080 3644 Oculis
3100 3586 3324 3661 quidem
3363 3585 3656 3643 carnalibus
3678 3580 3813 3636 videtur

2313 3724 2426 3788 bus,
2459 3734 2568 3776 etc.
3641 3788 3653 3790 _
3794 3781 3801 3790 .

2388 3804 2411 3831 θ
2455 3794 2656 3848 Eadem
2689 3793 2818 3848 edit.
2857 3792 3084 3861 Mahill.,
3117 3793 3414 3848 vitiositatis
3440 3809 3538 3846 non
3572 3788 3751 3858 inﬁcere:
3773 3788 3814 3834 ri-

2313 3883 2422 3920 rus.
2462 3865 2526 3919 Et
2549 3867 2723 3919 rideas
2745 3867 2799 3918 in
2833 3865 3065 3919 Ecclesia
3089 3867 3279 3934 passim
3309 3865 3812 3934 sacerdOIes;quosttw

2314 3939 2518 4004 merita,
2542 3937 2632 3991 sed
2661 3938 2888 4007 pecunia:
2919 3931 3548 4009 proveneruntpzugacem
3567 3946 3610 3990 et
3635 3931 3811 3984 indoctam

2313 4010 2633 4064 sacerdotem
2662 4009 2944 4076 arripuisse
2970 4009 3210 4080 gradum.

2391 4081 2408 4118 ί
2448 4081 2654 4152 Eadem
2676 4068 2829 4145 edii.,
2863 4089 2916 4133 ut
2942 4068 3284 4152 episcopalem
3314 4079 3533 4152 gradum
3561 4068 3813 4152 miltlmltlfi‘

2317 4161 2412 4206 ret.
2447 4151 2588 4206 Infra
2619 4167 2748 4205 vero
2781 4141 2878 4220 pro
2906 4141 3127 4217 sacello;
3171 4141 3363 4207 eadem
3419 4151 3532 4206 sola
3565 4141 3815 4205 fclicitatis

2317 4225 2579 4287 restituit,
2609 4224 2810 4277 locello.

2389 4304 2414 4343 8
2457 4295 2658 4368 Eadem
2684 4294 2840 4361 edit.,
2869 4295 3006 4366 quod
3027 4305 3214 4360 tamen,
3239 4295 3285 4350 si
3311 4295 3531 4368 feliciter
3555 4292 3740 4368 vico”...
3759 4299 3812 4336 or-

2318 4367 2441 4420 dino
2469 4366 2843 4443 presbyterum,
2874 4377 2921 4420 et
2949 4368 3148 4443 accipio
3177 4366 3367 4420 aurum
3399 4367 3574 4443 {facio
3600 4366 3811 4443 discutient.

2317 4446 2365 4492 et
2403 4432 2606 4507 accipio
2623 4432 2824 4508 argenti
2852 4432 3232 4492 multitudinem
3260 4454 3278 4500 ,'
3327 4447 3375 4492 et
3397 4432 3463 4491 de
3483 4437 3595 4491 aliis
3636 4432 3812 4508 nihilquia

2239 4536 2288 4596 υ
2317 4526 2413 4596 nus
2433 4499 2723 4596 nardinibu's
2750 4510 2989 4596 singulis,
3018 4520 3065 4596 et
3094 4511 3157 4562 de
3183 4509 3457 4596 abbatibus
3487 4499 3816 4596 ὑεηεέίξαδξξίξ

2315 4579 2565 4635 Ecclesiis
2599 4569 2856 4652 pecunite'
2873 4569 3126 4650 quiestum
3171 4582 3460 4651 pro/ligare
3503 4579 3699 4652 conﬁdo.
3736 4569 3815 4652 Egit

2313 4669 2501 4707 aurum
2529 4639 2669 4723 quod
2694 4651 2814 4725 dedi
2832 4692 2847 4714 ,
2870 4639 2925 4704 i'n
2950 4668 3061 4706 meo
3091 4639 3280 4706 locello
3305 4639 3560 4706 illibatum
3590 4639 3816 4725 habeonlt'tj

2319 4719 2554 4794 spondeo
2583 4740 2676 4795 ego
2708 4739 2728 4778 :
2753 4721 2975 4792 Nempe,
3023 4735 3129 4779 etc.
3165 4739 3180 4789 ;
3210 4733 3321 4779 vet.
3357 4725 3491 4779 edit.
3523 4738 3584 4778 ac
3611 4719 3817 4795 mss.“inl9t

2314 4785 2374 4851 se
2428 4785 2784 4859 conveniunt,
2832 4785 3020 4850 contra
3076 4785 3308 4866 quorum
3340 4785 3814 4851 auctoritatemliom.

2315 4867 2445 5007 talin.
2508 4869 2772 4925 resccavit
2803 4885 2816 4922 :
2845 4884 2968 4923 nam
3018 4868 3156 4923 etde
3180 4868 3427 4923 aliis.....
3463 4867 3712 4939 proﬂigari
3747 4869 3817 4909 ron-

2398 4955 2450 4993 ο.

2398 4955 2450 4993 ο.

2399 5009 2428 5047 ιι
2468 5011 2614 5067 Edit.
2645 5012 2874 5077 Mahill.,
2927 5013 3206 5068 ordinavit.
3265 5010 3551 5085 Pecuniam
3579 4995 3813 5085 ἁεάὶιιξνθῗξ

2320 5085 2542 5154 gratiam
2569 5099 2870 5154 comparare
2890 5085 3182 5148 aestimasti,
3216 5093 3265 5137 et
3288 5099 3379 5150 per
3407 5085 3503 5138 hoc
3529 5081 3815 5154 lepramt'ttfl’li

2320 5156 2609 5224 suscepisti.
2665 5153 2800 5208 Item
2850 5156 3117 5223 pecuniam
3171 5154 3442 5223 accepisti,
3474 5165 3520 5208 et
3548 5153 3635 5207 Dei
3674 5153 3812 5220 9mm”

2324 5228 2484 5294 pretio
2513 5225 2798 5279 distrahere
2827 5241 2928 5279 non
2954 5226 3166 5280 timuisti
3189 5243 3206 5280 :
3238 5226 3400 5281 simul
3413 5227 3565 5280 etiam
3590 5224 3814 5294 lcpranllfl‘

2324 5291 2523 5359 didisti,
2548 5306 2593 5350 et
2623 5298 3082 5352 commercium...
3116 5299 3377 5369 peregisti.
3431 5291 3662 5350 Abbatern
3691 5291 3816 5369 ρζοριξτ

2325 5369 2564 5444 denarios
2595 5385 2748 5440 super
2779 5370 3056 5444 monachos
3085 5359 3359 5444 ordinasti,
3391 5381 3439 5444 et
3467 5369 3704 5444 leprosum.

2326 5455 2442 5493 nent
2471 5441 2526 5494 in
2546 5429 2762 5493 mortem
2785 5441 3151 5494 monachorum
3171 5429 3432 5494 exaltasti.
3467 5429 3532 5492 El
3576 5429 3818 5510 ιιειιξὶίβιυτηῗ

2328 5526 2440 5575 nes,
2467 5521 2574 5567 etc.
2604 5513 2750 5566 luter
2770 5511 2906 5565 alias
2931 5512 3063 5568 edit.
3095 5522 3150 5564 et
3173 5526 3304 5565 mss.
3341 5503 3815 5575 hocdiscriminiseﬁb

2328 5563 2659 5652 anda“;.‘r;;
2687 5563 2996 5638 insanin;
3006 5563 3403 5649 animum,“
3426 5563 3619 5653 tegunt
3665 5563 3816 5631 nonnulli

2330 5668 2488 5721 mss.,
2517 5654 2752 5709 mirabile
2780 5656 3163 5710 commercium.

2411 5707 2674 5798 ίῗὲάέιεώ
2915 5707 3257 5798 ΠΡνοιιιιιιιὶαι
3310 5726 3431 5798 talis
3459 5727 3736 5798 episcopi“
3753 5707 3818 5763 Ρη

2331 5797 2613 5869 uobiscum,
2640 5807 2689 5853 et
2709 5798 2816 5870 ipsc
2844 5798 3058 5854 interius
3087 5795 3266 5870 pacem
3289 5814 3392 5853 non
3413 5795 3564 5854 habet
3585 5801 3734 5853 sctum-
