3970 6316
106 324 196 382 577
1167 313 1257 373 DE
1300 311 1676 373 DIGNITATB
1715 311 2218 386 SACERDOTALI.
3253 319 3364 377 578

108 459 238 533 quasi
257 455 532 528 episcopus
555 468 804 526 magnus,
822 459 879 511 et
903 453 1108 511 divinis
1136 454 1420 511 obtutibus
1440 454 1662 528 inspici-
1690 457 1742 518 Α
1768 470 1864 509 nus
1890 453 2146 524 injuriam
2193 453 2470 525 patiatur;
2506 463 2561 510 et
2602 455 2801 528 injuste
2843 456 3077 528 accipiat
3105 458 3368 514 sacerdos

107 566 179 611 tur
203 554 436 624 leprosos
461 563 711 621 magnus.
744 548 852 606 Per
871 549 1162 620 pecuniam
1189 549 1478 620 acquisivit
1503 547 1660 605 inde-
1765 548 2046 617 pecuniam
2073 589 2088 615 ,
2131 556 2185 603 et
2229 548 2372 604 Deus
2432 548 2666 618 patiatur
2696 549 2766 605 ab
2813 549 3036 606 homine
3064 550 3368 621 injuriam?

105 650 250 708 bitum
278 644 512 701 ordinem
530 685 545 712 ,
578 652 605 682 ι
630 655 684 700 et
710 643 851 714 apud
880 644 1046 700 Deum
1080 642 1315 714 perdidit
1336 642 1660 699 interiorem
1763 641 1870 698 Sed
1897 641 2021 713 quia
2048 658 2148 714 pro
2173 657 2436 698 concesso
2464 642 2656 699 ordine
2670 643 2816 700 Deus
2845 651 2951 699 ate
2978 643 3111 700 nihil
3139 660 3372 716 exspec-

105 740 373 798 bominem.
400 737 539 794 Caro
569 739 810 809 suscepit
834 737 1185 808 dignitatem,
1218 745 1274 794 et
1300 738 1482 792 anima
1531 753 1660 810 per-
1763 742 1881 802 tat,
1911 750 2009 791 cur
2036 743 2142 791 ate
2163 734 2423 792 sacerdos
2453 736 2737 807 pecuniam
2763 735 3115 807 impudenter
3140 753 3372 810 exspec-

103 834 220 893 didit
240 835 585 890 honestatem.
610 831 750 888 Caro
789 831 983 888 ancilla
1012 832 1232 887 domina
1267 833 1404 888 facta
1436 839 1523 888 est
1545 833 1665 888 ani—
1765 829 1888 884 tat?
1919 828 2064 886 Deus
2094 828 2302 884 homini
2333 829 2640 886 concedere
2681 830 2854 886 voluit
2897 833 3064 903 gratis
3085 875 3100 898 ,
3152 843 3206 890 et
3247 834 3369 902 epi-

104 944 192 988 mze
215 968 229 994 ,
255 933 308 983 et
329 925 507 981 anima
531 939 656 996 ηυδε
687 933 804 981 erat
832 923 1052 980 domina
1077 967 1093 992 ,
1146 924 1285 980 facta
1330 932 1415 980 est
1461 922 1662 980 famula
1766 937 1967 993 scopus
1995 939 2163 994 rapax
2197 923 2482 994 pecuniam
2509 919 2537 959 δ
2563 922 2633 979 ab
2660 921 2882 980 homine
2913 925 3119 996 expetit
3158 925 3328 997 gratis
3357 943 3369 979 :

104 1021 286 1078 carnis.
329 1016 468 1074 Caro
515 1017 827 1074 dominatur
877 1017 1121 1088 pOj-ulis,
1171 1026 1224 1074 et
1268 1016 1443 1072 anima
1492 1015 1668 1074 servit
1769 1015 1916 1072 Dcus
1944 1014 2193 1083 homini,
2226 1024 2285 1072 ut
2313 1026 2462 1072 certe
2484 1016 2790 1087 benignus,
2823 1019 2994 1088 gratis
3021 1018 3284 1085 donavit,
3321 1029 3377 1073 et

101 1113 328 1173 dzrmoni.
369 1111 530 1168 Carni
559 1112 928 1170 sacerdotium
957 1111 1331 1184 comparavit,
1382 1121 1439 1168 et
1470 1111 1667 1166 anima:
1769 1111 2029 1167 sacerdos
2058 1111 2322 1182 malignus
2351 1109 2518 1184 36h
2539 1125 2666 1167 eum
2715 1112 2832 1168 sine
2868 1127 3031 1168 causa
3061 1111 3372 1183 praedavit?

98 1204 452 1265 detrimentum
515 1203 750 1275 paravit.
799 1203 868 1258 Et
915 1204 1040 1275 quid
1095 1203 1304 1276 prodest
1368 1201 1668 1275 hujusmodi
1773 1203 1913 1272 Quid
1939 1206 2073 1260 enim
2099 1205 2252 1261 habes
2272 1247 2287 1271 ,
2309 1204 2447 1276 quod
2469 1222 2571 1260 non
2597 1206 2839 1277 accepisti
2867 1206 2894 1259 Ρ
2932 1205 2995 1260 Si
3021 1215 3195 1262 autem
3221 1223 3375 1263 acce-

99 1301 300 1368 homini,
328 1299 372 1355 si
397 1307 559 1354 totum
585 1299 837 1354 mundum
864 1300 1110 1365 lucretur,
1150 1309 1194 1354 et
1219 1298 1406 1353 anima:
1431 1314 1539 1353 sua:
1570 1296 1662 1352 de-
1770 1299 1922 1369 pisti,
1975 1299 2101 1369 quid
2148 1299 2392 1371 gloriaris
2417 1338 2433 1364 ,
2483 1299 2634 1370 quasi
2682 1315 2787 1354 non
2834 1299 3096 1370 acceperis
3152 1298 3373 1371 (lCor.

98 1398 364 1452 trimentnm
396 1394 628 1466 patiatur
652 1395 678 1449 ?
706 1394 808 1448 Aut
836 1411 991 1465 quam
1020 1395 1157 1449 dabit
1189 1394 1339 1448 homo
1386 1402 1668 1448 comntuta-
1771 1409 1824 1449 tv
1848 1435 1862 1460 ,
1897 1394 1927 1447 7
1951 1391 1968 1465 )
1997 1393 2020 1445 ?

97 1489 265 1543 tionem
294 1502 383 1559 pro
403 1488 580 1542 anima
600 1503 697 1541 sua
730 1485 958 1558 (Matth.
994 1502 1106 1551 xw,
1129 1484 1242 1559 25)
1272 1487 1294 1540 ?
1319 1485 1474 1553 Quod
1513 1484 1668 1542 dedit
1842 1486 2072 1544 CAPUT
2115 1487 2276 1544 VL—
2301 1487 2447 1545 Ecce
2473 1487 2540 1544 ad
2573 1503 2696 1559 qua:
2717 1487 2863 1542 mala
2887 1486 3129 1544 volvitur
3153 1486 3380 1545 deiﬁcus

101 1595 211 1636 cum
239 1580 582 1636 ordinaretur
608 1578 900 1650 episcopus
923 1619 938 1646 ,
989 1593 1182 1634 aurum
1242 1579 1376 1633 fuit:
1439 1586 1495 1633 et
1523 1575 1668 1648 quod
1772 1582 1909 1639 ordo
1936 1603 1950 1638 :
1981 1597 2110 1639 ecce
2136 1582 2201 1638 ad
2224 1599 2344 1655 qua:
2373 1584 2572 1655 probra
2601 1591 2727 1639 sunt
2777 1584 3013 1654 prolapsi
3033 1581 3380 1648 sacerdotes,

100 1673 344 1746 perdidit,
399 1672 581 1728 anima
609 1671 730 1727 fuit.
777 1672 914 1728 Cum
963 1673 1126 1726 alium
1174 1672 1490 1738 ordinaret,
1522 1670 1668 1742 quod
1771 1676 1863 1749 qui
1891 1675 2082 1732 audire
2109 1682 2479 1732 meruerunta
2507 1674 2692 1746 judice
2721 1673 2942 1730 mundi:
2987 1672 3088 1728 Vos
3128 1675 3248 1729 estis
3291 1673 3386 1727 tua;

97 1769 328 1837 accepit,
363 1768 593 1837 pecunia
619 1766 757 1822 fuit:
790 1775 846 1822 ct
874 1765 1018 1836 quod
1047 1765 1383 1836 dedit,lepra
1407 1765 1670 1821 fuit.Hmc
1771 1769 1953 1822 mundi
2007 1768 2026 1840 (
2057 1767 2246 1822 Matth.
2278 1783 2335 1834 v,
2393 1768 2521 1838 Μ).
2583 1768 2724 1823 Ecce
2770 1767 2968 1838 quibus
3009 1765 3382 1836 subjiciuntur

99 1869 212 1919 sunt
232 1861 574 1918 mercimonia
605 1860 918 1932 iniquorum
950 1862 1000 1914 in
1032 1859 1328 1930 perniciem
1361 1873 1573 1914 eorum.
1700 1863 1747 1925 B
1775 1870 1966 1932 gentes
1988 1902 2002 1924 ,
2030 1859 2224 1930 quibus
2255 1873 2287 1914 a
2332 1858 2565 1914 Domino
2592 1858 2795 1914 dictum
2827 1865 2946 1913 est:
2990 1857 3093 1912 Vos
3141 1857 3264 1912 estis
3303 1855 3384 1911 sat

162 1953 425 2024 Interrogo
449 1961 633 2008 tamen
665 1954 887 2008 fratrem
913 1959 970 2006 et
989 1952 1372 2022 coepiscopum
1402 1961 1671 2018 nostrum,
1779 1962 1930 2010 teme
1955 1953 2149 2026 (lbid.,
2184 1955 2296 2023 15).
2337 1956 2361 1985 ⁸
2395 1953 2537 2024 Ergo
2559 1953 2604 2008 si
2642 1952 2735 2007 lux
2761 1960 2846 2009 est
2871 1950 3132 2008 Ecclesiae
3169 1950 3384 2023 episco-

101 2047 211 2117 quia
234 2055 286 2101 et
313 2061 412 2118 ego
440 2045 734 2118 episcopus
755 2060 872 2100 sum
902 2086 917 2111 ,
939 2053 995 2101 et
1019 2060 1141 2100 cum
1165 2046 1425 2116 episcopo
1455 2044 1674 2115 loquor.
1779 2061 1879 2118 pus
1899 2088 1913 2112 ,
1941 2061 1969 2099 a
2001 2045 2235 2102 Domino
2261 2045 2575 2112 ordinatur,
2611 2046 2685 2101 ita
2717 2055 2776 2100 ut
2804 2043 3094 2115 imperitiae
3123 2045 3384 2101 tenebras

99 2139 185 2194 Dic
209 2153 332 2210 ergo
374 2137 508 2194 mihi
549 2138 844 2210 paulisper,
868 2137 1038 2194 frater
1063 2140 1349 2209 episcope;
1378 2153 1499 2192 cum
1521 2136 1680 2192 dares
1779 2138 2185 2210 praedicationis
2213 2153 2325 2193 sua:
2363 2137 2581 2208 eloquio
2626 2137 2886 2192 rutilante
2927 2136 3386 2193 conscientiarum

99 2234 399 2303 pecuniam,
461 2231 592 2303 quid
651 2230 960 2302 accepisti?
1018 2230 1259 2288 Gratiam
1311 2230 1680 2302 episcopalem
1782 2230 2019 2286 latebras
2048 2229 2349 2297 illuminet,
2383 2245 2481 2285 cur
2507 2229 2623 2300 ipse
2646 2228 3001 2299 palpabilibus
3031 2228 3271 2286 tenebris
3300 2239 3386 2287 te-

98 2326 290 2397 accepi.
324 2325 468 2397 Ergo
493 2325 769 2396 interrogo
793 2334 846 2381 te
872 2341 885 2378 :
915 2323 1042 2379 Herc
1069 2325 1242 2395 gratia
1272 2339 1370 2379 cur
1399 2324 1490 2379 tali
1524 2338 1684 2378 voca-
1785 2336 1942 2383 netur
1970 2326 2308 2382 obstrictus?
2343 2324 2408 2380 Et
2441 2340 2546 2380 non
2578 2325 2751 2380 solum
2785 2325 2908 2398 quia
2942 2326 3060 2396 ipse
3089 2325 3215 2379 dum
3246 2326 3388 2382 male

99 2419 213 2475 bulo
243 2418 624 2490 nuncupatur?
652 2417 965 2489 Respondet
991 2435 1003 2471 :
1035 2418 1165 2484 Cur,
1199 2417 1426 2488 inquis?
1453 2424 1514 2471 ut
1535 2432 1677 2484 reor,
1782 2422 1916 2492 agit,
1964 2422 2126 2492 digne
2155 2422 2330 2492 perit;
2384 2419 2608 2492 insuper
2638 2429 2694 2476 et
2739 2421 2876 2476 alios
2941 2435 3125 2477 secum
3169 2420 3388 2494 indigne

96 2527 186 2583 pro
205 2529 266 2569 eo
288 2513 429 2585 quod
453 2513 623 2583 gratis
642 2512 820 2578 datur,
839 2512 963 2568 ideo
981 2513 1155 2584 gratia
1185 2511 1684 2584 vocitatur.bErgo
1784 2515 1978 2587 perdit.
2024 2516 2079 2572 Si
2106 2517 2248 2572 enim
2291 2516 2539 2572 meruisti
2589 2515 2717 2572 salis
2764 2515 3047 2587 possidere
3090 2531 3378 2588 saporem,

98 2607 140 2662 si
164 2608 328 2678 gratia
355 2607 530 2680 gratis
565 2607 724 2662 datur
746 2647 762 2672 ,
799 2614 856 2663 et
883 2621 1017 2662 auro
1046 2621 1152 2661 non
1195 2605 1521 2670 arstimalur,
1553 2620 1584 2660 a
1630 2614 1684 2661 te
1787 2611 2232 2681 utinsipientium
2266 2610 2443 2681 possis
2479 2607 2498 2648 ί
2530 2624 2655 2665 arva
2687 2609 3070 2679 condire;cur
3094 2609 3390 2668 infatuatus

97 2713 184 2755 cur
204 2701 369 2772 gratia
415 2699 668 2772 pecuniis
713 2701 1106 2770 comparatur?
1135 2699 1451 2771 Respondet
1478 2716 1490 2754 :
1539 2699 1681 2768 Non,
1788 2703 1882 2758 tali
1909 2705 2040 2759 vitio
2061 2745 2077 2770 ,
2109 2703 2404 2759 immundis
2430 2711 2482 2758 te
2505 2718 2796 2775 porcorum
2828 2703 3259 2760 conculcandum
3291 2718 3389 2774 pe-

100 2793 290 2865 inquit,
323 2793 453 2849 mihi
476 2793 722 2858 daretur,
751 2794 798 2849 si
824 2793 1070 2864 pecuniis
1095 2808 1203 2849 non
1235 2800 1518 2849 emeretur
1544 2811 1556 2846 ε
1586 2808 1685 2850 nec
1786 2796 1944 2853 dibus
1973 2797 2280 2868 praabuisti,
2315 2798 2385 2852 ita
2420 2804 2478 2851 ut
2508 2812 2609 2853 nec
2637 2797 2773 2853 alios
2802 2839 2816 2864 ,
2851 2813 2952 2854 nec
2981 2808 3030 2854 te
3062 2799 3237 2870 ipsum
3261 2814 3391 2871 pos-

98 2887 374 2958 episc0pus
423 2888 648 2945 fuissem
679 2887 998 2955 ordinatus,
1046 2888 1090 2944 si
1153 2889 1416 2959 pecunias
1455 2905 1563 2944 non
1592 2888 1688 2946 de.
1787 2890 1863 2944 sis
1893 2890 2164 2946 condire?
2215 2889 2509 2945 Oculorum
2538 2891 2702 2944 etiam
2749 2889 2802 2944 in
2833 2905 3066 2960 corpore
3109 2890 3349 2947 officium
3374 2931 3392 2958 ,

98 2979 309 3038 dissem.
341 2982 525 3056 Ergo,
561 2992 620 3038 ut
662 2991 891 3053 apparet
937 2998 1003 3038 ex
1049 2982 1501 3054 rcsponsionibus
1543 2984 1683 3052 tuis,
1790 2983 1843 3040 id
1870 2993 1985 3050 est,
2035 2984 2088 3039 in
2121 2983 2400 3050 Ecclesia,
2441 2992 2465 3030 ις
2498 2981 2838 3038 voluntarius
2886 2982 3169 3054 appetisti;
3222 2993 3279 3038 ut
3305 2997 3396 3039 re-

97 3073 313 3144 gratiam
354 3090 482 3131 cum
509 3073 874 3142 ordinareris,
903 3088 1011 3130 non
1043 3075 1371 3145 suscepisti;
1406 3075 1530 3146 quia
1555 3089 1682 3146 gra-
1789 3077 1996 3149 liquum
2030 3087 2193 3148 perte
2219 3091 2420 3147 corpus
2438 3075 2694 3131 ducatum
2720 3074 2853 3131 lucis
2881 3074 3142 3130 haberet:
3173 3082 3229 3130 et
3250 3091 3395 3133 nunc

98 3167 228 3222 tuito
254 3184 374 3223 eam
419 3183 529 3224 non
571 3168 844 3225 meruisti.
879 3169 942 3222 Et
966 3167 1085 3223 ideo
1112 3211 1126 3236 ,
1151 3169 1338 3234 frater,
1386 3170 1430 3224 si
1460 3168 1686 3240 gratiam
1793 3171 2033 3240 quadam
2076 3170 2402 3242 lippitudine
2429 3179 2484 3225 et
2509 3170 2744 3240 caligine
2772 3169 3028 3224 vitiorum
3061 3169 3396 3226 ohtenebra-

99 3275 198 3316 non
241 3263 538 3335 accepisti,
593 3261 870 3332 quomodo
899 3261 1187 3332 episcopus
1229 3262 1368 3318 effici
1418 3263 1684 3334 potuisti?
1710 3252 1755 3316 C
1790 3271 1875 3321 tus
1896 3307 1910 3330 ,
1943 3280 2041 3320 nec
2073 3275 2123 3320 te
2152 3265 2326 3334 ipsum
2359 3263 2462 3318 luci
2489 3262 2743 3318 idoneum
2779 3263 3019 3334 przebes,
3053 3272 3108 3318 et
3137 3263 3258 3318 aliis
3281 3263 3399 3319 adi-

97 3350 219 3407 Nam
251 3363 305 3410 et
355 3355 425 3410 ad
457 3353 756 3426 discipulos
812 3369 939 3411 suos
993 3355 1254 3411 Dominus
1305 3356 1479 3411 dicit:
1513 3354 1691 3412 Gratis
1794 3359 1897 3414 mis
1921 3358 2116 3414 lucem.
2152 3359 2227 3413 De
2255 3357 2450 3427 quibus
2471 3356 2645 3412 oculis
2706 3357 2758 3411 in
2807 3356 3106 3428 Evangelio
3157 3357 3394 3414 dicitur:

95 3449 373 3520 accepistis,
398 3450 561 3522 gratis
581 3449 698 3504 date
723 3448 956 3523 (Matth.
990 3467 1020 3505 κ
1044 3492 1060 3518 ,
1089 3449 1179 3523 8).
1206 3451 1315 3506 Cur
1342 3467 1474 3522 ergo
1494 3453 1694 3522 gratui-
1796 3450 1857 3507 Si
1889 3451 2067 3506 oculus
2097 3460 2216 3506 tuus
2239 3450 2463 3519 simplex
2490 3451 2683 3520 fuerit,
2732 3459 2897 3504 totum
2927 3467 3116 3524 corpus
3143 3460 3290 3505 tuum
3318 3453 3403 3507 Iu-

99 3549 196 3595 tam
221 3543 511 3598 aestimasti
542 3553 594 3598 te
618 3544 797 3615 pretio
830 3545 1114 3614 possidere
1145 3544 1374 3616 gratiam
1399 3545 1421 3600 ?
1443 3544 1603 3613 Nam,
1637 3554 1696 3600 ut
1795 3544 1968 3598 citium
1990 3545 2082 3597 erit
2111 3542 2332 3616 (Matth.
2364 3559 2415 3598 vt
2438 3586 2453 3609 ,
2475 3543 2580 3612 ΞΕ)
2603 3585 2618 3609 ,
2653 3543 2705 3599 id
2734 3551 2820 3598 est
2840 3585 2856 3612 ,
2882 3543 2927 3598 si
2959 3543 3278 3615 episcomts,
3303 3545 3401 3617 qui

99 3632 250 3689 video
275 3677 290 3702 ,
319 3651 518 3691 aurum
548 3635 684 3692 dans
707 3636 1032 3708 perdidisti,
1079 3645 1134 3693 et
1181 3637 1409 3709 gratiam
1454 3647 1696 3693 sanctam
1797 3647 1856 3692 ut
1887 3637 2068 3692 lumen
2098 3637 2396 3706 promeruit
2421 3650 2659 3705 praeesse
2688 3636 2740 3690 in
2770 3650 3003 3706 corpore
3023 3675 3039 3704 ,
3077 3633 3104 3673 ιι
3134 3635 3402 3706 simplici-

100 3739 202 3780 non
231 3727 538 3798 acquisisti.
1689 3728 1693 3732 ’
1798 3735 1911 3784 tate
1982 3737 2066 3783 est
2118 3736 2299 3782 sancta
2353 3736 2409 3783 et
2476 3727 2787 3784 innocentia
2837 3727 3166 3795 decoratus,
3218 3729 3402 3785 omnis

165 3818 356 3875 Adhuc
411 3829 592 3876 tamen
624 3821 799 3878 semel
839 3820 1103 3892 adjiciens
1161 3820 1384 3878 fratrem
1438 3823 1698 3894 perquiro
1799 3822 2044 3879 Ecclesia
2077 3822 2368 3892 Splendore
2398 3821 2620 3878 luminis
2665 3821 2948 3878 radiatur:
2993 3822 3054 3878 Si
3081 3833 3249 3876 autem
3278 3839 3405 3879 ocu-

100 3909 410 3982 episcopum
441 3928 456 3979 ;
491 3928 560 3969 ne
586 3913 714 3985 quid
743 3914 810 3970 de
841 3915 1288 3986 approbamentis
1313 3916 1573 3972 veridicis
1599 3932 1699 3972 nos
1801 3917 1885 3972 lus
1915 3926 2030 3970 tuus
2060 3931 2273 3986 nequam
2313 3925 2416 3982 est,
2465 3923 2630 3969 totum
2675 3931 2862 3987 corpus
2892 3926 3038 3970 tuum
3076 3917 3404 3971 tenebrosum

102 4009 522 4076 praetermisisse
547 4009 851 4066 videamur.
885 4010 1018 4079 Quis
1043 4011 1166 4079 dat,
1201 4011 1390 4079 frater,
1419 4011 1703 4083 episcOpa-
1803 4009 1932 4073 erit;
1979 4007 2030 4063 id
2061 4018 2176 4074 est,
2208 4009 2251 4062 si
2306 4008 2634 4079 episcopus,
2690 4008 2782 4079 qui
2840 4006 3132 4064 videbatur
3186 4011 3406 4080 corpori

102 4097 201 4155 lem
222 4103 504 4172 gratiam?
554 4101 732 4170 Deus,
766 4114 787 4141 ε
846 4119 915 4157 an
950 4104 1157 4159 homo?
1204 4103 1524 4176 Respondes
1584 4104 1702 4160 sine
1802 4103 2018 4159 subdito
2043 4104 2218 4159 lucem
2249 4102 2531 4173 praebere,
2569 4103 2928 4160 obnubilctur
2955 4103 3214 4176 nequitia:
3243 4103 3408 4160 caeci-

104 4192 298 4252 dubio:
338 4196 513 4252 Deus.
569 4196 677 4252 Sed
726 4205 910 4252 tamen
955 4212 1051 4267 per
1098 4196 1376 4252 hominem
1409 4197 1701 4254 datDeus:
1806 4199 1953 4263 tate‘,
2007 4195 2134 4267 quid
2199 4205 2394 4250 caetera
2446 4195 2647 4251 facient
2718 4195 2998 4265 membra,
3059 4197 3257 4270 quibus
3314 4198 3408 4255 lux

105 4285 264 4344 homo
291 4288 530 4360 imponit
556 4305 774 4357 manus,
808 4289 956 4345 Deus
984 4289 1210 4362 largitur
1233 4290 1460 4363 gratiam
1487 4309 1499 4346 :
1525 4307 1706 4348 sacer-
1808 4291 2058 4361 adempta
2088 4299 2174 4347 est
2202 4290 2533 4346 oculorum?
2585 4289 2642 4346 Id
2670 4299 2787 4357 est,
2828 4291 2956 4363 quid
2990 4293 3269 4348 smcularis
3299 4293 3412 4351 fac-

107 4377 198 4434 dos
223 4380 463 4452 imponit
494 4383 795 4453 supplicem
823 4382 1146 4452 dexteram,
1187 4394 1241 4440 et
1269 4384 1414 4440 Deus
1435 4384 1710 4442 benedicit
1811 4396 1932 4443 tura
1984 4395 2068 4441 cst
2114 4384 2443 4454 multitudo,
2491 4400 2614 4442 cum
2681 4386 3052 4457 voluptatibus
3106 4387 3312 4444 illicitis
3358 4397 3416 4446 ct

108 4475 311 4542 potenti
339 4475 602 4531 dextera:
633 4475 1123 4546 episcopusinitiat
1149 4477 1424 4545 ordinem,
1469 4488 1524 4534 et
1567 4480 1708 4535 Deus
1811 4479 2113 4536 actionibus
2145 4480 2328 4535 vetitis
2366 4477 2434 4535 ad
2472 4479 2704 4534 similem
2751 4481 3052 4536 facinorum
3098 4482 3411 4554 voraginem

111 4567 297 4624 tribuit
334 4569 690 4641 dignitatem.
713 4568 985 4639 Ojustitia
1007 4612 1021 4637 ,
1050 4585 1083 4625 o
1113 4571 1376 4642 aequitas!
1422 4571 1480 4627 Si
1503 4572 1707 4627 homini
1813 4573 2099 4642 episcOpus
2126 4571 2528 4628 multitudinem
2549 4572 2732 4644 populi
2764 4572 3143 4643 provocaverit
3169 4591 3184 4643 ;
3213 4583 3272 4630 ut
3295 4575 3418 4631 nul-

111 4662 336 4730 pecunia
367 4661 554 4727 datur,
589 4662 678 4733 qui
707 4660 842 4717 nihil
873 4663 926 4717 in
956 4662 1147 4718 ordine
1175 4663 1409 4734 amplius
1434 4672 1710 4735 operatur,
1737 4649 1792 4712 ι)
1817 4666 1855 4721 li
1875 4665 1982 4735 jam
2008 4666 2229 4736 jamque
2271 4664 2518 4720 illicitum
2558 4680 2681 4721 esse
2714 4665 2984 4735 videatur,
3016 4667 3160 4739 quod
3189 4668 3260 4725 ab
3295 4669 3416 4740 epi-

115 4756 214 4811 nisi
241 4758 426 4814 solum
454 4759 781 4827 servitium,
839 4757 984 4830 quod
1039 4759 1088 4814 ei
1129 4759 1402 4824 creditur;
1457 4774 1556 4815 cur
1610 4759 1720 4816 Deo
1823 4773 1986 4829 sc0po
2021 4756 2179 4828 quasi
2225 4756 2438 4812 licitum
2471 4758 2989 4828 perpetratur?Sed
3037 4761 3212 4830 ipsum
3246 4762 3420 4832 magis

115 4856 286 4906 totum
321 4863 577 4924 negatur,
622 4853 715 4924 qui
744 4852 942 4923 'ipsum
987 4852 1236 4910 ordinem
1307 4851 1404 4908 tibi
1452 4852 1722 4924 largitur?
1823 4850 2054 4907 credunt
2081 4848 2331 4904 homines
2357 4862 2480 4904 esse
2510 4847 2784 4905 laudabile
2805 4891 2820 4917 ,
2843 4849 3105 4921 quidquid
3135 4852 3422 4923 episcopus

117 4945 407 5006 iustumne
437 4948 533 5006 tibi
555 4947 773 5005 videtur
797 4957 856 5004 ut
883 4964 1078 5005 servus
1104 4949 1428 5017 honoretur,
1458 4956 1515 5006 et
1545 4948 1723 5004 domi-
1827 4943 2082 4999 habuerit
2110 4940 2482 4997 delectabile:
2521 4939 2540 4979 ί
2575 4955 2678 4998 nec
2722 4943 3011 5014 quisquam
3061 4943 3207 5015 quod
3263 4958 3426 5014 agere

189 5075 216 5104 ⁸
254 5067 424 5122 Rom.
457 5075 510 5122 et
535 5065 734 5138 Mabill.
764 5065 924 5130 edit.,
954 5077 1000 5121 et
1032 5063 1202 5121 Deum
1255 5063 1483 5138 perdidit
1505 5063 1561 5118 in
1586 5063 1715 5138 inte:
1880 5068 1923 5138 _°
1965 5055 2356 5138 Eadcmredit.)
2387 5056 2448 5138 Si
2481 5056 2574 5138 (ita:
2620 5073 2674 5113 es
2719 5057 3019 5113 Ecclesiaza
3047 5055 3275 5138 Domino
3311 5075 3428 5113 con-

119 5140 253 5194 riore
277 5139 506 5193 homine.
532 5137 590 5192 ln
618 5129 1038 5211 reliquisautem
1067 5153 1187 5192 cum
1212 5129 1343 5192 mss.
1362 5145 1419 5211 et
1445 5144 1552 5190 vet.
1585 5135 1721 5192 edit.
1825 5132 2130 5211 stitutus":
2173 5129 2361 5184 teneris
2375 5129 2663 5211 obstrictus
2686 5146 2782 5211 per
2812 5137 3306 5211 supra_metttoratos
3334 5146 3425 5184 ea:-

121 5211 500 5274 consentiunt,
532 5210 637 5264 nisi
663 5201 806 5280 quod
838 5209 953 5264 hanc
979 5225 1077 5280 per
1105 5207 1472 5279 apostrophen
1500 5223 1724 5277 semper
1828 5201 2037 5280 cessus?
2067 5201 2134 5255 Et
2159 5217 2264 5255 non
2307 5201 2474 5256 solum
2529 5203 2650 5272 quia
2677 5201 2788 5257 hwe
2813 5202 2948 5276 agis,
2973 5201 3089 5271 ipse
3119 5201 3276 5272 digne
3303 5218 3424 5272 per-

124 5284 298 5355 utitur
331 5282 570 5355 secunda
591 5275 854 5355 persona.
982 5275 1023 5355 ’ᾼ
1141 5275 1219 5355 ’Δ
1325 5275 1345 5355 μ’
1626 5275 1639 5277 “
1827 5275 2033 5355 ἱεηθιξ·
2511 5345 2522 5355 _
2726 5345 2755 5355 η
2853 5275 2857 5276 ν
3237 5343 3248 5355 ι

193 5352 234 5428 δ’
263 5353 414 5408 Edit.
449 5343 675 5420 Mabiil.,
721 5351 788 5406 Et
813 5353 855 5406 si
887 5353 1057 5428 gratia
1086 5351 1247 5423 gratis
1300 5351 1478 5417 datur,
1526 5361 1576 5406 et
1601 5366 1728 5404 auro
1913 5343 2134 5428 [Ilion].
2185 5343 2343 5428 edit.,
2395 5345 2556 5428 corda
2604 5345 3205 5428 condire;‘_unu§“mss.,
3232 5343 3433 5402 insulsa

124 5425 442 5489 aestimatur,
475 5440 566 5477 cur
593 5442 624 5477 α
654 5414 703 5477 te
727 5414 943 5494 pecunia
975 5414 1326 5493 comparatur.
1452 5414 1473 5494 γ’
1728 5493 1732 5494 ν
1835 5417 2048 5494 condire
2072 5432 2092 5471 :
2118 5416 2323 5494 caeteri,
2340 5431 2403 5472 ac
2425 5417 2710 5494 editraroa
2740 5415 2970 5494 condire.
2995 5414 3087 5494 Sic
3103 5427 3286 5494 autem
3307 5432 3433 5487 pro-

198 5507 220 5535 ε
265 5485 439 5550 ΕιΙὴξ
485 5485 737 5561 Μ;ιῑ)ἰ11.,’
767 5511 834 5548 an
863 5498 1012 5548 homo
1038 5495 1063 5547 ?
1092 5485 1220 5549 Sine
1247 5495 1403 5549 dubio
1435 5493 1569 5548 Deus
1601 5511 1614 5548 :
1643 5493 1734 5547 sed
1843 5490 2088 5561 sequitur
2119 5485 2344 5551 Mahill.,
2376 5502 2467 5542 cur
2490 5489 2774 5561 infamatus
2799 5487 2890 5540 tali
2916 5485 3164 5561 dedecore
3191 5485 3434 5544 uitio—rum

129 5576 299 5623 tamen
332 5582 429 5636 per
451 5557 727 5621 hominem.
766 5564 936 5620 Homo
968 5567 1308 5636 imponit.....
1359 5565 1598 5622 sacerdos
1627 5563 1738 5619 Deo
1839 5557 2119 5636 immundis
2145 5569 2209 5636 te
2222 5561 2399 5636 suibus
2429 5557 2833 5636 conculcandum
2859 5559 3078 5636 prteltes,
3107 5566 3215 5615 etc.

129 5641 284 5693 servit
315 5630 544 5706 supplici
574 5637 802 5692 dextera.
1041 5630 1050 5636 ’
1917 5643 1942 5681 s
1985 5633 2131 5687 Edit.
2157 5631 2392 5706 _ltlabill.,
2423 5631 2782 5699 voluptuarius
2825 5630 3163 5702 appetisti....
3204 5647 3297 5687 nec
3327 5632 3440 5703 ipse

202 5707 233 5786 εξ
271 5704 483 5786 Eadem
510 5709 682 5786 edit.,
701 5711 765 5764 ab
791 5709 996 5786 homine
1025 5708 1464 5786 expetit?__Gratis
1481 5709 1528 5765 ei
1550 5707 1692 5764 Deus
1723 5723 1743 5764 :
1843 5704 2382 5786 luqeanrabes,_etc.
2431 5773 2441 5783 '
2541 5772 2571 5786 μ
2609 5772 2640 5786 ,Δ
2686 5773 2716 5786 Δ.
2777 5773 2788 5786 ⁸

135 5790 190 5855 ut
214 5781 470 5855 benignus
496 5772 704 5836 donauit
730 5796 751 5838 .'
784 5782 1060 5851 Sacerdos,
1090 5772 1145 5837 at
1171 5782 1450 5855 malignus,
1483 5797 1598 5837 eum
1619 5798 1745 5853 cap-
1919 5776 1946 5855 1}
1991 5775 2190 5855 Eadem
2218 5775 2373 5855 edit.,
2399 5772 2742 5855 simplicitatis
2769 5773 3063 5832 innocentia
3107 5775 3400 5855 decoratus.

133 5845 356 5910 timuit:
1046 5845 1056 5851 ’
1296 5845 1320 5855 ⁷
1436 5845 1446 5852 ’
1682 5845 1693 5853 ⁷
1931 5848 1944 5885 ί
1990 5848 2193 5904 Eadem
2240 5846 2399 5916 edit.,
2454 5858 2544 5899 nec
2596 5845 2865 5921 quisquam
2891 5863 3042 5928 agere
3089 5847 3284 5918 timeat,
3307 5846 3447 5922 quod
