3970 6316
131 272 213 340 ssi

1300 272 1393 329 an
1436 254 1772 331 tincturus
1810 270 2168 330 nuvorsu.

3282 281 3389 339 582

127 404 197 455 est
222 394 281 451 de
310 394 430 457 Deo,
462 391 555 447 sed
596 390 668 448 de
699 390 804 447 hoc
831 389 1034 447 mundo
1060 395 1166 447 est.
1192 388 1324 446 item
1355 389 1481 448 alibi
1508 387 1679 445 dicit:
1713 392 1757 452 Α
1790 402 2235 459 prmnccupemus
2266 402 2408 454 eam,
2436 398 2490 445 et
2513 388 2775 448 ducemus
2827 391 2883 447 in
2935 391 3075 448 viam
3123 403 3386 451 nostram.

124 492 180 548 Si
200 489 300 558 quis
319 486 528 543 uoluerit
549 485 746 541 anticus
770 501 880 541 esse
906 485 1067 559 hujus
1088 486 1292 550 tuendi,
1320 484 1562 540 inimicus
1592 482 1687 539 Dei

120 582 428 639 constituetur
454 576 640 651 (Iacob
667 594 741 644 tv,
771 578 853 650 ι).
894 578 1036 648 Quid
1081 579 1253 645 dicis,
1302 578 1500 635 devota
1543 578 1686 634 Deo?

116 674 228 747 quid
251 674 319 729 vis
340 672 641 729 hominibus
665 671 921 742 placere?
943 672 1073 742 quid
1099 672 1383 729 desideras
1407 713 1421 739 ,
1453 672 1539 729 vel
1554 671 1683 742 quid

114 767 322 841 qureris?
364 765 421 822 Si
446 765 615 823 Deum
644 766 877 835 quaeris,
919 775 1096 821 tecum
1132 774 1216 822 est
1246 784 1260 820 ι
1294 767 1338 821 si
1369 776 1551 821 autem
1584 764 1682 820 ho-

114 862 292 920 minem
317 857 546 930 quieris,
579 874 690 914 non
720 858 822 915 hoc
848 859 1143 916 devovisti.
1175 859 1314 926 Quid
1354 868 1481 915 sunt
1505 858 1683 914 homi-

111 954 228 1013 nes?
254 951 505 1010 ﬂiimittes
550 951 711 1020 huius
757 952 946 1009 smculi
975 971 987 1006 :
1016 951 1082 1007 Et
1124 954 1370 1008 suculam
1402 954 1608 1020 transit,
1636 962 1684 1007 et

109 1044 496 1115 concupiscentia
526 1046 637 1117 ejus
656 1059 675 1099 :
691 1046 777 1111 qui
797 1052 968 1100 autem
993 1046 1169 1115 fecerit
1193 1061 1306 1116 qua:
1328 1046 1519 1119 scripta
1542 1053 1682 1111 sunt,

106 1148 255 1195 nicust
296 1137 347 1192 in
394 1146 640 1193 (sternunt
672 1136 727 1209 (ι
754 1135 912 1195 Joan.
946 1154 1008 1203 ιι,
1042 1136 1157 1209 18).
1192 1138 1333 1205 Quid
1363 1137 1679 1205 desideras,

106 1231 288 1288 nescio.
316 1228 371 1287 Si
413 1246 643 1299 aurum,
700 1240 1020 1303 argentum,
1073 1230 1123 1287 si
1166 1232 1354 1298 vitam,
1396 1231 1443 1287 si
1472 1242 1679 1288 vestem

101 1323 581 1397 splendidamahoc
613 1323 707 1381 tibi
733 1340 839 1381 non
864 1324 1068 1395 placuit
1093 1340 1217 1381 cum
1246 1325 1380 1393 Deo,
1412 1324 1516 1381 hoc
1542 1326 1681 1382 Deus

101 1431 197 1472 non
248 1416 566 1483 admiratur,
615 1418 712 1476 sed
756 1433 854 1475 cor
899 1419 1197 1476 contritum
1236 1429 1292 1476 ot
1339 1420 1680 1477 humiliatum

98 1510 265 1581 (ρωι.
299 1528 351 1575 ι..
384 1513 498 1584 19).
545 1512 687 1582 Quid
727 1516 933 1585 quarris
983 1514 1235 1573 homines
1277 1516 1495 1582 seaculi,
1545 1530 1683 1589 quos

84 1614 303 1668 sanctus
338 1608 622 1678 apostolus
657 1609 865 1681 iudicat
914 1609 1144 1679 Paulus,
1188 1610 1418 1669 dicens:
1451 1610 1683 1676 Quorum

95 1697 225 1756 Deus
250 1709 419 1759 mter
463 1710 559 1766 est.
612 1712 661 1759 et
704 1703 871 1775 gloria
916 1704 968 1759 in
1008 1703 1266 1775 pudendis
1293 1704 1544 1774 ipsorum,
1595 1703 1683 1772 qui

1787 482 2069 550 Cecidisri,
2103 484 2324 552 misera,
2366 483 2418 539 in
2449 485 2533 539 via
2566 484 2675 540 lata
2715 495 2771 541 et
2799 486 3054 555 spatiosa,
3090 504 3212 554 qua:
3242 488 3392 544 ducit

1787 576 1854 631 ad
1883 587 2132 631 mortem.
2168 576 2390 631 Videtur
2420 575 2517 633 tibi
2548 592 2674 634 esse
2702 578 2867 645 bona,
2897 595 3020 651 qua!
3069 581 3206 636 mala
3252 590 3338 638 est
3372 598 3385 635 :

1789 672 2035 742 sequeris
2085 686 2180 729 eos
2207 686 2417 737 amens,
2459 679 2513 727 et
2541 674 2724 729 nescis
2751 676 3006 745 quoniam
3042 687 3188 732 recta
3220 678 3270 732 in
3306 678 3389 733 lo-

1789 778 1942 821 veam
1976 763 2147 818 cadis.
2182 763 2388 819 Hemor
2419 779 2525 819 non
2556 780 2615 820 es
2643 774 2849 821 arctam
2877 775 2931 824 et
2953 778 3236 839 angustam
3267 785 3391 826 esse

1787 855 1929 910 viam
1941 897 1955 919 ,
1977 870 2099 927 quae
2110 854 2259 912 ducit
2274 856 2341 912 ad
2355 857 2517 912 vitam
2534 857 2751 930 (Matth.
2774 875 2866 926 vn,
2890 860 3391 932 13,“)?Laborio-

1788 963 1846 1003 sa
1877 948 1973 1005 tibi
2007 949 2224 1008 videtur
2248 964 2390 1019 esse,
2422 966 2542 1021 quae
2564 951 2702 1006 bona
2724 964 2810 1009 est
2842 971 2854 1008 :
2882 956 3049 1013 oblita
3074 971 3135 1012 es
3180 957 3391 1013 dictum

1788 1040 1954 1100 fuisse
1984 1059 1999 1096 :
2029 1043 2163 1110 Quia
2191 1061 2282 1115 per
2307 1046 2499 1099 multas
2546 1046 2906 1104 tribulationes
2956 1065 3050 1105 nos
3098 1062 3299 1124 oportet
3341 1054 3393 1108 in

1785 1152 1999 1207 regnum
2027 1137 2271 1192 ctslerttnt
2318 1138 2533 1192 introire
2563 1139 2706 1213 (Act.
2736 1155 2847 1209 xw,
2879 1142 3000 1214 θυι
3031 1143 3181 1199 Nunc
3209 1156 3390 1203 autem

1787 1231 2055 1287 voluntati
2104 1240 2211 1293 tum
2263 1234 2344 1289 vis
2383 1232 2627 1292 studere.
2678 1234 2796 1290 Non
2831 1236 3009 1307 legisti
3042 1238 3394 1297 Salomonem

1786 1324 2058 1383 dicentem
2088 1343 2101 1381 :
2132 1325 2293 1382 Bonis
2322 1329 2455 1382 bona
2482 1340 2654 1384 creata
2699 1340 2819 1385 sunt
2850 1330 2913 1385 ab
2940 1332 3109 1399 initio,
3161 1336 3400 1391 similiter

1787 1419 1961 1489 impiis
1984 1429 2011 1459 ³
2034 1430 2083 1475 et
2105 1422 2463 1490 peccatoribus
2486 1420 2619 1477 bona
2637 1433 2682 1477 et
2710 1424 2848 1478 mala
2865 1423 3036 1497 (Eccl.
3070 1442 3258 1491 xxxix,
3278 1431 3396 1491 50)?

1788 1509 1919 1568 item
1952 1513 2072 1582 ipso
2098 1513 2317 1570 dicente
2346 1528 2362 1567 :
2395 1512 2616 1568 Initium
2658 1516 2777 1571 vitae
2816 1514 3043 1571 hominis
3088 1518 3397 1586 spiritutittr

1787 1615 2032 1679 urguetur
2077 1604 2238 1679 (Ibid
2267 1647 2279 1671 ,
2311 1605 2441 1677 31).
2494 1607 2768 1676 Spiritalis
2811 1609 2987 1662 omnia
3021 1610 3247 1681 judicat,
3287 1611 3396 1681 ipse

1788 1707 1962 1752 autem
2004 1715 2037 1752 a
2085 1699 2285 1754 nentine
2321 1701 2593 1771 judicatur
2647 1700 2698 1773 (l
2728 1699 2848 1757 Cor.
2884 1718 2941 1767 li,
2989 1702 3101 1775 15).
3164 1704 3262 1761 Ubi
3314 1722 3394 1773 cs,

94 1806 280 1852 terrena
307 1798 517 1867 sapiunt
543 1814 563 1855 :
592 1810 773 1855 nostra
808 1809 978 1855 autent
1004 1800 1329 1855 conuersatio
1358 1801 1413 1855 in
1443 1799 1582 1854 ralis
1604 1808 1679 1853 est
1711 1798 1757 1859 B
1786 1791 1899 1847 Beo
1923 1791 2158 1849 devota?
2208 1793 2485 1863 Spiriialis
2528 1795 2751 1866 quidem
2782 1796 2851 1851 do
2881 1797 3003 1852 aliis
3027 1797 3301 1868 judicans,
3340 1810 3394 1855 tu

90 1886 303 1958 (Philip.
334 1904 415 1951 ut.
434 1888 520 1955 i9,
544 1889 614 1945 20
632 1889 691 1961 )‘l
712 1890 769 1947 Si
802 1905 939 1962 ergo
964 1892 1445 1948 conversationem
1470 1892 1523 1947 in
1543 1890 1684 1947 eteio

91 1978 358 2043 habemus.
408 1996 529 2052 quae
566 1995 783 2041 Sursum
832 1993 961 2039 sunt
990 1997 1236 2054 quast-ere
1267 1983 1565 2049 debemus,
1593 1982 1683 2038 ubi

87 2070 323 2131 Christus
351 2086 458 2143 est,
492 2092 598 2134 non
646 2091 767 2147 qum
794 2091 961 2148 super
992 2088 1196 2134 terram
1225 2077 1456 2148 (Coloss.
1492 2093 1569 2143 ιιι,
1604 2076 1679 2147 l).

87 2166 247 2238 Rogo,
270 2182 454 2236 soror,
483 2171 573 2241 qui
599 2181 724 2226 sunt
743 2171 833 2230 isti
856 2171 1108 2228 homines
1122 2171 1282 2241 huius
1301 2172 1527 2227 saeculi?
1551 2170 1686 2226 Fra-

86 2269 189 2321 tres
218 2272 338 2321 tuos
366 2263 646 2336 spiritales
661 2266 910 2325 homines
932 2282 1038 2321 non
1057 2265 1333 2337 sequeris,
1364 2276 1419 2322 et
1439 2264 1686 2336 sequeris

82 2357 321 2415 carnales
352 2374 367 2413 :
398 2359 495 2430 qui
527 2357 575 2415 si
613 2375 721 2417 non
750 2368 1086 2423 saturentur,
1122 2359 1559 2414 murmurabunt.
1588 2357 1685 2413 hii-

79 2447 192 2507 sisti
219 2451 541 2520 margaritas
563 2460 683 2506 tuas
711 2463 840 2509 ante
867 2465 1085 2520 porcos,
1119 2452 1209 2521 qui
1238 2450 1565 2506 eoaculoent
1588 2464 1683 2505 ess

82 2542 303 2611 pedibus
341 2544 483 2612 suis,
516 2552 573 2600 et
601 2545 854 2601 conversi
897 2542 1099 2599 elidant
1157 2551 1231 2599 te.
1277 2542 1392 2601 Non
1436 2542 1682 2598 audisti:

90 2635 255 2693 Vitate
273 2653 459 2704 canes,
489 2639 642 2694 vitate
670 2638 837 2692 malos
862 2640 1130 2707 operarios
1154 2635 1324 2708 (Phil.
1357 2652 1437 2700 ιιι.
1465 2635 1558 2705 2)?
1583 2630 1686 2703 Qui

79 2739 194 2785 sunt
224 2731 350 2786 isti?
379 2730 646 2788 Homines
677 2730 840 2801 hujus
872 2729 1087 2795 seculi,
1123 2730 1216 2798 qui
1248 2744 1357 2785 non
1385 2737 1685 2799 sequuntur

78 2823 293 2894 vestigia
312 2823 545 2881 Christi.
576 2825 726 2896 ltogo
756 2833 830 2891 te,
863 2822 993 2894 quid
1018 2823 1116 2878 tibi
1145 2822 1565 2885 demonstrant;
1595 2822 1686 2879 dic

78 2916 225 2973 mihi.
258 2917 610 2984 Castitatem,
640 2933 801 2989 quam
858 2932 965 2973 non
1014 2916 1260 2974 habent?
1283 2915 1462 2985 Quid?
1493 2915 1678 2983 ﬁdem,

78 3022 231 3078 quam
263 3025 373 3065 non
422 3011 751 3067 inveniunt?
781 3010 1088 3069 doctrinam
1119 3024 1282 3079 quam
1306 3022 1415 3065 non
1445 3023 1684 3079 sequun-

75 3110 179 3169 tur,
211 3102 318 3158 nisi
347 3102 686 3159 diabolicam
731 3102 1056 3173 sapientiam
1093 3101 1252 3173 hujus
1296 3101 1517 3157 seculi?
1541 3100 1687 3171 jeju-

1785 1883 1908 1954 ipsa
1929 1884 2216 1954 judicaris.
2241 1885 2378 1953 Quid
2406 1887 2611 1956 quaeris
2635 1902 2757 1941 cum
2783 1888 2931 1944 illis?
2959 1888 3088 1955 Qua:
3106 1907 3227 1962 pars
3253 1893 3399 1961 ﬁdeli

1783 1994 1905 2033 cum
1949 1978 2152 2047 inﬁdeli
2204 1978 2286 2051 (il
2315 1978 2436 2033 Cor.
2468 1980 2704 2051 ",15)?
2746 1980 2830 2035 vel
2875 1997 2998 2051 qum
3057 1998 3181 2053 pars
3221 1986 3394 2039 Sancti

1787 2069 2023 2127 hominis
2070 2072 2138 2126 ad
2183 2073 2448 2128 carnem?
2481 2072 2645 2143 Virgo
2671 2082 2830 2145 potes
2859 2089 2983 2131 esse
3013 2090 3263 2145 corpore,
3299 2078 3396 2135 sed

1788 2176 1893 2220 non
1925 2172 2109 2220 mente
2129 2176 2411 2236 corrupta.
2443 2167 2596 2222 Oculi
2626 2176 2807 2223 autem
2856 2171 2933 2223 tui
2980 2170 3240 2226 obralcati
3270 2183 3400 2229 sunt

1786 2258 1957 2313 nimio
2000 2257 2200 2316 ardore
2245 2258 2510 2326 libidinis,
2567 2261 2619 2315 in
2676 2260 2875 2331 quibus
2925 2264 3074 2317 trabs
3109 2264 3393 2335 suhjacct:

1784 2368 1948 2409 aures
1978 2362 2084 2410 tum
2134 2353 2309 2423 plena
2350 2363 2480 2409 sunt
2518 2354 2670 2410 omni
2716 2356 2978 2425 spurcitia
3015 2358 3157 2412 virili
3188 2376 3200 2413 :
3232 2359 3398 2429 pedes

1791 2460 1922 2501 vero
1948 2444 2027 2501 tui
2080 2446 2301 2502 veloces
2346 2456 2494 2512 sunt,
2518 2456 2573 2502 et
2604 2462 2714 2502 non
2742 2457 2869 2503 sunt
2900 2449 3035 2519 pigri
3079 2450 3146 2504 ad
3172 2450 3394 2520 ianuam

1786 2535 1939 2592 Coris.
1974 2537 2073 2595 libi
2113 2539 2418 2594 sanctitas?
2444 2538 2534 2595 ubi
2558 2538 2930 2595 verecundia?
2970 2540 3062 2595 ubi
3094 2541 3397 2596 sobrietas?

1788 2634 1879 2691 ubi
1903 2633 2184 2704 gravitas?
2216 2635 2303 2691 ubi
2329 2634 2601 2691 castitas?
2641 2634 2729 2689 ubi
2765 2635 3067 2691 modestia?
3096 2636 3186 2691 ubi
3219 2636 3395 2691 ildes?

1788 2726 1878 2787 ubi
1907 2725 2268 2783 continentia?
2296 2728 2383 2783 ubi
2415 2743 2549 2797 pura
2578 2728 2771 2784 mens?
2799 2727 2903 2785 Ubi
2926 2735 3057 2783 sunt
3079 2728 3167 2783 illa
3187 2731 3394 2797 omnia,

1788 2834 1888 2890 pro
1905 2821 2102 2890 quibus
2132 2820 2295 2876 iidem
2325 2829 2471 2879 tuam
2503 2836 2870 2892 opposueras,
2894 2838 3053 2893 quam
3089 2825 3400 2894 perdidisti?

1787 2910 1983 2967 Helius
2011 2912 2157 2969 enim
2185 2916 2360 2984 fuerat
2392 2923 2440 2970 te
2466 2930 2571 2970 non
2598 2914 2795 2972 vovisse
2824 2924 2874 2970 et
2904 2920 3096 2986 facere,
3128 2933 3281 2987 quam
3307 2935 3398 2972 τοι

1786 3020 1923 3069 vere,
1955 3015 2005 3061 st
2031 3022 2137 3062 non
2162 3006 2333 3077 facere
2361 3005 2537 3079 (Eccl.
2564 3021 2619 3073 ν,
2649 3006 2730 3079 4).
2759 3007 2883 3063 Non
2915 3019 3058 3079 potes
3083 3008 3284 3065 duobus
3308 3011 3401 3065 clo.

1789 3099 1947 3155 minis
1957 3100 2167 3167 servire,
2181 3110 2273 3163 aut
2290 3099 2425 3167 Deo,
2437 3111 2530 3157 aut
2542 3118 2866 3169 mammona,
2885 3106 3026 3159 sicut
3038 3106 3301 3176 scriptum
3317 3117 3402 3161 est

76 3194 217 3251 nium
239 3236 253 3258 ,
296 3195 454 3264 quod
498 3195 729 3251 odiuut?
759 3194 1173 3261 abstinentiam,
1211 3209 1373 3265 quam
1398 3192 1685 3263 iudicant?
1713 3199 1759 3262 ο
1790 3192 2008 3266 (Matth.
2043 3212 2116 3263 vt,
2147 3194 2261 3267 ﬁt).
2288 3196 2416 3255 Cum
2448 3213 2686 3265 peruerso
2713 3200 3022 3255 subrerteris
3052 3199 3226 3269 (Prol.
3267 3215 3399 3268 xvn,

70 3286 443 3349 humilitatem
466 3328 481 3355 ,
507 3303 671 3359 quam
717 3288 1068 3359 opprimunt?
1102 3287 1457 3344 sobrietatem
1475 3327 1493 3354 ,
1522 3302 1686 3358 quam
1790 3286 1907 3359 27).
1932 3286 2056 3345 Non
2077 3298 2240 3358 potest
2262 3290 2518 3344 committi
2539 3306 2773 3359 pannum
2786 3301 2925 3347 vetus
2950 3308 3067 3345 cum
3094 3308 3247 3357 novo;
3271 3295 3407 3349 tollit

72 3381 385 3452 negligunt?
417 3382 694 3439 sinceram
712 3390 983 3448 mentem;
1012 3395 1175 3453 quam
1197 3395 1307 3436 non
1333 3380 1559 3445 habent,
1584 3379 1688 3434 nisi
1791 3384 1927 3438 enim
1943 3383 2300 3451 [ortitudinetn
2324 3388 2459 3458 ejus,
2487 3395 2534 3440 st
2555 3389 2704 3459 pejor
2728 3388 2953 3443 scissura
2989 3388 3048 3458 fit
3072 3387 3290 3461 (Matth.
3320 3406 3403 3455 rx,

69 3475 388 3547 duplicem?
423 3476 834 3541 verecundiam,
865 3491 1030 3547 quam
1073 3475 1371 3547 projiciunt
1394 3489 1424 3531 a
1455 3474 1553 3530 se!
1592 3471 1693 3528 Ne-

71 3569 181 3625 scio
208 3582 402 3626 autem
430 3569 561 3639 quid
586 3570 669 3626 vis
698 3570 920 3627 studere
948 3584 1072 3625 cum
1105 3569 1257 3639 ipsis.

135 3665 305 3738 366
332 3664 577 3723 CAPUT
606 3664 670 3720 il.
701 3694 771 3706 —-
796 3663 908 3721 Sed
936 3663 1064 3735 quid
1121 3662 1299 3719 dicis?
1347 3663 1459 3733 Ego
1506 3670 1691 3723 autem

71 3768 330 3814 converto
357 3772 466 3815 eos
488 3756 555 3812 ad
582 3772 690 3812 me.
720 3756 777 3814 Si
801 3765 981 3814 autem
1004 3756 1071 3811 ad
1114 3755 1430 3811 teconversi
1460 3753 1693 3819 iuerint,

70 3866 177 3906 non
207 3852 305 3907 tibi
341 3850 600 3922 expedit.
632 3849 769 3918 Quid
796 3849 989 3920 qumrit
1030 3848 1191 3918 lupus
1229 3863 1353 3903 eum
1396 3846 1577 3918 agno?
1609 3846 1696 3901 vel

71 3944 194 4009 quid
223 3945 437 4014 quaerit
464 3943 651 4009 canis,
695 3942 801 3998 uisi
832 3944 1065 4014 panem?
1095 3941 1281 4011 Quare
1326 3949 1512 3997 autem
1555 3940 1698 4010 rugit

72 4036 155 4093 leo
187 4035 378 4107 (Esai.
417 4052 580 4103 χχιι,
610 4033 691 4109 4).
740 4036 841 4091 nisi
894 4051 991 4106 pro
1045 4033 1272 4106 praeda?
1316 4033 1480 4090 Tute
1525 4034 1698 4102 ipsam

73 4140 279 4187 castam
314 4130 561 4195 custodi,
611 4130 656 4185 si
712 4139 883 4201 potes.
914 4128 1055 4199 Quid
1098 4128 1178 4185 vis
1220 4128 1443 4191 docere,
1472 4127 1619 4199 quod
1643 4135 1700 4184 tu

70 4224 183 4294 ipsa
216 4239 334 4283 non
392 4224 567 4279 iacis?
615 4224 753 4280 sicut
796 4223 930 4283 dicit
981 4223 1309 4293 Apostolus:
1341 4222 1521 4285 Nolite
1560 4223 1701 4278 omni

70 4318 276 4385 spiritui
327 4317 586 4383 credere;
626 4318 716 4372 sed
744 4316 957 4389 probate
1002 4318 1237 4389 spiritus,
1265 4317 1310 4371 si
1350 4332 1412 4373 rx
1446 4314 1553 4371 Deo
1581 4325 1705 4371 sunt

66 4410 123 4479 (i
148 4409 325 4467 Joan.
365 4426 450 4477 tv,
488 4410 568 4481 1).
605 4409 663 4467 Si
714 4419 895 4467 autem
934 4410 1005 4465 ab
1036 4410 1165 4481 ipsis
1211 4409 1516 4466 doctrinam
1561 4410 1705 4466 acci-

70 4508 211 4574 pias,
240 4505 541 4563 docebunt
570 4513 645 4572 te,
668 4505 811 4576 quod
842 4506 1064 4573 iaciunt,
1100 4507 1185 4561 vel
1207 4505 1349 4576 quod
1378 4515 1700 4576 sequuntur,

1794 3474 1905 3546 16).
1943 3474 2192 3531 Volatilia
2224 3477 2290 3531 ad
2328 3478 2434 3532 sibi
2467 3478 2668 3533 similia
2699 3481 3067 3547 conveniunt;
3097 3490 3154 3536 et
3202 3482 3407 3538 veritas

1793 3571 1859 3623 ad
1888 3584 2006 3635 eos,
2035 3570 2129 3639 qui
2179 3583 2475 3639 operantur
2502 3586 2622 3626 eam
2642 3612 2657 3639 ,
2703 3581 3032 3629 revertetur.
3067 3574 3225 3629 Absit
3266 3586 3320 3628 ut
3350 3584 3404 3630 tu

1797 3660 1927 3716 mibi
1954 3674 2112 3717 soror
2134 3676 2259 3718 esse
2284 3661 2642 3734 dicaris,qum
2667 3678 2789 3719 cum
2821 3664 3020 3719 talibus
3036 3665 3403 3721 conversaris.

1796 3752 1902 3807 Aut
1950 3752 2104 3823 facit:
2134 3753 2369 3808 arborem
2397 3753 2608 3820 bonam,
2637 3766 2685 3813 et
2714 3756 2915 3825 fructus
2944 3760 3057 3829 ejus
3084 3757 3246 3812 bonos
3272 3774 3290 3811 :
3315 3768 3407 3812 aut

1798 3847 1952 3919 facite
1975 3846 2214 3903 arborem
2234 3848 2453 3916 malum,
2476 3859 2523 3905 et
2548 3854 2755 3921 fructus
2781 3852 2894 3922 ejus
2920 3851 3106 3906 malos.
3145 3850 3407 3921 Unaqua-

1797 3956 1896 4010 que
1920 3939 2075 3999 arbor
2104 3956 2173 3996 ea:
2200 3945 2382 4014 fructu
2405 3959 2499 3997 suo
2528 3945 2858 4015 cognoscitur
2885 3943 3131 4016 (Matth,
3165 3958 3261 4010 xu,
3280 3944 3402 4016 55).

1802 4031 2122 4103 Quicumque
2170 4046 2345 4091 autem
2392 4036 2553 4109 367
2602 4037 2771 4107 qualis
2819 4039 3001 4109 fuerit,
3051 4055 3167 4093 cum
3218 4039 3309 4094 tali
3355 4055 3411 4095 se

1792 4127 1969 4199 jungit
1998 4126 2170 4198 (Eccl.
2208 4144 2328 4195 xm,
2367 4131 2483 4199 ‘20).
2523 4130 2786 4187 Columba
2842 4130 3069 4207 dimissa
3115 4132 3185 4187 dc
3244 4147 3410 4187 manu

1803 4220 2060 4286 hominis,
2090 4223 2270 4279 statim
2305 4238 2523 4281 reversa
2572 4233 2659 4281 ost
2689 4224 2758 4278 ad
2784 4240 2907 4281 eum
2938 4224 2990 4279 in
3023 4239 3206 4280 arcam
3240 4239 3256 4279 :
3286 4240 3409 4281 nam

1803 4332 2004 4377 corvus
2050 4318 2309 4381 dimissus
2357 4334 2581 4377 carnem
2631 4330 2854 4383 scentus
2881 4329 2967 4378 est
2995 4319 3155 4392 (Gen.
3182 4334 3296 4385 vm,
3328 4320 3409 4393 7);

1804 4426 1969 4480 quem
1992 4420 2050 4466 tu
2080 4426 2295 4481 quoque
2337 4413 2420 4467 vis
2445 4412 2635 4482 sequi;
2668 4421 2727 4468 ut
2756 4428 2862 4468 non
2911 4415 3218 4471 revertaris
3246 4414 3314 4470 ad
3331 4415 3415 4485 ja-

1807 4518 1970 4559 uuam
1996 4502 2228 4565 Christi.
2259 4503 2360 4561 Est
2390 4504 2487 4561 tibi
2518 4507 2862 4563 conversatio
2898 4521 3023 4563 cuni
3058 4507 3246 4563 bestiis
3275 4510 3392 4576 agri

66 4598 618 4672 concupiscentiam,
670 4599 1107 4666 fornicationem,
1159 4598 1465 4667 libidinem,
1518 4597 1701 4655 avari-
1731 4590 1778 4652 D
1804 4604 1860 4652 et
1882 4610 2011 4651 cum
2038 4596 2355 4653 volatilibus
2378 4597 2502 4655 cmli
2536 4614 2549 4651 :
2577 4598 2718 4659 sicut
2738 4607 2794 4653 et
2820 4613 3041 4665 corvus,
3074 4614 3182 4657 non
3207 4615 3416 4657 memo-

69 4696 227 4765 tiam,
284 4694 572 4761 fraudem,
616 4694 1039 4763 immunditiam,
1081 4694 1496 4765 impudicitiam,
1540 4694 1699 4748 luxu-

69 4792 237 4861 riam,
273 4791 639 4856 ebrietatem,
672 4788 1093 4861 improbitatem,
1126 4789 1536 4860 tus-piloquium,
1566 4788 1703 4844 stuk

70 4887 277 4955 titiam,
313 4885 622 4952 maleﬁcia,
646 4884 958 4953 homicidia,
993 4885 1153 4949 iram,
1181 4885 1376 4948 rixam,
1402 4890 1457 4938 et
1482 4896 1700 4939 omnem

68 4983 381 5040 malitiam.
430 4981 568 5050 Quid
621 4981 788 5048 dicis,
848 4982 1083 5045 misera,
1139 4981 1223 5037 vei
1277 4979 1404 5050 quid
1449 4978 1703 5035 (διευεοὺ

72 5075 375 5133 DeVovisti
436 5073 675 5129 animam
733 5083 915 5141 suam,
970 5082 1029 5129 ut
1078 5072 1147 5128 ab
1198 5072 1336 5147 ipsis
1393 5070 1705 5133 hominibus

69 5169 387 5228 recederes
428 5181 625 5222 tnuue
667 5178 848 5225 autem
894 5165 1025 5237 quid
1072 5165 1315 5234 quaeris?
1358 5164 1545 5234 Rogo,
1601 5179 1707 5219 non

67 5263 480 5328 conlaudatis,
530 5262 747 5332 quando
776 5262 847 5317 de
871 5270 926 5317 te
956 5259 1032 5316 illi
1077 5259 1179 5317 sibi
1232 5258 1443 5315 fabulas
1473 5259 1707 5326 iaciunt,

67 5358 347 5416 dicentes
373 5372 390 5410 :
428 5354 568 5411 Ecce
599 5354 795 5411 devota
846 5354 981 5419 Deo,
1012 5365 1134 5423 quas
1180 5365 1283 5413 nos
1308 5352 1587 5422 sequitur;
1619 5351 1714 5407 de-

68 5452 312 5523 reliquit
344 5448 507 5507 enin
533 5448 672 5504 viam
716 5461 894 5510 suam,
944 5454 1002 5503 et
1046 5462 1141 5516 per
1185 5447 1451 5505 terminos
1481 5446 1595 5514 agri
1629 5444 1712 5500 sui

69 5547 285 5603 erravit
314 5586 331 5612 ,
372 5544 519 5596 viam
552 5541 901 5601 habitationis
923 5554 1038 5600 sua
1066 5556 1173 5603 neti
1229 5540 1457 5603 invenit.
1494 5539 1709 5605 Venite,

151 5716 173 5741 δ
217 5704 449 5761 Eadem
484 5703 635 5757 llom.
672 5702 826 5771 edit.,
859 5712 909 5758 et
940 5701 1293 5771 peccatoribus
1325 5700 1560 5755 mala?...
1598 5697 1709 5753 Ini-

66 5783 211 5837 tium
242 5775 441 5841 omnis
458 5776 775 5854 necessitatis
796 5775 867 5854 ad
889 5775 1046 5854 uitam
1066 5774 1293 5854 hominis
1316 5789 1453 5854 aqua
1477 5782 1523 5826 et
1549 5772 1705 5854 ignis.

72 5857 294 5925 ferrum
316 5857 370 5905 et
408 5844 510 5915 sal,
541 5854 643 5903 etc.
676 5846 861 5904 Omnia
889 5842 996 5904 hate
1022 5846 1121 5919 piis
1150 5845 1301 5917 bona,
1333 5842 1406 5901 sic
1430 5843 1708 5919 peccatori-

1807 4687 1947 4744 raris
1971 4688 2294 4757 Dominum,
2348 4689 2440 4761 qui
2494 4698 2551 4745 te
2598 4690 2669 4746 de
2720 4689 2925 4747 diluvio
2978 4692 3227 4747 liberavit
3260 4710 3272 4745 :
3305 4708 3417 4749 non

1808 4782 2006 4853 qumvis
2029 4782 2207 4840 cubile
2241 4772 2387 4839 tuum
2411 4782 2727 4841 umbrosum
2744 4794 2799 4851 et
2820 4784 3049 4849 bonum,
3066 4787 3154 4841 ubi
3173 4785 3414 4857 requiem

1810 4873 2173 4945 temporalem
2222 4874 2476 4930 habuisti.
2520 4874 2639 4935 Non
2666 4875 2762 4931 tibi
2792 4884 2923 4937 ante
2950 4877 3138 4933 oculos
3167 4888 3251 4932 εει
3281 4888 3419 4933 tem-

1810 4976 2018 5039 pestas,
2068 4976 2232 5039 atque
2260 4968 2425 5023 oblita
2476 4983 2538 5025 es
2563 4968 2885 5027 charitatem
2923 4969 3148 5037 Christi,
3181 4978 3237 5023 ct
3263 4978 3418 5027 tenes

1811 5062 2134 5118 charitatem
2167 5060 2450 5119 hominum
2505 5062 2663 5133 hujus
2709 5062 2924 5131 saeculi,
2957 5063 3051 5133 qui
3079 5078 3185 5117 non
3217 5062 3419 5118 habent

1811 5154 2131 5211 charitatem
2185 5156 2237 5210 in
2268 5170 2347 5221 se,
2382 5156 2484 5211 nisi
2513 5155 2884 5215 diabolicms:
2923 5156 2995 5209 illi
3042 5164 3223 5215 autem
3254 5154 3417 5213 aliam

1812 5267 2035 5308 carnem
2063 5260 2385 5323 sequuntur,
2419 5260 2478 5308 et
2509 5267 2617 5308 nou
2641 5250 2898 5309 desinunt
2923 5248 3281 5318 quoadusqms
3306 5265 3423 5307 ruo-

1813 5348 2047 5409 riantur.
2097 5346 2336 5414 Recede,
2396 5346 2619 5410 misera,
2674 5346 2746 5403 de
2790 5344 2900 5401 illis
2955 5344 3301 5409 hominibus;
3352 5362 3422 5402 ne

1814 5456 2006 5499 carnes
2038 5451 2157 5497 tuas
2206 5441 2413 5497 electas
2441 5439 2757 5505 comedunt,
2791 5438 2930 5493 ullos
2975 5446 3098 5494 tuos
3141 5449 3417 5508 evertant,

1812 5545 1868 5592 et
1891 5534 2219 5607 relinquaris
2249 5532 2413 5602 nuda,
2445 5542 2502 5590 et
2529 5532 2784 5602 spoliata,
2818 5530 2962 5585 sicut
3004 5531 3059 5587 in
3099 5546 3420 5588 cucumera-

1817 5693 1911 5749 bus
1928 5692 2297 5749 convertentur
2319 5695 2371 5748 in
2395 5693 2549 5767 mala.
2570 5692 2683 5747 Vita
2698 5690 2917 5747 hominis
2947 5695 3099 5753 etiam
3121 5696 3421 5767 spiritaliter

1818 5778 2082 5839 urguetur;
2106 5768 2228 5837 quia
2255 5765 2526 5837 spiritalis,
2552 5774 2662 5824 etc.
