3970 6316
613 252 722 309 585
1464 242 1560 304 ΑΙ)
1599 243 1838 304 OPERA

1913 243 2160 305 SANCTI
2203 242 2533 306 AMBROSII
2573 242 2945 305 APPENDIX.
3724 259 3793 318 ssi

608 366 709 421 rio.
753 362 907 420 Modo
956 370 1134 420 autem
1165 360 1292 434 quid
1349 360 1538 433 facies,
1573 365 1699 436 quia
1736 365 1880 421 nuda
1910 380 1971 421 es
2001 375 2057 422 et
2084 380 2211 436 spo-
2237 367 2291 430 Α
2316 367 2405 437 qui
2439 368 2644 437 lingunt
2669 381 2730 423 se
2749 380 2895 433 esse,
2918 364 3065 437 quod
3097 380 3205 423 non
3235 372 3381 433 sunt,
3411 367 3504 424 sed
3529 372 3794 432 mentiuntur:

606 460 768 514 liata?
810 460 911 515 Ibis
941 459 1005 514 ad
1034 458 1240 514 vicinos
1262 466 1409 521 tuos.
1442 473 1580 529 quos
1621 470 1747 515 ante
1775 459 1993 527 oderas,
2024 470 2213 530 petens

602 553 670 609 ab
692 552 825 624 ipsis
850 553 1248 623 operimentum
1297 549 1523 620 pudoris
1554 570 1569 607 :
1602 552 1679 607 illi
1728 562 1907 607 autem
1956 551 2088 607 dare
2116 566 2215 608 no-

603 647 743 715 lunt,
773 646 1018 703 dicentes
1043 662 1059 700 :
1091 644 1191 701 Ubi
1216 656 1289 701 est
1308 647 1663 703 vestimentum
1686 656 1834 701 tuum
1854 645 2208 718 splendidum,

598 741 737 812 quod
762 751 880 797 ante
907 749 1116 812 portare
1140 739 1377 796 solebas?
1397 740 1537 808 Quid
1565 740 1724 807 dicis,
1747 750 1805 797 et
1825 741 1954 812 quid
1978 755 2210 811 respon-

598 837 695 894 des
722 838 769 893 ei
794 879 808 905 ,
841 851 1003 909 quam
1033 836 1206 909 frigus
1235 836 1535 907 obligavit?
1562 837 1925 893 Gratulantur
1948 846 2129 892 autem
2156 839 2207 891 in

598 930 756 986 malis
785 930 915 995 tuis.
939 945 1062 1002 qua:
1088 930 1187 985 tibi
1208 939 1504 986 venerunt.
1531 929 1686 987 Tunc
1709 940 1761 987 te
1776 931 2002 1002 planges
2025 930 2211 985 dicen-

598 1022 671 1078 do
699 1040 712 1076 :
745 1021 859 1079 Heu
888 1021 1023 1078 mihi
1053 1022 1291 1089 misera),
1317 1020 1408 1078 cui
1435 1023 1562 1078 talia
1590 1024 1885 1079 venerunt!
1914 1023 2053 1090 Quid
2075 1022 2207 1078 mihi

597 1114 802 1186 profuit
831 1114 925 1170 illa
966 1115 1279 1185 captivitas,
1319 1130 1441 1186 qum
1478 1131 1564 1171 me
1606 1116 1906 1187 captivavit
1944 1116 2205 1171 miseram

596 1220 655 1267 et
676 1210 997 1268 infelicem?
1026 1209 1144 1278 Quo
1164 1210 1250 1265 ibo
1277 1227 1309 1265 ιι
1335 1210 1543 1281 Spiritu
1567 1218 1677 1277 tuo,
1707 1220 1755 1265 et
1781 1228 1812 1265 a
1838 1210 1970 1282 facie
1993 1219 2083 1265 tua
2107 1226 2209 1282 quo

599 1305 847 1377 fugiant?
897 1305 959 1362 Si
1001 1303 1285 1359 ascendero
1326 1304 1381 1358 in
1407 1304 1616 1372 ca'lum,
1666 1314 1720 1357 tu
1766 1302 1875 1359 illic
1918 1320 1971 1360 es
1998 1320 2017 1356 :
2044 1304 2090 1358 si
2117 1303 2209 1357 de-

596 1398 844 1453 scendero
876 1397 942 1451 ad
961 1397 1247 1469 infernum,
1276 1395 1421 1451 ades.
1455 1395 1517 1450 Si
1543 1412 1815 1466 sumpsero
1846 1412 2044 1466 pennas
2066 1411 2208 1449 meas

596 1502 719 1547 ante
743 1492 934 1560 lucem,
951 1500 999 1546 et
1024 1491 1319 1546 habitavere
1340 1491 1393 1545 in
1421 1500 1646 1546 extremo
1669 1491 1851 1557 maris;
1876 1490 2063 1546 etenim
2084 1491 2208 1545 illuc

596 1605 783 1644 manus
835 1596 927 1642 tua
978 1586 1193 1641 deducet
1237 1599 1339 1651 me,
1367 1584 1436 1640 'et
1494 1585 1681 1641 tenebit
1725 1600 1805 1639 me
1858 1583 2070 1639 dextera
2116 1594 2208 1638 tua

596 1682 775 1754 (Psal.
799 1695 1058 1745 cxxxvm,
1087 1680 1119 1734 7
1138 1688 1182 1734 et
1208 1676 1365 1749 seq.).
1390 1676 1545 1733 Tunc
1575 1677 1726 1734 dices
1753 1694 1767 1729 :
1794 1676 1999 1732 Vadam
2044 1686 2090 1731 et
2116 1692 2203 1731 re-

2316 470 2371 516 ct
2400 461 2582 517 nescis
2604 461 2865 531 quoniam
2888 459 2959 518 de
2978 460 3160 517 anima
3184 472 3273 517 tua
3295 462 3495 533 agitur;
3523 480 3583 521 ne
3602 466 3750 524 ducant
3768 480 3798 527 te

2313 555 2604 625 captivam,
2656 556 2797 610 sicut
2840 555 3032 612 bovem
3064 556 3154 627 qui
3183 556 3251 612 ad
3292 556 3600 614 occisionem
3617 560 3799 619 ducitur:

2312 656 2407 703 aut
2436 648 2583 704 velut
2611 663 2828 715 canem,
2854 656 2918 703 ut
2945 647 3221 721 alligetur.
3252 647 3329 705 Ne
3356 648 3570 705 festines
3606 651 3711 708 sicut
3731 657 3802 711 aris

2313 741 2369 796 in
2397 743 2668 812 laqueum.
2694 742 2833 798 Audi
2863 758 2952 799 me
2973 785 2987 809 ,
3034 758 3259 800 remove
3284 743 3471 815 pedem
3493 755 3625 800 tuum
3649 747 3700 803 de
3720 749 3802 814 illis,

2312 833 2443 890 sede
2468 835 2653 891 sedula
2688 835 2743 891 in
2775 835 2939 892 domo
2962 844 3074 901 tua,
3106 851 3341 908 operare
3360 837 3597 894 manibus
3615 840 3699 893 tuis
3713 846 3803 913 quod

2310 926 2515 982 bonum
2545 936 2661 994 est;
2692 938 2751 983 ut
2777 928 2985 985 habeas
3007 928 3155 986 unde
3183 930 3578 987 communicare
3596 932 3731 1002 possis
3750 951 3807 991 ne-

2309 1023 2621 1079 cessitatem
2644 1024 3064 1080 sustinentibus.
3087 1024 3193 1080 Ora
3217 1026 3335 1080 sine
3364 1026 3731 1095 intermissione,
3748 1045 3807 1085 nec

2310 1114 2487 1171 facilis
2516 1114 2755 1173 videaris
2804 1117 2856 1171 in
2906 1118 3125 1187 plateis.
3166 1116 3328 1174 Certa
3370 1117 3562 1174 bonum
3599 1129 3808 1187 certamen,

2309 1223 2473 1264 curre
2508 1209 2770 1277 velocius;
2820 1219 2880 1265 ut
2928 1210 3361 1283 comprehendas
3384 1254 3401 1280 ,
3442 1214 3492 1268 in
3522 1228 3615 1283 quo
3639 1229 3807 1285 compre-

2311 1302 2479 1360 hensa
2511 1318 2571 1359 es
2599 1318 2631 1359 a
2661 1302 2879 1360 Christo
2908 1303 3133 1375 (Philip.
3164 1322 3247 1373 ιιι,
3297 1306 3411 1373 12).
3436 1306 3653 1363 Audiant
3692 1319 3728 1365 te
3754 1312 3812 1366 lio-

2310 1396 2505 1464 mines,
2539 1406 2596 1453 et
2621 1399 2881 1454 laetentur
2910 1397 2978 1453 de
3004 1398 3151 1453 bono
3175 1399 3397 1465 animo;
3422 1406 3479 1455 et
3503 1399 3566 1455 de
3589 1410 3731 1456 mente
3749 1418 3811 1471 qm

2308 1490 2467 1545 vivis.
2500 1488 2577 1543 Da
2595 1490 2994 1562 eleemosynam,
3021 1500 3066 1545 et
3089 1507 3205 1546 ecce
3230 1493 3406 1546 omnia
3430 1491 3614 1545 munda
3636 1504 3745 1548 erant
3761 1495 3813 1547 tibi

2310 1581 2469 1653 (Luc.
2498 1598 2577 1649 xt,
2609 1582 2729 1656 41).
2763 1583 2880 1639 Non
2938 1592 2991 1640 te
3040 1584 3216 1656 pigeat
3273 1586 3503 1641 visitare
3539 1585 3814 1649 infirmam!

2310 1678 2398 1735 his
2423 1679 2566 1735 enim
2594 1680 2649 1735 in
2679 1680 2975 1737 dilectione
2999 1680 3331 1738 ﬁrmaberis.
3366 1681 3494 1737 Non
3517 1682 3691 1756 jurabis
3712 1684 3816 1737 nitri

595 1785 767 1832 vertar
811 1774 879 1831 ad
912 1775 1078 1828 virum
1121 1790 1290 1829 meum
1332 1772 1677 1843 primarium;
1708 1775 1834 1844 quia
1858 1772 2040 1827 melius
2078 1770 2205 1825 mihi
2235 1775 2284 1836 B
2310 1791 2398 1843 no,
2425 1784 2450 1813 ⁸
2483 1791 2659 1847 neque
2691 1791 2788 1847 per
2813 1792 3026 1843 verum,
3059 1792 3236 1849 neque
3277 1793 3374 1849 per
3413 1777 3715 1834 mendacium
3735 1795 3745 1831 :
3765 1780 3815 1832 ut

599 1880 715 1925 erat
742 1878 864 1925 tunc
888 1868 1076 1941 magis,
1117 1884 1272 1939 quam
1318 1868 1472 1922 modo
1501 1866 1659 1937 (Osee
1688 1882 1746 1933 ιι,
1782 1868 1812 1921 7
1837 1876 1889 1922 et
1912 1866 2044 1937 seq.)
2075 1883 2088 1920 :
2116 1865 2211 1936 qui

606 1960 738 2017 mibi
766 1961 931 2017 dabat
952 1962 1275 2018 vestimenta
1308 1974 1451 2025 mea,
1476 1968 1532 2015 et
1552 1959 1731 2016 oleum
1773 1974 1955 2015 meum
1990 1960 2043 2014 in
2077 1968 2213 2014 tem-

600 2069 736 2127 porc
757 2068 876 2110 suo.
908 2052 1067 2109 Modo
1089 2063 1269 2110 autem
1300 2054 1430 2124 quid
1450 2052 1807 2117 facio‘lTunc
1832 2054 2127 2110 reverteris
2158 2053 2211 2110 in

601 2149 825 2205 domum
858 2158 1003 2205 tuam
1038 2163 1160 2205 cum
1203 2148 1358 2214 fletu,
1385 2147 1530 2205 unde
1562 2148 1777 2205 exieras
1815 2148 2079 2220 gaudens.
2115 2148 2213 2205 Se-

606 2242 764 2301 debis
790 2244 842 2298 in
867 2243 1069 2315 angulo
1086 2243 1281 2301 domus
1306 2252 1412 2299 tua:
1440 2244 1631 2315 lugens
1657 2253 1712 2300 et
1731 2244 2074 2311 contristata,
2095 2244 2215 2315 plo—

599 2353 729 2393 rans
766 2336 858 2393 die
887 2352 953 2393 ac
982 2345 1166 2405 nocte,
1191 2352 1446 2410 quaerens
1473 2339 1565 2409 qui
1597 2338 1760 2394 simul
1792 2350 1971 2394 tecum
2004 2340 2213 2396 contri—

600 2441 798 2500 stetur,
813 2443 1000 2490 etnon
1022 2433 1130 2491 erit
1154 2450 1167 2488 :
1189 2444 1244 2490 et
1266 2434 1620 2491 consolantes
1638 2442 1711 2500 te,
1736 2443 1790 2490 et
1806 2450 1913 2490 non
1942 2434 2207 2491 invenies.

603 2529 671 2585 Et
694 2528 906 2584 dabunt
954 2527 1052 2583 tibi
1094 2528 1525 2602 elcemosynam,
1557 2542 1697 2600 quos
1735 2537 1864 2585 ante
1902 2528 2130 2587 oderas:
2158 2537 2213 2585 et

602 2619 903 2677 movebunt
930 2620 1110 2691 capita
1141 2635 1240 2676 sua
1284 2634 1449 2691 super
1483 2629 1557 2687 te,
1590 2621 1837 2677 dicentes
1869 2639 1884 2678 :
1913 2623 2055 2679 Ecce
2092 2636 2213 2693 quae

603 2724 723 2772 erat
746 2714 940 2771 devota
964 2714 1290 2779 Deo,modo
1311 2714 1453 2771 facta
1486 2724 1645 2771 estut
1671 2726 1915 2772 stercora
1948 2716 1999 2771 in
2024 2717 2133 2783 via,
2159 2726 2213 2772 et

601 2810 745 2866 sicut
771 2810 988 2878 civitas,
1012 2824 1135 2880 qua:
1158 2820 1521 2881 expugnatur.
1546 2809 1649 2866 Ubi
1674 2816 1759 2865 est
1784 2810 2007 2866 castitas
2025 2809 2210 2865 illius?

601 2902 709 2960 Ubi
738 2909 865 2957 sunt
893 2902 1075 2959 omnia
1108 2902 1223 2970 illa,
1254 2919 1377 2975 qute
1406 2919 1525 2959 eam
1559 2904 1971 2976 sequebantur?
2000 2904 2212 2961 Dereli-

601 3005 842 3068 querunt
862 2997 1007 3053 enim
1030 2997 1198 3063 illam;
1215 2997 1341 3069 quia
1356 2998 1576 3055 castitas
1588 3008 1705 3057 erat
1718 3000 1824 3055 dux
1842 3015 2060 3057 eorum:
2081 3015 2209 3071 pcr-

604 3088 744 3145 didit
764 3089 1094 3157 castitatem,
1125 3098 1181 3146 et
1206 3090 1462 3160 fugerunt
1492 3092 1672 3148 omnia
1694 3093 1810 3148 illa.
1844 3092 2003 3149 Modo
2024 3102 2207 3148 autem

2317 1868 2382 1921 sit
2408 1884 2576 1923 sermo
2602 1877 2721 1923 tuus
2751 1886 2769 1923 :
2800 1867 2919 1937 Est,
2943 1880 3017 1925 est
3040 1887 3059 1937 ;
3091 1868 3236 1938 Non,
3266 1887 3368 1925 non
3396 1886 3417 1927 :
3452 1871 3581 1942 quod
3601 1881 3735 1925 autem
3752 1888 3819 1924 aa-

2317 1960 2456 2030 plius
2485 1972 2580 2029 est,
2604 1978 2636 2016 a
2664 1963 2800 2017 malo
2828 1972 2903 2017 est
2952 1961 3170 2035 (Matth.
3205 1979 3261 2031 v,
3293 1964 3360 2019 54
3387 1975 3443 2019 et
3468 1964 3609 2035 seq.)
3637 1963 3815 2025 Irascere,

2314 2059 2373 2107 et
2428 2051 2539 2107 noli
2591 2068 2855 2124 peccare,
2910 2054 2977 2111 ad
3029 2055 3371 2111 excusandas
3429 2056 3757 2112 excusationes
3788 2058 3819 2107 in

2318 2147 2556 2216 peccatis
2610 2163 2733 2204 cum
2788 2148 3101 2205 hominibus
3162 2149 3522 2221 operantibus
3574 2149 3818 2218 iniquitatem

2314 2240 2488 2315 (Psal.
2531 2258 2654 2309 CXL,
2690 2243 2771 2317 4).
2826 2243 3060 2300 Humilia
3103 2253 3193 2313 te,
3238 2244 3386 2311 filia,
3433 2254 3557 2301 ante
3584 2244 3819 2301 Dominum:

2314 2339 2570 2407 quoniam
2600 2337 2738 2393 Deus
2790 2338 3023 2409 superbis
3064 2338 3278 2405 resistit,
3310 2338 3591 2393 humilibus
3624 2340 3822 2391 ostendit

2314 2433 2535 2503 gratiam
2560 2431 2580 2505 (
2604 2431 2620 2486 Ι
2652 2431 2771 2488 Pet.
2801 2448 2855 2498 v,
2886 2432 2964 2505 5).
2994 2433 3211 2490 Accede
3240 2433 3307 2488 ad
3351 2433 3662 2499 Dominum,
3687 2444 3730 2488 ut
3750 2432 3823 2486 illu-

2316 2524 2487 2581 minet
2536 2534 2628 2593 te,
2676 2534 2733 2581 et
2782 2539 2893 2582 non
2947 2526 3243 2583 erubesces
3297 2528 3351 2582 in
3413 2538 3688 2598 conspectu
3735 2526 3824 2580 illius

2316 2619 2489 2691 (Psal.
2538 2637 2731 2690 χχχιιι,
2779 2620 2857 2694 6).
2915 2620 3135 2678 Recede
3178 2621 3248 2679 de
3293 2622 3573 2694 voluptate
3597 2621 3827 2686 suetum

2315 2715 2476 2773 indue
2504 2727 2557 2773 te
2580 2718 2885 2773 constantia
2934 2717 3173 2774 virtutis.
3208 2716 3438 2789 Depone
3464 2718 3748 2773 vestimenta
3766 2713 3827 2766 lia-

2309 2811 2400 2883 jns
2426 2812 2634 2879 saeculi,
2667 2821 2719 2867 et
2748 2812 2912 2868 indue
2941 2821 2993 2868 te
3024 2812 3203 2868 tunica
3236 2811 3628 2884 perpetuitatis.
3656 2806 3827 2865 Derelin-

2314 2920 2421 2976 que
2450 2905 2603 2962 cibos
2646 2905 2802 2960 istius
2829 2904 3012 2961 surculi
3032 2946 3049 2973 ,
3078 2914 3133 2961 et
3163 2904 3347 2975 accipe
3373 2903 3405 2943 δ
3431 2904 3527 2959 tibi
3552 2911 3711 2958 sancta
3732 2913 3829 2956 sanc-

2315 3008 2515 3056 torum.
2571 3000 2869 3055 Memorare
2922 2996 3171 3064 Sidrach,
3231 2998 3462 3064 Misacb,
3511 2996 3825 3067 Abdenago,cl

2316 3094 2503 3150 Daniel
2552 3107 2836 3150 recusasse
2875 3108 3070 3150 carnes
3100 3103 3155 3149 et
3182 3092 3370 3147 vinum
3400 3091 3690 3163 gentilium,
3724 3096 3829 3143 etat-

604 3181 734 3253 quid
757 3181 946 3250 facies,
976 3184 1339 3242 misera?Ubi
1357 3194 1489 3241 sunt
1515 3186 1767 3258 illi,quos
1791 3187 2211 3257 insequebaris?
2237 3181 2281 3244 C
2315 3188 2529 3259 cepisse
2588 3188 2691 3245 sibi
2721 3188 2872 3245 olera
2926 3198 2981 3244 et
3032 3187 3310 3260 legumina
3340 3185 3510 3258 (Dan.
3542 3202 3579 3253 ι,
3604 3183 3635 3240 8
3658 3192 3697 3239 et
3730 3178 3828 3248 ut).

603 3274 901 3332 Redimant
926 3286 978 3333 te
1004 3278 1048 3333 si
1079 3289 1334 3348 possunt.
1359 3279 1530 3348 Quam
1569 3290 1725 3352 potes
1744 3281 1876 3338 dare
1905 3292 2210 3337 commuta-

602 3371 927 3443 tionem'pro
950 3373 1128 3430 anima
1154 3384 1268 3443 tua,
1290 3390 1453 3447 quam
1485 3375 1750 3433 fraudat'ti
1767 3392 1864 3449 per
1888 3377 2207 3434 inobedien-

603 3465 733 3519 tiam
765 3474 945 3533 tuam;
970 3477 1031 3523 ut
1058 3484 1167 3523 non
1200 3467 1425 3525 audires
1449 3468 1648 3527 fratres
1681 3481 1823 3537 tuos,
1846 3471 1933 3527 vel
1965 3486 2205 3539 sorores,

596 3576 720 3631 quae
750 3562 846 3617 tibi
873 3561 1357 3631 demonstrabant,
1392 3579 1462 3620 ne
1494 3573 1547 3620 te
1584 3565 1846 3638 iungeres
1877 3580 2001 3621 cum
2028 3564 2206 3620 homi-

597 3653 757 3711 nibus
788 3656 1181 3714 saecularibus?
1203 3656 1357 3714 Nunc
1388 3668 1568 3716 autem
1616 3660 1746 3731 quid
1778 3659 2045 3716 faciemus
2077 3660 2206 3727 tibi,

592 3748 677 3805 vel
704 3748 833 3821 quid
859 3749 1128 3820 dicemus,
1176 3767 1314 3823 quos
1343 3753 1537 3809 audire
1585 3752 1843 3821 noluisti;
1894 3754 1997 3810 nisi
2020 3764 2079 3810 ut
2107 3768 2209 3810 nos

589 3844 742 3915 ipsos
766 3846 1085 3917 plangamus
1114 3861 1282 3919 super
1310 3855 1386 3915 te,
1414 3846 1658 3903 dicentes
1686 3866 1699 3903 :
1732 3848 1925 3913 Parce,
1954 3847 2203 3914 Domine,

594 3938 794 4007 parce?
811 3937 913 4007 Qui
939 3938 1082 3997 forte
1103 3938 1292 3996 ﬂetum
1319 3950 1567 3996 nostrum
1593 3949 1648 3997 et
1668 3942 1926 4012 gemitum
1946 3941 2206 3998 exaudire

596 4028 873 4101 dignetur,
908 4040 967 4087 ut
990 4032 1085 4087 det
1110 4032 1208 4089 tibi
1236 4035 1481 4089 animum
1520 4033 1879 4091 convertendi
1922 4035 1989 4092 ad
2023 4037 2202 4107 ipsum

593 4122 775 4179 denuo
796 4138 811 4190 ;
834 4131 894 4179 ut
914 4139 1253 4183 rememores
1282 4137 1506 4199 peccata
1532 4137 1643 4196 tua,
1673 4127 1911 4185 dicendo
1937 4147 1950 4183 :
1986 4129 2205 4195 Quantis

590 4218 809 4290 panibus
825 4222 1130 4275 mercenarii
1148 4223 1312 4292 patris
1330 4224 1427 4278 mei
1450 4222 1743 4292 abundant,
1764 4240 1859 4294 ego
1877 4233 2045 4279 autem
2065 4225 2207 4296 fame

594 4315 790 4384 pereo?
819 4314 1044 4387 Surgam
1069 4316 1269 4386 itaque,
1316 4326 1365 4371 et
1405 4317 1591 4373 vadum
1613 4318 1683 4373 ad
1706 4328 1909 4384 patrem
1930 4336 2120 4386 meum,
2154 4330 2205 4375 et

590 4405 760 4462 dicam
787 4408 907 4463 illi:
934 4407 1116 4478 Pater,
1148 4411 1351 4477 peccavi
1378 4410 1432 4464 in
1464 4410 1649 4465 caelum
1669 4453 1683 4479 ,
1714 4422 1762 4467 et
1790 4428 1963 4466 coram
1994 4422 2064 4479 te;
2085 4415 2203 4485 jam

590 4516 695 4554 non
718 4517 829 4555 sum
856 4502 1015 4575 digna
1045 4504 1220 4559 vacari
1251 4504 1362 4573 filia
1389 4513 1500 4572 tua,
1532 4505 1736 4573 suscipe
1762 4522 1844 4560 me
1869 4506 2004 4561 sicut
2043 4521 2200 4560 unam

2314 3283 2589 3339 Memento
2636 3282 2999 3339 Machabtcam
3030 3292 3254 3353 propter
3288 3296 3491 3338 carnes
3517 3279 3737 3353 porcinas
3757 3289 3832 3343 pas-

2312 3392 2427 3432 sam
2458 3376 2645 3444 fuisse,
2670 3386 2724 3433 et
2769 3376 2914 3432 filios
2946 3376 3118 3447 ipsius
3152 3386 3366 3431 assatos
3396 3375 3487 3432 vel
3516 3375 3671 3429 frixos
3700 3372 3739 3425 in
3754 3366 3830 3421 oleo

2317 3467 2385 3540 (ll
2434 3467 2612 3524 Mach.
2644 3471 2785 3535 vrt,l
2824 3479 2873 3525 et
2902 3467 3057 3541 seq.).
3110 3468 3370 3535 Ambula,
3427 3468 3569 3534 ﬁlia,
3620 3467 3667 3521 in
3710 3460 3829 3516 habitu

2311 3572 2523 3630 sancto,
2551 3577 2673 3618 cum
2700 3562 3029 3618 verecundia
3053 3570 3157 3627 ,‘et
3198 3560 3520 3625 sobrietate,
3549 3568 3600 3615 ct
3624 3554 3827 3629 gravitate.

2312 3657 2531 3729 Depone
2552 3656 2889 3713 mendacium
2906 3700 2922 3725 ,
2956 3656 3179 3727 loquere
3200 3655 3493 3711 veritatem
3520 3668 3636 3709 cum
3658 3648 3829 3721 proximo

2310 3759 2424 3808 tuo.
2446 3749 2573 3816 Ora,
2596 3750 2727 3816 lilia,
2758 3749 2880 3806 sine
2901 3749 3313 3805 intermissione
3338 3765 3354 3814 ;
3373 3748 3563 3818 jejuna
3584 3746 3829 3815 frequenter,

2308 3852 2363 3900 ct
2390 3844 2457 3899 da
2480 3844 2927 3917 elcemosynam;
2972 3842 3229 3915 quoniam
3273 3843 3621 3915 elecmosyna
3669 3856 3695 3893 a
3718 3845 3831 3892 mon:

2307 3939 2523 4006 liberat,
2551 3948 2607 3993 et
2647 3953 2755 3994 non
2784 3937 2985 4009 patitur
3012 3937 3093 3993 ire
3138 3936 3193 3992 in
3221 3935 3479 3993 tenebras
3508 3933 3648 4007 (Tob.
3678 3947 3734 3997 iv,
3766 3927 3827 3990 ll."

2306 4031 2496 4088 Munus
2522 4032 2725 4089 bonum
2753 4042 2837 4088 est
2880 4031 3252 4104 elecmosyna,
3303 4046 3426 4102 qua:
3477 4040 3662 4102 purgat
3685 4038 3830 4081 omnem

2307 4127 2521 4184 sordem
2549 4136 2604 4183 et
2632 4127 2958 4199 squalorem.
2989 4125 3154 4181 Beata
3186 4125 3318 4193 eris,
3350 4125 3398 4181 si
3426 4126 3549 4182 bmc
3576 4120 3732 4179 omnia
3755 4131 3828 4173 cum

2306 4222 2524 4295 legeris,
2558 4221 2745 4277 facias.
2774 4220 2967 4277 Zelare
2992 4220 3137 4291 quod
3168 4220 3371 4276 bonum
3403 4227 3516 4284 est,
3543 4229 3598 4275 ut
3620 4214 3739 4290 quod
3760 4228 3829 4266 ωλι

2306 4316 2416 4372 lum
2443 4322 2527 4372 est
2555 4313 2916 4371 obliviscaris.
2964 4312 3258 4369 Benedicat
3310 4323 3362 4369 te
3392 4311 3579 4377 Pater,
3625 4319 3673 4366 et
3698 4304 3827 4362 Filius.

2304 4418 2357 4465 et
2388 4408 2623 4479 Spiritus
2646 4415 2887 4474 sanctus,
2915 4405 3301 4463 benedictione
3328 4420 3435 4477 qua
3469 4413 3651 4477 patres
3676 4407 3829 4458 nostras

2305 4502 2628 4559 benedicere
2656 4501 2908 4572 dignatus
2935 4509 3049 4566 est,
3091 4497 3389 4565 Abraham,
3421 4497 3597 4564 Isaac,
3624 4504 3671 4550 et
3698 4488 3827 4548 Iaculi.

588 4610 655 4650 ex
677 4595 882 4651 ancillis
903 4598 1027 4661 tuis,
1053 4606 1109 4651 ut
1137 4598 1300 4653 vivam
1328 4597 1479 4669 (Luc.
1506 4614 1597 4666 xv,
1631 4600 1696 4653 l7
1725 4609 1771 4654 et
1801 4598 1958 4671 seq.).
1982 4597 2120 4667 Quid
2145 4597 2191 4653 si
2217 4581 2270 4642 Ῑ)
2297 4596 2402 4653 Ora
2432 4611 2532 4669 pro
2560 4610 2669 4662 me,
2702 4595 2808 4650 ﬁlia
2834 4610 2848 4661 ;
2881 4595 3002 4664 quia
3049 4600 3105 4649 et
3130 4607 3232 4665 ego
3256 4590 3525 4648 sollicitus
3556 4603 3666 4645 sum
3705 4584 3757 4639 de
3787 4590 3831 4633 lc.

588 4688 731 4747 forte
754 4706 851 4761 pro
876 4699 928 4746 te
953 4691 1219 4748 occiderit
1242 4693 1469 4748 vitulum
1488 4692 1655 4765 368
1677 4693 1829 4758 illum
1854 4692 2196 4762 saginatum?
2294 4690 2434 4746 sicut
2465 4691 2728 4761 scriptum
2754 4696 2840 4744 est
2871 4705 2885 4744 :
2922 4686 3081 4742 Orate
3102 4702 3196 4757 pro
3226 4686 3445 4740 invicem
3472 4682 3656 4754 (Iacob
3688 4694 3729 4743 v,
3754 4673 3823 4739 l6)-

589 4782 789 4842 Zelans
815 4784 961 4842 enim
989 4793 1045 4841 te
1067 4785 1251 4853 zelor;
1280 4788 1587 4858 desponsavi
1619 4787 1753 4841 enim
1778 4796 1825 4842 te
1855 4786 1946 4841 uni
1966 4787 2073 4841 viro
2094 4787 2197 4841 vir-

587 4880 758 4953 ginem
798 4890 995 4935 castam
1043 4880 1282 4936 exhibere
1320 4879 1548 4937 Christo.
1581 4880 1762 4936 Timeo
1796 4882 1931 4937 enim
1972 4898 2035 4936 ne
2064 4881 2194 4937 sicut

584 4989 794 5046 serpens
829 4972 990 5026 Evam
1020 4972 1225 5027 seduxit
1252 4973 1444 5027 astutia
1475 4991 1591 5041 sua,
1621 4974 1697 5029 sic
1742 4975 1818 5029 tui
1871 4991 2049 5031 sensus
2079 4990 2194 5028 cor-

582 5075 919 5140 rumpantur,
947 5074 1000 5123 et
1018 5065 1260 5123 excidant
1290 5082 1322 5120 a
1350 5066 1625 5135 charitate,
1655 5082 1770 5137 qua:
1798 5076 1871 5121 est
1901 5068 1955 5120 in
1986 5065 2190 5122 Christo

581 5159 713 5217 Iesu
741 5161 788 5234 (l
824 5160 944 5216 Cor.
976 5176 1054 5227 xr,
1079 5159 1116 5214 2
1140 5168 1189 5214 et
1218 5160 1374 5232 seq.).

655 5252 883 5311 CAPUT
909 5251 1215 5310 lll.——-Vide
1228 5267 1358 5323 ergo
1382 5260 1440 5309 et
1468 5268 1601 5309 cave
1624 5251 1692 5308 de
1709 5250 1827 5307 istis
1858 5251 2189 5319 hominibus,

584 5352 648 5399 ut
666 5344 803 5401 mihi
829 5361 989 5403 soror
1010 5353 1068 5401 et
1093 5344 1316 5401 domina
1363 5344 1685 5402 nomineris.
1714 5343 1865 5399 Intra
1899 5346 1953 5398 in
1981 5345 2191 5399 cubicu-

586 5437 697 5491 lum
717 5478 732 5505 ,
766 5438 944 5494 clauso
972 5439 1103 5494 ostio
1135 5455 1228 5493 ora
1256 5436 1468 5493 Patrem
1498 5447 1641 5492 tuum
1666 5435 1880 5509 (Matth.
1914 5452 1987 5506 vr,
2019 5437 2099 5510 6);
2134 5446 2191 5493 ut

586 5526 681 5584 det
709 5528 804 5585 tibi
836 5538 1073 5586 mentem
1131 5530 1329 5587 bonam
1358 5572 1373 5596 ,
1427 5538 1484 5587 et
1534 5529 1907 5595 intellectum,
1940 5537 1999 5586 ut
2045 5530 2187 5586 scias

583 5634 723 5693 quos
742 5621 947 5680 debeas
988 5623 1167 5694 sequi,
1195 5632 1251 5681 et
1280 5638 1420 5695 quos
1442 5624 1651 5691 vitare;
1684 5622 1808 5695 quia
1846 5624 2003 5680 multi
2035 5632 2182 5691 sunt,

639 5779 681 5898 ἓ
709 5763 1064 5896 ῐξοιιιίοθιιίιη
1096 5780 1256 5837 neque
1285 5782 1375 5839 per
1414 5765 1618 5835 caelum,
1648 5781 1810 5838 neque
1835 5783 1925 5839 per
1952 5775 2142 5824 terram
2167 5782 2188 5824 :

700 5852 790 5898 stt.
818 5854 851 5897 e
910 5878 926 5894 .

576 5852 674 5904 sed
700 5852 790 5911 stt,
818 5852 926 5897 etc.

2295 4783 2448 4848 Item,
2475 4782 2643 4837 frater
2660 4780 2880 4837 fratrem
2904 4778 3167 4850 adjuvans
3188 4776 3521 4833 exaltabitur
3541 4772 3709 4845 (Prov.
3726 4778 3827 4823 mu.

2301 4876 2415 4948 19).
2445 4875 2662 4932 Exaltet
2717 4884 2769 4930 te
2811 4873 3073 4930 Dominus
3104 4874 3157 4929 in
3188 4872 3539 4928 sanctitatem
3577 4880 3629 4926 et
3650 4860 3827 4922 dilectio.

2298 4985 2444 5037 nem,
2476 4970 2618 5025 sicut
2644 4967 2909 5039 scriptum
2941 4976 3025 5023 est
3064 4984 3077 5021 :
3110 4966 3212 5034 Qui
3238 4965 3415 5037 diligit
3462 4967 3672 5037 fratrem
3711 4968 3827 5013 una.

2297 5063 2485 5135 Legem
2504 5062 2733 5133 implevit
2754 5059 2933 5133 (Rom.
2958 5074 3078 5127 xm,
3097 5058 3174 5130 8).
3202 5056 3427 5132 Impleat
3449 5056 3695 5112 Dominus
3714 5059 3829 5105 cum

2296 5156 2565 5227 petitiones
2595 5162 2711 5209 tuas
2742 5150 2917 5225 (Psal.
2947 5165 3060 5218 xix,
3088 5148 3167 5223 7).
3218 5151 3451 5207 Praestet
3478 5149 3586 5205 hoc
3634 5140 3827 5202 tibiDetl‘:

2297 5249 2459 5305 Pater
2488 5263 2584 5320 per
2610 5244 2798 5304 Iesum
2827 5243 3105 5302 Christum
3146 5242 3347 5299 Filium
3380 5257 3561 5307 suum,
3606 5235 3827 5295 Dominum

2296 5343 2557 5410 ctDeum,
2578 5356 2788 5414 regem,
2808 5339 3066 5412 judicent,
3084 5336 3439 5405 salvatorem,
3464 5334 3830 5405 redemptorem

2297 5451 2401 5507 que
2426 5444 2701 5504 nostrum,
2734 5434 2827 5507 qui
2855 5442 2939 5489 est
2961 5430 3284 5489 benedictus
3305 5446 3430 5487 cum
3452 5427 3656 5501 Spiritu
3677 5428 3828 5480 sancto,

2296 5546 2393 5602 per
2418 5529 2604 5588 omnia
2632 5527 2831 5586 sarcula
2854 5525 3198 5593 surculorum,
3227 5538 3414 5581 amen.

2365 5768 2394 5807 δ
2424 5767 2628 5825 Eadem
2657 5767 2818 5824 Rom.
2863 5763 3022 5836 edit.,
3053 5763 3145 5821 tibi
3186 5777 3361 5819 escam
3397 5769 3700 5819 sanctorum.
3722 5740 3830 5809 Ball

2298 5838 2612 5899 infeliciter.
