3970 6316
123 318 212 380 585
877 309 1241 371 SERMONES
1281 310 1340 370 S.
1385 310 1734 370 AMBROSIO
1773 312 2111 370 ASCRIPTI.
2154 310 2552 370 ADMONITIO.
3292 313 3398 371 586

214 442 3369 468 MM

1335 560 1459 643 ΙΝ
1515 559 2146 645 SERMONES

765 701 1188 768 HACTENUS
1231 701 1378 766 SUB
1420 701 1808 766 AMBROSII
1852 701 2166 764 NOMINE
2210 701 2692 766 EVULGATOS

1410 844 2063 920 ADMONITIO.

174 1100 520 1163 Sermonum,
556 1108 691 1166 quos
732 1094 788 1150 in
834 1093 1236 1166 antiquioribus
1281 1093 1557 1150 Ambrosii
1603 1097 1775 1152 nostri
1805 1095 2142 1153 editionibus
2189 1097 2510 1167 pervolvere
2540 1103 2654 1158 est,
2704 1095 3038 1150 mentionem
3081 1108 3250 1165 prope
3285 1092 3413 1148 fecit

114 1210 286 1261 nemo,
312 1193 408 1264 qui
437 1200 640 1261 partem
662 1205 854 1247 eorum
897 1191 1038 1246 haud
1067 1190 1404 1246 mediocrem
1449 1190 1628 1247 eidem
1656 1201 1848 1246 sancto
1895 1191 2014 1246 viro
2045 1206 2334 1262 perperam
2383 1190 2636 1257 attribui,
2670 1198 2725 1244 et
2753 1189 2899 1244 inter
2930 1189 3161 1243 aliorum
3193 1189 3413 1243 Patrum

113 1292 273 1361 Opera
292 1329 305 1354 ,
341 1287 569 1342 maxime
590 1301 719 1341 vero
745 1285 889 1340 beati
917 1283 1495 1340 Maximicircumferri
1525 1299 1630 1340 non
1659 1284 1967 1355 agnoverit.
1993 1283 2239 1340 Romana
2273 1283 2444 1340 editio
2474 1282 2672 1338 nedum
2705 1281 3024 1338 mederetur
3053 1281 3176 1337 huic
3208 1283 3417 1336 incont-

111 1381 283 1447 modo,
313 1379 450 1435 alios
476 1377 976 1448 insuperadjectos
1009 1377 1181 1434 voluit
1220 1380 1290 1433 ab
1332 1379 1553 1450 ingenio
1584 1379 1835 1450 styloque
1874 1379 2241 1434 Ambrosiano
2293 1379 2465 1449 magis
2506 1378 2897 1446 abhorrentes,
2930 1392 3094 1448 quam
3126 1376 3290 1448 primi
3313 1376 3416 1431 illi.

118 1474 216 1531 Sed
243 1487 349 1528 non
377 1472 586 1528 unicum
617 1470 860 1541 ejusdem
888 1471 1145 1528 editionis
1171 1471 1226 1528 in
1261 1487 1323 1528 ea
1367 1488 1428 1530 re
1474 1473 1577 1528 hoc
1605 1481 1888 1542 peccatum
1940 1482 2054 1540 est;
2091 1482 2357 1544 praeterea
2387 1473 2536 1528 enim
2567 1485 2620 1529 et
2652 1489 2939 1529 sermones
2977 1490 3084 1529 non
3115 1489 3322 1544 paucos
3353 1473 3424 1528 ab

111 1568 326 1624 aliorum
347 1565 519 1620 classe
550 1564 769 1620 avolsos
793 1565 845 1620 in
873 1564 1086 1620 alienas
1109 1565 1270 1621 sedes
1297 1565 1642 1630 amandavit,
1667 1575 1722 1621 et
1751 1566 1920 1621 multa
1946 1581 2070 1620 cum
2105 1567 2157 1620 iu
2201 1566 2374 1621 titulis
2393 1608 2408 1632 ,
2444 1575 2554 1621 tum
2580 1566 2633 1621 in
2661 1566 2780 1638 ipso
2809 1576 3090 1631 contextu,
3126 1581 3234 1638 quo
3265 1566 3422 1622 vidc-

111 1669 287 1720 rentur
313 1659 482 1732 magis
503 1659 856 1716 Ambrosiani
877 1701 892 1728 ,
923 1660 1146 1732 propria
1175 1658 1487 1715 immutavit
1511 1658 1874 1724 auctoritate;
1902 1659 2045 1716 unde
2074 1661 2303 1731 contigit
2332 1662 2384 1715 in
2411 1674 2656 1716 errorem
2710 1661 2895 1716 induci
2939 1661 3194 1717 homines
3221 1661 3425 1730 alioqui

111 1756 501 1829 sagacissimus.

174 1852 512 1922 Quapropter
537 1859 598 1907 ut
623 1851 676 1906 in
723 1859 1004 1922 posterum
1043 1849 1279 1906 lectores
1321 1849 1391 1904 ab
1422 1847 1735 1918 huiusmodi
1776 1846 1965 1903 fraude
2007 1846 2406 1915 liberaremus,
2441 1861 2633 1903 omnes
2662 1847 2992 1911 Sermones,
3024 1845 3116 1916 qui
3149 1843 3432 1901 Ambrosii

109 1958 294 2000 nomen
319 1944 371 1999 in
395 1943 730 2015 quibuslibet
753 1941 1088 1998 editionibus
1118 1955 1230 2012 prae.
1255 1955 1315 1996 se
1335 1940 1549 2006 ferunt,
1573 1939 1639 1995 ad
1673 1954 1906 1996 examen
1932 1939 2135 2010 placuit
2155 1954 2418 1995 revocare
2438 1955 2451 1990 :
2472 1954 2577 2010 qua
2604 1939 2656 1993 in
2685 1953 2916 1995 censura
2948 1947 3070 2010 post
3091 1937 3393 1994 adhibitam
3414 1977 3429 2001 ,

108 2055 203 2110 qua
233 2038 488 2110 majorem
517 2055 624 2094 non
654 2039 952 2104 valuimus,
994 2037 1326 2108 diligentiam
1357 2047 1410 2093 et
1441 2037 1788 2093 severitatem
1810 2078 1825 2103 ,
1873 2037 2190 2092 eorumdem
2224 2037 2554 2094 Sermonum
2579 2078 2594 2105 ,
2626 2038 2873 2108 exceptis
2903 2035 3264 2092 concionibus
3295 2050 3430 2105 qua-

108 2141 244 2201 tuor,
276 2132 530 2189 nimirum
578 2133 632 2188 in
659 2137 839 2204 funere
867 2131 1254 2198 Valentiniani,
1288 2134 1343 2186 in
1367 2132 1550 2202 funere
1581 2131 1884 2199 Theodosii,
1916 2132 1980 2186 de
2010 2132 2257 2188 Basilicis
2289 2149 2393 2187 non
2424 2131 2708 2198 tradendis,
2735 2147 2800 2188 ac
2827 2131 2895 2187 de
2923 2130 3190 2201 Rcliquiis
3214 2138 3435 2184 sancto-

107 2239 219 2281 rum
244 2223 487 2281 Gervasii
520 2233 575 2280 et
605 2223 838 2279 Protasii
859 2265 874 2288 ,
909 2239 1046 2295 quas
1075 2223 1348 2280 edidimus
1397 2224 1637 2295 propriis
1683 2224 1849 2291 locis,
1884 2224 2094 2280 nullum
2137 2225 2358 2281 omnino
2385 2223 2874 2296 deprehendimus,
2909 2240 3070 2295 quem
3096 2239 3218 2280 cum
3249 2224 3430 2294 aliqua

105 2319 214 2375 veri
241 2319 422 2389 specie
443 2333 507 2373 ac
536 2315 894 2374 similitudine
925 2316 1152 2372 attribui
1178 2315 1475 2373 Ambrosio
1509 2331 1672 2386 posse
1714 2317 2137 2373 arbitraremur.
2175 2317 2332 2372 Enim
2379 2333 2508 2373 vero
2537 2318 2651 2372 illic
2679 2320 2860 2372 omnia
2893 2327 3178 2388 tantopere
3207 2334 3237 2373 a
3260 2315 3435 2372 sancti

110 2410 356 2468 Doctoris
395 2410 706 2467 elocutione
757 2423 821 2464 ac
853 2409 1123 2465 tractandi
1171 2409 1382 2466 ratione
1424 2408 1788 2479 discrepantia
1823 2410 1982 2466 nobis
2014 2410 2128 2466 visa
2169 2420 2318 2476 sunt,
2343 2418 2400 2464 ut
2431 2410 2565 2464 nulli
2593 2409 2908 2466 dubitemus
2940 2420 3183 2466 nostram
3216 2410 3268 2466 in
3305 2426 3432 2466 sen-

115 2507 338 2563 tentiam
367 2514 636 2577 quotquot
662 2504 908 2569 eosdem,
943 2520 1048 2575 qua
1073 2519 1173 2576 par
1193 2514 1308 2571 est,
1344 2503 1648 2560 attentione
1671 2504 2063 2560 examinabunt
2081 2547 2095 2572 ,
2122 2504 2350 2575 pedibus
2377 2518 2757 2560 concessuros.

175 2601 329 2670 Quod
362 2601 523 2673 igitur
551 2599 912 2658 Cassiodorus
945 2598 1091 2674 (Lib.
1134 2600 1199 2654 de
1227 2597 1406 2654 Instit.
1436 2599 1597 2653 dirin.
1629 2597 1758 2652 Litt.
1792 2615 1914 2668 cap.
1949 2599 2009 2669 5)
2053 2607 2215 2654 relate
2264 2615 2360 2654 sua
2405 2599 2662 2655 homilias
2691 2615 2783 2655 seu
2826 2615 3110 2656 sermones
3162 2599 3446 2656 exstitisse

109 2693 377 2764 affirmat,
410 2695 504 2766 qui
528 2693 805 2750 Ambrosii
840 2707 1038 2749 nomen
1070 2692 1124 2748 in
1152 2691 1333 2747 fronte
1362 2699 1647 2762 gererent,
1681 2689 1786 2745 nisi
1812 2674 2071 2744 credatur
2101 2690 2365 2746 memoria
2392 2705 2489 2746 sua
2519 2690 2607 2746 vel
2640 2689 2773 2746 falsa
2815 2690 3116 2760 cujuspiam
3159 2689 3435 2746 relatione

108 2785 365 2857 deceptus
393 2801 516 2844 esse
536 2829 552 2852 ,
584 2785 877 2842 dicendum
901 2785 1008 2840 erit
1024 2784 1136 2856 jam
1167 2783 1371 2840 dudum
1398 2783 1667 2839 excidisse
1692 2781 1784 2838 illa
1820 2782 2176 2853 exemplaria.
2209 2782 2362 2852 Quod
2405 2799 2538 2839 vero
2567 2783 2634 2839 ad
2679 2799 2743 2840 ea
2772 2785 2966 2855 quibus
3009 2785 3358 2842 continentur
3398 2785 3435 2841 ii

107 2893 429 2944 sermones,
459 2878 550 2950 qui
580 2877 758 2934 eidem
786 2877 1013 2933 Praisuli
1041 2893 1183 2933 nunc
1223 2877 1569 2940 tribuuntur,
1604 2876 1809 2933 nullius
1848 2877 2186 2932 auctoritatis
2227 2877 2321 2932 illa
2371 2889 2644 2948 putamus.
2675 2877 2952 2950 Namque,
2986 2891 3042 2934 ut
3094 2880 3388 2951 plurimum
3416 2923 3432 2947 ,

107 2977 199 3025 aut
225 2970 590 3028 recentiorem
621 2968 922 3039 praeferunt
944 2984 1199 3036 manum,
1233 2978 1326 3024 aut
1368 2967 1490 3025 libri
1539 2967 1692 3025 fuere
1738 2967 1858 3024 usui
1886 2968 2097 3024 chorali
2130 2969 2526 3036 inservientes,
2558 2971 2812 3027 nimirum
2845 2972 3150 3028 lectionarii
3178 2982 3234 3029 et
3263 2973 3442 3028 homi-

109 3064 277 3134 liarii,
310 3081 546 3138 quorum
575 3072 912 3122 momentum
958 3064 1296 3121 levissimum
1338 3079 1460 3120 esse
1507 3063 1728 3134 negabit
1754 3078 1938 3120 nemo.
1967 3062 2074 3119 Sed
2105 3079 2174 3118 ne
2223 3063 2615 3120 vetustioribus
2664 3066 2880 3138 quidem
2933 3067 3218 3123 codicibus
3252 3069 3352 3124 hac
3385 3069 3438 3124 in

104 3176 165 3217 re
195 3160 358 3216 fidem
389 3161 594 3218 habere
623 3164 756 3217 satis
793 3168 966 3216 tutum
994 3168 1100 3216 est.
1130 3159 1344 3215 Etenim
1389 3160 1553 3216 docet
1592 3158 1966 3230 experientia,
1994 3176 2102 3232 quo
2135 3162 2304 3233 magis
2337 3162 2412 3217 illi
2443 3162 2636 3218 fierent
2678 3164 2984 3220 vendibiles
3007 3207 3020 3230 ,
3055 3163 3300 3221 homiliis
3345 3175 3441 3220 aut

107 3254 455 3310 sermonibus
480 3253 679 3326 quibus
699 3252 1042 3317 constabant,
1060 3266 1250 3323 magna
1275 3253 1492 3307 nomina
1517 3267 1662 3322 saepe
1686 3252 1886 3323 szepius
1908 3251 1976 3307 ab
2002 3253 2321 3324 antiquariis
2341 3254 2602 3327 inscripta
2621 3271 2763 3313 esse.
2795 3258 2907 3313 lloc
2931 3259 3106 3330 ipsunt
3140 3259 3193 3315 in
3219 3259 3304 3314 his
3330 3274 3446 3315 ser-

107 3349 362 3406 monibus
387 3358 578 3422 aperte
605 3349 992 3420 cognoscitur;
1027 3362 1152 3403 cum
1179 3349 1323 3402 enim
1353 3346 1662 3418 antiquiora
1693 3348 1934 3418 ipsorum
1968 3348 2300 3417 exemplaria
2331 3349 2479 3404 nulla
2509 3349 2806 3408 habeamus
2840 3352 3030 3409 codice
3059 3353 3405 3424 Lugdunensi
3425 3396 3441 3422 ,

107 3442 260 3513 cujus
293 3444 479 3499 varias
506 3443 770 3500 lectiones
800 3440 1090 3498 clarissimi
1110 3439 1312 3496 Baluzii
1355 3440 1611 3495 amicitia:
1655 3439 1949 3507 debemus;
1980 3450 2034 3497 et
2068 3441 2257 3498 codice
2287 3441 2559 3511 Gallensi,
2590 3461 2750 3516 quem
2793 3461 2823 3500 a
2855 3461 2916 3502 se
2965 3455 3250 3502 tractatum
3282 3458 3446 3516 atque

110 3552 406 3593 excussum
433 3545 667 3594 testatur
698 3533 1042 3591 Mabillonius
1073 3541 1263 3588 noster
1306 3540 1435 3587 ante
1464 3531 1613 3587 mille
1654 3547 1828 3587 annos
1853 3541 2135 3587 exaratum
2183 3547 2337 3598 esse,
2371 3531 2724 3591 nihilominus
2759 3545 2940 3591 tamen
2973 3535 3166 3591 horum
3212 3547 3445 3607 uterque

110 3644 401 3687 sermones
429 3630 673 3686 continet
698 3628 970 3686 Gallensis
998 3626 1217 3699 quidem
1243 3625 1603 3695 Augustinum
1623 3666 1637 3691 ,
1667 3623 2043 3695 Lugdunensis
2074 3639 2203 3680 vero
2227 3624 2578 3681 Ambrosium
2611 3640 2889 3684 aucwrem
2924 3628 3061 3684 falso
3077 3638 3443 3692 ostentantes,

109 3733 165 3780 et
192 3726 496 3781 maximam
527 3734 737 3795 partem
770 3729 962 3778 sancto
987 3720 1224 3776 Maximo
1254 3719 1664 3786 restituendos,
1694 3727 1754 3774 ut
1778 3719 1848 3774 de
1879 3718 2224 3774 Gallensibus
2255 3718 2598 3776 Mabillonius
2646 3723 2761 3791 ipse
2789 3720 3096 3792 proﬁtetur.
3128 3720 3212 3776 Ex
3249 3722 3447 3777 horum

110 3831 339 3873 censura
366 3817 440 3874 de
470 3814 817 3890 Lugdunensi
848 3823 1084 3879 statuas,
1118 3811 1273 3877 licet;
1304 3826 1426 3866 cum
1454 3820 1688 3880 utroque
1713 3809 1900 3865 codice
1927 3808 2090 3864 iidem
2124 3809 2518 3880 prepemodum
2559 3827 2844 3867 sermones
2884 3811 3263 3868 exbibeantur.

179 3909 374 3982 Neque
405 3924 537 3966 vero
565 3906 924 3964 admirabitur
970 3905 1257 3976 quisquam
1300 3903 1460 3959 beato
1502 3901 1738 3957 Maximo
1797 3909 1878 3955 tot
1933 3915 2218 3956 sermones
2257 3901 2490 3967 ascribi,
2525 3901 2966 3974 quandoquidem
3010 3919 3114 3958 non
3165 3905 3449 3976 ignoratur

112 4009 350 4070 quantus
382 4002 443 4057 in
465 3998 845 4058 concionando
875 3997 964 4054 hic
992 3997 1225 4053 Sanctus
1250 3993 1544 4050 exstiterit.
1575 3993 1730 4062 Quod
1753 4003 1934 4050 autem
1966 4009 2032 4048 ex
2063 3994 2179 4064 ejus
2200 3995 2542 4050 sermonibus
2574 4011 2702 4067 pars
2733 4011 2841 4052 non
2866 3997 3090 4053 minima
3122 4001 3452 4070 transcripta

113 4095 183 4148 sit
210 4093 266 4150 in
300 4094 587 4152 Ambrosii
619 4107 814 4148 nomen
836 4133 850 4158 ,
878 4100 1079 4162 praeter
1109 4097 1436 4145 memoratas
1465 4088 1794 4158 scriptorum
1823 4087 2043 4142 fraudes
2063 4131 2076 4152 ,
2108 4087 2159 4141 id
2200 4090 2362 4143 etiam
2396 4088 2520 4144 hinc
2555 4090 2730 4160 potuit
2759 4092 3111 4164 contingere,
3143 4095 3288 4166 quod
3327 4112 3452 4152 cum

115 4185 293 4258 Opera
317 4187 505 4244 sancti
534 4183 785 4241 Doctoris
813 4183 984 4237 nostri
1013 4180 1205 4237 sedulo
1237 4178 1526 4244 evolverit,
1552 4193 1854 4250 magnaque
1880 4178 2178 4248 fragmenta
2209 4196 2274 4234 ex
2303 4179 2512 4237 eisdem
2535 4197 2596 4238 ac
2624 4184 2965 4253 potissimum
2995 4202 3026 4242 e
3048 4186 3462 4248 Commentario

115 4277 170 4332 in
197 4278 412 4335 Lucam
441 4276 508 4334 ad
539 4276 770 4332 verbum
795 4281 1050 4343 excerpta
1082 4270 1370 4336 indiderit,
1397 4270 1631 4326 incautis
1659 4270 1895 4326 librariis
1921 4271 2137 4326 errandi
2166 4274 2465 4343 prtebuerit
2491 4277 2857 4334 occasionem.
2885 4280 3014 4336 Inde
3043 4282 3296 4339 similiter
3324 4299 3456 4341 con-

111 4369 284 4441 jicere
325 4370 516 4427 forsan
564 4369 727 4424 liceat
775 4379 883 4422 non
930 4365 1097 4420 alium
1143 4371 1420 4421 auctorem
1461 4361 1616 4418 libris
1658 4376 1757 4417 seu
1801 4363 2147 4418 sermonibus
2191 4364 2253 4418 de
2285 4363 2644 4423 Sacramentis
2691 4371 3046 4440 quaerendum
3095 4388 3253 4442 esse,
3287 4391 3449 4447 quam

115 4467 379 4523 eumdem
414 4465 742 4529 Maximum;
776 4461 865 4517 cui
895 4460 1225 4530 conjecturae
1255 4457 1408 4514 locus
1434 4470 1496 4512 ac
1525 4465 1736 4528 tempus
1766 4457 2193 4527 patrocinantur.

186 4561 323 4632 Quae
351 4569 488 4618 sunt
523 4575 554 4614 a
595 4557 753 4615 nobis
783 4556 1049 4612 hactenus
1091 4553 1266 4618 dicta,
1297 4551 1516 4622 planum
1555 4550 1760 4606 faciunt
1799 4552 1947 4606 solos
1995 4565 2308 4618 sermones,
2338 4567 2405 4608 ex
2454 4553 2649 4624 quibus
2700 4553 2754 4609 in
2798 4555 3060 4613 librorum
3107 4559 3336 4617 formam
3383 4563 3454 4620 ab

115 4658 424 4715 Ambrosio
451 4656 569 4727 ipso
597 4652 830 4710 redactis
848 4692 862 4718 ,
888 4659 1068 4706 tomus
1091 4646 1240 4718 prior
1267 4653 1410 4702 totus
1436 4646 1551 4700 fere
1573 4645 1950 4716 componitur,
1984 4655 2040 4701 et
2065 4660 2257 4718 magna
2284 4661 2501 4717 quoque
2527 4662 2656 4717 pars
2680 4649 3032 4719 posterioris,
3063 4652 3458 4715 Ambrosianos

118 4759 269 4807 certo
305 4749 522 4806 vocari.
559 4745 670 4802 Nos
708 4744 874 4816 igitur
921 4752 1128 4798 temere
1173 4739 1373 4796 fecisse
1420 4753 1528 4793 non
1569 4737 1903 4805 videbimur,
1931 4738 2074 4808 quod
2121 4738 2326 4793 nullum
2371 4755 2583 4808 eorum,
2613 4756 2749 4812 quos
2780 4741 2868 4800 hic
2897 4748 3279 4817 expendimus,
3315 4751 3458 4809 inter

115 4843 300 4916 Opera
332 4843 516 4900 sancti
543 4839 793 4896 Doctoris
818 4851 949 4894 vera
980 4843 1036 4892 et
1060 4834 1342 4906 explorata
1375 4830 1730 4888 ediderimus.
1766 4831 1898 4886 Cum
1931 4840 2115 4886 autem
2159 4845 2224 4886 ex
2257 4829 2341 4885 his
2375 4831 2462 4886 alii
2505 4848 2610 4887 non
2644 4833 2749 4889 nisi
2777 4836 2920 4906 apud
2947 4839 3330 4909 Ambrosium,
3364 4844 3458 4899 alii

119 4951 254 4992 vero
285 4936 466 4992 etiam
495 4931 625 4989 alibi
653 4929 856 5002 vulgati
901 4936 1150 4994 exstent,
1183 4926 1395 4997 priores
1437 4932 1644 4980 tantum
1699 4924 2112 4992 exhibebimus,
2150 4940 2217 4980 ne
2257 4925 2502 4996 pondere
2532 4927 2714 4984 minus
2766 4931 2886 4986 utili
2931 4945 3143 4990 crescat
3175 4937 3455 4994 volumen.

118 5027 386 5083 Attamen
435 5036 495 5079 ut
544 5024 718 5095 magis
763 5028 947 5092 pateat
998 5033 1100 5074 nos
1150 5017 1392 5074 liberiori
1449 5031 1679 5073 censura
1732 5016 2147 5088 haudquaquam
2196 5032 2358 5084 usos,
2389 5020 2648 5092 cujusque
2694 5025 2966 5080 sermonis
3012 5028 3173 5099 capiti
3224 5030 3460 5089 strictim

122 5123 537 5192 praemittemus
574 5131 669 5172 eas
699 5114 976 5178 rationes,
1009 5110 1164 5182 queis
1210 5125 1280 5166 ne
1329 5109 1477 5165 illum
1533 5108 1961 5164 Ambrosianum
2014 5108 2445 5177 arbitraremur,
2480 5110 2698 5168 adducti
2750 5129 2956 5170 sumus.
3007 5117 3116 5173 Nec
3169 5129 3462 5191 propterea

121 5214 574 5280 obluctabimur,
606 5210 654 5267 si
701 5210 824 5281 quis
874 5208 1145 5264 lectorum
1193 5204 1418 5262 eosdem
1476 5218 1762 5260 sermones
1801 5202 2136 5275 argumentis
2185 5203 2488 5274 potioribus
2537 5207 2830 5265 Ambrosio
2872 5219 3058 5266 nostro
3090 5213 3249 5268 iverit
3285 5217 3462 5276 vindi-

122 5325 332 5371 catum.

192 5406 358 5479 Quod
388 5417 561 5476 porro
607 5400 674 5458 ad
727 5413 820 5457 eas
867 5397 1196 5463 conciones,
1224 5409 1344 5466 qua:
1394 5392 1448 5448 in
1478 5392 1710 5448 aliorum
1755 5391 1980 5448 Patrum
2012 5391 2271 5462 operibus
2317 5391 2810 5463 circumferuntur,
2843 5410 2961 5450 cum
2990 5411 3102 5468 pra:
3143 5404 3359 5462 caeteris
3396 5424 3466 5467 eo

124 5519 352 5576 quoque
387 5496 710 5573 praeiudicio
737 5494 867 5550 solre
897 5491 1180 5560 laborent,
1213 5487 1360 5561 quod
1391 5502 1500 5543 non
1531 5485 1704 5558 magis
1733 5485 2025 5540 Ambrosio
2045 5528 2061 5553 ,
2094 5501 2255 5558 quam
2287 5485 2372 5541 vel
2403 5484 2638 5540 Maximo
2666 5487 2751 5542 vel
2780 5485 2937 5541 alicui
2962 5487 3118 5546 alteri
3144 5493 3468 5565 adjudicataa

125 5608 286 5668 sunt,
324 5597 518 5653 minus
548 5592 738 5648 timide
765 5592 910 5662 ipsas
942 5587 1254 5643 recidimus.
1288 5584 1368 5640 Ne
1409 5597 1539 5640 vero
1562 5582 1836 5653 negotium
1883 5580 2117 5652 cuipiam
2149 5582 2380 5638 facessat
2409 5582 2501 5636 illa
2530 5582 2794 5651 mutatio,
2821 5584 3041 5653 gemino
3072 5588 3248 5649 iudice
3280 5601 3465 5666 provi-

127 5696 379 5754 debitur.
413 5691 664 5760 Quorum
694 5689 746 5742 in
778 5686 956 5758 primo
987 5695 1268 5739 sermones
1306 5679 1497 5737 omissi
1523 5677 1938 5735 collocabantur
1966 5677 2057 5730 tali
2087 5676 2310 5743 ordine,
2341 5687 2397 5731 ut
2448 5690 2554 5729 non
2584 5675 2757 5730 solum
2802 5693 2964 5748 quam
3008 5684 3239 5757 quisque
3279 5693 3469 5753 sedent

129 5797 297 5846 antea
327 5787 388 5842 in
417 5780 750 5840 editionibus
786 5774 1162 5832 Ambrosianis
1207 5772 1539 5839 obtinuerit,
1566 5785 1756 5827 verum
1788 5772 1952 5824 etiam
2003 5766 2145 5838 apud
2177 5782 2336 5838 quem
2383 5766 2602 5821 Patrum
2647 5772 2984 5841 reperiatur.
3013 5791 3124 5833 uno
3149 5779 3347 5839 intuitu
3372 5787 3470 5843 ad-

132 5895 361 5944 vertere
388 5881 490 5941 sit.
523 5877 586 5934 ln
614 5873 852 5934 secundo
883 5871 1063 5928 indice
1105 5870 1304 5942 triplex
1334 5868 1507 5927 series
1547 5883 1735 5922 eorum
1778 5878 2092 5924 sermonum
2115 5903 2131 5930 ,
2161 5877 2298 5933 quos
2337 5861 2638 5923 retinemus
2657 5907 2671 5933 ,
2705 5866 2779 5925 ita
2810 5877 3163 5944 contexetur,
3191 5887 3250 5936 ut
3278 5897 3472 5947 omnes

639 5971 914 6032 ΡΑτιιοι..
961 5963 1162 6027 XVII.

2845 5969 2921 6035 19
