3970 6316
139 310 238 368 5.89
919 315 1298 378 SERMONES
1336 321 1398 380 S.
1441 321 1794 384 AMBROSIO
1838 326 2166 386 ASCRIPTI.
2213 329 2611 390 ADMONITIO.
3329 339 3434 400 590

136 426 386 496 reddens,
423 438 534 486 tota
560 431 892 505 elocutione,
925 451 989 492 ac
1016 438 1361 509 potissimum
1391 441 1446 497 in
1479 441 1544 498 iis
1577 441 1809 512 laciniis,
1843 460 1978 516 quas
2011 447 2308 507 identidem
2334 451 2406 508 de
2445 468 2547 510 suo
2575 454 2829 522 intexuit,
2859 456 2926 512 ab
2951 457 3246 518 Ambrosio
3278 461 3440 520 abest

132 535 284 590 quam
313 522 643 596 longissime.

195 614 602 689 Sexagesimum
634 633 874 693 sextum,
899 627 992 698 qui
1019 628 1212 686 eodem
1237 645 1466 688 numero
1489 631 1544 686 in
1569 631 1890 702 Appendice
1917 635 2437 706 Augustinianorum
2467 653 2782 698 sermonum
2815 651 3011 712 exstat,
3040 645 3296 715 opinatur
3325 645 3440 702 Ma-

128 709 380 768 billonius
409 715 475 771 ad
509 717 878 789 undecimum,
909 722 999 793 qui
1033 723 1100 778 ab
1131 724 1247 794 ipso
1277 734 1548 793 tamquam
1581 727 1800 784 Maximi
1831 729 2014 786 editus
2037 729 2160 796 fuit,
2192 732 2385 788 referri
2413 748 2594 804 posse.
2632 735 2829 792 Verum
2862 709 3042 794 tamen
3070 709 3215 795 illius
3241 741 3438 813 stylus,

129 815 316 862 nostro
343 809 820 882 quidemjudicio,
848 814 917 871 ab
947 815 1109 887 huius
1157 815 1337 874 Patris
1385 819 1656 878 scribendi
1687 820 1850 878 modo
1904 831 2110 879 tantum
2157 823 2452 894 discrepat,
2486 835 2546 881 ut
2588 826 2842 884 eumdem
2869 843 3179 888 sermonem
3229 809 3439 886 auctori

126 894 356 966 cuipiam
390 903 678 970 posteriori
721 902 997 962 lubentius
1025 906 1420 978 adjudicemns.

191 991 552 1049 Sermonibus
600 997 663 1049 de
710 1006 938 1069 tenipore
984 1000 1243 1071 subjectae
1289 1002 1503 1058 fuerant
1547 1003 1601 1058 in
1631 1004 1880 1060 Romana
1924 1004 2164 1061 editione
2203 1009 2500 1064 conciones
2545 1004 2774 1080 aliquot,
2807 1025 3035 1082 quarum
3089 1023 3199 1069 tres
3243 1014 3435 1084 primae

124 1094 316 1151 nempe
346 1083 410 1138 de
449 1083 696 1141 Basilicis
719 1129 732 1148 .
761 1099 817 1144 et
868 1091 921 1145 in
973 1090 1164 1146 funere
1195 1092 1560 1149 Valentiniani
1603 1110 1665 1150 ac
1696 1095 1988 1151 Theodosii
2021 1101 2418 1169 imperatorum
2453 1117 2550 1157 suo
2580 1118 2853 1174 quamque
2883 1105 3003 1161 loco
3049 1083 3397 1164 exhibuimus
3425 1129 3437 1162 :

122 1181 360 1246 quartam
385 1183 572 1232 autem
602 1179 704 1234 Soli
731 1179 994 1248 Maximo,
1025 1184 1178 1254 Cujus
1209 1192 1265 1239 et
1292 1186 1489 1256 stylnm
1519 1188 1686 1256 sapit,
1721 1189 1856 1242 etin
1887 1185 2107 1244 Patrum
2153 1190 2486 1250 Bibliotheca
2516 1194 2627 1264 jam
2675 1204 2873 1252 nomen
2915 1195 3160 1266 praefert,
3183 1200 3436 1256 relicmm

122 1267 415 1328 voluimus.

185 1357 479 1418 Sermones
504 1363 577 1420 de
599 1365 840 1423 Sanctis.
869 1400 939 1410 —
959 1369 1246 1426 Secundus
1291 1387 1641 1440 sermonum,
1671 1389 1810 1445 quos
1856 1386 2052 1431 vocant
2098 1377 2174 1431 lie
2220 1378 2461 1446 Sanctis,
2492 1381 2634 1452 apud
2661 1379 3025 1453 Augustinum
3075 1395 3234 1455 atque
3263 1388 3436 1444 Maxi-
3502 1421 3504 1424 -

118 1465 260 1508 mum
287 1451 472 1512 editus
496 1456 636 1513 fuit:
665 1457 761 1517 sed
807 1459 932 1518 huic
963 1463 1058 1518 ani
1097 1477 1204 1519 non
1251 1465 1426 1520 solun:
1459 1465 1651 1532 dictio,
1684 1481 1873 1522 verum
1903 1468 2069 1522 etiam
2118 1481 2241 1524 cum
2283 1451 2980 1543 quinquagesimo—octavo
3009 1451 3246 1532 afﬁnitas
3286 1478 3437 1533 illum

118 1548 328 1605 saserit.

184 1646 507 1707 Sermonem
549 1653 799 1722 quintum
821 1695 836 1721 ,
872 1656 965 1726 qui
995 1656 1064 1711 ab
1104 1658 1399 1713 Ambrosio
1430 1659 1483 1713 in
1513 1659 1837 1716 Gervasium
1883 1670 1938 1717 et.
1969 1661 2273 1718 Protasium
2316 1663 2518 1721 fratres
2561 1675 2834 1739 martyres
2887 1666 3102 1722 habitus
3133 1668 3266 1736 fuit,
3297 1669 3440 1724 inter

111 1739 368 1812 cpiStolas'
397 1746 824 1805 conatituimus:
854 1765 1014 1821 quem
1043 1751 1220 1806 locum
1254 1751 1372 1820 ejus
1404 1756 1696 1822 genuinum
1730 1771 1851 1812 esse
1884 1755 1935 1809 in
1967 1753 2354 1812 Admonitione
2395 1758 2527 1829 ipsis
2558 1761 2843 1830 praemissa
2870 1759 3305 1816 demonstratum
3336 1773 3442 1835 est,

181 1829 377 1894 Sermo
422 1851 612 1896 sextus
657 1841 864 1912 pridem
915 1844 1148 1899 Maximo
1196 1844 1440 1900 redditus
1471 1844 1612 1912 fuit,
1659 1864 1758 1903 nec
1799 1849 2092 1903 obscurum
2137 1857 2223 1905 est
2262 1849 2415 1905 illum
2458 1865 2489 1906 a
2518 1829 2667 1907 nullo
2714 1853 2816 1907 nisi
2858 1851 3182 1909 Taurinensi
3229 1854 3436 1910 dictum

115 1928 298 1987 fuisse.

179 2023 438 2080 Decimus
479 2027 534 2081 in
578 2027 894 2100 Appendice
922 2032 1160 2100 Operum
1192 2030 1476 2102 Augustini
1509 2029 1709 2085 dicitur
1740 2031 2010 2086 Ambrosio
2036 2032 2201 2087 uerius
2231 2032 2363 2101 forte
2392 2049 2545 2102 quam
2570 2033 2862 2107 Augustino
2893 2036 3156 2091 tributus:
3185 2038 3281 2092 sed
3313 2053 3446 2093 vere

111 2115 320 2186 utrique
371 2115 773 2187 abjudicandns
825 2117 982 2176 nobis
1021 2121 1262 2187 videtur,
1295 2129 1350 2177 et
1392 2123 1503 2190 pari
1531 2124 1676 2191 jure.
1715 2120 1852 2176 Nam
1885 2124 1926 2176 si
1979 2121 2275 2179 dictionem
2305 2122 2422 2193 ejus
2450 2125 2759 2194 expendas,
2793 2142 2913 2180 cam
2947 2142 3055 2182 non
3107 2131 3282 2200 magis
3312 2129 3445 2185 Am-

111 2207 272 2264 brosii
299 2224 428 2267 esse
453 2253 468 2278 ,
497 2228 657 2282 quam
697 2212 984 2284 Augustini
1032 2215 1178 2271 ultro
1210 2215 1490 2269 fateberis:
1523 2215 1790 2285 simulque
1837 2215 2089 2271 advortes
2129 2224 2409 2271 auctorem
2438 2216 2559 2286 ejus
2591 2215 2762 2271 videri
2813 2213 3210 2290 Chrysostomo
3256 2233 3444 2292 poste-

119 2303 336 2360 liorem.

178 2395 573 2456 Duodecimum
619 2401 783 2456 etiam
825 2402 1070 2472 reperias
1102 2402 1153 2456 in
1200 2400 1517 2472 Appendice
1566 2401 1992 2470 Augustiniana,
2029 2401 2124 2454 sed
2177 2407 2436 2470 prmterea
2485 2401 2626 2472 apud
2680 2399 2972 2459 Maximum
3004 2416 3215 2473 exstat,
3252 2412 3336 2465 cui
3381 2418 3438 2466 et

107 2503 371 2546 consensu
397 2492 745 2548 eruditorum
778 2493 1114 2548 attribuitur.
1147 2491 1253 2547 Sed
1285 2507 1384 2548 nec
1411 2492 1573 2546 aliter
1606 2492 1675 2546 de
1710 2491 1869 2547 tertio
1889 2491 2106 2547 decimo
2135 2494 2294 2546 statui
2329 2491 2521 2559 debet;
2552 2490 2754 2565 qnippe
2778 2498 2868 2566 qui
2898 2500 3173 2555 sermonis
3205 2501 3272 2556 de
3303 2511 3438 2559 temo

108 2598 236 2655 pore
263 2585 522 2656 vigesimi
556 2588 731 2656 quarti
754 2628 768 2648 ,
803 2603 962 2656 quem
993 2586 1208 2641 Maximi
1237 2601 1360 2642 esse
1401 2600 1567 2655 supra
1598 2585 1866 2650 vidimus,
1893 2585 2237 2640 continuatio
2269 2586 2360 2640 sit.

175 2677 398 2735 Decimi)
433 2679 665 2749 septimo
695 2679 1058 2749 li-agmentnm
1102 2677 1376 2748 quoddam
1407 2677 1457 2730 in
1485 2676 1731 2731 editione
1785 2675 2027 2730 Romana
2076 2675 2409 2746 prmligitur,
2436 2675 2585 2747 quod
2631 2677 2684 2732 in
2716 2680 2954 2751 antiquis
3011 2686 3438 2752 praetermissum

109 2782 216 2827 est:
251 2773 534 2843 integrum
580 2787 711 2826 vero
744 2772 886 2826 hunc
916 2787 1226 2826 sermonem
1260 2770 1698 2826 exhibeteadem
1745 2768 2035 2839 Appendix
2082 2769 2500 2841 Augustiniana.
2533 2769 2605 2826 Ut
2649 2785 2813 2840 porro
2842 2784 3021 2842 pateat
3076 2776 3152 2831 illi
3195 2783 3440 2835 sermoni

105 2863 533 2924 Ambrosianum
579 2863 718 2920 nihil
771 2863 952 2919 inesse
974 2905 988 2930 ,
1023 2862 1070 2918 is
1115 2861 1492 2917 tantummodo
1521 2877 1644 2917 cum
1679 2858 1744 2916 iis
1776 2860 2124 2927 conferatur,
2156 2875 2276 2931 qua:
2307 2859 2375 2915 de
2421 2862 2481 2916 S.
2519 2861 2815 2918 Laurentio
2848 2866 2899 2920 in
2929 2865 3085 2921 libris
3121 2865 3436 2928 Officiorum

111 2959 324 3030 scripsit
353 2955 700 3012 Ambrosius.

185 3052 445 3110 Decimus
475 3063 702 3110 octavus
731 3053 871 3109 inter
897 3051 1114 3108 Maximi
1146 3065 1433 3108 sermones
1465 3049 1685 3120 legitur,
1716 3050 1769 3104 in
1798 3063 1906 3120 quo
1935 3049 2054 3119 ejus
2078 3048 2358 3119 ingenium
2387 3055 2556 3120 atque
2575 3051 2816 3113 elocutio
2846 3053 3293 3124 deprehenditur.

181 3146 524 3218 Vigesimum
574 3162 790 3218 quoque
837 3147 1084 3216 reperire
1113 3156 1195 3201 est
1241 3145 1381 3214 apud
1421 3143 1740 3198 Maximum.
1775 3141 1834 3198 Si
1882 3145 2066 3197 tamen
2111 3142 2232 3208 illi,
2268 3142 2429 3197 sicuti
2479 3144 2722 3210 videtur,
2765 3149 3125 3206 ascribendus
3158 3156 3271 3220 sit,
3311 3172 3437 3212 cum

104 3239 375 3308 oportebit
403 3253 440 3293 a
465 3238 638 3294 sciolo
659 3237 918 3309 quopiam
945 3237 1010 3293 de
1036 3248 1220 3292 sancto
1267 3236 1525 3291 Michaele
1553 3236 1642 3290 illa
1671 3235 1739 3290 de
1769 3250 1934 3290 causa
1961 3249 2082 3291 esse
2109 3234 2460 3304 inscriptum,
2487 3238 2613 3306 quia
2645 3240 2695 3292 in
2730 3239 2834 3295 hoc
2863 3241 3003 3297 festo
3042 3245 3173 3301 illud
3205 3264 3442 3322 evange-

108 3333 266 3403 lium,
301 3335 456 3406 quod
488 3334 736 3405 ejusdem
764 3336 1035 3392 sermonis
1066 3343 1442 3406 argumentum
1476 3343 1559 3389 est
1581 3376 1594 3400 ,
1631 3332 1734 3403 legi
1765 3332 2068 3388 consuevit.
2105 3330 2261 3401 Apud
2301 3330 2555 3386 eumdem
2578 3331 2972 3390 Taurinensem
3005 3339 3300 3410 vigesimus
3325 3347 3436 3414 pri-

104 3441 220 3484 mus
246 3442 374 3484 cum
405 3441 544 3482 vero
571 3442 670 3484 suo
701 3427 860 3482 titulo
891 3435 1100 3490 exstat,
1133 3426 1237 3480 isto
1280 3425 1485 3480 scilicet
1529 3426 1592 3478 de
1641 3415 2050 3497 ﬂospitalitate;
2082 3433 2245 3492 atque
2277 3419 2415 3475 adeo
2445 3422 2708 3476 credibile
2741 3439 2825 3479 εει
2876 3426 3020 3481 hunc
3069 3431 3248 3502 ipsum
3283 3452 3440 3504 esse,

105 3533 255 3588 quem
283 3519 352 3574 ab
392 3516 592 3574 eodem
634 3517 881 3574 Praesule
918 3518 985 3572 de
1015 3517 1252 3572 Avaritia
1271 3526 1318 3571 et
1350 3515 1728 3582 IIospitolitate
1755 3516 2018 3584 scriptum
2051 3521 2283 3568 testatur
2327 3511 2662 3570 Gennadius.
2694 3516 2910 3572 Nullam
2940 3536 3068 3590 ergo
3097 3539 3316 3582 causam
3346 3529 3444 3583 ba-

107 3612 215 3669 buit
244 3614 498 3669 Romana
523 3613 692 3669 editio
722 3628 820 3669 cur
849 3614 998 3668 illum
1032 3611 1377 3667 inscriberet.
1413 3608 1480 3663 In
1511 3607 1684 3664 Festo
1704 3611 1867 3663 sancti
1897 3608 2054 3663 Luae
2087 3608 2450 3679 limgetistte.

172 3707 482 3764 Sermones
510 3721 542 3763 e
567 3706 844 3778 prioribus
887 3705 1161 3760 tomis.—-
1183 3703 1374 3758 Sermo
1402 3703 1467 3754 de
1494 3701 1688 3754 Arbore
1711 3699 1980 3753 interdicta
2010 3699 2062 3752 in
2092 3697 2382 3767 Augustini
2407 3697 2724 3766 Appendice
2751 3701 3000 3758 ordinem
3031 3706 3200 3762 ducit.
3233 3709 3438 3768 ibidem

107 3801 436 3856 observatur
474 3798 620 3854 hunc
651 3813 964 3856 sermonem
992 3795 1288 3850 varietates
1321 3791 1523 3848 habere
1555 3790 1695 3861 apud
1725 3790 2074 3846 Ambrosium
2095 3829 2108 3853 ,
2139 3787 2234 3842 sed
2265 3804 2344 3842 ea:
2375 3786 2595 3842 fuerunt
2632 3789 2698 3843 ab
2735 3790 3038 3849 editoribus
3075 3807 3167 3851 aut
3210 3800 3435 3871 elegan-

107 3895 191 3952 lia:
220 3907 313 3953 aut
338 3894 571 3966 majoris
601 3909 725 3950 cum
756 3891 1120 3947 Ambrosiano
1147 3889 1290 3961 stle
1335 3887 1676 3959 cognationis
1715 3899 1879 3940 causa
1909 3883 2160 3938 inducta.
2206 3881 2322 3935 Non
2350 3881 2546 3936 mirum
2577 3883 2741 3951 igitur
2771 3885 2816 3938 si
2859 3888 3074 3956 quidam
3120 3892 3437 3951 eruditioris

107 3992 262 4048 etiam
287 3991 488 4063 iudicii
514 4005 582 4046 ex
628 3989 714 4045 his
743 3989 1042 4059 deceptus,
1075 3985 1202 4055 quin
1247 3984 1390 4041 idem
1425 3999 1605 4038 sermo
1637 3979 1802 4036 tribui
1840 3979 2014 4050 possit
2043 3987 2232 4033 sancto
2262 3977 2515 4044 Doctori,
2551 3977 2684 4033 nihil
2737 3980 3028 4050 prohibere
3073 3986 3433 4044 existimavit.

106 4094 304 4150 Antor
331 4093 490 4149 illius
519 4090 685 4162 plane
712 4089 1016 4158 ignoratur.
1063 4083 1346 4140 Manichaei
1388 4097 1516 4138 vero
1549 4080 1658 4136 illic
1689 4081 2108 4149 impugnantur,
2139 4073 2233 4129 sed
2277 4089 2383 4127 non
2429 4071 2619 4143 rigidi:
2654 4075 3095 4148 quandoquidem
3141 4080 3192 4135 lii
3223 4081 3431 4141 bonum

107 4198 224 4242 esse
251 4187 442 4242 vinum
497 4199 602 4238 non
633 4181 957 4238 diffitentur.
991 4177 1341 4248 Quapropter
1379 4183 1472 4228 aut
1517 4170 1926 4232 Marcionistas,
1955 4176 2052 4222 aut
2079 4182 2176 4222 eos
2224 4165 2516 4220 haereticos
2553 4164 2726 4221 fuisse
2780 4183 3005 4224 necesse
3055 4183 3165 4237 est,
3201 4191 3338 4245 quos
3379 4179 3433 4233 in

109 4278 245 4338 libro
287 4280 358 4336 de
383 4275 683 4343 Paradiso,
715 4274 804 4330 ubi
830 4272 1024 4328 eadem
1064 4269 1330 4335 materia,
1361 4265 1455 4321 sed
1487 4265 1700 4319 ratione
1733 4261 1893 4332 lenge
1924 4259 2049 4323 alia,
2085 4263 2480 4325 pertractatur,
2513 4254 2756 4310 confutet
2784 4255 3131 4320 Ambrosius.

179 4373 325 4427 Duos
352 4383 645 4426 sermones
673 4366 736 4421 de
772 4374 951 4422 stricto
980 4361 1172 4418 Etistco
1201 4360 1254 4414 in
1284 4359 1455 4431 prima
1489 4365 1646 4426 parte
1687 4353 1858 4408 Musei
1887 4349 2063 4404 Italici
2104 4348 2449 4404 Mabillonius
2490 4357 2678 4402 noster
2723 4358 2993 4422 tamquam
3045 4356 3285 4413 nondum
3336 4377 3437 4431 pu-

109 4463 266 4518 blicis
291 4463 438 4533 juris
463 4459 638 4514 factos
668 4457 754 4514 edi
787 4457 1026 4512 curavit:
1062 4453 1155 4508 sed
1187 4450 1399 4507 erroris
1427 4462 1590 4503 causa
1622 4447 1674 4500 in
1703 4445 1965 4499 Romanae
1991 4440 2278 4506 editionis,
2309 4437 2398 4493 ubi
2443 4438 2628 4495 alieno
2669 4439 2790 4496 loco
2830 4444 2992 4512 positi
3024 4445 3274 4518 fuerant,
3306 4468 3439 4510 con—

113 4555 383 4613 fusionem
411 4553 610 4611 referri
654 4551 836 4607 debet.
872 4548 1143 4605 Cmtcrum
1172 4558 1510 4615 nequaquam
1540 4538 1929 4595 rciuctabimur
1949 4575 1963 4598 .
1993 4535 2285 4606 quominus
2312 4533 2524 4588 Maximi
2555 4550 2677 4590 esse
2720 4534 2995 4593 dicantur.

179 4648 471 4708 Sermonis
495 4645 552 4702 in
583 4649 750 4714 caput
774 4651 849 4699 vn
876 4641 979 4698 Job
1020 4640 1109 4696 illa
1141 4651 1400 4710 germana
1433 4631 1717 4702 inscriptio
1745 4639 1856 4685 est:
1890 4625 1972 4682 De
2001 4625 2296 4682 carnalibus
2327 4624 2560 4679 hostibus
2606 4642 2709 4679 non
2735 4633 3056 4698 metuendis;
3083 4644 3129 4687 et
3161 4636 3224 4691 de
3251 4643 3435 4711 gratiis

113 4752 222 4809 post
242 4742 420 4796 cibum
447 4739 694 4811 agendis;
726 4736 834 4792 hoc
862 4735 1010 4791 enim
1041 4731 1198 4786 titulo
1231 4728 1543 4787 Gennadius
1571 4727 1749 4797 ipsum
1780 4723 2017 4788 indicat,
2051 4736 2154 4777 nec
2191 4733 2299 4775 non
2333 4715 2549 4774 Maximi
2577 4720 2718 4790 apud
2762 4738 2922 4792 quem
2970 4728 3134 4784 etiam
3162 4731 3303 4789 idem
3334 4735 3434 4790 lia-

502 4835 546 4889 si
589 4833 789 4887 nilicat.

111 4835 518 5000 ὺεὶιέιτὸεῖῗᾷῗοε
547 4849 662 4994 En,
693 4935 780 4982 cn
801 4934 862 4979 ac
890 4934 1032 4979 cmi
1057 4918 1435 4975 enarrationes
1463 4914 1579 4970 sive
1603 4924 1894 4970 sermones
1935 4909 2078 4963 inter
2110 4902 2469 4958 Maximianos
2493 4902 2618 4972 jure
2657 4918 2974 4964 censentur.
3007 4912 3066 4965 In
3099 4915 3430 4973 editionibus

114 5022 496 5082 Ambrosianis
536 5021 798 5094 quasdam
829 5017 1087 5094 periodos
1115 5013 1309 5070 borum
1339 5027 1657 5068 sermonum

1857 5023 1918 5061 us
1952 5001 2206 5065 exhibet,
2246 5014 2365 5070 qum
2397 5011 2508 5052 non
2540 5002 2892 5070 reperiuntur
2921 5007 3063 5075 apud
3094 5009 3387 5067 Maximum
3409 5056 3423 5082 ,

115 5120 207 5176 sed
237 5121 361 5174 ista:
391 5133 500 5173 non
523 5089 648 5172 sunt
679 5089 858 5185 magni
891 5109 1177 5165 momenti.
1203 5107 1421 5160 Tertius
1444 5113 1623 5157 autem
1653 5100 1833 5156 eidem
1861 5096 2097 5152 Maximo
2129 5090 2454 5202 iit-Romano
2482 5089 3070 5202 brevia‘riomestitutus
3091 5107 3192 5154 est.

184 5207 481 5269 Enarratio
501 5211 555 5266 in
580 5218 744 5280 caput
774 5184 901 5262 xxx:
926 5201 1354 5260 Proverbiorum
1397 5197 1538 5268 apud
1578 5188 2090 5292 Augustinumncui
2123 5184 2443 5292 ascribitnr,
2474 5200 2616 5292 pura.
2652 5186 2771 5292 legi
2803 5201 3003 5258 potest,
3035 5205 3099 5246 ac
3148 5192 3270 5250 sine
3310 5196 3424 5258 iui.

115 5303 542 5370 additamentis,
567 5278 686 5372 qua:
707 5309 768 5358 ut
797 5297 969 5370 magis
995 5294 1365 5352 Ambrosiano
1389 5291 1749 5362 judicaretur,
1783 5287 1959 5344 eidem
1991 5278 2498 5388 hilca-tricliomana
2532 5279 2723 5388 editio.

185 5405 242 5461 lu
275 5411 450 5475 caput
476 5419 533 5458 ιιι
565 5397 934 5456 Ecclesiastici
961 5409 1247 5452 sermones
1276 5392 1384 5446 duo
1401 5389 1469 5444 de
1497 5388 1858 5458 Eleemosyna
1881 5388 2077 5438 sancto
2107 5375 2364 5443 Maximo,
2396 5375 2555 5445 Cujus
2578 5374 2873 5431 dictionem
2900 5376 3127 5446 pulchre
3155 5382 3416 5457 referunt,

115 5493 169 5557 in
197 5497 454 5571 ejusdem
480 5500 641 5556 etiam
672 5491 1002 5553 editidnibus
1030 5489 1424 5588 attribuuntur.
1736 5573 1770 5588 Δ.
1866 5571 1880 5588 ι
1964 5587 1972 5588 7
2128 5583 2138 5588 Δ
2174 5564 2260 5588 --Δ
2295 5577 2396 5588 --Δ
2425 5561 2588 5588 Amm
2641 5560 2710 5588 An
2746 5561 3095 5588 “unum”
3379 5577 3390 5588 ν

191 5560 268 5652 De
299 5609 558 5652 sermOne
587 5594 640 5646 in
668 5600 828 5662 caput
857 5606 875 5645 ι
899 5585 1054 5644 Isaiae
1081 5600 1188 5640 non
1219 5573 1365 5637 aliud
1393 5591 1609 5650 quoque
1632 5571 1978 5630 sentiendum
2012 5575 2098 5624 est
2127 5564 2261 5670 used
2295 5577 2396 5619 nec
2424 5561 2589 5677 etiam
2633 5560 2710 5677 tle
2746 5561 3098 5677 sermonibus
3130 5567 3344 5677 duobus
3379 5577 3430 5632 in

117 5697 283 5759 caput
309 5651 422 5741 im
461 5651 750 5747 Daniclis;
782 5681 842 5736 lii
875 5679 1077 5751 quippe
1118 5687 1310 5730 omnes
1350 5679 1406 5726 et
1452 5667 1785 5724 evdvuntnr
1835 5661 1978 5735 apud
2016 5658 2346 5722 “nimum’
2390 5661 2446 5708 et
2486 5651 2603 5719 eius
2631 5662 2757 5707 esse
2789 5667 2816 5705 ³
2849 5651 3161 5736 ϐθηῃθάίο’
3196 5662 3432 5734 indicata

119 5783 395 5854 cujusque
423 5778 804 5848 inscriptione.
837 5780 1254 5832 ειεεθνετίιηῑυτ·
1717 5856 1732 5865 ε
1828 5853 1839 5865 ,
1989 5851 2000 5861 _
2354 5840 2437 5865 Ah,
2465 5837 2736 5865 mmmm
2771 5841 3009 5865 Amp”
3180 5850 3189 5860 .
3324 5854 3332 5862 ,

196 5837 356 5930 i’rior
384 5885 695 5930 sermonum
739 5870 790 5926 in
823 5875 985 5942 caput
1005 5881 1064 5923 ιιι
1089 5871 1145 5922 et
1173 5878 1224 5921 ιν
1247 5861 1398 5919 lente
1424 5874 1533 5917 non
1575 5866 1656 5914 est
1687 5856 1762 5911 alt

1870 5867 1911 5907 ts
1949 5849 2058 5904 nisi
2082 5843 2319 5909 Maximi,
2349 5840 2438 5896 cui
2464 5837 2738 5897 editiones
2767 5841 3015 5912 ejusdem
3043 5845 3251 5919 Patris,
3291 5854 3438 5912 sicut
