4016 6316
226 283 314 343 ﬁdi

1003 276 1375 336 SERMONES
1411 275 1470 337 s.
1514 272 1868 333 AMBROSiO
1909 260 2279 335 HACTENUS
2320 258 2655 334 assumi.

3372 256 3480 329 506

222 414 366 456 strum
391 399 645 455 seniorem
665 412 819 453 suum
842 399 895 454 in
919 397 1037 468 ejus
1058 396 1280 453 domum
1300 403 1678 466 suscepturus,
1701 393 1770 449 ab
1796 398 1843 457 Α
1877 408 1975 449 nos
2024 401 2204 451 tamen
2258 393 2703 451 sanctificationis
2746 392 2920 463 ipsius
2958 388 3240 448 beatitudo
3265 392 3481 459 perma-

220 492 445 549 omnibus
473 490 721 547 sordibus
751 498 805 563 et
833 488 1131 546 immundis
1162 489 1324 545 rebus
1354 489 1529 560 ipsam
1551 487 1775 543 domum

222 586 501 651 mundaret,
530 594 582 641 et
603 598 828 656 qumque
851 585 1078 640 honesta
1112 590 1167 639 et
1207 581 1522 639 necessaria
1553 588 1737 638 essent
1758 624 1774 650 ,

220 675 487 733 secundum
530 691 679 731 suam
727 674 1145 747 possibilitatem
1179 680 1547 745 praepararet;
1578 680 1632 729 et
1670 672 1776 728 hoc

219 768 331 827 facit
355 768 589 824 mortalis
625 777 983 840 suscepturus
1015 767 1302 824 mortalem
1340 785 1353 820 :
1404 772 1611 837 quanto
1659 779 1775 821 ma-

215 864 285 936 gis
307 878 362 918 se
392 860 646 917 mundare
675 860 838 917 debet
883 871 1158 927 creatura,
1190 870 1248 916 ut
1274 875 1375 915 suo
1413 859 1651 916 creatori
1680 872 1776 930 ap-

216 956 407 1023 parenti
435 954 484 1010 in
512 969 676 1011 carne
704 970 811 1011 non
842 954 1165 1026 displiceat?
1190 953 1286 1010 ille
1315 954 1496 1024 justus
1527 954 1674 1009 venit
1704 952 1775 1010 ad

211 1064 294 1104 nos
318 1056 655 1118 peccatores,
687 1054 745 1104 ut
773 1065 839 1105 ex
884 1049 1268 1120 peccatoribus
1301 1048 1507 1105 faceret
1547 1049 1723 1118 justus
1756 1066 1771 1105 :

211 1141 313 1213 pius
340 1142 478 1197 venit
509 1141 575 1197 ad
600 1140 797 1213 impios
824 1150 884 1197 ut
931 1156 1030 1197 nos
1073 1141 1276 1197 faceret
1319 1142 1438 1212 pios
1484 1158 1498 1195 :
1550 1141 1773 1198 humilis

209 1235 336 1290 venit
362 1233 425 1290 ad
455 1236 738 1303 superbos,
785 1240 843 1291 ut
883 1248 948 1291 ex
980 1234 1233 1306 superbis
1264 1233 1472 1290 faceret
1512 1232 1769 1289 humiles.

207 1327 329 1397 Quid
350 1329 532 1399 plura?
553 1328 650 1385 liie
676 1338 865 1384 natura
899 1328 1099 1394 bonus,
1130 1329 1283 1384 venit
1304 1327 1368 1384 ad
1393 1327 1773 1400 homines,qui

209 1434 341 1477 erant
378 1421 516 1492 pleni
538 1420 796 1476 omnibus
825 1422 1001 1476 malis.

264 1514 312 1568 2.
336 1513 671 1585 Quapropter
708 1513 994 1569 hortamur
1020 1524 1119 1569 vos
1147 1521 1204 1569 ut
1246 1513 1332 1569 his
1373 1512 1568 1570 diebus
1591 1513 1768 1567 abun-

205 1607 394 1662 dantius
412 1606 794 1678 eleemosynas
821 1605 1057 1673 faciatis,
1090 1606 1157 1662 ad
1184 1606 1487 1663 Eccleslam
1514 1605 1773 1677 frequen-

206 1701 295 1754 tius
350 1698 728 1763 conveniatis,
792 1696 1200 1755 confessionem
1260 1708 1611 1768 peccatorum
1669 1713 1768 1754 ve-

1878 495 2035 557 neat;
2066 490 2184 545 htcc
2208 490 2352 545 enim
2380 489 2552 559 gratia
2581 487 2777 544 natalis
2798 494 2882 543 est
2904 484 3118 541 Domini
3147 481 3474 551 Salvatoris,

1880 592 1937 637 ut
1966 582 2019 638 iu
2066 581 2309 637 futurum
2338 582 2404 637 ad
2435 580 2861 653 praedestinatos
2894 586 3171 645 transeat,
3204 575 3260 632 in
3283 584 3481 648 praete-

1877 676 2040 732 ritum
2073 687 2356 732 remaneat
2401 676 2467 730 ad
2515 675 2761 731 devotos.
2798 675 3027 745 Oportet
3058 685 3190 741 ergo
3216 684 3339 728 esse
3378 684 3480 726 nos

1876 771 2167 825 sanctitate
2195 784 2385 840 puros,
2442 769 2677 825 mundos
2722 767 3005 839 pudicitia,
3048 764 3254 821 nitidos
3306 765 3479 820 bone-

1875 872 2049 931 state;
2076 874 2136 919 ut
2165 878 2275 935 quo
2304 862 2449 919 diem
2471 863 2665 919 festum
2685 860 2950 917 advenire
2974 857 3334 931 prepinquius
3358 870 3481 913 cer-

1876 957 2175 1024 nimus,eo
2204 955 2515 1011 accuratius
2562 955 2901 1010 incedamus.
2949 951 3007 1007 Si
3059 952 3205 1007 enim
3256 949 3483 1004 mulier-

1874 1053 2012 1108 culae
2065 1052 2249 1107 Solent
2314 1051 2524 1122 aliquas
2581 1050 2746 1105 ferias
2803 1054 3175 1118 susceptum,
3234 1044 3482 1100 maculas

1875 1145 2104 1201 vestium
2150 1152 2373 1198 suarum
2416 1158 2554 1215 aqua
2588 1140 2841 1204 diluere;
2890 1152 2989 1195 cur
3020 1153 3129 1193 non
3164 1138 3337 1208 magis
3376 1144 3479 1192 uos

1875 1239 2161 1309 excepturi
2205 1239 2442 1293 natalem
2478 1236 2723 1302 Domini,
2754 1234 3007 1290 maculas
3042 1230 3351 1287 animarum
3378 1244 3477 1286 no-

1874 1343 2108 1389 strarum
2133 1332 2353 1389 fletibus
2380 1330 2701 1387 sbluamus?
3476 1334 3477 1337 ‘

1946 1427 2000 1480 Ξ.
2027 1424 2055 1464 δ
2087 1425 2157 1481 Et
2204 1427 2311 1482 illae
2352 1426 2571 1497 quidem
2612 1424 2659 1478 si
2701 1422 2840 1479 adeo
2889 1420 3105 1477 infecta
3131 1426 3187 1473 et
3232 1419 3479 1476 obscura!

1872 1520 2127 1575 sordibus
2162 1519 2384 1584 fuerint,
2415 1524 2475 1575 ut
2505 1519 2751 1574 maculas
2782 1517 2894 1573 sola
2927 1530 3066 1586 aqua
3093 1528 3202 1570 non
3235 1516 3471 1584 purget,

1872 1612 2077 1668 addunt
2108 1612 2393 1667 mollitiem
2417 1610 2525 1667 olei
2546 1652 2561 1678 ,
2594 1610 2816 1681 saponis
2856 1611 3023 1664 etiam
3070 1606 3426 1663 acrimoniam
3456 1622 3470 1659 :

1873 1722 1972 1761 nos
2001 1721 2220 1777 quoque
2248 1706 2294 1762 si
2328 1714 2433 1760 tam
2459 1716 2630 1775 grave
2653 1712 2941 1774 peccatum
2970 1701 3161 1762 fuerit,
3196 1708 3253 1753 nt
3282 1698 3335 1753 id
3364 1699 3473 1754 mio'

206 1802 415 1848 strorum
466 1791 762 1864 purissime
792 1791 1043 1848 faciatis:
1070 1800 1127 1848 et
1162 1807 1270 1848 non
1303 1793 1481 1848 solum
1521 1791 1591 1848 ab
1617 1791 1767 1848 omni

1875 1801 2022 1856 nime
2047 1799 2182 1856 solis
2223 1798 2441 1854 fletibus
2474 1799 2748 1864 abluatur,
2784 1795 3054 1851 addamus
3078 1792 3475 1849 misericordiae

201 1886 532 1951 immunditia,
553 1886 654 1942 sed
671 1885 837 1942 etiam
856 1887 925 1942 ab
947 1886 1207 1941 uxoribus
1230 1886 1463 1955 propriis
1478 1885 1769 1942 studiosis-

197 1979 315 2034 sime
349 1992 441 2035 vos
482 1980 851 2035 contineatis:
883 1978 1066 2034 odium
1097 1978 1486 2045 nihilominus,
1535 1978 1672 2033 iram
1713 1985 1771 2034 et

198 2070 601 2141 indignationem
621 2111 636 2138 ,
676 2071 981 2127 clamorem
1010 2081 1065 2127 et
1108 2070 1502 2141 blasphemiam
1524 2110 1541 2140 ,
1572 2084 1769 2141 super-

200 2164 320 2220 biam
346 2171 503 2236 atque
544 2166 868 2237 jactantiam
893 2207 906 2233 ,
954 2180 1079 2221 cum
1107 2167 1258 2221 omni
1287 2165 1490 2220 carnali
1521 2164 1767 2222 deiecta-

203 2259 326 2313 tione
345 2259 529 2328 procul
558 2272 597 2313 a
626 2259 781 2314 vobis
811 2258 1131 2329 repellatis;
1164 2268 1225 2313 ut
1260 2272 1385 2313 cum
1425 2255 1545 2313 dies
1582 2257 1769 2311 Domi-

198 2350 314 2406 nlca:
367 2352 667 2407 nativitatis
705 2352 1022 2419 advenerit,
1072 2350 1365 2407 salubriter
1410 2352 1584 2421 ipsum
1621 2348 1768 2406 cele-

196 2444 330 2500 brare
383 2446 626 2516 possitis.
684 2445 756 2501 Et
805 2447 949 2502 sicut
1004 2446 1159 2501 multi
1222 2454 1351 2501 sunt
1411 2444 1631 2500 solliciti
1696 2444 1767 2502 de

195 2539 474 2595 carnalibus
522 2541 761 2605 divitiis,
811 2550 865 2596 et
893 2541 965 2596 de
997 2541 1252 2611 pretiosis
1295 2540 1665 2604 vestimentis,
1706 2548 1766 2595 ut

194 2631 609 2689 honorabiliores
639 2633 854 2688 caeteris
875 2632 1164 2688 videantur
1193 2633 1246 2687 in
1277 2631 1365 2687 illa
1398 2632 1526 2699 die;
1559 2633 1633 2688 ita
1664 2645 1766 2688 vos

190 2727 511 2784 sollicitiores
557 2735 745 2784 estote
787 2728 858 2783 de
889 2728 1227 2799 spiritalibus
1263 2727 1470 2784 divitiis
1507 2737 1563 2783 et
1597 2727 1766 2783 vesti-

189 2821 389 2886 mentis;
419 2821 546 2891 quia
588 2820 730 2875 sicut
772 2819 955 2874 anima
998 2820 1197 2875 melior
1221 2828 1306 2875 cst
1332 2834 1520 2885 carne,
1554 2819 1627 2874 ita
1666 2819 1764 2877 de-

189 2909 307 2965 licia:
339 2913 614 2983 spiritales
647 2911 904 2967 meliores
955 2922 1103 2980 sunt,
1153 2927 1316 2983 quam
1371 2913 1622 2968 carnales
1646 2952 1658 2966 .
1695 2912 1761 2968 Et

186 3004 331 3059 multo
360 3005 555 3061 melius
585 3013 672 3060 est
698 3005 937 3061 animam
978 3020 1177 3060 ornare
1224 3004 1554 3073 virtutibus,
1592 3021 1759 3077 quam

186 3110 359 3167 corpus
389 3096 653 3169 pretiosis
682 3098 912 3154 induere
936 3100 1202 3155 vestibus.

1870 1894 1993 1949 oleo
2044 1893 2403 1948 acrimoniam
2453 1891 2669 1962 jejunii.
2720 1889 2939 1944 Nullum
2989 1887 3134 1943 enim
3167 1893 3277 1940 tam
3305 1894 3485 1955 grave

1869 1984 2125 2041 delictutn
2156 1991 2259 2050 est,
2294 1982 2438 2053 quod
2469 1998 2576 2037 non
2603 1988 2867 2053 purgetur
2911 1978 3265 2042 abstinentia,
3318 1976 3473 2032 eice-

1870 2078 2118 2149 mosynis
2156 2078 2571 2148 esstinguatur;
2602 2077 2679 2131 ait
2706 2074 2854 2130 enim
2894 2080 3117 2127 sanctus
3160 2068 3475 2140 propheta:
3534 2106 3537 2107 ν

1871 2172 2022 2227 Sicut
2047 2184 2182 2241 aqua
2209 2170 2493 2241 exstinguit
2519 2170 2708 2241 ignem,
2734 2170 2809 2221 ita
2838 2166 3173 2235 eteemoayna
3193 2160 3475 2232 exstinguit
3562 2208 3569 2219 ,

1870 2272 2139 2335 peceatum
2161 2262 2335 2334 (Eccl.
2366 2262 2579 2332 111,55).
2604 2261 2797 2332 Magna
2819 2272 2952 2330 ergo
2984 2268 3070 2313 est
3096 2259 3474 2327 eieemosyna,

1867 2374 1990 2429 qum
2015 2356 2323 2414 ardentium
2364 2356 2656 2412 criminum
2686 2346 2877 2425 globos
2918 2350 3316 2409 benevolentia:
3356 2362 3472 2404 suat

1868 2452 2018 2508 fonte
2049 2450 2369 2522 refrigerat,
2408 2456 2465 2505 et
2485 2448 2721 2521 quodam
2757 2448 2964 2518 irriguo
2992 2445 3260 2516 largitatis
3288 2443 3474 2499 obruit

1868 2544 2117 2602 incendia
2162 2545 2529 2609 delictorum;
2582 2552 2642 2600 ut
2695 2543 2941 2613 quamvis
2989 2540 3230 2596 odensus
3279 2538 3467 2605 Deus,

1866 2646 2121 2718 quamvis
2167 2641 2493 2699 criminibus
2543 2648 2918 2710 provocatus,
2960 2646 3189 2708 cogatur
3232 2634 3473 2691 liberare

1863 2737 2254 2809 eleemosynis,
2288 2751 2447 2809 quem
2478 2735 2831 2805 disposuerat
2860 2734 3056 2804 punire
3079 2730 3337 2802 peccatis.
3363 2725 3471 2783 Co-

1864 2833 2011 2904 gitur
2054 2832 2201 2888 enim
2232 2847 2260 2885 a
2292 2831 2449 2887 nobis
2474 2828 2879 2901 quodammodo
2904 2870 2918 2892 ,
2957 2828 3085 2882 dum
3119 2825 3470 2896 compellitur

1864 2942 1964 2998 pro
2012 2925 2223 2980 actibus
2276 2924 2477 2980 nostris
2526 2935 2743 2978 mutare
2783 2920 3115 2977 sententiam
3161 2926 3217 2973 et
3264 2920 3316 2973 in
3360 2932 3469 2973 uno

1863 3019 2169 3089 eodemque
2201 3016 2420 3073 homine
2475 3030 2619 3071 nunc
2672 3014 2967 3071 severitate
3005 3010 3203 3084 judicis
3248 3024 3466 3082 permo-
3522 3082 3535 3097 ⁸

1862 3112 2001 3178 veri,
2034 3124 2179 3167 nunc
2208 3110 2377 3181 patris
2409 3110 2612 3179 pietate
2640 3108 2898 3163 blandiri.
2933 3102 3095 3161 Pater
3133 3103 3276 3160 enim
3306 3103 3466 3159 nobis

243 3190 289 3245 ὅ.
318 3191 437 3247 Haec
464 3192 805 3258 admonitio,
834 3191 1065 3259 fratres,
1102 3192 1306 3249 ideirco
1350 3193 1419 3248 ad
1466 3209 1564 3249 vos
1618 3194 1758 3251 faeta
1786 3188 1831 3249 C
1868 3204 2008 3259 Deus
2030 3215 2147 3269 est,
2178 3218 2302 3259 cum
2335 3204 2476 3258 bene
2499 3202 2709 3273 agimus
2736 3217 2749 3253 :
2781 3199 2954 3270 judex
2987 3207 3180 3254 neSIer
3205 3205 3309 3263 est,
3337 3209 3460 3251 cum

186 3288 271 3348 est,
310 3286 475 3354 utqui
510 3286 643 3339 boni
690 3294 851 3351 sunt,
885 3300 982 3355 per
1024 3284 1165 3349 hanc
1203 3285 1313 3349 sint
1363 3286 1659 3351 meliores;
1702 3295 1759 3342 et

184 3375 258 3442 qui
285 3378 444 3431 malos
492 3392 552 3433 se
606 3392 729 3431 esse
774 3378 1059 3443 recolunt,
1091 3379 1401 3434 certissime
1431 3390 1757 3434 convertan-

186 3475 289 3532 tur;
331 3478 384 3523 ut
430 3471 640 3540 pariter
687 3471 742 3524 in
773 3468 864 3525 die
901 3470 1202 3526 Dominicas
1244 3472 1540 3531 nativitatis
1586 3474 1755 3527 laetari

183 3559 471 3626 spiritaliter
511 3572 837 3619 mereantur
885 3579 899 3617 :
949 3563 1072 3633 ipso
1115 3570 1447 3633 prastante,
1494 3565 1585 3633 qui
1630 3579 1752 3619 cum

184 3649 320 3713 Patre
367 3664 420 3710 et
465 3655 685 3727 Spiritu
715 3667 909 3713 sancto
942 3657 1083 3717 vivit
1110 3667 1166 3713 et
1193 3669 1385 3729 regnat
1416 3673 1512 3729 per
1545 3659 1752 3714 inﬁnita

181 3747 354 3801 secula
378 3750 731 3816 seculorum,
764 3764 949 3805 amen.

676 3841 840 3914 θος
877 3840 1112 3905 sanato
1138 3841 1203 3898 ιι.

530 3936 612 3991 De
633 3934 807 3990 Natali
840 3935 1054 3991 Domini
1078 3937 1355 3993 veniente.

178 4020 234 4079 In
257 4034 345 4080 set.
372 4028 495 4084 edit.
521 4028 663 4085 maio
690 4029 1014 4093 inscribitur,
1034 4027 1164 4084 Item
1196 4029 1265 4085 de
1298 4029 1473 4085 Natali
1499 4030 1711 4088 Domini
1736 4049 1747 4085 :

233 4120 405 4176 melius
433 4123 489 4179 iu
518 4122 640 4179 cod.
680 4120 858 4192 Lugd.
907 4120 1204 4192 Sequentia
1235 4122 1304 4177 de
1331 4121 1504 4181 Natali
1539 4122 1750 4179 Domini

234 4214 508 4282 veniente;
550 4215 692 4271 unde
728 4215 992 4289 intelligas
1040 4215 1204 4271 utaris
1267 4216 1428 4285 fuisse
1473 4218 1529 4273 in
1570 4216 1745 4291 Lugd.

231 4304 480 4376 Ecclesia,
507 4319 567 4365 ut
598 4325 691 4380 per
712 4309 903 4378 :pfuros
930 4307 1242 4365 ﬂaminicae
1266 4311 1523 4381 populum
1559 4310 1629 4369 od
1654 4326 1751 4366 no.

233 4402 376 4458 talest
405 4401 623 4459 Domini
651 4403 1017 4461 celebrandum
1041 4414 1406 4475 proponerent
1433 4404 1746 4460 sacerdotes.

234 4490 363 4549 Licet
387 4511 550 4567 porro
581 4497 635 4549 in
662 4512 763 4551 nte.
804 4494 966 4551 Vind.
1002 4496 1261 4552 tribuatur
1290 4496 1578 4569 Augustino
1617 4509 1669 4554 et
1695 4498 1749 4553 is

1865 3310 2177 3369 peccamus.
2207 3296 2571 3367 Compellitur
2600 3306 2734 3364 ergo
2759 3293 3018 3362 operibus
3046 3291 3249 3347 nostris
3278 3289 3464 3344 Domi-

1863 3406 1985 3460 nus,
2021 3402 2075 3447 ut
2107 3392 2267 3447 nobis
2312 3404 2465 3445 suam
2510 3385 2944 3442 misericordiam
2975 3382 3268 3455 largiatur;
3298 3391 3462 3452 atque

1863 3485 1985 3541 ideo
2032 3486 2150 3555 ipse
2206 3485 2262 3540 in
2323 3482 2629 3552 Evangelio
2676 3488 2868 3535 Sancto
2934 3478 3068 3533 dicit
3117 3494 3131 3530 :
3188 3475 3231 3531 A
3285 3472 3519 3531 diebus"

1858 3578 2081 3633 Joannis
2128 3577 2383 3650 Baptistae
2432 3590 2648 3646 regnum
2697 3574 2943 3627 caelorum
2971 3571 3175 3641 cogitur
3218 3566 3456 3639 (Matth.

1861 3687 1946 3735 ει,
1989 3670 2102 3742 12).
2146 3669 2279 3737 Quae
2311 3668 2585 3743 sententia
2614 3681 2778 3737 quem
2827 3663 3170 3719 intellectum
3227 3658 3458 3724 habeat,

1858 3766 2160 3822 videamus.

1926 3856 1980 3914 ὅ.
2014 3859 2258 3929 Regnum
2286 3855 2553 3913 caelorum
2602 3870 2709 3910 non
2757 3854 2862 3909 nisi
2892 3851 3145 3907 Christus
3166 3857 3250 3902 est
3275 3845 3460 3902 Domi-

1856 3962 1988 4018 nus,
2020 3951 2114 4022 qui
2138 3957 2333 4021 regnat
2362 3950 2414 4004 in
2447 3949 2621 4005 cmlis.
2656 3948 2791 4018 Cogi
2819 3954 3002 4001 autem
3048 3943 3275 3999 verbum
3327 3952 3459 3996 tune

1854 4046 1997 4103 solet
2023 4045 2152 4111 dici,
2181 4056 2306 4099 cum
2338 4057 2431 4100 res
2459 4043 2642 4113 aliqua
2673 4042 2852 4097 rarior
2878 4037 3101 4094 assidua
3133 4035 3457 4107 operatione

1853 4138 2133 4194 densatur.
2160 4135 2239 4191 Ex
2270 4151 2378 4207 quo
2406 4149 2536 4205 ergo
2584 4134 2822 4193 Joannes
2865 4132 3112 4203 Baptista
3156 4127 3461 4187 Saivatoris

1853 4231 2195 4291 annuntiavit
2244 4228 2576 4297 adventum,
2623 4244 2690 4284 ex
2741 4242 2809 4284 eo
2855 4241 3087 4298 regnum
3142 4224 3452 4289 caelorum,

1852 4324 1997 4397 quod
2025 4325 2179 4396 prius
2208 4323 2435 4380 liuidum
2466 4332 2524 4379 et
2552 4323 2842 4378 remissum
2879 4318 3025 4390 apud
3049 4317 3271 4379 Judaos
3307 4316 3456 4387 iaceo

1851 4419 1982 4483 bat,
2011 4415 2353 4473 credentium
2383 4415 2706 4488 populorum
2746 4412 2917 4484 erepit
2955 4410 3281 4467 assiduitate
3319 4408 3455 4464 den-

1854 4508 1988 4577 sari,
2019 4516 2076 4565 et
2110 4510 2297 4564 omnis
2333 4508 2423 4563 illa
2453 4507 2607 4578 regni
2645 4506 2847 4561 raritas
2871 4502 3319 4574 praedicationum
3349 4498 3460 4555 fre-

229 4586 524 4655 quibusdam
545 4588 859 4656 Ambrosio;
886 4589 1072 4644 melius
1098 4599 1270 4645 tamen
1294 4589 1433 4645 inter
1466 4589 1748 4647 Maximino
1774 4581 1777 4641 Ῑ

1864 4605 2212 4677 quentatione
2262 4602 2520 4667 solidari;
2570 4610 2680 4655 tam
2739 4599 2889 4655 enim
2935 4612 3117 4653 rarum
3165 4594 3265 4649 fuit
3314 4591 3456 4663 apud

230 4694 315 4734 nos
342 4683 525 4752 referri
557 4692 743 4755 potest,
772 4699 893 4745 cum
918 4682 1067 4737 illius
1092 4683 1367 4749 sermonis,
1390 4683 1479 4754 qui
1503 4684 1557 4738 in
1581 4682 1738 4740 Rom.

228 4775 347 4829 edit.
376 4787 596 4847 quartus
623 4778 861 4844 habetur,
892 4787 943 4833 et
970 4775 1196 4831 Maximi
1229 4792 1341 4832 esse
1368 4776 1616 4846 probatus
1637 4788 1741 4845 est,

231 4877 548 4933 continuatio
575 4877 663 4943 sit,
686 4875 826 4947 quod
840 4873 1099 4931 Erasmus
1125 4873 1180 4928 in
1210 4876 1443 4944 margine
1465 4874 1745 4939 aduenisse

231 4968 374 5023 etiam
402 4969 629 5025 videtur.

230 5061 277 5114 ι.
304 5060 445 5118 Satis
481 5062 807 5132 abundeque
832 5071 858 5101 ι
887 5061 1094 5117 dixisse
1140 5075 1227 5116 me
1252 5060 1420 5117 credo
1459 5062 1745 5132 superiore

40 5144 75 5181 θ)
172 5148 432 5210 Dominica
462 5153 922 5226 quemadmodum
945 5154 1150 5226 compti
1179 5153 1269 5209 vel
1300 5153 1458 5209 nitidi
1504 5154 1740 5210 natalem

43 5317 71 5371 it

40 5426 93 5466 L31

170 5241 367 5303 Domini
398 5248 676 5321 suscipere
694 5249 1013 5314 debeamus,
1042 5258 1101 5305 et
1125 5250 1601 5320 supervenientem
1636 5250 1744 5307 fes-

169 5338 411 5397 tivitatem
433 5342 552 5414 ejus
576 5342 725 5399 omni
744 5344 1042 5399 ambitione
1064 5344 1329 5400 retinere.
1353 5342 1633 5413 Retinere,
1660 5346 1742 5401 in-

167 5447 335 5506 quam,
360 5448 417 5495 ut
443 5449 501 5497 et
528 5443 569 5497 si
596 5441 716 5499 dies
740 5440 1107 5498 solemnitatis
1128 5442 1249 5513 ejus
1280 5448 1557 5509 transeat,
1595 5447 1736 5516 apud

201 5606 256 5687 ,γε
277 5598 473 5687 cedent.
494 5600 660 5687 ἷξες..
692 5603 959 5687 superiora
1000 5612 1340 5687 tractatu,
1392 5612 1443 5659 st
1490 5621 1728 5687 stipem-

159 5674 316 5751 θήραις
359 5674 628 5754 festivitate
684 5674 801 5745 ejus
844 5674 906 5733 ab
952 5677 1096 5742 omni
1138 5675 1422 5741 ambitione
1471 5676 1727 5743 addicere

152 5755 337 5813 iniqua,
369 5755 444 5801 tta
470 5755 547 5813 ut,
577 5759 682 5805 etc.

211 5785 444 5873 θεῖαίιῖ
706 5829 753 5877 et
781 5820 886 5879 illa:
911 5820 1119 5894 quidem
1162 5819 1352 5880 recultc
1397 5822 1441 5878 si
1477 5822 1605 5881 adeo
1635 5824 1720 5881 in-

1851 4697 2068 4755 .iudteos
2095 4711 2358 4768 regnum,
2386 4704 2447 4749 ut
2492 4692 2751 4749 transiret
2796 4692 2864 4747 ad
2909 4699 3102 4763 gentes
3134 4707 3147 4749 :
3179 4698 3286 4744 tam
3335 4684 3458 4741 ﬂui-

1852 4792 1980 4849 dum
2006 4834 2021 4858 ,
2052 4799 2113 4847 ut
2152 4799 2431 4848 emanaret
2470 4788 2537 4843 ad
2570 4788 2823 4859 populos.
2877 4786 3031 4841 Nunc
3075 4792 3256 4839 autem
3302 4788 3453 4837 tanta

1849 4885 2195 4947 credentium
2223 4884 2439 4955 cogitur
2463 4883 2773 4950 densitate,
2818 4891 2876 4937 nt
2902 4881 3065 4936 fixum
3114 4886 3170 4935 et
3211 4875 3449 4933 solidum

1852 4988 2072 5036 maneat
2094 4981 2214 5035 sine
2237 4978 2359 5043 fine,
2394 4978 2537 5033 sicut
2557 4975 2839 5045 Scriptura
2869 4974 3004 5030 dicit
3032 4991 3045 5026 :
3072 4970 3139 5026 Et
3168 4969 3313 5040 regni
3334 4971 3448 5041 ejus

1849 5088 1956 5129 non
1977 5074 2073 5127 erit
2098 5073 2220 5143 ﬁnis
2250 5071 2405 5143 (Luc.
2441 5086 2479 5137 ι,
2511 5070 2629 5143 55).
2662 5068 2915 5139 Cogimus
2938 5082 3068 5139 ergo
3091 5078 3313 5136 regnum
3333 5076 3445 5118 cm-

1847 5169 2045 5233 iorum,
2067 5177 2120 5223 et
2148 5167 2256 5222 vim
2285 5165 2693 5238 quodammodo
2716 5165 2967 5230 facimus,
2995 5163 3131 5216 sicut
3157 5159 3254 5225 ait,
3280 5172 3445 5213 evan-

1844 5262 2019 5332 gelica
2044 5259 2208 5315 lectio
2242 5274 2257 5317 :
2287 5258 2356 5317 Et
2379 5261 2480 5313 vim
2510 5258 2756 5329 facientes
2778 5258 3033 5327 diripiunt
3062 5252 3194 5307 itlad
3221 5248 3440 5323 (Matth.

1846 5370 1935 5423 ιι,
1962 5354 2074 5424 ιε).
2108 5352 2252 5420 Vim,
2276 5353 2521 5424 inquam,
2553 5351 2782 5408 facimus
2812 5348 3068 5410 Domino,
3102 5358 3123 5385 ε
3148 5361 3254 5400 neu
3288 5359 3441 5400 com-

1844 5446 2142 5520 pellando,
2191 5446 2290 5507 sed
2339 5443 2519 5502 ﬂendo
2565 5463 2577 5500 :
2628 5461 2735 5500 non
2784 5442 3132 5514 provocando
3189 5440 3442 5511 injuriis,

1846 5611 1990 5680 recite
2014 5615 2061 5680 et
2082 5605 2603 5680 pbsctttﬂaardibus
2634 5605 2863 5671 fuerint;
2884 5604 3053 5680 Vind.
3083 5614 3283 5680 autem
3312 5604 3440 5680 ,_Et

1829 5674 1938 5735 illa:
1964 5678 2167 5749 quidem
2208 5679 2253 5741 ti
2279 5677 2410 5742 adeo
2451 5678 2657 5747 infestat
2690 5692 2772 5749 res
2816 5677 3018 5739 cellulae
3063 5677 3299 5748 fuerint:
3324 5674 3434 5732 duo

1829 5746 1996 5822 alii”;
2034 5749 2080 5822 si
2104 5748 2232 5822 adeo
2257 5750 2463 5822 infectae
2489 5746 2574 5809 res
2593 5746 2836 5822 sordibus
2860 5746 3071 5822 fuerint.

1908 5836 1929 5865 ο
1957 5819 2144 5881 Codex
2176 5819 2335 5887 Vind.
2357 5863 2372 5893 ,
2402 5836 2504 5880 non
2524 5819 2907 5883 contendendo.
