3970 6316
3791 84 3800 112 ι

3333 253 3368 276 κ

569 267 678 330 807
1494 271 1587 330 ΔΙ)
1624 271 1860 331 OPERA
1899 273 2143 332 SANCTI
2182 274 2510 334 AMBROSII
2549 277 2921 337 APPENDIX.
3336 267 3368 276 Ἴ
3688 289 3756 350 eos

569 391 734 467 393
780 390 875 449 sed
919 391 1177 465 lacrymis
1220 392 1498 449 exorando
1525 409 1544 448 :
1573 408 1684 450 non
1728 393 2165 466 blasphemando
2193 397 2244 456 A
2268 411 2414 466 esse,
2443 397 2538 468 qui
2567 400 2640 453 ita
2671 397 2900 465 dormit,
2933 408 2994 454 ut
3035 413 3144 454 non
3177 397 3448 455 custodiat
3484 399 3759 476 Salvatorem;

568 501 679 560 per
711 486 1024 558 superbiam
1047 528 1062 555 ,
1095 486 1192 544 sed
1234 503 1332 558 per
1377 486 1738 544 humilitatem
1789 489 2095 546 maerendo.
2128 489 2172 548 0
2271 503 2328 550 et
2355 491 2480 548 ideo
2511 493 2589 548 illi
2624 492 2875 562 phariszei
2907 493 3057 549 velut
3079 493 3283 548 mortui
3303 508 3407 548 non
3436 503 3675 564 potuerunt
3689 516 3762 559 set-

568 579 736 638 beata
779 578 1070 636 violentia!
1122 595 1245 650 qua:
1273 593 1384 636 non
1431 579 1813 651 indignatione
1845 582 2170 652 percutitur,
2271 601 2403 642 vare
2429 585 2728 642 viventem.
2759 586 3083 656 Propterea,
3115 586 3340 652 fratres,
3377 603 3478 642 non
3501 589 3762 658 dormiamus,

565 672 669 732 sed
697 673 1080 730 misericordia
1125 673 1470 730 condonatur
1501 696 1514 733 :
1557 673 1745 744 beata,
1776 678 1996 747 inquam
2019 717 2032 742 ,
2056 676 2173 731 vio—
2273 679 2368 734 sed
2406 679 2696 749 vigilemus
2729 680 2875 735 circa
2909 680 3088 750 ipsum
3128 678 3420 734 Dominum
3450 693 3656 737 nostrum
3688 685 3767 740 Sal-

567 767 766 834 lentia,
797 783 918 840 qua:
947 769 1057 824 vim
1096 767 1325 840 patienti
1351 769 1650 826 bonitatem
1683 769 1854 839 elicit,
1886 779 1941 827 et
1970 771 2172 826 utilita-
2273 779 2554 837 vatorem;
2591 781 2647 826 ut
2669 771 2934 842 appositis
2965 771 3174 851 jugiter
3203 771 3465 826 custodiis
3487 813 3500 837 ,
3523 789 3650 829 nemo
3670 775 3768 832 illum

567 872 680 920 tem
711 861 904 919 tribuit
947 862 1200 920 inferenti
1232 881 1246 918 :
1277 863 1420 919 mala
1463 879 1554 920 res
1597 863 1929 932 admittitur,
1962 875 1988 903 ι
2019 874 2076 922 et
2105 865 2173 922 de
2273 865 2486 920 auferat
2513 879 2540 919 a
2565 864 2843 936 sepultura
2876 865 3116 935 pectoris
3143 865 3345 930 nostri,
3371 879 3466 920 nec
3492 865 3689 922 dicamus
3708 870 3771 923 ali-

561 955 762 1028 injuria
820 971 987 1013 nemo
1032 967 1291 1014 causatur
1325 957 1446 1014 :vis
1487 957 1818 1028 admittitur,
1875 967 1930 1015 et
1981 961 2173 1031 religio
2275 959 2538 1031 quando:
2583 959 2880 1025 Venerunt,
2922 966 2979 1013 et
3027 957 3428 1013 dormientibus
3465 958 3632 1024 nobis,
3664 960 3772 1015 furui

563 1059 917 1124 propagatur.
962 1050 1220 1123 Quisquis
1275 1051 1422 1108 enim
1465 1051 1756 1109 violentior
1790 1052 2012 1109 Christo
2050 1055 2170 1110 l‘ue-
2274 1064 2567 1111 suntcum.
2603 1053 2879 1110 llabemus
2907 1053 3052 1110 enim
3086 1052 3360 1120 inimicos,
3387 1049 3774 1123 quiChristumde

2274 1147 2528 1203 cordibus
2559 1148 2784 1213 nostris,
2818 1149 2863 1202 si
2900 1146 3402 1212 obdortnierimus,
3436 1145 3630 1202 auferre
3655 1147 3776 1203 nitan-

2275 1249 2382 1296 tur.
2412 1239 2567 1297 Unde
2605 1241 2857 1312 pervigili
2886 1256 3017 1296 cnra
3049 1253 3338 1296 servemus
3371 1254 3493 1296 eum
3525 1241 3574 1294 in
3600 1242 3777 1311 sepulcro

2273 1334 2578 1389 animarum
2608 1342 2951 1399 nostrarum;
2984 1333 3058 1388 ibi
3085 1333 3462 1405 pet-quiescat,
3493 1331 3560 1388 ibi
3587 1331 3778 1400 dormiat;

2274 1427 2344 1484 ibi
2372 1443 2498 1484 cum
2527 1428 2788 1496 voluerit,
2821 1437 3090 1498 resurgat.

565 1148 669 1215 rit,
687 1147 1004 1220 religiosior
1021 1147 1312 1205 habebitur
1333 1164 1361 1204 a
1390 1149 1631 1205 Christo.
1657 1149 2020 1222 Aggredimur
2045 1166 2177 1224 ergo

565 1242 621 1298 in
669 1243 870 1300 itinere
914 1243 1210 1300 Dominum
1251 1244 1298 1300 si
1342 1245 1561 1315 quidem
1593 1244 1712 1316 ipse
1741 1253 1828 1302 est
1849 1245 1935 1300 via
1966 1245 2168 1316 (Joan.

562 1349 682 1404 xiv,
705 1334 788 1408 6),
813 1344 870 1392 et
900 1351 1054 1393 more
1083 1336 1540 1409 latronumfbonis
1564 1353 1688 1394 eum
1717 1340 1833 1395 suis
1862 1340 2174 1411 exspoliare

565 1426 823 1494 nitimur,
853 1427 1112 1498 cupimus
1138 1427 1216 1482 illi
1239 1428 1456 1484 auferre
1478 1444 1708 1500 regnum
1731 1472 1747 1497 ,
1781 1429 2092 1499 thesauros,
2119 1441 2175 1487 et

561 1520 733 1591 vitam
764 1538 778 1576 :
810 1519 910 1576 sed
941 1519 1034 1576 ille
1063 1529 1170 1576 tam
1198 1520 1353 1578 dives
1379 1532 1436 1579 et
1461 1522 1645 1595 largus
1677 1531 1790 1588 est,
1823 1535 1882 1579 ut
1921 1540 2028 1580 non
2075 1530 2174 1582 ab-
2346 1523 2398 1577 6.
2425 1519 2451 1558 ἀ
2488 1521 2651 1592 Ergo,
2679 1521 2897 1590 fratres,
2925 1521 3163 1577 natalem
3193 1519 3418 1576 Domini
3443 1521 3781 1592 suscepturi,ab

564 1623 720 1680 nuat,
745 1629 858 1671 non
886 1615 1136 1682 resistat;
1165 1624 1223 1672 et
1249 1630 1370 1671 cum
1398 1617 1584 1673 omnia
1611 1616 1856 1684 dederit,
1891 1619 2172 1676 nihilomi-
2270 1616 2417 1672 omni
2450 1615 2818 1672 conscientias
2855 1625 3076 1670 nostras
3123 1615 3254 1670 faece
3285 1613 3626 1678 mundemus;
3651 1628 3698 1668 ac
3723 1629 3781 1668 cu-

563 1722 671 1764 nus
691 1708 876 1763 omnia
923 1708 1042 1779 ipse
1069 1707 1367 1780 possideat.
1401 1709 1782 1782 Aggredimur,
1809 1713 2064 1785 inquam,
2100 1714 2169 1771 il-
2275 1726 2461 1768 remus
2502 1726 2604 1768 nos
2631 1726 2739 1768 non
2781 1713 2972 1768 sericis
3000 1712 3268 1778 vestibus,
3314 1709 3415 1766 sed
3454 1710 3677 1780 operibus
3702 1725 3784 1780 pre-

556 1801 669 1858 lum
698 1816 805 1858 non
835 1801 1002 1867 ferro,
1033 1817 1141 1857 non
1171 1803 1338 1870 fuste,
1371 1818 1480 1860 non
1511 1818 1645 1860 saxo
1670 1822 1685 1860 :
1714 1807 1814 1864 sed
1850 1818 2167 1867 mansuetu-
2194 1809 2243 1870 Β
2273 1803 2446 1861 tiosis.
2477 1803 2812 1861 Vestimenta
2843 1805 2988 1861 enim
3023 1804 3192 1860 nitida
3226 1803 3474 1858 membra
3496 1803 3680 1872 operire
3700 1817 3780 1870 pos-

560 1896 714 1964 dine,
738 1913 803 1953 ac
828 1899 990 1954 bonis
1013 1898 1298 1970 operibus,
1329 1909 1385 1956 et
1406 1901 1680 1958 castitate.
2276 1907 2427 1966 sunt,
2458 1899 2850 1955 conscientiam
2884 1913 3084 1954 ornare
3119 1913 3228 1954 non
3278 1906 3543 1968 possunt;
3579 1896 3663 1951 nisi
3688 1896 3783 1963 quod

2271 1991 2500 2062 majoris
2528 1992 2872 2048 verecundia:
2905 2000 2990 2049 est
3015 1991 3257 2047 nitidum
3291 1991 3554 2046 membris
3578 1990 3785 2055 incedere,

2273 2096 2328 2142 et
2357 2085 2625 2156 pollutum
2651 2086 2907 2142 sensibus
2933 2085 3240 2141 ambulare.
3266 2083 3548 2140 lnterioris
3577 2082 3707 2154 igitur
3725 2083 3786 2137 ho-

2273 2179 2442 2235 minis
2472 2179 2622 2250 prius
2651 2194 2910 2236 ornemus
2933 2178 3213 2245 allectum,
3247 2187 3306 2233 ut
3336 2177 3620 2233 exterioris
3640 2192 3788 2246 quoque

2275 2271 2347 2328 sit
2377 2274 2610 2328 amictus
2634 2283 2892 2338 ornatus;
2930 2271 3244 2341 spirituales
3283 2269 3528 2326 maculas
3552 2269 3783 2331 abluamus,

2277 2377 2329 2422 ut
2354 2367 2408 2423 in
2437 2366 2596 2423 nobis
2621 2367 2859 2422 carnalia
2888 2365 3130 2436 fulgeant
3153 2366 3500 2421 vestimenta.
3522 2363 3646 2418 Nihil
3665 2374 3789 2416 autem

2276 2461 2500 2533 prodest
2527 2461 2736 2532 fulgere
2765 2460 3135 2524 vestimentis,
3167 2467 3224 2516 et
3243 2460 3478 2516 sordere
3501 2457 3701 2530 flagitiis.
3726 2455 3790 2514 L'lii

2277 2555 2426 2612 enim
2465 2555 2752 2612 tenebrosa
2783 2557 3124 2612 conscientia
3154 2565 3259 2621 est,
3306 2562 3483 2609 totum
3521 2567 3689 2620 corpus
3709 2551 3788 2605 sub

2279 2650 2570 2706 obscurum
2630 2659 2734 2705 est.
2783 2649 3060 2705 Habemus
3123 2658 3304 2704 autem
3356 2662 3470 2720 quo
3523 2646 3790 2704 conscientia:

2279 2746 2522 2802 maculas
2544 2747 2851 2812 abluamus,
2877 2747 3020 2802 sicut
3047 2745 3310 2816 scriptum
3331 2755 3420 2802 est
3453 2763 3467 2798 :
3495 2743 3616 2798 Date
3639 2745 3792 2799 eleemo-

2280 2857 2483 2912 sgnum,
2515 2851 2565 2896 et
2601 2842 2775 2896 omnia
2809 2841 3002 2895 munda
3028 2851 3148 2894 sunt
3176 2839 3318 2894 vobis
3345 2837 3501 2907 (Luc.
3527 2853 3596 2904 ιι,
3619 2835 3706 2905 4i).
3729 2834 3794 2890 Βυ-

640 1989 696 2046 4.
727 1990 853 2048 Haec
891 2000 1021 2047 sunt
1059 2006 1214 2048 arma
1259 1991 1381 2048 fidei
1423 2002 1661 2060 nostrae,
1704 1994 1907 2065 quibus
1939 1997 1992 2052 in
2031 2011 2171 2054 con-

565 2083 851 2156 gressione
871 2091 1165 2140 certamus.
1189 2082 1262 2142 Ut
1283 2094 1465 2141 autem
1506 2085 1594 2141 his
1624 2087 1792 2143 armis
1817 2089 1895 2144 uti
1928 2089 1982 2145 in
2010 2091 2060 2146 vi
2090 2091 2174 2146 in-

573 2177 801 2234 ferenda
861 2178 1174 2249 possimus,
1240 2187 1367 2235 ante
1421 2179 1746 2250 corporibus
1800 2185 2006 2240 nostris
2064 2185 2172 2240 vim

567 2271 974 2342 quodammodo
1003 2269 1269 2327 faciamus
1299 2289 1313 2325 :
1344 2269 1373 2310 δ
1398 2287 1773 2343 expugnemus
1803 2275 2173 2333 membrorum

568 2364 725 2430 vitia,
755 2372 814 2419 ut
840 2365 1103 2420 virtutum
1129 2365 1358 2436 praemia
1383 2381 1820 2439 consequamur;
1844 2369 1997 2440 prius
2026 2371 2172 2427 enim

571 2459 676 2530 ipsi
717 2474 947 2531 regnare
975 2459 1240 2517 debemus
1272 2461 1325 2516 in
1348 2461 1529 2530 nobis,
1555 2473 1613 2518 ut
1645 2479 1870 2536 regnum
1903 2466 2176 2538 possimus

571 2552 814 2622 diripere
853 2553 1180 2610 Salvatoris.
1230 2555 1327 2611 Ait
1361 2569 1494 2627 ergo
1532 2555 1893 2628 Evangelium
1923 2557 2030 2614 :Et
2074 2561 2176 2615 vim

571 2647 820 2720 facientes
848 2648 1104 2720 diripiunt
1131 2648 1265 2704 illud
1292 2649 1509 2721 (Matth.
1538 2651 1751 2724 xt,12).
1776 2653 2045 2724 Raptores
2079 2656 2179 2726 igi-

572 2750 663 2797 tur
683 2755 897 2808 sumus,
921 2751 1177 2813 raptores
1207 2751 1391 2799 autem
1414 2759 1520 2798 non
1551 2745 1656 2800 nisi
1685 2745 1864 2802 aliena
1887 2746 2173 2819 diripiunt.

578 2833 834 2904 Agnosco
876 2848 1060 2890 veram
1102 2850 1228 2890 esse
1274 2836 1605 2892 sententiam
1646 2855 1660 2890 :
1704 2837 1984 2895 Christum
2029 2841 2175 2896 enim

582 2923 839 2982 Ecclesia
869 2925 1050 2996 rapuit
1071 2925 1403 2999 Synagogae,
1433 2939 1490 2985 et
1511 2930 1708 2986 aliena:
1738 2933 1917 3002 gentis
1946 2948 2176 3004 regnum

584 3018 695 3072 vim
752 3017 1007 3075 faciendo
1057 3019 1324 3090 possedit.
1367 3020 1500 3077 Nam
1541 3023 1792 3079 Salvator
1834 3027 2038 3082 tuissus
2079 3028 2182 3084 sub
2281 3041 2592 3096 Operarnur,
2648 3027 2816 3082 corde
2878 3025 3248 3094 mundamur,
3296 3031 3587 3095 praestante
3634 3018 3795 3074 Domino

587 3110 752 3182 Lege,
783 3121 945 3167 natus
971 3113 1071 3168 sub
1101 3112 1269 3186 Lege,
1303 3114 1541 3172 tnttritus
1558 3117 1713 3188 juxta
1745 3119 1965 3192 Legem,
1993 3121 2123 3178 dum
2150 3137 2180 3177 a
2285 3128 2474 3174 nostro
2501 3118 2629 3174 Jesu
2652 3116 2890 3185 Christo,
2914 3119 3152 3190 quicum
3178 3118 3345 3174 Patre
3376 3125 3434 3173 et
3460 3114 3653 3186 Spiritu
3671 3121 3797 3168 sancto

588 3204 798 3262 ludatis
849 3205 1165 3278 negligitur,
1211 3224 1241 3264 a
1281 3209 1536 3280 gentibus
1577 3223 1874 3285 occupatur
1909 3234 1923 3270 :
1957 3227 2015 3272 et
2053 3217 2181 3274 dum
2211 3197 2258 3263 (ἶ
2287 3212 2422 3269 vivit
2447 3221 2502 3269 et
2525 3223 2720 3284 regnat
2740 3213 2794 3268 in
2824 3213 3027 3268 saecula
3055 3212 3426 3279 saeculorum,
3454 3225 3621 3265 amen.

591 3307 614 3336 ο
647 3313 678 3351 a
709 3297 1082 3358 sacerdotibus
1111 3302 1377 3371 perditur,
1407 3320 1437 3360 a
1477 3308 1855 3376 peccatoribus
1886 3310 2180 3377 invenitur,
2804 3305 2971 3378 394
3006 3305 3242 3363 SERMO
3273 3303 3366 3360 Ill.

591 3388 734 3446 sicut
759 3391 879 3462 ipse
906 3391 1018 3449 ait:
1057 3392 1332 3451 Publicani
1361 3406 1408 3450 et
1444 3401 1739 3455 meretrices
1770 3402 2068 3474 praecedunt
2095 3421 2184 3460 vos
2719 3399 2778 3455 ln
2807 3399 2896 3455 die
2935 3399 3131 3454 natalis
3161 3397 3382 3453 Domini
3415 3397 3456 3452 l.

591 3485 649 3542 in
678 3503 894 3560 regnum
913 3488 1158 3544 calorum
1183 3489 1401 3563 (Matth.
1436 3508 1554 3561 xxi,
1579 3493 1696 3564 32).
1719 3494 1990 3567 Raptores
2023 3496 2188 3570 igitur
2291 3493 2480 3548 Aberat
2507 3508 2569 3547 ea:
2593 3491 2820 3563 antiquis
2847 3491 3178 3546 editionibus.
3218 3489 3483 3544 Ambrosii
3522 3483 3803 3560 proculdubio

591 3595 803 3638 ὃυῐηιιει
2362 3586 2498 3640 nihil
2530 3601 2637 3656 pra:
2655 3602 2710 3641 se
2737 3590 2880 3656 fert:
2905 3583 3056 3640 verba
3082 3592 3250 3639 autem
3275 3583 3394 3649 illa,
3421 3590 3632 3653 propter
3650 3575 3805 3650 prolixi-

663 3673 714 3730 5.
747 3675 1053 3734 Mirandum
1098 3694 1205 3735 non
1252 3690 1360 3748 est,
1390 3683 1596 3754 quippe
1633 3684 1726 3755 qui
1765 3699 1796 3741 a
1831 3685 1922 3741 tali
1964 3696 2188 3745 auctore

587 3771 1016 3840 descendimus;
1075 3775 1339 3846 scriptum
1398 3785 1484 3834 est
1538 3779 1687 3834 enim
1743 3779 1812 3834 de
1875 3781 2188 3850 patriarcha

589 3873 781 3922 nostro
827 3865 1115 3936 Beniamin
1156 3883 1169 3919 :
1205 3865 1385 3940 Lupus
1439 3885 1609 3942 rapax
1654 3869 1809 3941 (Gen.
1859 3871 2185 3943 xux,.27);

593 3959 740 4028 rapit
771 3962 918 4015 enim
946 3961 1092 4032 quod
1124 3977 1286 4018 suum
1321 3979 1430 4020 non
1461 3974 1566 4021 est.
1590 3966 1669 4022 lla
1697 3977 1753 4023 et
1785 3981 1886 4024 nos
1912 3969 2061 4024 velut
2095 3969 2191 4025 filii

591 4051 807 4122 rapacis
833 4051 944 4123 lupi
965 4052 1271 4110 alienarum
1298 4065 1573 4127 pastorem
1595 4059 1778 4116 ovium
1803 4071 1988 4117 nostra
2017 4063 2194 4118 inten-

592 4147 744 4204 tione
767 4150 1139 4221 prteripimus,
1172 4153 1315 4208 sicut
1346 4153 1465 4224 ipse
1488 4155 1619 4210 dicit
1651 4173 1664 4209 :
1693 4155 1816 4212 Non
1843 4172 1957 4212 sum
1982 4157 2193 4223 missus,
2299 4149 2647 4206 celebrantes
2674 4192 2688 4217 ,
2739 4151 3025 4206 videamus
3075 4164 3299 4205 sensum
3359 4151 3522 4221 hujus
3568 4144 3814 4214 evangelica"

588 4241 695 4297 nisi
737 4242 808 4297 ad
835 4257 954 4298 oves
1001 4246 1231 4315 perditas
1260 4249 1446 4302 domus
1489 4246 1662 4304 Israel
1691 4246 1911 4321 (Matth.
1945 4265 2042 4316 xv,
2073 4249 2194 4321 24).
2302 4244 2578 4312 lectionis,
2616 4258 2738 4315 quae
2769 4243 2932 4298 modo
2974 4243 3113 4299 lecta
3143 4251 3262 4310 est;
3310 4243 3451 4298 dicit
3489 4241 3630 4298 enim
3666 4243 3816 4293 sanctus

595 4335 826 4406 Rapitur
851 4335 1035 4408 itaque
1059 4337 1338 4406 Christus,
1361 4355 1486 4397 cum
1513 4357 1542 4394 a
1564 4340 1772 4398 Iudaeis
1792 4342 2108 4413 dimittitur,
2142 4351 2200 4400 et
2303 4335 2648 4408 Evangelisla
2676 4336 2910 4408 Αυειιειί
2952 4334 3190 4392 Casam
3219 4335 3406 4392 θάίοιο
3440 4348 3654 4392 censum
3677 4326 3817 4400 βῖοίεδ·

595 4426 667 4482 ab
707 4427 1032 4500 alienigenis
1075 4429 1424 4501 prmdicatur.
1475 4431 1704 4502 Rapitur
1745 4432 2035 4503 Christus,
2073 4451 2198 4492 cum
2305 4446 2425 4487 sum
2449 4445 2570 4486 esse
2599 4429 2863 4484 mundum
2902 4429 3249 4493 universum,
3277 4436 3335 4483 et
3360 4429 3432 4482 ob
3463 4427 3563 4482 hoc
3588 4421 3820 4480 ascendisse

597 4518 870 4575 occiditur
908 4537 937 4575 a
980 4521 1216 4592 Judteis,
1263 4533 1322 4580 et
1367 4526 1632 4595 sepelitur
1668 4542 1698 4581 a
1745 4527 1926 4584 nobis.
1973 4529 2202 4601 Rapitur
2255 4600 2258 4601 ν
2303 4523 2506 4595 Ioseph
2531 4539 2561 4579 a
2591 4521 2816 4579 Galilaea
2843 4523 2912 4578 de
2947 4523 3172 4579 civitate
3199 4519 3468 4575 Nazaretli
3498 4519 3552 4573 in
3579 4516 3769 4572 induam
3787 4509 3819 4560 in

601 4610 858 4668 Christus
902 4629 930 4666 a
985 4614 1342 4685 vigilantibus
1378 4617 1688 4690 discipulis,
1733 4635 1764 4674 a
1803 4600 2203 4680 dormientibus
2230 4600 2282 4660 Ι)
2309 4617 2585 4673 civitatem
2613 4614 2801 4680 David.
2835 4630 2956 4686 qua
2983 4622 3208 4670 vocatur
3232 4611 3548 4677 Bethleem;
3578 4620 3631 4664 υι
3665 4605 3725 4661 ibi
3745 4617 3823 4673 P“"

605 4705 856 4778 perditur
902 4709 1225 4778 pharisteis;
1268 4714 1410 4768 sicut
1450 4714 1768 4771 mentiendo
1817 4717 1922 4788 ipsi
1968 4717 2183 4774 confess

2311 4709 2564 4765 literetur
2583 4723 2706 4765 cum
2731 4707 2897 4763 Maria
2920 4721 3092 4762 uxore
3113 4715 3452 4776 przegnante,
3473 4713 3528 4760 et
3555 4716 3644 4773 pro
3663 4705 3822 4764 utroque

609 4809 762 4867 sunt,
795 4802 924 4857 dum
963 4804 1244 4860 custodias
1283 4815 1558 4876 ponerent
1586 4809 1905 4880 sepulturae,
1945 4821 2072 4881 post
2114 4827 2183 4868 rei

2312 4802 2556 4859 solveret
2579 4815 2828 4869 censum,
2860 4807 2922 4855 ut
2949 4805 3078 4870 pote
3102 4797 3173 4854 de
3201 4798 3391 4853 eadem
3425 4796 3621 4852 familia
3648 4790 3766 4866 (Luc.
3784 4802 3820 4852 II,

609 4895 1010 4950 surrectionem
1049 4896 1290 4964 Domini,
1321 4899 1605 4957 dicentes:
1635 4902 1776 4971 Quia
1803 4903 2060 4975 discipuli
2091 4903 2210 4974 ejus
2315 4898 2341 4952 Ι
2373 4906 2424 4950 et
2453 4894 2607 4968 seq.).
2635 4893 2809 4950 Tanta
2831 4893 3033 4965 quippe
3049 4891 3148 4948 fuit
3173 4905 3298 4962 pax,
3330 4891 3469 4947 Filio
3488 4890 3582 4946 Dei
3602 4891 3824 4958 apparenle

615 4998 778 5045 nocte
802 4995 1096 5056 venerunt,
1128 5001 1183 5046 et
1207 4989 1366 5047 furati
1393 5001 1520 5048 sunt
1555 5009 1704 5063 eum,
1732 4995 1891 5051 nobis
1929 4995 2212 5053 dormien-
2318 4990 2372 5046 in
2403 5005 2590 5058 carne,
2626 5005 2723 5060 per
2742 4988 3030 5044 duodecim
3058 4999 3253 5054 annos,
3287 4994 3348 5040 ut
3369 4999 3578 5048 omnes,
3604 4975 3826 5038 secundum

613 5082 761 5138 tibus
780 5080 1000 5154 (Matth.
1032 5098 1226 5151 xxvttt,
1259 5084 1376 5156 6i).
1410 5085 1567 5143 Unde
1590 5087 1916 5157 spiritaliter
1945 5089 2209 5161 intelligi-
2320 5086 2498 5142 Esaiae
2538 5084 2881 5152 vaticinium,
2916 5084 3286 5138 contunderent
3320 5082 3523 5156 gladios
3557 5093 3665 5133 suos
3690 5076 3732 5128 in
3753 5084 3829 5123 στα·

617 5191 744 5232 mus
771 5177 896 5248 quia
926 5176 1211 5232 Christum
1242 5193 1438 5236 omnes
1468 5181 1804 5238 dormientes
1834 5183 2100 5253 perdunt,
2130 5183 2215 5238 vi-
2322 5190 2424 5245 tra,
2451 5190 2497 5233 et
2541 5181 2749 5235 lanceas
2784 5197 2906 5236 suas
2943 5180 2998 5233 in
3033 5177 3195 5247 [alces
3217 5175 3396 5247 (Esai.
3422 5192 3482 5242 ιι,
3511 5173 3588 5247 ι).
3619 5170 3723 5227 Ideo
3747 5174 3830 5218 vero

617 5270 850 5342 gilantes
905 5271 1222 5339 inveniunt;
1278 5281 1444 5342 atque
1487 5274 1611 5330 ideo
1663 5276 1966 5346 Apostolus
2011 5276 2147 5334 dicit
2203 5296 2217 5332 :
2327 5271 2500 5327 Filius
2529 5271 2651 5339 Dei,
2677 5279 2868 5327 auctor
2898 5271 3069 5341 pacis,
3096 5278 3345 5338 tempore
3370 5269 3518 5338 pacis
3541 5259 3829 5320 nascitur;ut

621 5365 814 5440 Surge,
841 5368 932 5438 qui
950 5367 1170 5437 dormis,
1199 5376 1247 5423 et
1268 5385 1488 5442 exsurge
1515 5387 1547 5425 a
1577 5371 1813 5438 mortuis,
1837 5380 1887 5426 et
1911 5371 2227 5426 illuminabit
2326 5382 2520 5424 omnes
2561 5379 2830 5436 sequaces
2867 5379 2994 5419 suos
3033 5377 3222 5434 pacem
3266 5374 3455 5416 amare
3497 5357 3715 5413 doceret.
3743 5346 3827 5402 Nam

625 5467 674 5512 te
723 5457 963 5514 Christus
1010 5457 1235 5532 (Ephes.
1279 5476 1336 5529 v,
1385 5462 1514 5534 14).
1567 5461 1732 5520 Vides
1779 5477 1911 5534 ergo
1951 5472 2225 5521 mortuum
2332 5463 2475 5519 sicut
2502 5461 2686 5517 Cazsar
2716 5460 2996 5531 Augustus
3016 5458 3163 5514 misit
3192 5457 3456 5528 Cyrinum
3485 5453 3552 5509 ad
3575 5441 3827 5518 exigendum

2367 3689 2530 3736 tatem
2552 3679 2720 3734 divini
2751 3678 2986 3734 officii...
3019 3686 3244 3750 propter
3264 3676 3641 3733 dissonantiatn
3662 3684 3806 3741 regum.

2367 3775 2532 3831 eidem
2556 3775 2766 3829 minime
2783 3773 3108 3830 conueniunt.
3140 3771 3303 3828 Forte
3328 3773 3500 3827 minus
3529 3770 3808 3825 abhorreant

2369 3871 2621 3939 Caesar-io,
2650 3874 2804 3941 cuius
2829 3871 2898 3926 ad
2935 3870 3127 3941 stylum
3155 3878 3294 3924 totus
3333 3868 3420 3923 hic
3452 3883 3609 3924 sermo
3633 3865 3730 3920 satis
3760 3876 3811 3911 rc-

2367 3966 2526 4020 cedit.

2369 4059 2425 4112 1.
2454 4057 2668 4112 Domini
2694 4057 2866 4112 nostri
2889 4055 3020 4112 Jesu
3043 4055 3270 4120 Christi,
3301 4055 3521 4122 fratres,
3555 4051 3812 4110 nativitatem

707 5648 734 5713 ξ
767 5636 912 5713 idem
939 5639 1091 5713 eod.,
1115 5649 1164 5694 et
1191 5640 1255 5695 de
1273 5641 1469 5713 injuria
1496 5659 1642 5698 nemo
1666 5652 1955 5699 accusetur.

705 5707 735 5748 ι)
768 5707 1026 5785 ljonnulli
1047 5707 1204 5777 mss,
1227 5707 1566 5785 expurgemus
1587 5714 1928 5770 membrorum
1955 5717 2101 5771 vitia.

714 5791 737 5821 ο
768 5779 902 5857 Reg.
935 5797 1062 5857 lllS.,
1105 5800 1137 5836 a
1166 5779 1514 5857 sacerdotibus
1552 5787 1842 5857 repellitur.
1891 5788 2038 5844 Idem
2070 5788 2234 5845 etiam

643 5853 1066 5925 sequentiauilla
1124 5871 1136 5907 :
1186 5855 1446 5924 Raptores
1486 5853 1646 5928 igitur
1691 5874 1897 5928 sumus,
1949 5875 2122 5931 usque
2168 5861 2235 5915 ad

2345 5643 2505 5754 Erdqo,
2537 5643 2745 5714 fratres,
2779 5643 3022 5702 natalem.
3048 5640 3437 5712 praetermittit.

2467 5715 2600 5754 ann
2660 5720 2845 5754 (vnlg-pc
2879 5715 3095 5754 nntnlom
3159 5721 3209 5754 nl
3241 5721 3437 5754 nsulsum

2462 5709 2621 5787 Ergo,
2657 5720 2845 5787 fratres
2879 5709 3123 5787 natalem1
3159 5721 3214 5768 et
3241 5721 3452 5787 extera
3475 5709 3830 5787 quae-sequuntur

2341 5788 2406 5843 ad
2439 5779 2797 5858 line'tn'u'sqne
2819 5828 2831 5848 .
2857 5801 2921 5842 ex
2947 5784 3068 5858 cod.
3096 5784 3224 5854 Reg.
3243 5779 3711 5858 et‘Vindfrestitnta
3731 5779 3828 5832 sunt:

2343 5867 2465 5916 etim
2497 5862 2548 5915 in
2573 5859 2694 5915 aliis
2712 5851 2778 5914 'et
2799 5859 2930 5916 edit.
2958 5851 3354 5912 desiderentur.

3883 827 3888 1094 l

2283 2947 2410 2988 num
2461 2933 2823 3005 eleemosyna:
2873 2931 3222 2995 mandatum,
3283 2945 3381 3002 per
3433 2928 3574 3000 quod
3613 2927 3791 2982 manibus
3896 2927 3897 2976 ἱ
