3970 6316
595 314 700 371 615

1522 310 1615 367 AD
1653 310 1887 369 OPERA
1924 309 2175 370 SANCTI
2214 312 2545 370 AMBROSII
2583 310 2951 370 APPENDIX.
3737 319 3808 377 616

591 427 665 482 ob
686 425 973 482 dominicm
1021 423 1319 480 nativitatis
1349 424 1672 496 obsequium
1714 437 1841 484 ante
1867 428 2069 484 mundo
2117 428 2193 483 lu-
2218 430 2271 491 Α
2296 438 2387 501 gat
2414 428 2660 497 sordida,
2692 430 2874 486 exurit
2900 427 3084 495 ﬂuida,
3115 427 3369 499 decoquit
3390 427 3598 485 vitiosa.
3622 430 3736 501 ipse,
3757 438 3811 490 in-

589 536 708 577 cem
739 518 1167 591 protulit,quam
1214 533 1320 575 nox
1372 534 1594 577 cursum
1642 521 1729 577 sui
1753 523 2021 594 temporis
2059 537 2189 578 con-

589 620 914 669 summaret.

665 703 720 760 Ξ.
750 703 891 773 Quin
922 702 1102 775 potius
1132 702 1311 775 ipsam
1339 716 1558 761 noctem
1578 704 1749 762 fuisse
1781 721 1888 762 non
1914 707 2057 773 dico,
2088 724 2190 764 nec

589 796 792 868 aliquid
823 795 1176 856 obscuritatis
1203 797 1481 865 habuisse,
1515 799 1568 854 in
1618 814 1725 870 qua
1781 808 2030 871 pastores
2070 815 2194 871 per—

586 891 836 962 vigilant,
869 892 1149 949 exsultant
1171 892 1377 964 angeli,
1398 903 1549 949 astra
1570 893 1906 951 deserviunt.
1941 895 2055 952 Nec
2093 895 2195 952 mi-

588 987 698 1042 rari
723 985 990 1044 debemus
1010 986 1158 1057 quod
1186 986 1239 1042 in
1288 986 1573 1044 nativitate
1610 987 1814 1044 Christi
1844 1004 1982 1045 nova
2009 990 2193 1047 omnia

586 1079 725 1137 facta
746 1087 894 1145 sunt,
924 1094 1048 1136 cum
1081 1095 1281 1137 novum
1310 1079 1415 1137 hoc
1448 1080 1624 1153 ipsum
1653 1079 1840 1149 fuerit,
1860 1082 2004 1153 quod
2032 1082 2194 1154 Virgo

586 1173 817 1246 peperit.
846 1173 906 1230 Si
930 1182 1117 1230 autem
1160 1181 1361 1244 praeter
1381 1174 1604 1231 solitum
1656 1175 1915 1231 nativitas
1955 1176 2190 1242 exstitit,

584 1272 642 1320 et
664 1272 865 1336 praeter
886 1263 1111 1320 solitum
1132 1264 1395 1336 obsequia
1420 1274 1547 1320 sunt
1574 1264 1776 1321 delata.
1809 1266 1955 1338 Ergo
1977 1268 2194 1323 oriente

595 1356 854 1423 Domino,
890 1365 1142 1425 pastores
1169 1355 1535 1427 pervigilant,
1568 1358 1845 1413 exsultant
1884 1358 2085 1430 angeli,
2110 1360 2192 1415 sol

587 1450 937 1521 obsequitur,
965 1450 1127 1507 stella
1154 1448 1471 1507 famulatur.
1515 1451 1584 1506 Et
1612 1451 1831 1521 quidem
1879 1452 2063 1523 angeli
2108 1452 2193 1509 vel

588 1552 840 1615 pastores
864 1542 1063 1615 gaudia
1088 1559 1183 1599 sua
1203 1558 1339 1599 voce
1364 1544 1451 1600 vel
1478 1544 1828 1601 sermonibus
1852 1560 2195 1618 prosequun-

588 1644 677 1691 tur
702 1651 717 1690 :
744 1634 1012 1691 elementa
1037 1642 1221 1690 autem
1249 1635 1352 1691 ista
1378 1636 1574 1708 gaudia
1599 1647 1753 1705 sua,“
1771 1637 1893 1709 quia
1928 1653 2062 1695 voce
2084 1654 2191 1695 non

585 1736 862 1796 poterant,
891 1725 1075 1782 officio
1100 1736 1495 1798 protestantur.
1522 1729 1615 1785 Sol
1644 1730 1809 1802 igitur
1829 1741 2032 1802 praeter
2059 1748 2191 1789 con-

2294 538 2480 595 quam,
2531 534 2617 580 est
2643 524 2736 596 qui
2779 523 2833 579 in
2880 524 3094 581 cunctis
3138 522 3347 579 actibus
3394 522 3589 580 nostris
3616 529 3814 598 perspicit

2293 616 2476 673 omnia
2506 632 2675 690 opera
2704 625 2915 685 nostra,
2938 626 3122 675 etnon
3146 625 3257 674 tam
3282 619 3601 674 condemnat
3623 621 3813 687 crimina,

2295 725 2459 781 quam
2492 710 2768 768 emendat.
2813 710 2913 767 Hic
2940 710 3103 782 plane
3131 720 3217 767 est
3245 711 3327 767 sol
3346 710 3527 782 justus
3562 721 3611 768 et
3632 714 3814 785 sapiens,

2296 804 2389 875 qui
2421 820 2528 859 non
2549 804 2668 860 sine
2693 803 3215 870 discretione,sicut
3244 804 3400 861 istius
3427 806 3604 862 mundi
3624 806 3691 863 sol
3708 808 3817 866 bouis

2296 911 2360 952 ac
2382 897 2543 952 malis
2568 896 2820 954 similiter
2863 896 3247 954 circumfertur
3276 915 3291 953 :
3324 900 3419 955 sed
3467 899 3682 970 quodam
3717 902 3817 972 judi-

2294 989 2381 1044 cio
2406 990 2677 1057 veritatis,
2694 1000 2885 1045 sancto
2913 991 3079 1058 lucet,
3104 991 3302 1047 occidit
3320 994 3610 1063 peccatori.
3647 993 3739 1051 Hoc
3755 1012 3819 1053 au-

2303 1091 2411 1139 tem
2462 1082 2608 1140 inter
2657 1091 2949 1155 utrumque
2976 1085 3205 1141 interest
3232 1085 3429 1152 solem,
3456 1087 3596 1157 quod
3618 1086 3695 1144 ille
3723 1088 3819 1158 judi-

2297 1175 2442 1230 cium
2495 1177 2712 1243 metuit,
2751 1176 2841 1233 hic
2876 1177 3137 1247 judicium
3185 1180 3550 1235 comminatur
3582 1182 3732 1251 :qund
3762 1185 3819 1241 ille

2296 1270 2671 1340 corruptionis
2702 1271 2954 1327 minister
2990 1281 3097 1337 est,
3139 1271 3226 1328 hic
3257 1273 3579 1329 aeternitatis
3602 1282 3675 1329 est
3694 1274 3820 1331 Domi-

2300 1377 2403 1418 nus
2434 1382 2447 1418 :
2483 1363 2628 1434 quod
2660 1365 2753 1420 ille
2774 1376 3024 1422 creatura
3048 1376 3153 1431 est,
3180 1365 3269 1423 hic
3299 1376 3539 1423 creator.

2369 1454 2421 1510 6.
2453 1454 2657 1511 Tamen
2691 1457 2855 1513 istum
2888 1456 3073 1513 mundi
3097 1458 3294 1526 solem,
3325 1458 3634 1530 priusquam
3660 1459 3819 1529 oriatur,

2296 1548 2664 1621 adhuc399
2690 1561 2818 1607 ante
2872 1551 3052 1609 lucem
3100 1564 3324 1623 propter
3364 1554 3692 1609 necessarios
3735 1572 3820 1611 usus

2299 1640 2579 1697 hominum
2608 1643 2749 1699 solet
2775 1644 3000 1701 lucerna
3041 1645 3379 1717 praecedere.
3425 1646 3598 1705 liabet
3622 1656 3819 1706 autemet

2294 1731 2545 1791 Christus
2591 1736 2675 1791 sol
2732 1738 3009 1793 lucernam
3036 1754 3215 1806 suam,
3237 1738 3265 1775 ἀ
3284 1755 3413 1810 qum
3436 1755 3562 1797 eum
3592 1744 3819 1812 pracessit,

584 1819 931 1876 suetudinem
962 1821 1018 1875 in
1044 1820 1145 1877 hac
1186 1821 1488 1879 festivitate
1515 1824 1818 1880 matutinus
1848 1825 2041 1882 illuxit.
2075 1827 2191 1884 Nec
2222 1838 2267 1898 Β
2295 1828 2438 1883 sicut
2480 1830 2612 1885 dicit
2641 1830 2917 1902 Propheta
2954 1848 2969 1884 :
3002 1831 3195 1888 Paraoi
3242 1835 3516 1890 lucernam
3554 1836 3730 1893 Christo
3748 1856 3820 1893 meo

585 1913 806 1969 mirum.
823 1912 882 1969 Si
910 1913 1056 1969 enim
1079 1913 1147 1970 ad
1169 1913 1299 1971 Jesu
1322 1914 1472 1972 Nave
1497 1917 1803 1974 orationem
1833 1918 2044 1976 deﬁxus
2070 1929 2185 1977 ste-

585 2007 651 2063 tit
700 2006 753 2062 in
797 2007 888 2064 die
939 2006 1127 2076 (Iosue
1163 2009 1366 2081 x,15),
1399 2023 1500 2065 cur
1530 2025 1639 2066 non
1691 2010 1758 2066 ad
1812 2011 1941 2067 Jesu
1985 2011 2189 2070 Christi

589 2099 931 2157 nativitatem
962 2098 1199 2158 festinus
1228 2111 1582 2172 promoveret
1611 2103 1664 2158 in
1692 2112 1854 2161 nocte
1882 2105 1906 2159 ι

657 2194 711 2250 3.
733 2192 919 2250 Solem
946 2193 1111 2265 igitur
1133 2208 1332 2250 novum
1366 2194 1507 2250 hanc
1529 2195 1672 2251 diem
1704 2197 1901 2269 vulgus
1928 2198 2185 2270 appellat;

587 2295 644 2343 et
672 2301 796 2343 cum
828 2285 964 2343 dicit
991 2301 1215 2353 novum,
1244 2287 1437 2359 utique
1465 2295 1524 2344 et
1547 2298 1789 2345 veterem
1822 2304 1944 2346 esse
1964 2290 2191 2348 demon-

582 2387 723 2435 strat
746 2395 760 2432 :
785 2386 1032 2435 veterem
1058 2387 1243 2435 autem
1275 2378 1510 2436 dixerim
1544 2380 1703 2452 hujus
1744 2382 1934 2438 mundi
1989 2384 2187 2453 solem,

582 2470 676 2543 qui
703 2469 1071 2528 defectionem
1103 2472 1333 2543 patitur,
1361 2474 1455 2544 qui
1501 2473 1804 2544 parietibus
1852 2476 2188 2544 excluditur,

579 2565 674 2637 qui
717 2563 954 2621 nubibus
1006 2563 1329 2620 obscuratur
1380 2572 1661 2622 :veterem
1714 2565 1950 2624 dixerim
1991 2569 2187 2636 solem,

580 2657 675 2730 qui
704 2657 936 2714 vanitati
978 2658 1245 2729 subjacet,
1286 2658 1381 2729 qui
1410 2660 1822 2731 corruptionem
1855 2664 2067 2730 metuit,
2097 2665 2188 2736 qui

576 2749 849 2821 judicium
876 2750 1241 2823 pertimescit.
1278 2750 1559 2823 Scriptum
1585 2762 1672 2809 est
1716 2755 1863 2810 enim
1895 2773 1909 2810 :
1943 2756 2039 2812 Sol
2065 2774 2189 2812 con-

580 2851 808 2898 vertetur
832 2844 889 2897 in
927 2842 1188 2910 tenebras,
1245 2851 1291 2899 et
1320 2843 1446 2899 luna
1494 2844 1550 2899 in
1604 2847 1911 2918 sanguinem
1956 2847 2099 2920 (Joel
2126 2864 2186 2918 ιι,

579 2935 700 3009 31).
724 2936 1003 3005 Veterem,
1036 2937 1277 3006 inquam,
1305 2936 1559 3005 dixerim,
1592 2938 1687 3009 qui
1712 2938 2014 2996 sceleribus
2043 2940 2189 2996 inte-

580 3041 700 3087 rest
730 3030 1043 3098 hominum,
1075 3029 1219 3087 facta
1275 3031 1545 3090 adulteria
1604 3048 1715 3090 non
1744 3033 1967 3107 refugit,
2014 3035 2190 3091 homi-

587 3123 795 3181 cidium
826 3140 935 3181 non
965 3124 1233 3181 declinat.
1254 3126 1467 3184 Etcum
1486 3142 1650 3184 omne
1678 3144 1854 3200 genus
1904 3130 2185 3187 hominum

2295 1923 2414 1996 (Ps.
2441 1940 2629 1993 cxxxr,
2683 1927 2796 1998 17).
2826 1928 2961 1995 Quae
2986 1938 3167 1984 autem
3198 1930 3300 1985 i5ta
3328 1930 3560 1987 lucerna
3584 1934 3663 1998 sit,
3698 1944 3823 1988 osten-

2293 2018 2370 2074 dit
2398 2019 2679 2087 Dominus,
2708 2020 2894 2077 dicens
2939 2024 3008 2077 de
3050 2024 3262 2079 Joanne
3309 2022 3559 2095 Baptista
3592 2042 3606 2079 :
3634 2024 3717 2080 Ille
3752 2036 3821 2080 ml

2300 2114 2515 2169 lucerna
2543 2115 2728 2170 ardens
2779 2126 2829 2170 et
2879 2116 3055 2171 lucens
3091 2117 3273 2189 (Joan.
3303 2134 3356 2185 ν,
3378 2117 3501 2190 55).
3549 2119 3661 2188 Ipse
3699 2131 3819 2175 autem

2290 2206 2550 2276 Joannes,
2582 2217 2640 2264 ut
2663 2209 2983 2280 praecedens
3010 2212 3251 2267 lucernae
3274 2213 3463 2268 iumen
3493 2212 3724 2283 exiguum
3744 2214 3819 2267 ait:

2299 2312 2322 2338 ε’
2355 2300 2495 2356 Ecce
2524 2312 2639 2373 post
2669 2320 2750 2360 me
2781 2305 2936 2373 venit,
2970 2310 3120 2379 cujus
3169 2324 3273 2363 non
3326 2324 3449 2361 sum
3478 2308 3654 2380 dignus
3692 2309 3823 2361 solem

2292 2400 2569 2471 corrigiam
2598 2402 3063 2459 calceamentorum
3090 2405 3220 2474 ejus,
3252 2406 3365 2477 ipse
3416 2422 3510 2460 vos
3538 2404 3774 2478 baptisabit
3792 2408 3823 2456 ut

2293 2494 2501 2566 Spiritu
2525 2507 2705 2552 sancto
2737 2509 2788 2553 et
2806 2499 2916 2570 igni
2947 2498 3099 2571 (Luc.
3150 2515 3231 2567 ιιι,
3263 2499 3374 2573 16).
3404 2500 3583 2557 Simul
3625 2501 3754 2556 ctiam
3776 2501 3823 2552 ln-

2293 2589 2542 2661 telligens
2572 2592 2757 2649 lumen
2788 2608 2944 2649 suum
2967 2595 3100 2650 solis
3122 2593 3317 2651 radiiis
3346 2594 3822 2657 ofl‘uscandum,ante

2293 2683 2541 2752 praedicit
2586 2702 2599 2737 :
2643 2682 2808 2739 Illum
2852 2696 3056 2755 oportet
3101 2704 3366 2754 crescere,
3406 2706 3496 2743 me
3540 2698 3695 2743 autem
3718 2686 3825 2742 missi

2295 2771 2480 2847 (Joan.
2530 2791 2631 2844 ιιι,
2663 2776 2781 2850 50).
2836 2777 2990 2834 Sicut
3040 2780 3185 2835 enim
3240 2780 3497 2837 lucernae
3544 2781 3734 2836 claritas
3766 2778 3824 2833 de-

2290 2872 2521 2926 struitur
2572 2872 2707 2929 solis
2753 2873 3013 2943 adventu,
3058 2875 3131 2930 ita
3180 2885 3236 2932 et
3294 2875 3531 2933 Joannis
3570 2875 3825 2948 paenitentis

2291 2966 2619 3036 baptismum
2672 2969 3097 3039 superveniente
3133 2968 3339 3028 Christi
3381 2972 3564 3043 gratia
3610 2977 3823 3027 vacuatum

2290 3069 2393 3116 est.

2360 3152 2411 3205 7.
2448 3150 2930 3226 Videamusjigitur
2956 3155 3044 3210 hic
3066 3156 3147 3211 sol
3179 3165 3369 3211 noster
3392 3171 3572 3213 novus
3596 3170 3691 3226 quo
3725 3152 3826 3208 fonte

584 3215 725 3273 nolit
750 3232 876 3275 esse
902 3218 1165 3287 medium,
1214 3234 1337 3276 cum
1366 3220 1585 3293 aliquod
1617 3221 1827 3279 crimen
1856 3222 2183 3293 admittitur,

2293 3251 2567 3298 nascatur.
2610 3243 2763 3300 Sicut
2799 3254 2885 3301 est
2916 3262 3131 3313 verum,
3163 3247 3279 3303 Deo
3308 3249 3492 3303 oritur
3517 3255 3721 3305 auctore
3744 3265 3753 3299 :
3775 3245 3828 3299 di-

584 3309 677 3368 hic
704 3311 859 3369 solus
891 3312 945 3368 in
974 3314 1184 3370 cunctis
1214 3313 1553 3371 facinoribus
1588 3326 1718 3373 stat.

654 3404 711 3460 4.
742 3403 889 3477 Ergo
934 3406 1060 3477 quia
1092 3406 1236 3463 hunc
1281 3416 1522 3463 veterem
1552 3422 1675 3464 esse
1706 3408 2054 3467 manifestum
2078 3419 2182 3479 est,

586 3512 785 3555 novum
816 3513 976 3570 quem
1006 3499 1110 3555 nisi
1162 3497 1441 3556 Christum
1472 3501 1765 3558 Dominum
1798 3504 2136 3574 reperiemus
2164 3507 2187 3561 ?

582 3589 653 3647 de
673 3607 780 3662 quo
807 3592 1072 3664 scriptum
1101 3603 1187 3648 est
1212 3610 1225 3647 :
1247 3592 1273 3631 δ
1296 3592 1511 3650 Orietur
1533 3594 1675 3650 vobis
1701 3597 2015 3668 soljustitia:
2045 3598 2186 3671 (Ma-

582 3685 683 3742 lae.
709 3702 785 3755 tv,
803 3684 863 3760 2)
888 3703 904 3754 ;
933 3686 1004 3744 de
1029 3702 1139 3759 quo
1179 3686 1346 3744 etiam
1376 3703 1445 3745 ex
1475 3704 1706 3760 persona
1735 3701 2084 3761 peccatorum
2106 3694 2188 3749 di-

581 3779 660 3835 cit
686 3778 956 3851 propheta
988 3800 1002 3837 :
1033 3780 1133 3837 Sol
1159 3797 1264 3836 non
1294 3790 1368 3837 est
1421 3792 1564 3837 ortus
1592 3783 1761 3851 nobis,
1793 3794 1839 3839 et
1859 3784 2085 3859 justitire
2107 3786 2191 3841 lu-

583 3889 703 3928 men
733 3889 840 3929 non
862 3873 997 3929 luxit
1015 3873 1163 3928 nobis
1190 3872 1350 3947 (Sap.
1380 3890 1436 3943 v,
1466 3875 1546 3946 6).
1588 3875 1689 3933 Hic
1727 3882 1872 3933 enim
1914 3880 1993 3935 sol
2020 3922 2035 3947 ,
2060 3895 2185 3936 cum

582 3966 790 4024 diaboli
814 3968 1057 4023 tenebris
1085 3967 1375 4024 universus
1424 3969 1659 4026 mundus
1690 3980 1837 4028 esset
1866 3987 2185 4044 oppressus,

583 4070 641 4120 et
691 4061 870 4133 caligo
928 4060 1136 4118 referta
1181 4061 1507 4119 criminibus
1556 4065 1816 4121 satculum
1860 4068 2186 4137 possideret,

584 4156 842 4230 dignatus
882 4163 968 4213 est
1015 4156 1205 4213 ultimo
1251 4165 1525 4229 tempore,
1567 4160 1673 4215 hoc
1717 4168 1823 4228 est,
1845 4161 2189 4220 incumbente

578 4240 696 4316 jaTn
722 4256 906 4318 nocte,
936 4257 1117 4305 ortum
1145 4263 1259 4305 suae
1309 4249 1614 4307 nativitatis
1640 4250 1951 4310 infundere.
2007 4255 2190 4313 Primo

584 4343 803 4416 quidem
853 4351 982 4400 ante
1010 4343 1211 4409 lucem,
1238 4343 1344 4402 hoc
1373 4353 1480 4414 est,
1508 4355 1800 4418 antequam
1854 4348 2190 4406 illuminaret

580 4437 811 4507 justitiaa
832 4436 942 4505 sol,
974 4437 1126 4494 velut
1152 4440 1479 4496 matutinum
1502 4440 1776 4513 quoddam
1798 4443 2187 4514 prophetarum

585 4530 737 4587 misit
786 4530 1092 4599 oraculum,
1126 4531 1269 4589 sicut
1289 4533 1554 4604 scriptum
1586 4543 1672 4590 est
1703 4550 1717 4589 :
1746 4534 2018 4592 Mittebam
2068 4554 2191 4611 pro-

2290 3332 2537 3391 vinitatis
2565 3350 2694 3408 ergo
2722 3346 2806 3393 est
2835 3337 3014 3408 filius;
3048 3340 3352 3397 divinitatis
3374 3383 3389 3409 ,
3422 3342 3677 3413 inquam,
3704 3341 3826 3395 incor-

2288 3436 2483 3497 ruptae,
2514 3426 2759 3499 integrae,
2790 3429 3034 3486 illibatze.
3061 3431 3313 3504 intelligo
3344 3435 3511 3504 plane
3540 3434 3824 3508 mysterium;

2287 3518 2409 3575 ideo
2441 3519 2587 3576 enim
2616 3522 2854 3579 secunda
2895 3525 3153 3581 nativitas
3185 3542 3283 3597 per
3320 3527 3714 3584 immaculatum
3751 3525 3824 3579 ll:-

2289 3613 2449 3682 riam,
2481 3616 2604 3686 quia
2631 3616 2779 3685 prior
2800 3632 2896 3688 per
2924 3618 3267 3676 divinitatem
3298 3622 3624 3678 constiterat
3646 3621 3824 3682 illibata;

2288 3715 2349 3761 ut
2377 3708 2461 3762 cui
2493 3708 2640 3778 prior
2678 3708 2936 3767 nativitas
2962 3712 3199 3783 gloriosa
3233 3714 3473 3781 exstitit,
3507 3716 3626 3785 ejus
3650 3710 3824 3771 secunda

2290 3801 2687 3858 contumeliosa
2710 3819 2820 3859 non
2852 3804 3006 3863 fieret
3034 3806 3171 3863 :hoc
3200 3818 3308 3875 est,
3344 3818 3402 3863 ut
3430 3804 3825 3880 quemadmodum

2290 3893 2441 3965 virgo
2487 3895 2637 3950 illum
2685 3896 2943 3953 divinitas
2972 3898 3239 3969 ediderat,
3272 3900 3347 3956 ita
3368 3916 3495 3957 eum
3523 3911 3577 3958 ct
3608 3901 3737 3972 virgo
3756 3897 3825 3952 lla-

2292 3987 2368 4042 ria
2400 3998 2710 4059 generaret.
2743 3990 2957 4048 Habere
2989 3994 3151 4049 etiam
3203 3995 3349 4066 apud
3401 3994 3653 4052 homines
3677 4003 3825 4066 patrati

2290 4080 2571 4149 scribitur,
2589 4081 2731 4138 sicut
2760 4083 2989 4156 legimus
3008 4085 3062 4140 in
3092 4085 3391 4158 Evangelio
3420 4088 3713 4145 dicentibus
3735 4085 3824 4156 plia-

2290 4172 2464 4228 risaais
2493 4172 2722 4231 :Nonne
2752 4176 2836 4230 hic
2895 4187 2971 4233 est
3022 4179 3162 4249 ﬁlius
3213 4178 3415 4251 Ioseph
3444 4181 3601 4253 fabri,
3645 4191 3685 4235 et
3716 4188 3825 4233 nam

2290 4266 2405 4335 ejus
2430 4265 2604 4322 Maria
2624 4278 2698 4323 est
2718 4267 2934 4341 (Matth.
2970 4287 3087 4337 xm,
3119 4271 3214 4344 55)
3241 4272 3263 4327 ἲ
3292 4272 3352 4329 In
3409 4273 3515 4331 hoc
3540 4287 3731 4346 quoque
3763 4268 3825 4325 ad-

2291 4367 2445 4415 verte
2496 4362 2841 4433 mysterium.
2897 4363 3074 4421 Faber
3123 4376 3280 4438 pater
3330 4366 3531 4423 dicitur
3568 4365 3757 4424 Christi.
3780 4359 3827 4418 Et

2292 4454 2452 4523 plane
2497 4454 2648 4513 faber
2699 4456 2861 4514 Pater
2920 4459 3094 4526 Deus,
3141 4460 3233 4532 qui
3286 4463 3453 4518 totius
3488 4461 3669 4520 mundi
3704 4471 3821 4529 opera

2295 4543 2590 4603 fabricatus
2638 4558 2727 4605 est
2779 4559 2875 4606 :et
2928 4551 3087 4622 plane
3120 4552 3290 4623 faber,
3342 4555 3441 4613 sed
3486 4557 3577 4629 qui
3607 4558 3655 4611 in
3677 4549 3825 4609 diluvio

587 4625 769 4696 phetas
793 4640 930 4681 meos
951 4634 1073 4681 ante
1293 4624 1514 4699 (Jerem.
1560 4643 1655 4695 vtt,
1687 4628 1803 4686 25).
1834 4630 2026 4688 Postea
2054 4648 2188 4690 vero
2212 4624 2264 4686 D
2290 4638 2405 4697 Noe
2452 4657 2632 4699 arcam
2685 4643 2954 4703 fabricare
2980 4646 3273 4719 disposuit.
3300 4624 3741 4721 Faber-{inquam},
3770 4653 3828 4699 est

585 4718 705 4791 ipse
728 4733 852 4775 cum
875 4718 989 4776 suis
1013 4718 1205 4788 radiis,
1240 4720 1346 4777 hoc
1385 4729 1472 4777 est
1494 4737 1618 4777 cum
1659 4724 2032 4792 apostolorum
2062 4743 2186 4784 suo-

585 4828 706 4870 rum
730 4812 940 4887 fulgore
962 4813 1328 4887 resplenduit,
1364 4828 1430 4871 ac
1482 4823 1627 4871 tanta
1656 4817 1845 4874 mundi
1892 4820 2183 4893 caliginem

584 4906 838 4965 veritatis
867 4907 989 4965 luce
1019 4907 1297 4977 discussit,
1331 4908 1355 4938 °
1383 4916 1440 4963 ut
1469 4908 1523 4964 in
1557 4908 1758 4966 diaboli
1806 4912 2045 4969 tenebris
2068 4915 2188 4971 uul-

585 5001 670 5060 ius
716 5003 1045 5061 offenderet.

656 5098 709 5160 5,
742 5097 845 5154 Hic
872 5106 957 5154 est
978 5095 1145 5170 igitur
1165 5096 1247 5152 sol
1277 5110 1481 5166 novus,
1522 5096 1614 5169 qui
1639 5099 1876 5155 claustra
1910 5112 2181 5174 penetrat,

586 5186 799 5246 inferna
844 5198 1079 5257 reserat,
1114 5188 1280 5245 corda
1312 5189 1562 5245 rimatur.
1595 5189 1696 5247 Hic
1744 5207 1918 5249 novus
1946 5205 2031 5251 est
2080 5197 2180 5265 sol,

586 5283 678 5354 qui
697 5282 905 5353 Spiritu
944 5286 1138 5338 sancto
1182 5279 1427 5337 viviﬁcat
1456 5292 1693 5351 mortua,
1743 5296 1997 5355 corrupta
2027 5304 2187 5359 repa-

586 5388 693 5447 rat,
728 5378 957 5434 suscitat
980 5376 1094 5447 jam
1125 5373 1387 5432 defuncta
1417 5393 1431 5431 :
1463 5376 1550 5433 vel
1603 5378 1695 5447 qui
1726 5379 1908 5437 calore
1931 5396 2032 5438 suo
2055 5398 2186 5454 pur-

661 5499 688 5561 ξι
714 5489 886 5561 Lugd.
912 5488 1110 5561 codex,
1133 5504 1237 5561 qua
1274 5504 1395 5545 vace
1419 5498 1681 5560 poterant.

658 5558 689 5599 δ
716 5558 898 5617 Codex
924 5558 1199 5627 Valliscl.,
1220 5558 1612 5625 orietur‘nobis,
1636 5572 1746 5617 etc.

664 5643 685 5670 ο
710 5630 788 5703 ita
836 5645 995 5703 mss;
1025 5638 1106 5703 at_
1128 5645 1320 5703 omnes
1345 5632 1477 5689 edit.
1512 5646 1545 5688 e
1565 5633 1862 5703 contrario,
1909 5646 1967 5691 ut
1994 5637 2189 5695 diaboli

592 5701 800 5759 tenebra
827 5701 1001 5755 nullos
1025 5698 1324 5766 offenderet.

660 5774 689 5812 d
712 5775 921 5831 Omnes
956 5770 1118 5837 edit.,
1151 5788 1289 5850 quia
1312 5778 1425 5850 ejus
1448 5785 1625 5850 ortum
1657 5779 1919 5850 prcecessit
1948 5797 1963 5847 ;
1995 5797 2190 5840 omnes

592 5861 748 5915 mss.,
769 5858 884 5917 quae
909 5855 1029 5898 eum
1049 5844 1417 5911 praeessitJEt
1446 5844 1871 5907 iterum'omnes
1898 5844 2031 5910 edit.
2065 5870 2188 5913 cum

2291 4733 2383 4804 qui
2403 4734 2680 4792 ordinavit
2700 4737 2870 4811 Moysi
2893 4739 3327 4813 tabernaculum,
3353 4758 3537 4799 arcam
3558 4736 3828 4799 Testamenti

2294 4827 2551 4898 instituit,
2583 4832 2844 4903 templum
2898 4833 3210 4892 Salomonis
3250 4839 3447 4895 erexit.
3469 4838 3691 4895 Fabrum
3723 4835 3829 4891 dite-

2292 4922 2419 4988 rim,
2456 4920 2473 4961 τ
2496 4922 2590 4993 qui
2613 4933 2827 4982 mentes
2848 4926 3052 4999 rigidas
3077 4929 3311 4999 emollit,
3330 4932 3675 5004 cogitationes
3692 4942 3831 4998 supcr-

2291 5012 2389 5069 bas
2411 5016 2698 5087 rescindit,
2726 5017 2952 5076 humilia
2981 5023 3122 5079 facta
3156 5024 3440 5081 sublimat.
3468 5025 3565 5083 Hic
3603 5034 3759 5080 autem
3776 5017 3831 5073 fac

2293 5108 2391 5164 ber
2415 5110 2560 5165 circa
2601 5113 2826 5170 arbores
2874 5130 3044 5173 curvo
3072 5117 3245 5174 utitur
3290 5118 3640 5185 ferramento,
3661 5118 3777 5173 sicut
3794 5111 3829 5165 in

2293 5200 2593 5274 Evangelia
2614 5203 2866 5277 legimus,
2907 5208 3127 5267 dicente
3174 5210 3571 5270 Joannezlam
3596 5204 3832 5269 securitati

2292 5293 2520 5350 radicem
2540 5297 2788 5353 arborum
2816 5301 2985 5372 posita
3011 5313 3106 5358 est.
3127 5303 3313 5361 Omnis
3338 5307 3495 5363 arbor
3512 5317 3535 5354 Β
3558 5322 3655 5361 non
3682 5301 3831 5374 [σάω

2293 5389 2516 5458 fructum
2557 5391 2842 5462 excidatur,
2893 5402 2941 5450 et
2980 5397 3033 5451 in
3076 5397 3246 5470 ignem
3290 5401 3520 5456 mittetur
3559 5396 3829 5472 (Mutum.

2294 5499 2469 5581 Lugd.
2516 5505 2662 5581 cod_._,
2713 5508 2927 5565 lucerna
2952 5511 3157 5581 lucens;
3186 5515 3361 5572 codex
3387 5515 3646 5581 Valliscl.,
3669 5515 3831 5569 lucum

2294 5574 2506 5642 ardens;
2531 5578 2722 5635 melius
2743 5581 2903 5647 Silv.,
2944 5574 3159 5639 lucerna
3184 5588 3373 5643 ardens
3394 5599 3442 5643 et
3467 5574 3650 5643 lucens.

2371 5654 2395 5733 ξ
2420 5647 2593 5733 Illum.
2627 5649 2759 5733 edit.
2793 5652 2933 5733 sola2
2961 5654 3141 5712 Veniet
3162 5657 3351 5733 fortior
3379 5677 3477 5723 me,
3507 5664 3665 5733 cujus,
3690 5662 3778 5733 pif-

2372 5714 2626 5803 fpmnes
2649 5721 2781 5777 edit.
2809 5738 2873 5779 ac
2898 5714 3314 5803 duo_ms_s.',__qui
3342 5714 3532 5787 utentes
3560 5714 3746 5803 'rigidas
3769 5737 3829 5780 α·

2299 5788 2431 5857 polit
2424 5809 2470 5870 ﬁ;
2504 5792 2701 5870 melius
2726 5805 2907 5870 tamen
2934 5799 3058 5855 cod.
3090 5788 3357 5870 Valliscl.,
3389 5803 3592 5859 emollit.

2373 5870 2397 5907 ε
2421 5859 2584 5918 Rom.
2611 5865 2746 5921 edit.
2775 5866 2913 5938 sola,
2940 5886 3043 5928 non
3073 5871 3268 5943 faciens
3293 5859 3715 5947 fructumbonntn.
