3970 6316
112 258 195 317 (il'l

879 248 1250 311 SERMONES
1287 251 1345 310 S.
1393 248 1739 309 AMBROSIO
1776 248 2153 310 HACTENUS
2193 252 2531 311 ASCRIPTI.

3269 253 3376 311 618

110 375 200 443 10).
226 370 332 428 Hoc.
360 369 499 426 enim
525 366 633 440 agit
669 375 863 433 totum,
892 377 951 424 ut
978 368 1138 425 utiles
1164 367 1407 425 ccelestis
1436 366 1661 422 fabrica:
1688 366 1742 429 Α
1764 382 1885 437 qua:
1913 367 2219 424 laniculum
2248 367 2683 441 nuncnpatur,in
2713 366 2869 439 cujus
2885 366 3154 428 honorem
3185 384 3213 426 a
3237 387 3375 442 gen-

107 468 349 523 arbores“
374 463 425 519 in
472 471 741 519 structura
773 470 1085 533 componat,
1139 462 1501 517 infructuosos
1532 474 1664 516 vero

106 559 292 617 evulsas
310 555 567 613 radicitus
591 556 930 611 ﬂammarum
960 564 1245 611 consumat
1267 553 1538 611 incendio.

674 646 910 705 SERMO
950 647 1060 703 VII.

523 742 600 798 De
625 740 875 797 kalendis
896 740 1197 797 Ianuariis.

113 837 386 895 Cumludos
430 853 491 889 ac
536 835 784 907 profanas
840 834 1156 890 ceremonias
1204 833 1271 887 ad
1302 833 1667 888 celebrandum

160 933 279 985 hunc
305 929 435 983 diem
473 945 507 983 a
531 928 814 1002 gentilibus
836 927 1104 981 institutas
1134 938 1229 997 pot:
1255 925 1455 996 aliquot
1476 925 1668 981 sarcula

159 1025 407 1081 christiani
450 1041 551 1080 non
590 1025 744 1095 pauci
784 1024 1089 1089 retinerent,
1134 1023 1364 1077 maxima
1399 1022 1496 1093 fuit
1541 1038 1668 1076 cura

160 1118 497 1185 SS.Patrum,
520 1126 574 1172 ut
602 1118 746 1189 ipsos
776 1127 883 1172 tum
909 1118 962 1171 in
1001 1116 1354 1188 sgnodis,tum
1382 1116 1437 1170 in
1462 1116 1669 1171 concio-

159 1214 295 1268 nibus
312 1210 371 1265 ab
395 1210 697 1280 hujusmodi
727 1210 1059 1265 deterrerent.
1092 1207 1238 1263 Illud
1268 1226 1295 1263 e
1320 1226 1465 1263 conc.
1499 1208 1665 1263 Trull.

163 1324 269 1362 can.
297 1306 385 1372 62,
411 1303 605 1359 Turon.
628 1319 668 1360 ll
696 1320 813 1358 can.
846 1304 912 1358 17
938 1313 984 1358 et
1016 1302 1181 1358 Tolet.
1213 1318 1264 1357 tv
1288 1319 1404 1357 can.
1441 1303 1498 1357 il
1532 1302 1669 1356 clare

160 1401 470 1472 cognoscitur
494 1416 512 1465 ;
534 1415 595 1453 ac
624 1398 755 1451 varii
786 1413 1047 1452 sermones
1088 1413 1119 1450 a
1145 1395 1537 1468 Chrysostomo,
1561 1395 1670 1449 Au—

157 1497 368 1569 gustino,
402 1494 635 1549 Maximo
675 1503 721 1549 et
752 1493 871 1548 aliis
922 1493 976 1547 in
1025 1510 1135 1548 eam
1161 1509 1268 1548 rem
1291 1492 1452 1547 habiti
1480 1493 1671 1562 conﬁr-

155 1600 304 1645 mant.
330 1588 531 1643 Citatur
559 1604 759 1658 quoque
801 1586 864 1641 ab
897 1585 1060 1641 Iuone
1097 1585 1315 1641 Carnut.
1349 1601 1518 1641 sermo
1547 1585 1671 1640 Am-

151 1683 300 1738 brosii
325 1682 388 1736 de
411 1682 507 1735 hoc
533 1689 857 1754 argumento,
882 1683 1033 1755 cujus
1070 1679 1280 1748 quidem
1320 1680 1499 1753 priora
1518 1680 1670 1735 verba

1771 462 1914 518 tibus
1940 461 2185 520 kalendae
2214 474 2339 519 sunt
2386 464 2653 536 januarice
2697 474 3024 537 nuncupata:
3063 484 3077 532 ;
3111 466 3254 524 unde
3279 469 3374 540 qui

1768 552 2031 611 kalendas
2071 556 2357 625 ianuarias
2408 558 2563 625 colit,
2605 568 2833 629 peccat;
2866 561 3125 632 quoniam
3166 561 3379 618 homini

1769 660 1986 707 mortuo
2012 652 2189 709 defert
2216 653 2524 710 divinitatis
2577 654 2922 727 obsequium.
2948 656 3080 712 lnde
3125 666 3212 712 est
3232 656 3377 728 quod

1766 747 1842 801 ait
1864 748 2160 818 Apostolus
2192 766 2205 802 :
2238 747 2363 803 Dies
2391 748 2696 815 observatis,
2722 760 2769 803 et
2798 766 3017 817 menses,
3039 758 3088 806 et
3119 758 3373 820 tempora,

1768 849 1817 895 et
1856 857 2059 909 annos;
2110 842 2262 897 timeo
2317 858 2381 897 ne
2424 843 2538 897 sine
2566 858 2725 898 causa
2771 843 3107 898 laboraverim
3149 844 3203 896 in
3233 842 3378 897 vobis

1772 932 1970 1006 (Galat.
2010 950 2086 1001 ιν,
2118 934 2231 1005 10).
2260 933 2590 990 Observavit
2632 934 2778 991 enim
2820 936 2964 991 diem
3019 946 3075 991 et
3102 950 3376 999 mensem,

1772 1026 1862 1096 qui
1888 1026 1971 1080 his
1993 1024 2186 1081 diebus
2216 1036 2312 1082 aut
2360 1042 2466 1081 non
2506 1026 2794 1098 jejunavit,
2823 1039 2915 1083 aut
2963 1028 3030 1085 ad
3073 1029 3375 1086 Ecclesiam

1770 1134 1876 1174 non
1932 1120 2235 1190 processit:
2268 1121 2585 1177 observavit
2637 1122 2804 1189 diem,
2846 1126 2937 1194 qui
2977 1124 3238 1180 hesterna
3287 1125 3380 1182 die

1770 1227 1879 1268 non
1907 1214 2174 1284 processit
2227 1214 2296 1269 ad
2327 1213 2656 1283 Ecclesiam,
2690 1218 2963 1286 processit
3005 1217 3070 1271 ad
3104 1233 3376 1287 campum.

1770 1304 1938 1377 Ergo,
1965 1306 2184 1373 fratres,
2216 1307 2367 1363 omni
2399 1306 2584 1363 studio
2622 1309 2907 1379 gentilium
2948 1308 3301 1366 festivitatem
3324 1317 3381 1365 et

1770 1398 1940 1455 ferias
1982 1399 2360 1466 declinemus;
2395 1409 2452 1455 ut
2491 1401 2712 1473 quando
2740 1401 2816 1457 illi
2850 1403 3145 1473 epulantur
3188 1412 3244 1458 et
3272 1402 3381 1457 lteti

1772 1504 1919 1562 sunt,
1948 1504 2076 1551 tunc
2097 1509 2201 1552 nos
2247 1496 2420 1551 simus
2460 1496 2628 1552 sobrii
2651 1505 2815 1568 atque
2835 1496 3048 1569 jejuni;
3081 1513 3188 1569 quo
3221 1498 3385 1554 intel—

1773 1586 1945 1658 ligant
1975 1588 2219 1644 laetitiam
2244 1604 2397 1645 suam
2420 1598 2606 1645 nostra
2647 1591 2973 1647 abstinentia
3005 1592 3383 1648 condemnari.

1845 1683 1901 1738 4.
1930 1682 2053 1739 Non
2080 1684 2256 1739 solum
2286 1694 2466 1741 autem
2502 1686 2808 1757 gentilium,
2858 1686 2955 1743 sed
2985 1695 3040 1743 et
3067 1686 3382 1744 Judazornm

153 1792 260 1831 cum
286 1775 380 1830 hoc
426 1790 662 1829 sermone
708 1790 812 1829 non
864 1772 1194 1839 conveniunt,
1243 1772 1352 1827 alia
1378 1774 1505 1828 satis
1548 1789 1673 1828 con-
1701 1776 1750 1837 B
1774 1776 2054 1833 consortia
2078 1776 2254 1833 vitare
2279 1776 2571 1844 debemus,
2594 1793 2831 1849 quorum
2862 1781 3026 1835 etiam
3074 1779 3389 1836 confabula-

153 1881 356 1943 gruunt.
387 1870 497 1927 Sed
518 1870 625 1925 sive
655 1870 788 1924 hanc
814 1868 1136 1934 concionem,
1169 1870 1273 1925 sive
1299 1869 1458 1924 aliam
1491 1868 1581 1923 ille
1602 1868 1677 1922 vi-

152 1966 297 2031 derit,
336 1975 576 2021 neutram
624 1974 866 2034 putamus
919 1965 1315 2019 Ambrosianum
1343 1979 1489 2031 ;non
1542 1964 1679 2019 enim

150 2058 269 2113 istas
313 2058 710 2129 superstitiones
751 2057 1032 2113 obtinuisse
1075 2057 1367 2113 Mediolani
1396 2058 1682 2113 credideri-

151 2170 278 2219 mus,
307 2169 427 2206 cum
452 2152 514 2214 in
538 2153 669 2207 veris
694 2151 803 2206 illis
826 2152 1172 2219 sermonibus,
1202 2168 1268 2207 ea:
1313 2153 1497 2222 quibus
1523 2152 1682 2223 primi

152 2248 426 2302 voluminis
472 2256 725 2301 tractatus
769 2256 1034 2315 constant,
1062 2264 1324 2318 nusquam
1368 2248 1422 2301 in
1452 2247 1573 2301 illas
1601 2247 1684 2300 in-

151 2352 318 2397 vectus
348 2341 511 2412 fuerit
554 2350 765 2396 sanctus
821 2340 1071 2396 Antistes.
1116 2339 1241 2396 Vide
1272 2356 1429 2410 super
1457 2341 1552 2394 hoc
1571 2354 1686 2410 qua:

150 2444 270 2489 tom.
295 2433 338 2500 Ι,
366 2432 461 2489 lib.
490 2449 549 2502 ιι,
577 2433 646 2490 de
685 2433 969 2505 lnterpell.
1001 2435 1172 2490 David
1213 2452 1329 2508 cap.
1365 2435 1417 2501 1,
1450 2450 1592 2489 num.
1622 2433 1679 2502 5,

150 2529 560 2584 subnotavimus.
590 2527 737 2584 Adde
790 2529 933 2599 quod
962 2538 1009 2584 et
1032 2530 1087 2583 in
1129 2545 1255 2585 mss.
1307 2528 1545 2599 pluribus
1572 2526 1682 2581 Au-

149 2626 353 2695 gustino
382 2623 667 2678 tribuatur.

153 2718 200 2772 l.
234 2716 333 2773 Est
365 2716 503 2773 mihi
534 2716 797 2773 adversus
838 2716 1129 2788 plerosque
1164 2725 1436 2783 vestrum,
1468 2714 1689 2780 fratres,

88 2812 294 2882 querela
346 2826 457 2867 non
510 2810 725 2868 modica
758 2829 774 2865 :
806 2809 877 2865 de
926 2810 1013 2865 his
1043 2810 1239 2881 loquor
1278 2808 1370 2880 qui
1405 2808 1690 2864 nobiscum

99 2909 322 2965 natalem
384 2907 609 2964 Domini
659 2906 1029 2972 celebrantes,
1078 2904 1362 2976 gentilium
1408 2918 1472 2960 se
1540 2901 1693 2959 feriis

90 3002 370 3070 dederunt,
417 3010 476 3059 et
508 3011 633 3073 post
674 2998 809 3055 illud
858 2999 1086 3057 caeleste
1138 2998 1444 3055 convivium
1502 3010 1696 3067 super-

91 3098 317 3153 sittionis
333 3096 444 3153 sibi
468 3094 756 3167 prandium
786 3102 1190 3165 praepararunt;
1214 3101 1271 3147 ut
1300 3091 1391 3164 qui
1414 3098 1542 3147 ante
1561 3088 1698 3144 laeti-

90 3192 225 3247 ticati
275 3191 498 3248 fuerant
546 3189 865 3255 sanctitate,
899 3188 1305 3244 inebriarentur
1328 3194 1517 3255 postea
1542 3182 1697 3238 vani-
1723 3174 1770 3239 C

91 3298 214 3354 late,
247 3289 576 3360 ignorantes
603 3282 750 3355 quod
778 3283 873 3355 qui
901 3282 1021 3338 vult
1046 3295 1278 3353 regnare
1294 3295 1416 3336 cum
1443 3277 1691 3343 Christo,

91 3397 191 3438 non
233 3380 417 3452 possit
466 3379 711 3454 gaudere
740 3393 865 3437 cum
897 3377 1144 3432 sacculo:
1187 3383 1243 3430 et
1269 3374 1360 3445 qui
1407 3372 1523 3428 vult
1546 3373 1697 3426 inve-

91 3478 200 3532 nire
224 3471 745 3548 justitiam,debeat
771 3470 1051 3527 declinare
1077 3467 1371 3523 luxuriam.
1405 3465 1523 3519 Alia
1548 3463 1696 3519 enim

90 3570 223 3625 ratio
246 3577 332 3625 est
361 3569 501 3625 vita
528 3573 771 3630 internae,
801 3562 905 3619 alia
937 3561 1249 3632 desperatio
1272 3559 1510 3615 lascivia:
1560 3564 1697 3612 tem-

89 3661 288 3731 poralis
323 3678 337 3715 :
364 3659 437 3716 ad
469 3659 624 3715 illam
656 3657 857 3713 virtute
900 3652 1239 3719 ascenditur,
1272 3650 1339 3706 ad
1382 3650 1540 3705 istam
1571 3663 1699 3719 per-

92 3756 290 3813 ditione
318 3752 704 3811 descenditur.

151 3850 207 3903 ‘2.
240 3849 426 3920 Atque
456 3846 587 3902 ideo
620 3844 711 3917 qui
758 3844 874 3899 vult
902 3857 1026 3899 esse
1052 3840 1365 3897 divinorum
1405 3837 1700 3909 particeps,

91 3958 193 3999 non
220 3942 395 3998 debet
423 3954 559 3997 esse
597 3938 780 3995 socius
810 3936 1119 4004 idolorum;
1174 3932 1306 3989 idoli
1333 3934 1479 3989 enim
1528 3926 1707 4003 portio

89 4050 167 4095 est
194 4039 485 4096 inebriare
515 4035 646 4093 vino
668 4043 929 4098 mentem,
950 4042 1198 4089 ventrem
1216 4031 1340 4086 cibo
1359 4028 1674 4086 distendere
1691 4068 1707 4093 ,

90 4132 494 4189 saltationibus
536 4127 781 4185 membra
809 4126 977 4199 5.00
1005 4135 1262 4196 torquere
1304 4138 1317 4176 :
1352 4130 1409 4178 et
1435 4123 1508 4176 ita
1529 4118 1712 4190 pravis

90 4226 297 4282 actibus
318 4222 620 4295 occupari,
646 4232 705 4277 ut
731 4222 947 4292 cogaris
976 4218 1233 4289 ignorare
1259 4214 1407 4286 quod
1435 4215 1581 4269 Deus
1605 4218 1710 4268 est.

1780 1870 1860 1926 tio
1888 1878 1973 1925 est
2003 1884 2199 1941 magna
2245 1870 2491 1941 pollutio.
2526 1870 2591 1926 lli
2615 1870 2822 1927 etenim
2856 1882 2974 1928 arte
3018 1871 3304 1928 insinuant
3332 1888 3396 1929 se

1781 1963 2122 2029 hominibus,
2146 1963 2339 2021 domos
2364 1974 2674 2035 penetrant,
2703 1966 3084 2037 ingrediuntur
3107 1968 3388 2036 praetoria,

1781 2072 1945 2112 aures
1998 2055 2241 2126 iudicum
2273 2064 2329 2113 et
2382 2058 2627 2130 publicas
2658 2059 3003 2129 inquietant;
3037 2068 3094 2116 et
3123 2061 3246 2117 ideo
3275 2077 3392 2116 ma-

1782 2155 1865 2226 gis
1896 2154 2219 2225 praevalent,
2252 2170 2362 2226 quo
2390 2156 2565 2227 magis
2592 2164 2722 2211 sunt
2758 2155 3127 2225 impudentes.
3153 2155 3270 2211 Hoc
3298 2172 3400 2210 au-

1786 2257 1894 2304 tem
1930 2262 2035 2304 non
2065 2263 2257 2305 recens
2285 2248 2339 2305 in
2374 2249 2529 2320 ipsis,
2560 2250 2656 2305 sed
2682 2250 3047 2305 inveteratum
3080 2258 3134 2305 et
3162 2250 3403 2319 origina-

1784 2344 1929 2399 rium
1962 2343 2164 2398 malum
2184 2349 2292 2398 est.
2319 2341 2453 2399 Nam
2477 2342 2606 2399 olim
2630 2344 2795 2398 etiam
2827 2342 3113 2398 Dominum
3145 2341 3395 2399 Salvato-

1787 2450 1905 2491 rem
1930 2436 2070 2491 intra
2103 2435 2420 2506 praetorium
2451 2435 2723 2506 persecuti
2743 2443 2968 2501 sunt,et
2997 2434 3244 2504 prtesidis
3273 2449 3399 2491 eum

1786 2528 1998 2600 judicio
2022 2527 2459 2585 condemnarunt
2513 2526 2733 2601 (Matth.
2763 2543 2931 2595 xxvu,
2973 2527 3010 2581 2
3058 2537 3105 2582 et
3150 2526 3307 2598 seq.).
3339 2526 3397 2583 In

1792 2622 2055 2693 praetorio
2102 2636 2233 2693 ergo
2264 2637 2295 2677 a
2324 2620 2527 2677 Judaais
2581 2619 2895 2676 innocentia
2926 2620 3277 2692 opprimitur,
3313 2634 3403 2677 se—

1792 2728 2005 2773 cretum
2054 2714 2326 2787 proditur,
2387 2713 2583 2785 religio
2614 2714 3036 2770 condemnatur.
3067 2712 3203 2768 Cum
3251 2713 3401 2769 enim

1792 2808 2046 2866 Christus
2093 2807 2381 2876 occiditur,
2420 2808 2600 2863 omnis
2645 2806 2700 2862 in
2732 2821 2800 2863 eo
2832 2807 3032 2863 veritas
3081 2815 3138 2864 et
3188 2806 3403 2877 justitia

1793 2906 2232 2972 condemnatur;
2262 2905 2523 2977 quoniam
2557 2905 2674 2975 ipse
2709 2912 2795 2961 est
2840 2903 3177 2971 innocentia,
3212 2902 3409 2975 religio

1796 3001 2132 3071 sanctitatis,
2166 3010 2333 3073 atque
2363 3000 2708 3073 mysterium.

2407 3093 2644 3152 SERMO
2683 3093 2823 3150 VIII.

2269 3190 2348 3245 De
2376 3197 2564 3244 sancta
2590 3188 2897 3259 Epiphania
2929 3189 2971 3244 Ι.

1797 3281 1866 3337 1η
1894 3282 2193 3356 Appendice
2229 3282 2450 3355 August.
2483 3298 2651 3336 sermo
2679 3290 2844 3336 exstat
2890 3296 3103 3336 numero
3132 3280 3258 3348 155,
3288 3297 3407 3335 cum

1867 3392 1967 3447 quo
1994 3374 2077 3428 hic
2108 3382 2280 3430 noster
2304 3374 2361 3428 in
2382 3390 2440 3428 eo
2467 3374 2725 3446 congruit,
2759 3372 2899 3442 quod
2925 3373 2989 3427 de
3015 3377 3266 3443 festorum
3301 3377 3408 3443 fre-

1870 3470 2079 3541 quentia
2104 3470 2254 3525 dicit.
2281 3468 2543 3543 Majorem
2582 3469 2752 3524 adhuc
2782 3469 2916 3523 inter
2943 3470 3081 3523 hunc
3112 3479 3160 3523 et
3183 3470 3410 3539 primum

1876 3564 2098 3621 Maximi
2110 3567 2164 3620 in
2175 3565 2283 3620 illis
2305 3564 2617 3619 advertimus
2640 3565 3018 3633 cognationem,
3035 3565 3179 3635 queis
3191 3565 3243 3619 in
3267 3574 3412 3619 utro-

1876 3675 1974 3729 que
1995 3673 2142 3728 aqua:
2162 3659 2218 3711 in
2243 3658 2419 3712 uinum
2457 3657 2840 3713 conuersionem
2865 3673 3141 3727 corporum
3170 3674 3407 3713 resurre-

1878 3754 2077 3820 ctionisj
2108 3752 2399 3825 symbolum
2425 3769 2534 3807 esse
2562 3751 2866 3806 ostenditur.
2915 3751 3058 3805 Hinc
3108 3752 3415 3824 conjicimus

1879 3854 2142 3901 auctorem
2156 3845 2425 3900 amborum
2436 3844 2672 3899 eumdem
2692 3841 2900 3899 esse.Et
2913 3860 3034 3899 sane
3050 3845 3172 3899 huic
3186 3846 3413 3899 sermoni

1879 3939 1950 3994 ad
1968 3939 2258 4011 marginem
2283 3938 2525 3993 editionis
2548 3935 2758 3992 Erasmi
2785 3937 3250 3992 auctorascribitur
3276 3938 3417 3992 idem

1882 4030 2148 4085 Maximus
2179 4047 2197 4083 :
2226 4031 2377 4101 cujus
2405 4031 2562 4084 etiam
2582 4030 2715 4084 inter
2743 4045 3007 4085 sermones
3029 4045 3161 4083 unus
3188 4028 3253 4083 de
3280 4030 3412 4100 festo

1886 4124 2108 4181 Pascha:
2123 4125 2315 4180 eisdem
2331 4141 2563 4197 prorsus,
2578 4123 2763 4195 quibus
2784 4124 2866 4178 hic
2887 4122 3185 4195 ipse,verbis
3209 4122 3413 4191 incipit.

1888 4220 1941 4273 1.
1975 4218 2373 4274 Exsultandum
2438 4215 2595 4273 nobis
2645 4225 2769 4285 est,
2814 4214 3015 4272 fratres
3078 4215 3412 4283 charissimi,

93 4317 246 4376 Unde
269 4326 511 4375 sanctus
542 4313 843 4387 Apostolus
870 4313 987 4367 haec
1031 4308 1348 4382 praevidens
1378 4307 1549 4363 dicit:
1585 4305 1695 4372 Qua

1816 4310 1962 4383 quod
1992 4311 2134 4367 votis
2161 4312 2372 4368 nostris
2385 4321 2509 4367 vota
2531 4309 3017 4382 suceedunt,quod
3045 4309 3261 4381 gaudiis
3288 4325 3423 4381 gau-

94 4413 260 4481 portio
290 4411 537 4482 justitia:
588 4423 706 4463 cum
745 4402 1066 4477 iniquitate?
1091 4412 1183 4457 aut
1211 4416 1327 4472 quae
1370 4400 1587 4455 societas
1612 4397 1718 4452 luci
1818 4403 1905 4460 dia
1935 4404 2288 4459 cumulantur
2320 4420 2336 4471 ;
2364 4419 2495 4461 ecce
2522 4404 2668 4460 enim
2699 4402 2879 4459 adhuc
2927 4403 3129 4458 natalis
3152 4403 3422 4459 Dominici

96 4520 209 4557 cum
231 4501 514 4559 τεηειηοξεγ
540 4509 629 4553 aut
655 4513 771 4569 qua:
818 4513 939 4567 pars
981 4494 1126 4577 ﬁdeli
1170 4510 1288 4548 cum
1313 4490 1560 4561 inﬁdeli?
1603 4490 1718 4561 quis
1747 4573 1787 4577 _
1819 4497 2173 4554 solemnitate
2201 4496 2366 4555 corda
2398 4507 2585 4554 nostra
2617 4497 2950 4568 persultant,
2975 4504 3034 4551 et
3072 4496 3185 4566 jam
3212 4497 3424 4553 festivi-

108 4606 277 4650 antem
294 4609 593 4651 consensus
617 4590 805 4663 templo
828 4588 923 4645 Dei
951 4574 1065 4643 cum
1086 4586 1239 4642 idolis
1261 4584 1328 4659 (ll
1351 4584 1474 4640 Cor.
1505 4599 1580 4651 vr,
1604 4580 1723 4653 is)?
1747 4573 1800 4635 D
1829 4600 1937 4647 late
1987 4600 2192 4647 sancta;
2249 4591 2569 4663 Epiphania;
2622 4591 2945 4663 gloriamur,
2998 4590 3214 4646 Gratias
3258 4590 3424 4662 igitur

108 4691 251 4762 Ergo
280 4693 326 4747 si
355 4706 467 4745 nos
498 4701 690 4745 sumus
718 4686 982 4758 templum
1030 4682 1145 4751 Dei,
1174 4697 1273 4739 cur
1303 4683 1357 4737 in
1391 4681 1593 4753 templo
1620 4678 1719 4736 Dei

96 4786 294 4842 colitur
327 4785 618 4842 festivitas
672 4781 947 4837 idolorum
975 4780 998 4833 ’ἰ
1046 4793 1142 4834 cur
1172 4776 1263 4832 ubi
1285 4774 1536 4832 Christus
1566 4772 1721 4828 habi.

100 4887 193 4945 tat,
226 4878 322 4950 qui
355 4886 450 4934 est
497 4873 856 4939 abstinentia,
891 4869 1272 4942 temperantia,
1322 4869 1587 4936 castitas,
1633 4866 1720 4922 in-

96 4971 317 5029 ducitur
375 4969 744 5037 comessatio,
774 4966 1038 5033 ebrietas,
1090 4974 1254 5035 atque
1295 4960 1554 5018 lascivia?
1586 4959 1727 5017 Dicit

100 5069 245 5121 enim
295 5066 606 5124 Salvator:
639 5060 806 5117 Nemo
835 5068 997 5127 potest
1024 5058 1223 5113 duobus
1271 5057 1509 5114 Dominis
1536 5058 1727 5112 servire

101 5160 324 5233 (Matth.
363 5176 446 5228 vr,
471 5156 597 5229 24),
632 5158 734 5213 hoc
782 5163 903 5223 est,
961 5154 1077 5210 Deo
1108 5162 1164 5209 et
1203 5166 1553 5208 mammonar.
1583 5152 1731 5220 Quo-

100 5255 267 5311 modo
310 5254 497 5326 igitur
557 5250 787 5321 potestis
840 5246 1102 5318 religiose
1130 5244 1479 5317 epiphaniam
1515 5244 1731 5301 Domini

104 5361 439 5419 procurare,
480 5343 577 5415 qui
601 5342 715 5415 jam
743 5340 1029 5406 kalendas,
1058 5348 1320 5411 quantum
1345 5339 1400 5394 in
1428 5339 1585 5395 vobis
1623 5348 1731 5409 est,

101 5445 484 5501 devotissime
502 5439 828 5496 celebrastis
858 5437 883 5492 ?

175 5541 232 5598 5.
258 5540 446 5598 Janus
475 5534 632 5593 enim
662 5534 825 5590 homo
860 5531 963 5589 fuit
992 5531 1155 5587 unius
1184 5528 1438 5587 conditor
1476 5527 1735 5601 civitatis,

182 5697 209 5725 ι
244 5686 396 5743 Edit.
456 5698 594 5740 cum
646 5698 749 5738 ms.
800 5682 973 5752 Lugd.
1011 5724 1025 5747 ,
1094 5682 1149 5736 in
1198 5683 1376 5752 futuro
1414 5690 1739 5752 componat;

107 5760 335 5830 Optime
366 5756 510 5830 cod.
533 5752 678 5810 Vall.
703 5762 760 5830 et
798 5753 963 5830 Silv.,
989 5755 1048 5830 in
1074 5761 1337 5830 structura
1366 5763 1665 5824 componat.

181 5831 211 5871 δ
251 5831 383 5889 Vet.
413 5826 593 5892 edit.,
620 5828 877 5898 copiosius
905 5825 1120 5897 requirit
1146 5841 1163 5880 :
1192 5834 1303 5884 tres
1333 5838 1493 5894 mss.,
1514 5825 1748 5883 conscius

420 5925 716 5988 PATROL.
760 5922 963 5986 XVII.

1824 4700 1988 4756 agere
2035 4684 2301 4741 debemus
2332 4684 2584 4752 Domino,
2616 4685 2708 4755 qui
2739 4698 2841 4739 nos
2867 4682 3189 4753 frequenter
3211 4683 3421 4750 visitat,

1828 4787 1886 4833 ut
1937 4792 2085 4849 saepe
2115 4777 2393 4834 laetiﬁcet:
2422 4776 2449 4817 ἱ)
2475 4776 2928 4849 frequentiusque
2955 4777 3212 4849 requirit,
3243 4785 3301 4831 ut
3329 4790 3431 4831 ηυ-

1830 4872 2102 4931 merosius
2154 4872 2466 4929 benedieat.
2499 4871 2761 4941 Quamvis
2816 4872 2981 4943 igitur
3008 4872 3263 4944 gentiles,
3299 4869 3430 4925 licet

1832 4985 1995 5037 vane,
2024 4984 2317 5026 numerosa
2344 4968 2690 5024 solemnitate
2716 4969 2967 5023 ltetentur
2995 4976 3219 5037 propter
3246 4963 3431 5019 diver-

1833 5064 2056 5121 sitatem
2082 5062 2311 5120 deorum
2336 5076 2562 5118 suorum
2591 5077 2607 5129 ;
2637 5071 2820 5117 tamen
2876 5060 3063 5132 plures
3095 5056 3252 5114 nobis
3281 5055 3433 5111 festi-

1834 5156 2034 5213 vitates
2063 5164 2290 5228 priestat
2313 5155 2474 5211 unius
2496 5155 2591 5212 Dei
2620 5154 2886 5217 visitatio,
2911 5168 3076 5223 quam
3103 5149 3214 5206 illis
3237 5148 3436 5204 multo-

1838 5267 1959 5308 rum
1979 5251 2289 5307 daemonum
2311 5248 2695 5322 superstitiosa
2724 5245 3101 5318 praesumptio.
3130 5240 3267 5297 Nam
3292 5241 3438 5296 sicut

1836 5361 1936 5405 eos
1989 5348 2225 5404 veritate
2271 5345 2558 5419 religionis
2606 5343 2897 5408 vincimus,
2933 5340 3007 5396 ita
3056 5347 3309 5396 votorum
3335 5354 3439 5395 nu-

1840 5456 1993 5498 mero
2024 5455 2370 5513 superamus.

1916 5534 1969 5590 2.
2025 5534 2350 5607 Epiphania:
2404 5546 2538 5604 ergo
2600 5528 2765 5586 hodie
2817 5541 3176 5600 procuramus
3220 5526 3441 5598 gaudia.

1846 5683 2095 5767 requirit;
2118 5682 2279 5767 Rom.
2305 5678 2468 5743 edit.,
2486 5673 2803 5749 frequentius
2820 5675 3006 5748 repetit
3027 5691 3048 5745 ,°
3066 5674 3242 5732 codex
3272 5672 3447 5743 Lugd.

1851 5765 1911 5812 ιιι
1940 5769 2040 5813 nos
2063 5762 2117 5811 ill
2146 5762 2322 5812 textu.

2816 5911 2899 5977 20
