3970 6316
125 294 208 352 ωε
918 281 1285 342 SERMUNES
1325 281 1378 338 S.
1423 277 1776 338 AMBROSIO
1821 276 2185 335 HACTENUS
2225 273 2558 335 ASCRIPTI.
3283 280 3390 338 622

120 431 172 470 ea
234 405 526 469 secuturis;
587 413 648 459 ut
705 403 836 458 licet
893 403 1130 474 majores
1201 401 1376 456 nostri
1448 411 1693 470 tempore
1722 409 1772 472 Α
1801 396 2031 452 fecunda
2061 406 2204 452 terra
2230 396 2528 467 suscipiat?
2558 395 2713 465 Quis,
2745 395 2984 468 inquam,
3007 410 3116 453 non
3134 396 3250 454 illic
3274 413 3399 454 ver-

118 518 206 560 nos
233 498 598 573 prmcederetit
618 538 632 563 ,
660 505 842 552 tamen
873 497 1151 565 signorum
1182 496 1355 566 gratia
1391 509 1500 550 non
1535 494 1693 563 prmi-
1795 489 1921 545 bum
1949 488 2248 544 Salvatoris
2271 488 2541 544 collocare
2569 489 2721 556 velit,
2751 489 2838 546 ubi
2866 491 2997 545 illud
3033 505 3140 546 non
3173 492 3401 548 szccula-

118 608 245 658 rent.
273 596 398 663 Quae
421 593 562 649 enim
596 593 706 646 illis
740 591 985 646 exhibita
1017 603 1100 646 est
1124 590 1472 660 prasentium
1507 603 1690 643 rerum
1795 584 1934 638 rium
1959 583 2271 639 sollicitudo
2302 582 2580 652 pra-facet,
2613 585 2710 640 sed
2734 585 3146 658 disciplinarum
3178 588 3399 658 spirita-

117 696 163 749 in
191 688 512 746 mirabilibus
540 686 732 751 virtus,
766 685 956 740 eadem
984 685 1157 739 virtus
1187 683 1344 738 nobis
1371 695 1456 738 est
1485 682 1694 737 littera-
1794 675 1925 730 lium
1958 677 2132 732 virtus
2158 676 2437 731 enutriat‘i
2469 678 2645 748 Ergo,
2675 678 2872 736 fratres
2895 723 2909 747 ,
2952 682 3075 752 quia
3117 681 3169 736 in
3213 693 3401 737 sancta

116 801 223 843 rum
249 787 496 838 thesauro
519 784 866 842 conservata;
892 785 952 832 ut
980 776 1134 832 nobis
1156 781 1444 846 praastaret
1471 774 1691 844 pagina,
1795 768 2099 839 Epiphania
2121 769 2518 826 exsultavimus
2535 771 2785 829 videntes
2802 773 3058 834 miracula
3077 775 3404 844 Salvatoris,

117 878 245 952 quod
269 879 317 931 in
341 875 446 930 illis
480 872 707 943 gerebat
735 871 963 927 historia
999 887 1012 924 :
1043 879 1067 908 η
1095 870 1262 925 immo
1289 869 1446 924 nobis
1477 882 1698 938 gerere-
1797 863 2061 919 debemus
2091 865 2270 922 facere
2301 866 2445 937 quod
2483 866 2630 922 illius
2675 871 2935 939 temporis
2979 870 3233 942 discipuli
3277 880 3406 926 tunc

116 982 193 1028 tur
212 966 463 1041 quidquid
497 966 547 1020 in
579 965 739 1021 nobis
768 964 1079 1020 insinuante
1114 961 1524 1032 Scripturarum
1556 973 1696 1029 Spe-
1796 955 2064 1012 fecerunt.

116 1066 226 1122 culo
250 1062 565 1125 dictaretur,
596 1069 650 1115 et
677 1057 979 1130 potentiam
1002 1055 1235 1120 Domini,
1269 1069 1430 1124 quam
1466 1051 1546 1106 illi
1571 1067 1693 1108 car-
1872 1053 1924 1107 5.
1955 1053 2112 1122 Quod
2133 1062 2318 1109 antem
2348 1055 2458 1110 dixi
2489 1055 2696 1112 vidisse
2722 1072 2826 1114 nos
2855 1058 3021 1114 modo
3050 1100 3066 1124 ,
3096 1059 3243 1129 quod
3273 1059 3407 1114 olim

116 1157 314 1214 nalibus
350 1154 522 1211 oculis
558 1160 884 1217 cernerent,
925 1165 1024 1203 nos
1055 1147 1289 1218 spiritali
1314 1148 1519 1202 lumine
1552 1146 1699 1201 vide-
1797 1157 2011 1217 gestum
2045 1158 2126 1202 est
2159 1163 2172 1200 :
2211 1147 2446 1202 vidimus
2492 1149 2652 1218 plane
2679 1190 2694 1213 ,
2744 1149 3100 1222 videmusque
3146 1153 3411 1221 quotidie.

116 1265 306 1309 τεηηιε,
1801 1239 1876 1294 Ea
1901 1240 2045 1294 enim
2075 1249 2204 1295 sunt
2239 1252 2260 1280 ε
2293 1238 2500 1296 Christi
2530 1241 2802 1297 mirabilia
2822 1283 2836 1309 ,
2867 1251 2927 1298 ut
2953 1259 3062 1298 non
3089 1246 3415 1314 antiquitate

176 1343 225 1398 2.
251 1340 315 1396 Et
342 1340 719 1412 nsanit'estavit,
747 1339 922 1409 inquit
944 1381 960 1404 ,
991 1337 1211 1406 glorians
1239 1352 1387 1390 suam
1425 1334 1698 1404 discipulis
1801 1340 2167 1401 praetereant,
2199 1332 2296 1387 sed
2327 1335 2497 1404 gratia
2543 1335 2933 1390 convalescant
2959 1355 2972 1392 :
2998 1351 3102 1392 non
3137 1338 3414 1392 oblivione

113 1438 211 1494 suis
237 1447 281 1490 et
318 1434 647 1490 crediderunt
688 1434 742 1487 in
780 1448 895 1486 eum
930 1431 1174 1502 discipuli
1199 1431 1330 1500 ejus.
1358 1429 1530 1496 Quam
1563 1427 1702 1481 bene
1800 1427 2156 1495 sepeliantur,
2176 1427 2271 1484 sed
2295 1439 2348 1483 ut
2369 1429 3030 1487 virtutibusinnoventur.
3056 1432 3214 1502 Apud
3238 1434 3416 1490 omni-

115 1529 389 1603 potentiam
430 1527 644 1582 Domini
676 1525 1029 1593 subsequitur
1070 1523 1290 1579 devotio
1319 1521 1698 1583 servulorum;
1804 1521 2104 1590 potentiam
2137 1523 2283 1576 enim
2314 1521 2408 1577 Dei
2433 1522 2565 1577 nihil
2591 1533 2676 1578 cst
2716 1523 3014 1590 abolitmn,
3049 1524 3184 1579 nihil
3215 1534 3417 1596 priete-

115 1621 328 1694 etquod
357 1621 613 1690 magister
654 1619 816 1674 docet
855 1632 1054 1687 opere,
1096 1615 1348 1684 discipuli
1397 1612 1560 1668 corde
1608 1611 1703 1667 de-
1803 1613 1966 1667 ritum
1996 1630 2008 1668 :
2035 1612 2130 1668 sed
2163 1629 2262 1684 pro
2298 1615 2382 1669 sui
2415 1615 2792 1685 magnitudine
2837 1618 3019 1672 omnia
3055 1619 3131 1673 illi
3173 1619 3226 1673 in
3273 1635 3416 1688 prce—

113 1717 370 1773 scribuntl
400 1714 426 1754 ὶ»
456 1715 598 1769 Ecce
637 1714 793 1768 vobis
820 1713 932 1782 jam
971 1710 1327 1766 credentibus
1357 1709 1531 1762 virtus
1568 1723 1698 1775 epe-
1804 1707 1944 1762 senti
1997 1716 2149 1774 sunt,
2194 1717 2364 1763 totum
2408 1709 2484 1764 illi
2529 1717 2744 1779 tempus
2792 1722 2876 1766 est
2921 1711 3105 1768 hodie.
3156 1712 3308 1770 Unde
3365 1724 3422 1772 et

113 1810 267 1865 rantis
294 1805 691 1871 maniiesratur,
713 1817 765 1860 et
796 1805 930 1860 ﬁdes
952 1802 1294 1859 credentium
1322 1799 1696 1870 apostolorum
1731 1811 1776 1870 Β
1804 1812 2027 1857 sanctus
2056 1801 2329 1871 Propheta
2361 1802 2496 1858 dicit
2527 1823 2540 1858 :
2577 1803 2726 1859 Mille
2763 1807 2890 1859 anui
2925 1818 3045 1862 ante
3081 1806 3266 1862 oculos
3306 1818 3421 1864 tuos

115 1901 380 1958 tnanifesta
428 1900 777 1970 prtedicatur.
823 1897 1172 1953 Praedicanda
1223 1896 1381 1964 plane
1424 1894 1702 1965 apostolo-
1808 1903 2070 1964 tamquam
2095 1895 2202 1948 dies
2257 1911 2362 1949 una
2393 1894 2410 1966 (
2437 1893 2587 1950 Psal.
2614 1912 2831 1960 uxxrx,
2864 1897 2898 1951 Is
2921 1895 2962 1967 ).
2994 1896 3149 1966 Quod
3181 1899 3225 1952 si
3256 1914 3423 1955 omne

114 2013 222 2051 rum
253 1995 402 2060 fides,
435 2010 554 2064 qua:
589 1992 706 2046 visu
735 2009 845 2046 uno
871 1993 1027 2062 signo
1053 2033 1068 2056 ,
1107 1988 1344 2045 credidit
1371 1990 1424 2042 in
1453 1988 1703 2059 omnipo-
1804 1986 2130 2041 sa'culorum
2163 1995 2376 2056 tempus
2407 2003 2510 2042 una
2544 1987 2660 2043 dies
2701 2002 2784 2043 εει
2814 1988 3070 2057 Domino,
3105 1992 3297 2047 eadem
3329 1993 3420 2047 die

117 2090 324 2144 tentiam
358 2087 688 2144 Salvatoris:
713 2097 765 2141 et
793 2085 1027 2157 apoStoli
1050 2085 1178 2140 dum
1209 2086 1475 2140 mirantur
1504 2098 1700 2151 aquam
1803 2095 1908 2151 qua
1941 2079 2215 2135 mirabilia
2243 2079 2492 2137 Salvator
2512 2081 2770 2138 Patribus
2798 2095 3056 2154 operatus
3085 2095 3192 2153 est,
3224 2103 3421 2155 apera-

115 2182 164 2236 in
191 2184 365 2236 vinum
396 2197 609 2236 versam
637 2221 650 2245 ,
683 2180 788 2250 ipsi
815 2194 883 2234 ex
914 2178 1062 2233 omni
1096 2179 1226 2233 faece
1260 2189 1608 2247 peccatorum
1633 2175 1706 2229 si—
1807 2181 1896 2227 tus
1922 2182 1977 2228 et
2009 2173 2164 2228 nobis
2187 2184 2289 2230 est.
2329 2174 2574 2230 Vidimus
2605 2177 2774 2246 igitur
2805 2186 2863 2232 et
2893 2192 2993 2232 nos
3020 2180 3162 2234 sicut
3187 2180 3424 2250 majores

115 2275 303 2329 militcr
331 2281 458 2329 sunt
485 2273 739 2328 conversi
765 2312 782 2338 ,
811 2279 868 2327 et
893 2271 959 2326 ad
990 2271 1160 2326 instar
1188 2269 1315 2325 facti
1345 2269 1595 2322 miraculi
1639 2284 1703 2322 cx
1808 2266 1978 2321 nostri
2005 2266 2276 2320 ruirabilia
2304 2268 2541 2333 Domini,
2575 2284 2698 2322 cum
2744 2269 2860 2338 pari
2887 2285 2948 2324 ea
2981 2286 3103 2326 cum
3152 2272 3263 2326 illis
3307 2283 3422 2327 stu-

113 2370 194 2422 vili
221 2367 604 2438 superstitione
632 2365 916 2437 gentilium
944 2365 996 2419 in
1027 2365 1320 2434 pretiosam
1361 2363 1702 2417 devotionem
1808 2375 1941 2430 pore
1981 2363 2348 2430 suspeximus.
2380 2361 2737 2418 Gustavimus
2782 2375 2834 2418 et
2875 2380 2977 2418 nos
3031 2366 3175 2420 sicut
3229 2367 3308 2421 illi
3355 2369 3422 2423 de

114 2461 433 2516 credentium
463 2467 591 2515 sunt
617 2459 890 2514 translati.
915 2459 1053 2513 Etut
1075 2473 1213 2528 aqua
1239 2457 1294 2511 in
1317 2456 1498 2510 vinum
1523 2470 1702 2522 versa,
1804 2449 1939 2520 ipsis
1968 2450 2214 2522 hydriis;
2245 2453 2518 2522 siquidem
2551 2455 2633 2509 illi
2659 2455 2728 2510 de
2757 2455 2840 2510 his
2869 2459 3124 2528 poculum
3175 2460 3289 2515 vini
3332 2461 3418 2517 bi—

115 2569 320 2624 εηροι-θ,
362 2554 588 2619 rubore,
618 2561 670 2608 et
723 2553 909 2608 calore
960 2552 1252 2618 conditur,
1302 2552 1373 2604 ita
1425 2550 1698 2613 scientias,
1806 2543 2023 2611 berunt,
2058 2561 2160 2600 nos
2186 2546 2376 2601 salutis
2399 2548 2623 2603 calicem
2646 2551 3064 2621 sumpserimus.

117 2649 248 2720 quod
278 2663 394 2705 erat
423 2651 474 2704 in
504 2648 588 2702 his
619 2650 884 2703 insulsum
915 2691 930 2714 ,
975 2649 1187 2717 accepit
1232 2661 1482 2716 saporem
1517 2663 1527 2698 :
1562 2643 1705 2714 quod
1880 2638 1932 2693 6.
1971 2638 2244 2694 Debemus
2267 2655 2399 2711 ergo
2429 2641 2631 2707 facere,
2662 2642 2782 2698 viso
2809 2645 2967 2715 signo
2993 2646 3239 2716 Domini,
3272 2656 3421 2720 quod

116 2745 330 2816 pallens,
353 2744 542 2814 gratiae
565 2743 800 2813 sumpsit
829 2743 1068 2797 colorem
1098 2759 1110 2796 :
1144 2740 1286 2812 quod
1319 2738 1594 2810 frigidum,
1629 2739 1709 2792 in-
1809 2733 1978 2786 nostri
2004 2733 2184 2789 fecere
2216 2735 2458 2804 priores;
2483 2736 2526 2790 si
2558 2736 2703 2791 enim
2727 2737 2917 2793 eadem
2949 2741 3002 2794 in
3028 2741 3186 2797 nobis
3217 2743 3421 2798 divini-

118 2836 271 2892 caluit
296 2835 724 2894 immortalitatis
755 2834 971 2890 ardore.
1810 2828 1936 2884 tatis
1966 2828 2180 2884 refulsit
2208 2835 2419 2900 gratia,
2455 2831 2646 2887 eadem
2680 2842 2732 2887 et
2764 2833 2888 2889 ﬁdei
2933 2835 3076 2906 apud
3118 2853 3218 2894 nos
3256 2839 3426 2896 debet

179 2932 226 2986 3.
251 2929 642 3001 Magniﬁcanda
668 2929 829 2999 igitur
853 2928 1225 2996 apostolorum
1254 2928 1407 2995 ﬁdes,
1439 2943 1560 2998 qua:
1586 2926 1707 2982 ideo
1810 2937 1934 2977 esse
1973 2920 2214 2977 devotio.
2246 2923 2382 2978 Dicit
2411 2926 2558 2978 enim
2584 2925 2918 2994 evangeliSta
2943 2927 3008 2983 de
3039 2928 3296 2997 Domino,
3317 2931 3425 2987 hoc

117 3023 418 3093 cvangelico
443 3036 702 3078 sermone
729 3020 1000 3091 descripta
1030 3032 1134 3088 est,
1161 3031 1216 3075 ut
1247 3029 1300 3076 et
1330 3020 1438 3076 illis
1468 3030 1614 3075 esset
1641 3019 1706 3073 ad
1813 3014 2080 3067 miraculo
2111 3026 2426 3084 perpetrato
2458 3034 2470 3069 :
2506 3017 2572 3071 Et
2603 3019 2950 3086 manilestavit
2983 3023 3205 3092 gloriam
3251 3042 3422 3095 suam,

118 3114 339 3182 laudem,
371 3125 428 3172 et
455 3115 612 3170 nobis
642 3114 936 3184 proliceret
961 3113 1027 3169 ad
1059 3115 1389 3185 exemplum.
1427 3114 1534 3170 Sed
1565 3112 1706 3184 quod
1812 3119 1861 3165 ct
1891 3111 2224 3165 crediderunt
2246 3113 2490 3182 discipuli
2515 3115 2626 3184 ejus
2652 3116 2705 3168 in
2726 3132 2839 3169 eum
2865 3115 3046 3188 (Joan.
3071 3134 3126 3183 ιι,
3153 3121 3261 3188 ll).
3290 3121 3425 3176 Cre—

119 3209 261 3278 pcjus
289 3215 410 3273 est.
444 3207 552 3262 illis
581 3207 696 3262 laus
725 3221 818 3261 sua
850 3215 1157 3277 permanet,
1193 3221 1290 3259 nos
1316 3204 1563 3274 exempla
1603 3219 1706 3260 non
1737 3214 1782 3276 ρ
1813 3200 1948 3258 dere
1980 3220 2109 3274 ergo
2138 3203 2400 3260 debemus
2426 3247 2440 3270 ,
2472 3207 2608 3260 sicut
2638 3216 2693 3262 et
2733 3217 2860 3262 tunc
2905 3211 3136 3278 apostoli
3177 3213 3427 3270 credide—

117 3309 430 3370 permovent
455 3317 470 3367 ;
497 3315 619 3355 nam
639 3310 842 3370 quanto
865 3299 1196 3369 posteriores
1223 3313 1412 3352 sumus
1439 3308 1706 3368 tempore,

121 3401 260 3450 tanto
299 3406 349 3450 et
387 3392 678 3448 inferiores
702 3393 918 3447 merito.
947 3391 1028 3446 llli
1058 3391 1204 3446 enim
1233 3391 1354 3446 viso
1395 3405 1499 3445 uno
1530 3391 1709 3460 signo,

119 3488 291 3542 statim
320 3488 559 3543 Domino
582 3486 970 3550 crediderunt,
1016 3501 1116 3541 nos
1149 3485 1390 3555 acceptis
1429 3485 1604 3540 adhuc
1635 3492 1714 3539 tot

120 3579 497 3637 beneﬁciorum
557 3580 925 3648 mirabilibus,
967 3579 1279 3636 dubitamus
1317 3599 1328 3634 :
1373 3580 1710 3648 dubitamus,

121 3672 360 3744 inquam;
390 3675 513 3746 quia
538 3673 828 3746 praesentia
863 3673 1023 3728 nimis
1046 3675 1343 3745 diligimus,
1374 3674 1502 3730 dum
1535 3675 1714 3732 futura

123 3783 222 3824 non
259 3770 537 3827 credimus
573 3787 586 3824 :
615 3769 832 3826 divitias
861 3783 1112 3824 amamus
1142 3771 1196 3824 in
1223 3774 1445 3840 sacculo,
1471 3771 1596 3827 dum
1622 3788 1715 3828 eas

120 3862 360 3934 accipere
398 3873 720 3922 cunctamur
758 3879 785 3916 a
819 3860 1039 3918 Christo
1075 3880 1086 3914 :
1123 3863 1402 3919 iracundia
1452 3865 1716 3920 immode-

122 3965 230 4012 rate
255 3957 605 4025 extollimur,
639 3957 768 4014 dum
800 3957 1180 4012 retributionis
1206 3957 1468 4027 judicium
1501 3976 1608 4016 non
1645 3961 1712 4015 Ii-

123 4063 344 4106 menius.
370 4048 645 4108 Craterum
667 4052 758 4121 qui
786 4051 932 4106 novit
961 4051 1222 4120 scriptum
1244 4066 1364 4107 esse
1392 4071 1403 4105 :
1433 4052 1545 4118 Quo
1565 4054 1717 4124 judi-

121 4145 196 4198 cio
233 4146 626 4216 judicavcritis,
669 4147 844 4201 eodem
874 4147 1292 4220 judicabiturdc
1322 4149 1464 4202 vobis
1495 4149 1708 4220 (Matth.

122 4250 209 4304 vn,
241 4237 334 4310 2);
365 4239 572 4311 absque
597 4239 762 4295 dubio
796 4239 956 4306 lenis,
991 4241 1308 4298 moderatus
1336 4252 1391 4298 et
1414 4243 1558 4298 mitis
1583 4255 1668 4299 est
1700 4262 1712 4300 :

123 4339 174 4385 et
209 4333 328 4402 plus
369 4334 612 4390 bonitate
656 4335 834 4405 cogit,
870 4352 1029 4404 «piam
1062 4339 1354 4394 severitate
1395 4340 1712 4410 compellit:

123 4424 324 4481 amicus
374 4427 762 4495 indulgentim,
805 4427 1085 4485 familiaris
1115 4442 1198 4486 est
1240 4433 1450 4500 veniae;
1490 4445 1551 4490 ut
1588 4435 1714 4490 dum

125 4530 238 4571 eam
273 4519 588 4590 frequenter
621 4521 885 4591 impertit,
910 4539 936 4575 a
963 4523 1195 4579 Domino
1226 4542 1444 4597 semper
1462 4531 1714 4598 accipiat.

123 4608 175 4665 Si
197 4613 414 4682 quidem
446 4614 729 4687 prudentis
760 4615 826 4669 sit
854 4617 1080 4672 rectoris
1111 4618 1184 4673 ita
1215 4630 1458 4676 terrenos
1480 4622 1718 4678 honores
1746 4611 1798 4671 Ι)

124 4715 319 4773 agerc,
367 4717 425 4764 ut
479 4707 950 4766 honoriﬁcentiam
1007 4711 1250 4768 caelestis
1310 4714 1588 4786 dignitatis
1628 4730 1722 4770 ac-

124 4797 318 4866 quirat.

191 4864 246 4922 4.
280 4871 346 4925 Et
379 4873 422 4927 si
448 4872 717 4930 interdum
751 4878 992 4950 vigorem
1023 4876 1236 4932 dicendi
1266 4879 1316 4933 in
1349 4879 1503 4935 nobis
1532 4896 1724 4951 corpo-

127 4962 199 5015 ris
229 4963 496 5021 obtundat
524 4967 832 5038 inﬁrmitas,
878 4981 1058 5026 tamen
1086 4971 1263 5026 studio
1292 4973 1603 5030 devotionis
1633 4989 1725 5029 ve-

125 5062 251 5112 stra:
301 5057 556 5118 fortiores
604 5062 894 5120 efﬁcimur.
939 5065 1070 5120 Nam
1123 5083 1228 5137 quo
1282 5084 1380 5123 vos
1430 5069 1726 5124 studiosius

125 5151 350 5221 auditis,
379 5171 443 5211 eo
474 5172 572 5211 nos
600 5159 855 5215 libentius
884 5161 1276 5231 prtudicamus;
1303 5174 1357 5218 et
1380 5164 1551 5219 \‘irtus
1575 5164 1730 5219 nobis

127 5239 391 5316 loquendi
417 5249 662 5319 additur,
691 5267 812 5308 cum
845 5269 939 5309 vos
978 5253 1318 5326 intelligendi
1350 5257 1730 5312 accommoda-

129 5339 198 5394 tis
225 5341 492 5400 auditum.
522 5347 652 5413 Quis
678 5350 822 5404 enim
858 5367 965 5405 non
996 5361 1224 5406 conetur
1253 5354 1360 5407 illic
1391 5354 1539 5408 verbi
1566 5354 1730 5412 cccle-

130 5433 232 5489 stis
283 5437 491 5492 semina
545 5440 763 5509 jacere,
837 5443 925 5498 ubi
975 5444 1107 5500 illud
1162 5445 1281 5516 puri
1327 5441 1487 5519 403
1548 5447 1731 5503 cordis

207 5576 233 5603 α
254 5568 340 5653 ξω
367 5587 522 5653 mss._
548 5573 836 5653 nisiquod
873 5596 972 5649 pro
1015 5581 1162 5635 nobis
1208 5596 1486 5653 gereretur,
1515 5583 1733 5653 quidam

135 5638 438 5719 praeferunt
463 5687 476 5708 ,
508 5645 558 5699 in
589 5638 737 5701 nobis
767 5638 961 5718 geritur
989 5669 1005 5707 :
1028 5655 1161 5708 edit.
1194 5638 1611 5719 (ermimmo'in
1639 5672 1737 5709 no-

131 5712 216 5793 bis
243 5715 460 5836 gc‘rilnr,
485 5720 734 5790 quidquid
753 5712 904 5778 nobis
920 5725 1192 5795 ingeritur,
1219 5712 1470 5803 quidquid
1493 5729 1638 5782 nobis
1659 5729 1740 5781 in—

139 5798 290 5836 sinua
322 5803 403 5836 ur.

139 5798 403 5840 sinuatur.

209 5852 237 5891 ι)
281 5854 482 5917 Omnes
515 5861 644 5920 edit.
681 5881 806 5922 cum
830 5866 966 5939 Reg.
992 5868 1139 5940 cod.,
1167 5869 1299 5928 Ecce
1327 5872 1410 5928 cui
1442 5872 1742 5942 manifesta—

1812 3305 1961 3350 runt.
1993 3295 2132 3350 Dicit
2158 3306 2337 3364 autem
2372 3298 2508 3352 alius
2539 3317 2552 3354 :
2588 3298 2652 3352 Et
2690 3318 2782 3354 nos
2823 3302 3099 3356 christiani
3138 3322 3346 3375 suturis,
3381 3317 3428 3363 et

1786 3387 2070 3445 credimus
2105 3391 2155 3444 in
2180 3390 2462 3446 Dominum
2501 3392 2843 3450 Salvatorem.
2890 3396 2997 3452 Sed
3029 3400 3258 3458 credere
3288 3418 3429 3473 opus

1812 3495 1899 3541 est
1928 3501 2116 3556 opere,
2152 3502 2255 3541 non
2284 3503 2541 3543 sermone
2574 3505 2586 3542 ε
2617 3505 2725 3544 non
2759 3491 2960 3562 lingua,
2984 3493 3080 3549 sed
3112 3496 3318 3561 corde;
3356 3513 3424 3553 ne

1815 3588 1869 3634 et
1898 3579 2052 3634 nobis
2078 3579 2289 3634 dicatur
2323 3597 2338 3634 ;
2373 3580 2527 3635 Plebs
2563 3581 2674 3636 hac
2718 3583 2868 3638 labiis
2914 3600 2992 3638 me
3030 3586 3290 3654 honorat,
3336 3605 3425 3642 cor

1815 3683 1985 3726 autem
2010 3688 2186 3728 eorum
2224 3673 2373 3744 longe
2403 3684 2474 3728 cst
2505 3692 2534 3727 a
2573 3692 2651 3729 me
2674 3674 2843 3745 (Esai.
2876 3693 3026 3745 χχιχ,
3063 3679 3204 3751 15)?

2447 3765 2683 3825 SERMO
2726 3767 2790 3821 Χ.

2245 3859 2322 3914 De
2350 3870 2536 3914 sancta
2561 3860 2860 3930 Epiphania
2892 3862 2981 3918 III.

1818 3947 2081 4004 Christum
2103 3951 2199 4005 hoc
2229 3950 2312 4005 die
2355 3952 2409 4005 in
2452 3949 2684 4006 Iordane
2717 3955 2931 4010 tinctum
2973 3957 3036 4010 ab
3077 3957 3196 4014 aliis
3237 3962 3427 4029 astrui,

1891 4044 1952 4098 ab
1983 4046 2100 4100 aliis
2130 4047 2306 4118 negari
2332 4047 2488 4100 (radit
2514 4047 2597 4101 hic
2618 4065 2784 4103 sermo
2811 4066 2830 4104 :
2855 4067 2954 4122 qua
2985 4052 3047 4108 de
3078 4071 3131 4108 re
3161 4054 3390 4128 llicrony
3408 4088 3431 4100 -

1893 4156 2002 4194 mus
2051 4141 2104 4193 in
2148 4139 2494 4208 Esca/tidem,
2548 4140 2652 4196 Leo
2685 4142 2931 4214 Magnus,
2976 4148 3125 4217 epist.
3165 4149 3251 4216 16,
3285 4167 3430 4208 nova:

1893 4236 2042 4300 edit.,
2059 4245 2209 4306 atque
2223 4235 2316 4290 alii
2340 4237 2536 4292 consuli
2562 4248 2800 4309 possunt.
2826 4239 3078 4297 Nostrum
3102 4261 3219 4298 vero
3250 4256 3322 4301 est
3349 4247 3432 4301 hic

1893 4327 2168 4382 admonere
2189 4344 2304 4382 cum
2320 4345 2555 4384 sermone
2582 4330 2604 4383 -l
2628 4331 2794 4384 sancti
2814 4331 3057 4400 Maximi,
3075 4353 3164 4390 nec
3187 4353 3289 4392 non
3311 4355 3432 4393 cum

1892 4421 1996 4475 alio
2027 4421 2079 4474 in
2107 4421 2344 4492 Append.
2366 4421 2500 4496 Aug.
2530 4423 2819 4494 154,quem
2845 4426 3012 4481 eidem
3040 4427 3274 4484 Maximo
3300 4447 3428 4488 mss.

1893 4521 1938 4566 et
1967 4512 2091 4566 edit.
2116 4514 2454 4568 communiter
2483 4514 2747 4582 tribuunt,
2778 4517 2997 4572 multum
3038 4523 3328 4578 convenire.
3362 4523 3432 4579 At

1893 4606 2026 4660 nihil
2052 4608 2096 4660 ei
2127 4624 2243 4661 cum
2273 4607 2542 4662 Ambrosio
2571 4610 2844 4679 afﬁnitatis
2867 4629 2997 4680 esse,
3021 4617 3178 4684 facile
3207 4618 3250 4671 is
3271 4634 3433 4688 agno-

1899 4709 2022 4765 scet,
2056 4701 2142 4770 qui
2169 4709 2368 4754 tantum
2397 4717 2512 4772 qua:
2537 4701 2680 4772 apud
2722 4704 2890 4771 ipsum
2939 4706 3034 4760 sub
3062 4707 3216 4778 ﬁnem
3267 4709 3360 4764 lib.
3396 4726 3434 4765 It

1899 4797 1951 4847 in
1981 4793 2199 4861 Lucam,
2226 4805 2271 4849 et
2303 4810 2418 4865 qua:
2443 4795 2496 4849 in
2524 4796 2620 4850 hoc
2640 4813 2873 4854 sermone
2899 4799 2964 4855 de
2987 4804 3240 4858 columba
3258 4803 3433 4875 ﬁgura

1901 4887 2248 4954 disseruntur,
2282 4889 2416 4943 inter
2444 4906 2496 4944 se
2523 4891 2820 4946 contulerit.

1905 4980 1955 5033 l.
2000 4981 2253 5050 Plerique
2277 4981 2329 5036 in
2363 4980 2462 5038 hac
2492 4995 2679 5039 sancta
2705 4985 3024 5056 Epiphania:
3052 4989 3140 5044 die
3170 4989 3434 5048 hactenus

1831 5089 1862 5128 a
1895 5073 2126 5128 Domino
2161 5075 2427 5130 mirabilia
2464 5077 2600 5131 facta
2624 5094 2747 5134 esse
2771 5092 3239 5147 commemorant,
3267 5093 3324 5137 ut
3349 5098 3440 5139 ro-

1831 5177 1990 5237 gatus
2019 5166 2083 5222 ad
2119 5168 2335 5238 nuptias
2365 5184 2518 5238 aqua:
2547 5170 2906 5225 substantiam
2953 5172 3006 5226 in
3047 5172 3155 5226 vini
3198 5174 3438 5242 speciem

1832 5271 2195 5318 commutaret
2223 5261 2401 5333 (Joan.
2431 5281 2486 5329 n,
2510 5264 2589 5336 9).
2619 5281 2681 5320 ac
2702 5267 2970 5336 liquorem
2994 5264 3223 5320 fontium
3250 5268 3300 5320 in
3327 5285 3438 5326 me-

1831 5355 2026 5410 liorem
2059 5370 2214 5409 nsum
2240 5356 2322 5410 sui
2355 5357 2738 5413 benedictione
2771 5357 3097 5412 transferret
3122 5377 3134 5414 :
3159 5360 3443 5419 ministros

1839 5449 2093 5506 hausisse
2110 5465 2305 5522 aquam
2321 5451 2386 5506 de
2406 5453 2608 5521 puteis,
2630 5452 2814 5504 vinum
2838 5450 2890 5504 in
2913 5450 3120 5522 hydriis
3137 5453 3444 5525 invenisse;

1845 5594 1929 5666 tur
1959 5586 2121 5666 uirtus
2146 5588 2432 5666 onerantis,
2466 5598 2512 5641 et
2541 5587 2670 5654 fides
2698 5587 3023 5666 practical”
3043 5595 3318 5666 manifesta
3340 5616 3452 5652 crc-

1843 5657 2110 5722 denlium;
2144 5659 2339 5724 reliqui
2370 5673 2502 5712 mss.
2535 5675 2563 5710 e
2592 5660 2889 5725 contrario,
2925 5673 2982 5716 ut
3015 5664 3065 5718 in
3095 5657 3373 5725 eontextn.

1923 5742 1940 5764 ι·
1984 5729 2186 5782 Omnes
2217 5730 2371 5788 cdit.,
2398 5728 2586 5781 Christi
2632 5730 2912 5812 miracula,
2940 5746 2994 5789 ut
3040 5751 3142 5793 non
3165 5740 3453 5812 jniqttitale

1847 5809 2155 5870 prmtereant
2187 5815 2205 5854 :
2235 5813 2426 5855 omnes
2455 5814 2586 5856 mss.
2615 5809 2671 5855 u‘t
2702 5801 2753 5855 in
2781 5813 3059 5864 contextu.
3165 5803 3179 5813 “
