3944 6310
615 287 722 348 623

1548 284 1641 340 AD
1680 283 1910 340 OPEHA
1951 281 2196 340 SANCTI
2237 277 2565 340 ASIBROSII
2605 277 2980 341 AI’PENDIX.
3729 299 3793 357 (ξι

611 418 774 476 atque
807 402 1024 458 utiliore
1064 401 1352 471 dispendio
1393 399 1698 468 perdidisse
1745 399 1890 470 quod
1946 398 2210 469 impleve-
2236 399 2288 460 Α
2313 413 2408 454 cer
2443 439 2459 465 ,
2502 398 2652 455 mitis
2697 410 2752 455 et
2797 401 3054 472 simplex.
3092 401 3356 459 Columba
3395 411 3491 471 est,
3516 409 3617 477 quia
3650 425 3794 473 sanctos

607 507 766 562 rant,
803 496 1071 566 reperisse
1095 493 1240 565 quod
1279 493 1512 550 deerat:
1543 502 1783 562 tuncque
1829 492 2061 562 primum
2113 493 2216 546 hoc

609 592 844 648 mirabili
883 592 1039 662 signo
1079 589 1382 646 divinitatis
1405 591 1533 659 {suae
1578 588 1891 645 declarasse
1934 589 2211 643 virtutem.

605 683 863 740 Nonnulli
885 695 1066 739 autem
1099 683 1150 738 in
1183 682 1284 738 hac
1313 692 1501 738 sancta
1530 681 1620 738 die
1643 681 1712 736 ab
1741 680 1952 737 Joanne
1974 680 2217 750 baptiza-

606 790 718 834 tum
775 792 900 833 eum
949 775 1004 830 in
1050 775 1292 832 Jordane
1330 783 1637 839 testantur,
1686 783 1850 845 atque
1903 774 1957 828 in
2011 771 2214 827 lavacri

599 871 720 941 ejus
749 869 923 940 gratia
958 868 1278 924 interfuisse
1304 867 1578 938 loquendo
1610 867 1782 922 Deum
1811 866 2063 931 Patrem,
2089 881 2214 920 san-

598 972 746 1018 ctum
772 977 991 1032 quoque
1015 961 1280 1031 Spiritum
1311 960 1687 1016 descendisse.
1714 959 1829 1016 Nec
1859 960 2054 1014 mirum
2086 959 2132 1012 si
2156 959 2212 1014 in

607 1055 822 1110 Domini
847 1056 1066 1109 lavacro
1094 1055 1416 1126 mysterium
1443 1070 1549 1109 non
1569 1051 1740 1108 defuit
1764 1051 2066 1115 Trinitatis,
2086 1065 2209 1106 sum

599 1157 848 1204 nostrum
879 1147 1154 1204 lavacrum
1176 1147 1463 1203 Trinitatis
1484 1146 1754 1218 compleat
1779 1152 2207 1209 sacramentum;

600 1257 776 1312 neque
808 1242 956 1298 enim
988 1249 1210 1312 poterat
1240 1241 1502 1295 Dominus
1540 1255 1646 1295 non
1690 1240 1924 1309 primum
1966 1238 2110 1294 circa
2149 1251 2210 1293 se

594 1335 883 1401 exhibere,
913 1333 1060 1404 quod
1093 1343 1212 1389 erat
1257 1343 1446 1404 postea
1493 1333 1732 1388 humano
1778 1330 1968 1402 generi
1999 1344 2207 1401 praece-

596 1439 811 1499 pturus,
845 1445 971 1485 cum
1003 1430 1188 1486 omnia
1211 1444 1322 1485 non
1351 1430 1435 1486 sui
1458 1443 1644 1495 causa,
1678 1426 1774 1483 sed
1802 1435 2003 1481 nostrae
2033 1424 2208 1495 gratia

596 1524 789 1579 salutis
817 1523 1086 1581 efficeret.

663 1619 720 1674 2.
754 1619 824 1674 At
870 1618 1129 1690 numquid
1162 1627 1389 1690 propter
1439 1633 1497 1674 se
1547 1617 1814 1688 baptizari
1843 1616 2048 1683 voluit,
2082 1630 2203 1672 cum

593 1721 875 1783 peccatum
901 1729 1008 1769 non
1044 1713 1291 1780 haberet,
1323 1721 1348 1748 ιι
1379 1712 1520 1766 sicut
1543 1711 1676 1766 dicit
1701 1712 1894 1766 Petrus
1925 1729 1936 1763 :
1974 1710 2074 1776 Qui
2104 1710 2207 1764 ini-

2322 505 2454 546 suos
2475 506 2598 546 esse
2627 493 2888 565 prmcepit
2918 503 2976 548 ut
3004 494 3312 560 columbas,
3344 497 3521 554 dicens
3545 519 3556 552 :
3579 500 3797 562 Estatesirrt-

2320 585 2481 656 plices
2531 586 2665 640 sicut
2707 588 2958 643 columba
3000 588 3216 660 (Matth.
3280 607 3339 656 x,
3383 591 3492 662 I6).
3531 593 3654 662 Quod
3678 609 3796 656 autem

2317 678 2569 735 columba
2599 678 2852 737 Christus
2874 686 2967 748 sit,
3009 683 3287 755 Propheta
3312 685 3443 742 dicit
3465 702 3524 742 ex
3552 703 3728 758 persona
3748 696 3798 766 ip-

2317 769 2453 838 sius,
2495 771 2823 830 describens
2873 786 2996 846 post
3043 778 3364 847 passionem
3415 779 3618 837 reditum
3641 785 3726 854 ejus
3759 791 3797 844 ad

2316 864 2519 920 caelum
2555 883 2568 919 :
2606 866 2737 934 Quis
2782 867 2926 922 dabit
2972 870 3103 924 mihi
3155 888 3358 943 pennas
3399 875 3524 928 sicut
3551 877 3801 949 columba,u

2315 960 2520 1025 volabo,
2580 970 2628 1013 et
2675 963 3003 1031 requiescam
3054 964 3234 1035 (Psal.
3274 983 3365 1022 Ltv
3396 1011 3410 1034 ,
3461 969 3546 1038 7)?
3589 970 3692 1025 Cum
3719 990 3800 1047 ergo

2315 1050 2566 1108 Christus
2626 1055 2888 1112 Dominus
2920 1057 3166 1115 initiaret
3202 1060 3461 1116 Ecclesia:
3485 1076 3800 1132 sacramenta,e

2315 1146 2454 1201 caelo
2501 1149 2820 1218 supervenit
2885 1150 3163 1207 columba.
3234 1151 3483 1225 Intelligo
3542 1158 3798 1227 mysterium,

2314 1253 2553 1309 agnosco
2580 1241 2744 1296 etiam
2770 1245 3474 1309 sacramentum;columba
3499 1245 3620 1302 enim
3637 1249 3721 1319 ipsa
3735 1262 3799 1318 est,

2313 1345 2436 1399 qua:
2482 1346 2624 1386 nunc
2660 1330 2726 1386 ad
2765 1331 3067 1389 Ecclesiam
3094 1333 3300 1391 Christi
3332 1335 3386 1390 in
3437 1336 3673 1406 baptismo
3693 1344 3799 1400 venit.

2311 1439 2436 1493 quae
2473 1425 2754 1495 quondam
2785 1427 2854 1482 ad
2893 1443 3076 1483 arcam
3108 1428 3225 1485 Noe
3272 1429 3327 1485 in
3371 1415 3565 1487 diluvio
3587 1436 3801 1504 properavit

2311 1515 2468 1590 (Gen.
2523 1534 2658 1587 vrn,
2713 1520 2794 1590 9),
2855 1529 2984 1576 tunc
3042 1521 3122 1576 illi
3172 1524 3522 1579 securitatem
3570 1527 3801 1582 annuntians

2310 1610 2470 1667 olivae
2492 1627 2670 1677 ramo,
2704 1613 2867 1670 modo
2890 1613 3015 1671 huic
3037 1617 3407 1674 teteruitatem
3436 1619 3684 1675 conferens
3716 1621 3800 1675 diri-

2310 1706 2496 1762 nitatis
2521 1707 2746 1764 iudicio.
2768 1708 2924 1765 Tunc
2941 1711 3154 1781 signum
3175 1711 3326 1782 pacis
3340 1727 3438 1767 ore
3459 1711 3676 1775 aﬂ‘erens.
3699 1714 3800 1770 modo

589 1808 834 1876 quitatem
874 1823 976 1860 non
1017 1807 1162 1878 fecit,
1193 1822 1286 1861 nec
1312 1807 1547 1860 inventus
1579 1815 1653 1858 est
1697 1805 1847 1858 dolus
1888 1805 1942 1857 in
1974 1820 2062 1857 ore
2087 1806 2202 1876 ejus
2231 1810 2276 1871 Β
2307 1801 2420 1871 ipsa
2463 1817 2652 1871 pacem
2683 1801 2962 1860 Christum
3005 1805 3089 1859 sui
3139 1805 3447 1860 substantia
3485 1806 3799 1876 superfundere.

589 1900 641 1972 (Ι
665 1899 810 1955 Petr.
843 1917 902 1968 tr,
931 1900 1066 1968 22)?
1108 1900 1215 1956 Sed
1249 1909 1475 1970 propter
1510 1915 1610 1955 nos
1636 1900 1843 1969 utique,
1873 1900 1963 1970 qui
2001 1900 2204 1954 multo-

585 2009 707 2050 rum
740 1995 1028 2050 criminum
1059 1994 1302 2065 peccatis
1330 1993 1579 2058 obnoxii,
1608 2009 1744 2063 opus
1775 1993 2112 2048 habebamus
2145 2002 2204 2048 ut

586 2086 640 2142 in
668 2086 874 2142 Christi
918 2088 1189 2158 baptismo
1239 2101 1638 2158 purgaremur;
1670 2095 1835 2156 atque
1886 2085 2010 2141 ideo
2053 2085 2204 2140 venit

586 2186 850 2241 Dominus
877 2185 943 2240 ad
976 2186 1276 2252 lavacrum,
1304 2200 1414 2238 non
1441 2183 1839 2253 utpurilicetur
1863 2183 1979 2252 ipse
2002 2181 2156 2252 aquis
2182 2199 2197 2236 :

583 2277 611 2316 ι)
653 2279 749 2336 sed
805 2287 864 2334 ut
907 2280 1062 2335 nobis
1103 2294 1370 2347 aquarum
1422 2277 1622 2333 fluenta
1668 2277 1956 2347 purificet;
1993 2291 2059 2331 ex
2089 2290 2199 2346 quo

581 2373 728 2429 enim
760 2373 852 2429 ille
892 2388 952 2429 se
982 2389 1041 2428 se
1069 2374 1122 2428 in
1152 2387 1319 2444 aquas
1352 2372 1575 2436 mersit,
1618 2387 1683 2426 ex
1718 2387 1784 2426 eo
1807 2371 2049 2426 omnium
2080 2385 2199 2425 cre-

584 2466 831 2522 dentium
898 2476 1123 2538 peccata
1181 2466 1405 2521 delevit.
1463 2465 1703 2521 Necesse
1759 2473 1844 2520 est
1900 2473 2081 2520 autem
2137 2473 2195 2519 ut

581 2560 822 2615 omnium
845 2567 1064 2630 peccata
1081 2558 1345 2614 deleverit
1363 2600 1376 2624 ,
1398 2559 1487 2626 qui
1509 2557 1751 2610 omnium
1770 2567 1994 2627 peccata
2008 2571 2196 2612 susce-

581 2651 692 2723 pit;
726 2653 869 2709 sicut
895 2653 972 2708 ait
1015 2651 1349 2722 evangelista
1383 2669 1395 2704 :
1433 2649 1532 2704 Hic
1563 2659 1636 2704 est
1674 2667 1841 2720 agnus
1870 2648 1985 2712 Dei,
2010 2649 2094 2703 hic
2119 2659 2194 2704 est

579 2751 670 2817 qui
701 2749 839 2803 tollit
869 2758 1080 2820 peccata
1108 2747 1286 2801 mundi
1311 2745 1488 2811 (Joan.
1517 2762 1556 2810 ι,
1595 2744 1722 2815 29).
1751 2745 1944 2799 Mirum
1977 2759 2108 2814 ergo
2136 2743 2190 2798 in

586 2841 809 2897 modum
851 2857 990 2896 unus
1025 2839 1310 2910 mergitur,
1339 2849 1397 2894 et
1428 2840 1576 2892 salus
1608 2838 1849 2892 omnium
1882 2847 2188 2907 reparatur.

653 2933 821 3007 404
845 2935 899 2990 5.
936 2933 1106 2989 Adest
1135 2947 1266 3004 ergo
1321 2933 1464 2986 Deus
1510 2933 1691 2995 Pater,
1723 2946 1846 2985 cum
1877 2930 2191 3000 baptizatur

582 3031 847 3084 Dominus
881 3026 1079 3082 :adest
1105 3026 1347 3095 Spiritus
1385 3033 1630 3079 sanctus.
1665 3023 1862 3078 Videte
1885 3021 2188 3078 Salvatoris

579 3119 1045 3184 benevolentiam,
1071 3132 1176 3188 qua
1200 3118 1352 3172 solus
1374 3132 1433 3171 se
1462 3117 1516 3170 in
1550 3117 1804 3186 passione
1831 3114 2185 3169 contumeliis

2377 1893 2432 1948 5.
2457 1895 2516 1950 In
2547 1895 2792 1953 Jordane
2814 1897 2980 1967 igitur
3005 1897 3316 1968 baptizatus
3334 1909 3419 1954 est
3438 1899 3679 1954 Dominus.
3697 1899 3799 1954 IIqu

2308 1986 2575 2042 mirabilia
2608 1987 2662 2043 in
2692 1987 2796 2044 hoc
2827 1988 3050 2045 flumine
3075 1991 3278 2061 saepius
3305 1993 3446 2047 facta
3473 2007 3585 2047 esse
3609 1993 3799 2063 Scriptura

2305 2091 2721 2150 commemorat,
2757 2085 2897 2139 inter
2917 2094 3117 2141 caetera
3153 2085 3386 2144 dicens:
3422 2086 3486 2140 Et
3503 2084 3796 2142 Jordaniscon-

2301 2191 2476 2231 uersus
2504 2186 2578 2231 est
2603 2187 2883 2233 retrorsum
2910 2177 3084 2251 (Psal.
3111 2196 3272 2247 cxtu,
3297 2183 3378 2250 5).
3418 2181 3546 2236 Puto
3563 2194 3706 2237 autem
3724 2198 3797 2238 esse

2303 2269 2606 2326 mirabilius
2653 2273 2796 2344 quod
2856 2273 3085 2329 Domino
3124 2275 3254 2331 Jcsu
3308 2276 3524 2332 Christo
3566 2277 3629 2332 ibi
3668 2279 3796 2345 posita,

2302 2365 2500 2420 factum
2533 2374 2656 2433 est;
2691 2375 2818 2422 ante
2847 2368 2994 2424 enim
3050 2379 3357 2425 retrorsum
3406 2386 3552 2442 aqua:
3599 2387 3794 2426 conversa

2300 2455 2538 2524 fuerant,
2572 2459 2738 2515 modo
2769 2469 3074 2516 retrorSum
3102 2470 3326 2532 peccata
3357 2478 3606 2520 conversa
3631 2473 3723 2519 sunt
3742 2473 3796 2516 ret

2297 2551 2439 2606 sicut
2471 2561 2598 2607 tunc
2637 2552 2877 2624 impetus
2906 2554 3146 2611 fluminis
3177 2557 3394 2612 alveum
3423 2561 3506 2613 sui
3542 2573 3699 2613 cursus
3718 2574 3796 2628 pet-

2296 2642 2471 2709 didit;
2505 2647 2577 2700 ita
2603 2655 2657 2702 et
2680 2663 2822 2704 nunc
2853 2649 3090 2719 impetus
3117 2659 3469 2720 peccatorum
3493 2651 3734 2707 dominium
3748 2651 3795 2706 sui

2296 2741 2503 2794 erroris
2541 2740 2744 2796 amisit.
2773 2742 2930 2810 Quod
2971 2743 3194 2814 quidem
3243 2744 3296 2798 in
3319 2745 3578 2816 prephela
3617 2745 3705 2801 Elia
3727 2745 3794 2814 jam

2295 2835 2387 2889 illo
2419 2836 2474 2890 in
2501 2846 2750 2908 tempore
2777 2838 2978 2895 factum
2996 2839 3320 2912 puto;sicut
3349 2842 3493 2897 enim
3522 2841 3649 2896 Elias
3668 2839 3796 2896 inlu-

2291 2930 2432 2986 dane
2461 2930 2784 2990 divisionem
2833 2935 2965 2991 fecit
3015 2936 3280 2992 undarum
3340 2937 3431 3009 (IV
3471 2937 3593 3009 Reg.
3639 2935 3794 3004 11,“),

2295 3034 2317 3061 ο
2351 3024 2420 3078 ita
2452 3035 2506 3080 et
2533 3026 2786 3083 Christus
2818 3028 3086 3085 Dominus
3112 3030 3164 3085 in
3190 3030 3386 3086 eodem
3409 3030 3630 3087 Iordane
3652 3044 3796 3100 separe

2291 3116 2495 3173 tionem
2537 3133 2802 3191 operatus
2841 3134 2925 3178 est
2952 3133 3300 3194 peccatorum
3334 3142 3349 3178 :
3396 3125 3488 3182 ille
3519 3135 3646 3181 stare
3663 3123 3794 3179 ﬂuenta

583 3211 851 3277 subdidit,
883 3211 938 3265 in
964 3210 1182 3266 lavacro
1211 3209 1360 3264 solus
1390 3209 1620 3280 gratiam
1647 3224 1753 3263 non
1779 3207 2054 3278 QUiCSiVil,
2075 3205 2190 3262 vult
2217 3211 2262 3274 C
2294 3217 2578 3286 praecepit,
2613 3215 2700 3272 hic
2721 3220 2976 3273 crimina.
3011 3219 3080 3274 Et
3107 3221 3251 3276 sicut
3277 3221 3381 3277 sub
3407 3221 3523 3276 Elia
3549 3221 3706 3277 ﬂuctus
3727 3216 3796 3290 pri-

577 3306 875 3375 participcs
906 3319 1028 3360 esse
1047 3303 1260 3375 glorise.
1287 3303 1460 3357 Adest
1497 3317 1626 3373 ergo
1655 3303 1797 3357 sicut
1826 3300 1962 3366 dixi,
1997 3300 2184 3368 Pater,

576 3400 737 3456 adest
767 3408 822 3455 et
849 3397 1086 3469 Spiritus
1112 3406 1379 3452 sanctus:
1421 3403 1477 3451 et
1505 3396 1630 3467 quia
1681 3395 1822 3450 Deus
1855 3393 2034 3449 videri
2075 3409 2184 3449 non

573 3505 778 3566 potest,
804 3493 1044 3564 Spiritus
1069 3492 1122 3546 in
1146 3489 1422 3556 columba,
1449 3489 1614 3545 Pater
1628 3487 1914 3544 descendit
1935 3489 1988 3542 in
2012 3501 2182 3543 voce:

570 3589 827 3661 quodque
849 3590 1027 3644 solum
1059 3587 1126 3642 ad
1159 3585 1516 3641 astruendam
1545 3584 1706 3640 fidem
1739 3583 2056 3638 hominibus
2081 3597 2184 3638 ne-

573 3683 874 3740 cessarium
894 3681 1272 3750 erat,exhibet
1288 3680 1649 3734 Salvatorem.
1663 3677 1826 3734 Fides
1837 3679 1980 3733 enim
1999 3684 2184 3732 nostra

573 3778 674 3833 nisi
705 3777 893 3832 auditu
941 3792 1048 3832 non
1091 3780 1313 3831 constat
1338 3782 1394 3829 et
1426 3774 1580 3838 visu;
1617 3771 1740 3828 ideo
1767 3787 1827 3827 se
1859 3770 2102 3842 Spiritus
2125 3769 2180 3825 in

573 3870 829 3928 columba
855 3870 1033 3926 oculis
1055 3869 1264 3936 subdit,
1286 3868 1452 3923 Pater
1477 3868 1530 3922 in
1562 3881 1694 3922 voce
1717 3881 1778 3922 se
1806 3865 2031 3920 auribus
2053 3864 2182 3920 sub-

576 3965 883 4031 ministrat;
927 3980 1054 4019 nam
1101 3964 1204 4020 nisi
1258 3973 1478 4034 propter
1503 3971 1746 4017 nostram
1797 3960 2178 4016 credulitatem

572 4061 677 4115 ista
704 4059 822 4116 fieri
854 4058 1214 4128 oportuisset,
1245 4060 1426 4135 potuit
1457 4059 1620 4113 Pater
1650 4066 1705 4112 et
1745 4057 1982 4126 Spiritus
2042 4066 2181 4111 tam-

576 4169 738 4222 quam
788 4151 1082 4208 invisibilis
1124 4151 1268 4206 Deus
1295 4151 1361 4206 ad
1392 4149 1632 4205 Verbum
1683 4147 1875 4202 Filium
1917 4147 2178 4202 invisibili

581 4245 938 4317 prolapsione
994 4245 1352 4301 descendere.
1413 4245 1581 4315 Igitur
1638 4251 1868 4314 propter
1932 4251 2178 4298 nostram

577 4337 740 4393 fidem
771 4344 962 4407 aperto
993 4336 1154 4404 caelo,
1202 4336 1446 4406 Spiritus
1487 4335 1554 4392 ad
1580 4335 1882 4399 Christum,
1915 4333 2080 4390 Pater
2109 4333 2178 4390 ad

579 4429 797 4495 Filium,
843 4443 949 4484 vox
993 4427 1281 4485 descendit
1333 4429 1398 4482 ad
1451 4427 1724 4494 Verbum;
1763 4427 2002 4482 Verbum
2025 4427 2173 4483 enim

575 4523 830 4579 Christus
884 4531 1011 4589 est,
1047 4523 1116 4580 de
1170 4538 1279 4595 quo
1334 4523 1596 4580 scribitur
1628 4523 1733 4578 :ln
1773 4523 2028 4596 principio
2064 4532 2176 4578 erat

593 4617 810 4673 Verbum
839 4615 1083 4687 (Joan.r,
1118 4617 1197 4689 I).
1251 4618 1422 4683 Bene,
1484 4618 1704 4689 inquam
1752 4617 1917 4672 Pater
1948 4633 2077 4684 vox,
2123 4604 2257 4674 etD

577 4712 750 4768 Filius
782 4711 1021 4769 Verbum
1047 4713 1270 4774 dicitur.
1301 4715 1427 4781 quia
1458 4713 1697 4770 Verbum
1724 4713 1941 4769 nonnisi
1960 4713 2029 4769 de
2046 4729 2178 4771 voce

572 4807 843 4880 procedit.
874 4807 1221 4865 Conveniunt
1249 4809 1434 4876 itaque
1456 4808 1559 4863 sibi
1600 4824 1701 4862 vox
1735 4817 1788 4864 et
1823 4806 2090 4874 Verbum,
2124 4817 2180 4863 ct

571 4903 735 4959 saluti
767 4901 1050 4957 hominum
1081 4901 1372 4972 provident
1402 4902 1667 4958 societate
1695 4902 1970 4974 mysterii.

641 4999 697 5053 4.
715 4997 831 5068 Qua
854 5004 1038 5052 autem
1067 4996 1278 5051 ratione
1291 4994 1532 5066 Spiritus
1566 5005 1789 5051 sanctus
1805 4995 1871 5052 ad
1897 4993 2177 5051 Christum

574 5091 624 5143 in
658 5091 843 5162 specie
867 5090 1134 5146 columba:
1176 5089 1547 5156 descenderit,
1594 5090 1879 5146 videamus
1922 5110 1935 5146 :
1987 5100 2169 5145 utrum

571 5185 642 5240 sit
669 5185 848 5257 aliqua
880 5184 1184 5241 similitudo
1211 5185 1483 5241 columba:
1523 5185 1610 5240 vel
1642 5186 1879 5250 Domini,
1923 5187 2065 5242 sicut
2086 5193 2174 5242 est

566 5280 720 5335 vocis
752 5288 809 5336 et
855 5279 1045 5335 Verbi.
1082 5279 1181 5334 Est
1229 5281 1392 5350 plane
1444 5295 1551 5334 non
1609 5295 1802 5349 parva;
1859 5279 2169 5336 columbam

569 5376 714 5430 enim
741 5373 904 5430 etiam
927 5373 1105 5444 ipsum
1142 5373 1430 5429 Dominum
1477 5373 1747 5438 dixerim;
1802 5373 1926 5444 quia
1959 5375 2170 5430 estala-

641 5569 666 5631 ξι
695 5559 856 5614 Rom.
888 5561 1021 5616 edit.
1053 5575 1175 5616 cum
1205 5561 1340 5631 Reg.
1371 5558 1519 5621 cod.,
1550 5560 1683 5613 sicut
1709 5559 1834 5613 dicit
1859 5561 2131 5628 prop/rcta.

2292 3309 2502 3364 mordia
2543 3310 2804 3380 fontium,
2837 3313 2905 3369 de
2945 3313 3142 3383 quibus
3172 3316 3458 3384 exierant,
3502 3314 3527 3353 ἀ
3567 3318 3794 3386 petierunt;

2290 3400 2362 3456 ita
2417 3411 2473 3457 et
2528 3404 2630 3459 sub
2673 3404 2895 3460 Christo
2933 3405 3165 3462 Domino
3216 3407 3472 3465 homines
3525 3409 3585 3462 ad
3611 3408 3792 3476 originem

2286 3510 2442 3552 suam
2471 3497 2538 3553 de
2562 3514 2666 3569 qua
2695 3499 2748 3554 in
2773 3498 3000 3554 infantia
3027 3498 3246 3556 fuerant
3273 3502 3479 3570 exorti,
3505 3512 3619 3558 sunt
3643 3499 3781 3556 reversi

2901 3594 3136 3652 SERMO
3190 3595 3287 3654 XI.

2721 3690 2797 3747 De
2823 3702 3012 3748 sancta
3044 3692 3350 3762 Epiphania
3380 3694 3472 3750 IV.

2285 3779 2390 3834 llic
2417 3781 2471 3835 in
2497 3783 2659 3850 antiq.
2693 3783 2822 3838 edit.
2870 3783 3248 3839 inscribebatur
3285 3801 3306 3840 :
3348 3786 3480 3842 Post
3509 3783 3794 3857 Epiphaniam.

2357 3873 2425 3928 Et
2453 3875 2496 3929 is
2518 3891 2692 3930 revera
2715 3888 2828 3946 post
2845 3879 3184 3948 superiorem,
3212 3895 3369 3949 quem
3391 3880 3504 3950 ipso
3531 3880 3607 3934 die
3635 3877 3795 3947 Epipha-

2355 3969 2456 4023 nia:
2483 3967 2717 4022 habitum
2751 3980 2970 4036 constat,
3009 3987 3075 4026 ea:
3107 3971 3378 4042 utriusque
3413 3973 3661 4027 collatione
3690 3969 3794 4020 dictu

2352 4061 2676 4133 cegnocitur.
2706 4060 2771 4116 In
2785 4062 2938 4117 Rom.
2962 4064 3271 4119 edit.eidem
3301 4067 3487 4121 titulus
3518 4061 3688 4121 est:Ad
3705 4071 3796 4115 catt-

2353 4152 2676 4209 chumenos.
2710 4154 2889 4226 Neque
2905 4156 2962 4211 id
2985 4158 3228 4225 absurde;
3261 4159 3470 4215 eosdem
3496 4160 3615 4215 enim
3633 4155 3745 4212 rariis
3764 4154 3794 4204 it

2353 4245 2604 4302 Ecclesiis
2623 4247 2687 4301 ab
2717 4264 2776 4302 eo
2817 4250 2949 4318 [esto
3004 4265 3193 4304 nomen
3223 4251 3461 4321 proﬁteri
3483 4250 3794 4306 commissae!

2350 4343 2524 4397 multis
2552 4359 2668 4397 cum
2693 4343 2919 4398 aliorum
2946 4353 3053 4398 tum
3102 4345 3364 4400 Ambrosii
3391 4345 3668 4401 testimoniis
3695 4339 3793 4392 dum

2347 4438 2589 4510 intelligi.
2612 4437 2723 4492 Nec
2751 4456 2867 4494 vero
2896 4440 3178 4510 quidquam
3209 4449 3308 4506 est,
3343 4457 3442 4495 cur
3467 4441 3592 4494 hunc
3614 4444 3794 4490 auctorem

2354 4531 2552 4588 Felicis
2581 4541 2629 4589 et
2662 4532 2914 4604 Elipandi
2955 4535 3222 4604 (aqualem,
3257 4544 3348 4589 aut
3375 4536 3428 4589 in
3459 4532 3683 4590 erroribus
3709 4538 3795 4595 ργα-

2353 4645 2617 4682 cursorem
2644 4629 2831 4700 aliquis
2855 4638 3016 4699 putet,
3060 4630 3196 4700 quod
3225 4629 3280 4683 in
3326 4630 3572 4701 baptismo
3609 4623 3795 4682 Chriser

2349 4721 2580 4790 afﬁrmat
2618 4730 2855 4776 renatum
2877 4738 2990 4777 esse
3011 4739 3028 4787 ;
3047 4721 3186 4776 illud
3207 4723 3345 4775 enim
3380 4723 3515 4776 nihil
3533 4718 3655 4775 aliud
3676 4719 3791 4772 soul.

2351 4814 2453 4868 nisi
2508 4812 2792 4868 Dominum
2854 4815 3001 4885 aquis
3081 4824 3426 4887 emergentem
3497 4802 3792 4869 resurrectionis

2351 4907 2570 4976 formam
2606 4907 2876 4961 exstitisse.
2911 4905 3040 4961 Cum
3090 4923 3206 4962 vero
3236 4923 3340 4961 non
3388 4908 3538 4961 modo
3567 4905 3610 4956 in
3633 4908 3794 4956 sermoni

2347 5000 2602 5069 sequenti,
2627 5001 2717 5054 sed
2745 5001 2897 5055 etiam
2927 5000 2981 5055 in
3007 5001 3110 5057 155
3138 5011 3186 5055 et
3221 5001 3325 5056 I56
3370 5001 3580 5075 August.
3620 4987 3790 5064 Append-

2352 5089 2532 5145 eadem
2573 5091 2832 5163 legantur,
2887 5109 2990 5146 non
3032 5092 3138 5147 leue
3166 5095 3402 5164 profecto
3429 5084 3794 5164 argumentandi

2347 5187 2409 5240 ab
2432 5188 2611 5242 eodem
2643 5197 2856 5244 auctore
2881 5205 3056 5244 onrnes
3078 5190 3173 5244 Iros
3201 5205 3462 5244 sermones
3488 5202 3584 5243 esse
3606 5181 3793 5252 proieci“

2346 5290 2436 5334 aut
2476 5283 2632 5336 unius
2667 5293 2930 5338 auctorem
2959 5300 3024 5338 ea:
3051 5285 3220 5339 altero
3245 5283 3443 5354 largius
3468 5279 3682 5334 hausisse.

2365 5377 2413 5431 1.
2439 5377 2520 5432 Ad
2540 5391 2734 5434 omnes
2749 5392 2874 5445 vos,
2897 5377 3116 5444 fratres,
3144 5375 3579 5448 praedicationem
3605 5379 3744 5424 meam
3758 5360 3792 5412 in

2343 5558 2369 5597 ἀ
2391 5562 2596 5634 Omnes
2618 5561 2779 5627 edit.,
2813 5564 3265 5634 pertinuerunt....
3290 5561 3363 5616 ad
3393 5558 3593 5629 originis
3611 5567 3714 5634 sua?
3736 5554 3792 5634 α·

641 5627 682 5704 b7
711 5631 1086 5704 Editaultima:
1113 5625 1312 5698 Paris;
1337 5633 1426 5686 sed
1453 5642 1506 5685 ut
1534 5647 1625 5686 nos
1661 5625 1913 5701 aquarum
1958 5625 2168 5701 ﬂuentis
2268 5634 2490 5704 fantium
2514 5633 2577 5687 de
2614 5651 2718 5698 qua
2768 5625 2993 5701 fuerant.
3016 5646 3145 5695 etc.;
3180 5649 3370 5689 omnes
3397 5625 3524 5704 mss.
3549 5625 3682 5704 nobis
3697 5633 3788 5698 colt;

567 5702 820 5774 puriﬁcet.
854 5702 972 5774 Non
1008 5715 1178 5759 recte.

643 5785 664 5812 ο
699 5773 820 5830 Vet.
853 5773 1010 5857 edit.,
1037 5777 1114 5857 ita
1141 5785 1190 5830 et
1229 5774 1461 5848 Spiritus
1493 5775 1704 5831 Domini
1733 5791 1752 5831 :
1781 5775 1977 5833 melius
1999 5775 2160 5833 Rom.

567 5853 624 5904 et
652 5860 786 5904 mss.
811 5854 872 5903 ut
908 5853 962 5901 in
995 5854 1167 5902 textu.

2269 5700 2516 5770 veniunt,
2546 5706 2648 5760 nisi
2693 5705 2838 5775 quod
2881 5722 2979 5774 pro
3005 5707 3256 5774 originem
3280 5706 3334 5761 in
3365 5719 3472 5761 uno
3509 5700 3681 5772 legitur
3712 5705 3788 5746 οπο

2265 5777 2438 5849 ginis;
2472 5778 2525 5832 in
2559 5777 2688 5845 alio,
2717 5779 2932 5852 originis
2956 5795 3062 5834 sua:
3084 5778 3306 5832 initium.
