3944 6310
96 310 190 370 625
903 307 1274 368 SERMONES
1312 309 1372 368 S.
1411 309 1764 367 AMBROSIO
1802 310 2170 371 HACTENUS
2207 312 2542 372 ASCRIPTI.

3268 316 3372 374 6'26

92 426 171 481 die
206 431 384 480 saneta
432 423 754 496 Epiphaniae
803 426 1122 498 pervenisse
1160 427 1351 494 credo,
1387 437 1441 483 et
1471 426 1537 484 ad
1570 441 1670 482 vos
1698 427 1752 487 A
1775 427 2130 494 asperitatem
2160 429 2495 501 decoquens,
2527 432 2852 504 sapientiam
2890 433 2994 490 sibi
3041 434 3376 504 divinitatis,

91 519 341 594 prrecipue
372 519 797 576 catechumenos
828 539 840 573 :
874 521 925 575 in
959 536 1064 592 qua
1094 522 1489 592 descripsimus
1515 532 1666 587 tunc,

91 615 347 672 nonnullis
373 611 534 688 405
565 615 939 670 asserentibus
981 631 1178 686 aquam
1211 617 1263 671 in
1288 617 1471 672 vinum
1497 615 1666 672 fuisse

85 725 385 768 conversam
417 727 430 763 :
460 711 738 780 plerisque
760 721 940 767 autem
974 712 1304 767 testantibus
1332 713 1421 766 illa
1443 727 1666 784 quoque

87 805 166 861 die
213 804 262 858 in
305 803 540 859 Jordaue
595 805 882 859 Dominum
933 805 1287 876 baptizatum.
1338 806 1492 875 Quod
1535 806 1665 862 licet

85 913 111 952 a
147 896 366 952 diversis
412 896 736 953 alterutrum
785 899 984 953 factum
1025 914 1148 955 esse
1193 899 1453 955 credatur
1491 919 1507 968 ;
1562 915 1663 972 ego

87 998 250 1044 tamen
280 997 564 1061 utrumque
587 990 790 1047 factum
836 1007 958 1048 esse
989 994 1278 1060 confirmo,
1330 1003 1385 1049 et
1409 993 1556 1048 aliud
1589 996 1663 1048 si-

82 1095 233 1152 gnum
267 1081 333 1136 de
352 1081 459 1135 alio
481 1083 775 1138 contineri.
804 1082 1108 1155 Utrumque
1139 1084 1288 1141 enim
1314 1087 1510 1140 factum
1535 1096 1619 1142 est
1645 1103 1659 1152 ;

84 1189 193 1232 nam
245 1189 364 1229 cum
413 1175 718 1244 baptizatus
755 1187 841 1233 est
886 1178 1188 1245 Dominus,
1229 1189 1284 1235 et
1335 1181 1658 1251 mysterium

82 1267 262 1323 lavacri
309 1267 582 1334 instituit,
631 1279 686 1325 et
726 1269 1024 1325 humanum
1080 1287 1254 1342 genus
1293 1273 1444 1328 velut
1494 1273 1658 1328 vilem

79 1375 256 1430 aquam
301 1361 351 1415 in
404 1371 670 1438 aeternam
722 1363 1089 1419 substantiam
1122 1365 1425 1420 divinitatis
1460 1380 1660 1436 sapore

80 1455 349 1510 convertit.
391 1453 664 1511 Similiter
702 1466 759 1512 et
789 1472 912 1512 eum
951 1458 1172 1530 ltydrias
1219 1459 1407 1535 plenas
1447 1460 1660 1531 liquore

80 1550 287 1606 fontium
315 1551 480 1606 vertit
507 1552 563 1606 in
609 1551 794 1606 vinum
818 1595 832 1618 ,
864 1562 1155 1624 utrumque
1183 1563 1438 1625 operatus
1460 1563 1544 1611 est
1563 1597 1576 1619 ,
1605 1565 1658 1610 et

78 1645 295 1715 speciem
326 1646 497 1717 magis
535 1647 904 1702 necessariam
946 1649 1148 1718 nuptiis
1177 1649 1453 1719 prmstitit,
1483 1659 1538 1705 et
1565 1649 1658 1705 de-

78 1736 384 1791 monstravit
441 1751 671 1808 eorpora
734 1738 1014 1796 hominum
1061 1757 1159 1816 per
1203 1743 1481 1798 lavacrum
1530 1741 1655 1813 Spi-

1771 514 1800 553 ά
1824 517 2258 575 benevolentiam
2298 521 2583 579 Trinitatis
2615 526 2865 582 assumit.

1841 613 1895 665 4.
1942 612 2085 682 Ergo
2113 613 2166 667 in
2196 615 2297 670 hac
2317 625 2505 670 saneta
2533 616 2620 672 die
2646 619 2956 689 baptizatus
2978 629 3062 674 est
3085 620 3371 678 Dominus.

1770 703 1961 761 Videte
1992 723 2151 776 quam
2203 709 2341 764 bene
2388 710 2756 779 ordinaverit,
2799 724 2858 767 ut
2891 723 2944 769 et
2974 715 3026 768 in
3061 716 3225 770 natali
3273 730 3375 771 suo

1769 808 1932 854 natus
1964 801 2056 866 sit,
2107 809 2163 854 et
2211 802 2264 855 in
2297 802 2603 872 Epiphania
2633 817 2892 870 renatus;
2943 816 3000 862 ut
3029 823 3127 863 nec
3156 810 3316 878 longe
3345 823 3376 864 a

1767 907 1828 948 se
1857 893 2047 948 salutis
2078 895 2327 950 humana:
2355 907 2478 951 vota
2509 896 2798 965 distarent,
2831 909 2887 954 et
2918 911 3151 956 aeternas
3179 900 3370 956 Salva«

1769 987 1871 1040 tori
1893 985 2094 1056 jugiter
2123 989 2328 1058 gratias
2359 1005 2672 1059 ageremus.

1839 1079 1893 1132 5.
1927 1078 2078 1134 Tune
2123 1089 2179 1136 et
2210 1090 2330 1136 vota
2380 1092 2567 1138 nostra
2616 1084 2894 1140 celebrata
2941 1095 3100 1153 sunt,
3152 1087 3374 1158 quando

1765 1169 1985 1227 Christo
2033 1173 2274 1230 Ecclesia
2326 1177 2579 1246 copulata
2630 1188 2736 1245 est,
2785 1180 2929 1234 sicut
2956 1181 3033 1236 ait
3077 1181 3370 1238 Joannes:

1769 1265 1871 1334 Qui
1894 1267 2041 1322 habet
2063 1286 2323 1339 sponsam,
2355 1288 2580 1343 sponsus
2607 1284 2680 1328 est
2703 1273 2884 1347 (Joan.
2912 1293 2966 1332 ιιι
2991 1317 3007 1344 ,
3034 1277 3111 1348 9).
3144 1277 3375 1348 Propter

1765 1359 1862 1413 has
1891 1376 2020 1432 ergo
2054 1364 2271 1432 nuptias
2299 1365 2500 1421 saltare
2544 1384 2644 1422 nos
2681 1368 2970 1435 convenit;
3004 1370 3270 1440 siquidem
3313 1380 3371 1426 et

1738 1445 1932 1509 'David
1967 1473 2063 1513 rex
2096 1460 2300 1529 pariter
2330 1470 2384 1514 et
2415 1462 2680 1532 propheta
2714 1478 2837 1518 cum
2872 1465 3038 1519 multa
3065 1466 3368 1531 cecinerit,

1762 1559 1888 1603 ante
1938 1565 2120 1604 aream
2170 1551 2508 1610 Tcstamenti
2556 1556 2794 1612 saltasse
2840 1557 3084 1622 dicatur;
3119 1558 3371 1612 elevatus

1762 1643 1905 1698 enim
1933 1644 2128 1714 gaudio
2156 1645 2208 1699 in
2233 1647 2582 1704 saltationem
2611 1651 2946 1723 prorupit(|l
2976 1651 3109 1723 Reg.
3141 1668 3218 1717 νι,
3250 1651 3366 1723 Μ).

1763 1735 2103 1792 Ρηιινίὀθιιίιι
2130 1739 2275 1794 enim
2309 1741 2360 1794 in
2405 1741 2613 1813 Spiritu
2649 1760 2747 1814 per
2775 1745 2999 1800 Mariam
3030 1745 3097 1802 de
3124 1746 3375 1817 germine

78 1830 201 1884 ritus
223 1830 398 1884 sancti
428 1831 658 1898 spiritali
688 1833 946 1903 replenda
979 1849 1102 1890 esse
1141 1836 1465 1891 substantia.
1500 1837 1655 1904 Quod
1687 1831 1734 1890 Β
1763 1844 1863 1885 SUO
1897 1831 2197 1888 Ecclesia"!
2247 1831 2446 1890 Christi
2493 1837 2735 1893 thalamo
2781 1839 3132 1907 socianda"),
3165 1840 3234 1896 de
3264 1856 3376 1911 quo

75 1922 189 1978 alibi
216 1921 331 1990 ipse
359 1922 618 1978 Dominus
645 1924 991 1982 manifestius
1019 1927 1318 1983 declaravit
1340 1929 1559 2002 (Matth.
1577 1947 1652 1996 ιιι,

77 2015 177 2084 ll),
205 2016 392 2071 dicens
430 2017 482 2071 in
527 2028 675 2075 utres
703 2034 874 2074 novos
905 2021 1089 2074 vinum
1124 2035 1323 2076 novum
1355 2038 1478 2078 esse
1517 2038 1655 2078 con-

73 2109 328 2177 dendum;
361 2112 414 2166 in
452 2111 696 2168 novitate
734 2113 878 2169 enim
923 2116 1124 2170 utrium
1177 2115 1381 2172 lavacri
1425 2118 1654 2188 puritas,

74 2201 289 2272 Spiritus
310 2205 485 2260 sancti
516 2207 693 2276 gratia
721 2206 1065 2278 significatur
1091 2209 1144 2264 in
1167 2209 1312 2265 vino.

131 2299 182 2352 2.
213 2307 238 2336 ει
275 2297 443 2370 lgitur
464 2316 562 2356 vos
591 2301 1018 2360 catechumenos
1061 2304 1379 2376 diligentius
1411 2305 1657 2376 oportuit

71 2389 160 2446 hoc
187 2392 428 2461 audisse,
454 2394 651 2465 quibus
691 2397 862 2466 magis
891 2407 973 2452 est
1004 2399 1401 2466 necessarium,
1440 2411 1498 2454 ut
1528 2414 1655 2454 sen-

70 2500 152 2542 StlS
191 2496 393 2554 vester,
425 2488 518 2560 qui
564 2489 869 2560 ignorantia
913 2491 1199 2546 Trinitatis
1238 2503 1294 2546 ut
1326 2507 1465 2562 aqua
1511 2507 1655 2548 nunc

70 2579 234 2650 friget,
261 2583 543 2652 agnitione
575 2584 827 2655 mysterii
879 2585 1177 2641 incalescat
1229 2597 1285 2640 ut
1332 2589 1553 2656 vinum,
1601 2602 1654 2648 et

68 2675 346 2730 animarum
379 2686 686 2732 vestrarum
718 2678 898 2749 liquor
921 2680 1045 2735 vilis
1073 2691 1126 2736 et
1159 2682 1336 2738 tenuis
1368 2683 1418 2736 in
1448 2683 1655 2753 pretio-

67 2781 168 2822 Sam
196 2777 248 2824 et
288 2768 492 2828 fortem
522 2771 755 2842 gratiam
804 2772 1252 2840 transfundatur;
1304 2786 1361 2830 ut
1393 2776 1504 2831 vini
1536 2778 1654 2833 vice

67 2861 318 2931 sapiamus
348 2863 502 2933 quod
541 2865 750 2920 bonum
785 2877 891 2933 est,
939 2866 1284 2922 redoleamus
1311 2869 1455 2938 quod
1487 2884 1653 2927 suave

65 2963 156 3020 est,
199 2965 249 3010 et
281 2955 566 3026 possimus
611 2957 801 3014 dicere
854 2958 988 3013 illud
1039 2961 1288 3031 Apostoli
1327 2979 1339 3015 :
1395 2962 1653 3030 Quoniam

65 3045 236 3104 Christi
262 3051 426 3106 bonus
451 3053 580 3107 odor
602 3069 775 3109 sumus
803 3052 908 3109 Deo
932 3053 998 3127 (ll
1021 3054 1141 3110 Cor.
1177 3073 1243 3122 ιι,
1282 3055 1407 3126 15);
1439 3057 1467 3095 b
1497 3069 1650 3113 cate-

65 3141 342 3200 chumenus
364 3145 542 3213 enim,
587 3148 906 3217 priusquam
943 3149 1276 3220 baptizetur,
1326 3152 1467 3206 sicut
1512 3167 1649 3224 aqua

1761 1922 1839 1976 ait
1871 1941 1883 1975 :
1928 1922 1997 1977 Et
2037 1926 2148 1997 ipse
2194 1935 2452 1998 tamquam
2477 1946 2698 1997 sponsus
2724 1932 3003 2000 procedens
3048 1933 3112 1987 de
3143 1934 3374 1988 thalamo

1761 2033 1856 2070 suo
1881 2016 2054 2089 (Psat.
2090 2035 2217 2074 xvtu
2240 2062 2253 2084 ,
2297 2021 2377 2091 6).
2427 2023 2609 2093 Atque
2642 2025 2766 2079 ideo
2802 2035 2824 2062 θ
2853 2041 2965 2096 prae
2995 2026 3215 2082 caeteris
3242 2043 3372 2096 pro-

1761 2108 2050 2179 phetarum
2121 2115 2436 2169 auctoribus
2491 2117 2613 2186 plus
2680 2119 2959 2184 eantavit;
3018 2119 3143 2190 quia
3196 2120 3374 2174 laetior

1760 2207 1974 2260 eunetis
2009 2223 2103 2277 per
2133 2209 2248 2265 hrec
2289 2212 2482 2280 gaudia
2530 2229 2659 2270 suos
2707 2225 2960 2286 posteros
2989 2218 3320 2289 eonjugabat
3355 2237 3368 2272 :

1758 2310 1815 2356 et
1841 2299 1909 2354 ad
1949 2303 2168 2373 propria
2196 2313 2320 2359 vota
2348 2320 2541 2362 omnes
2570 2319 2760 2378 gentes
2790 2311 2956 2365 solito
2984 2311 3204 2366 dulcius
3231 2311 3374 2366 invi-

1759 2401 1901 2459 taus,
1932 2410 2031 2449 nos
2058 2411 2274 2467 quoque
2304 2397 2496 2453 docuit
2543 2401 2668 2469 quid
2713 2399 2848 2470 ipsis
2897 2400 3079 2458 facere
3126 2401 3360 2457 debere-

1760 2507 1879 2545 mus
1903 2491 1957 2546 iu
1993 2493 2222 2564 nuptiis,
2247 2509 2370 2549 cum
2408 2495 2522 2566 ipse
2551 2507 2677 2554 ante
2707 2499 2925 2568 nuptias
2967 2507 3084 2555 tota
3125 2500 3372 2556 exsulta-

1758 2585 1905 2641 tione
1933 2585 2146 2641 ltetatus
2169 2585 2258 2642 sit.

2249 2680 2416 2754 nos
2453 2683 2689 2740 SERMO
2741 2685 2860 2740 xu.

2155 2772 2232 2828 De
2290 2783 2476 2830 saneta
2532 2777 2839 2847 Epiphania
2900 2778 2964 2833 V.

1757 2866 1835 2922 Iis
1875 2883 1988 2933 qua:
2026 2867 2096 2920 ad
2134 2883 2424 2922 sermonem
2453 2871 2770 2939 superiorem
2809 2888 2840 2924 a
2881 2871 3028 2926 nobis
3054 2871 3194 2925 dicta
3223 2884 3369 2940 sunt,

1829 2971 2027 3015 tantum
2057 2962 2306 3017 addemus
2342 2974 2542 3020 nostros
2581 2965 2672 3019 hos
2700 2982 2962 3021 sermones
2994 2983 3096 3019 uno
3124 2977 3366 3022 contextu

1828 3056 2141 3125 compositos
2169 3056 2356 3122 videri,
2389 3073 2505 3111 cum
2535 3075 2563 3112 ε
2590 3061 2849 3112 contrario
2880 3074 3006 3129 quos
3032 3075 3094 3113 ea:
3121 3059 3362 3130 Append.

1827 3150 2046 3222 August.
2091 3167 2250 3221 supra
2290 3151 2582 3217 cituvintus,
2619 3152 2839 3221 speciem
2877 3160 3152 3206 centonum
3178 3168 3365 3223 quam-

63 3234 218 3305 jacet,
266 3239 426 3312 friget
467 3249 525 3297 et
566 3242 772 3312 pallet:
825 3243 1001 3298 fidelis
1052 3254 1232 3300 autent
1289 3247 1432 3301 sicut
1461 3248 1648 3303 viuum
1681 3231 1726 3294 C
1830 3245 1951 3299 dant
1987 3260 2096 3315 pra:
2125 3249 2429 3317 se’ferant;
2477 3245 2796 3318 proindeque
2825 3245 2920 3300 hos
2959 3261 3022 3300 ea:
3052 3245 3237 3299 iisdem
3262 3246 3369 3302 illis

67 3329 204 3388 fortis
227 3342 281 3389 et
323 3337 534 3391 rubeus
575 3345 677 3392 est.
718 3336 1186 3408 Cateehumenus,
1222 3342 1474 3412 inquam,
1506 3343 1650 3399 sicut

65 3440 186 3498 aqua
215 3430 419 3486 nullius
447 3432 684 3501 saporis,
716 3433 919 3490 nullius
943 3435 1152 3501 odoris,
1182 3436 1384 3491 nullius
1410 3446 1494 3493 est
1523 3453 1647 3508 pre-

65 3522 144 3590 tii,
176 3541 269 3582 nee
298 3527 584 3584 sufficiens
617 3529 683 3584 ad
710 3545 891 3595 usum,
927 3546 1029 3586 uec
1055 3530 1400 3588 delectabilis
1426 3533 1491 3589 ad
1523 3535 1648 3590 reli-

64 3619 315 3690 eiendum,
354 3639 460 3680 nec
503 3624 808 3682 tolerabilis
834 3628 899 3682 ad
947 3628 1301 3683 servandum.
1332 3628 1466 3685 Nam
1509 3631 1649 3687 sicut

62 3727 186 3783 aqua
223 3733 343 3774 cum
376 3729 630 3776 servatur
657 3720 883 3786 diutius,
937 3724 988 3776 in
1029 3722 1270 3779 deterius
1313 3740 1475 3780 versa
1507 3727 1646 3782 intra

62 3810 386 3881 semetipsam
433 3814 703 3883 putrescit
741 3823 796 3870 et
827 3814 994 3883 fetet;
1032 3827 1052 3853 ο
1098 3816 1171 3872 ita
1205 3826 1259 3871 et
1299 3819 1648 3874 catechume-

63 3913 151 3954 nus
180 3915 292 3957 cum
323 3905 531 3961 diutius
561 3905 993 3962 catechumenus
1041 3918 1346 3978 permanet,
1400 3910 1451 3964 in
1495 3911 1648 3968 dete-

62 3989 161 4046 rius
183 4008 480 4051 conversus
519 3997 657 4052 intra
700 3999 1054 4069 semetipsum
1088 4000 1299 4056 vilescit
1326 4010 1380 4057 et
1407 4001 1638 4073 deperit.

61 4082 294 4141 Aiteuim
327 4088 594 4145 Dominus
632 4108 644 4142 ε
681 4089 799 4144 Nisi
825 4092 939 4162 quis
966 4102 1173 4147 renatus
1211 4096 1367 4164 fuerit
1403 4112 1466 4150 ea;
1509 4113 1645 4166 aqua

61 4184 100 4226 et
121 4174 310 4246 Spiritu
334 4192 538 4249 sancto,
567 4198 673 4234 non
724 4183 882 4236 intrat
925 4201 1141 4258 regnum
1170 4186 1414 4240 actorum
1460 4187 1638 4259 (Joan.

61 4281 141 4330 lit,
171 4271 260 4341 '5):
289 4275 381 4345 qui
430 4286 613 4331 autem
648 4292 757 4332 non
808 4279 977 4334 intrat
1021 4295 1270 4351 regnum,
1325 4284 1640 4338 necessario

59 4375 285 4422 remanet
315 4369 367 4424 iu
402 4369 644 4427 inferno.

119 4457 167 4510 5.
217 4459 383 4517 Recte
431 4473 614 4520 autem
662 4465 794 4521 vino
837 4478 1188 4538 comparatur
1241 4467 1451 4536 fidelis;
1499 4471 1643 4527 sicut

57 4549 185 4602 Cllllll
202 4567 267 4608 ex
285 4565 602 4612 cunctarum
625 4567 994 4614 creaturarum
1019 4561 1326 4616 substantia
1351 4563 1528 4618 outuis
1549 4579 1640 4620 res

1827 3341 2006 3410 forsan
2037 3338 2197 3409 fuisse
2219 3337 2576 3410 interpolatos.
2607 3337 2788 3411 Hujus
2815 3349 2986 3392 tamen
3010 3349 3276 3393 auctorem
3301 3355 3367 3394 ex

1823 3433 2021 3486 sanctis
2068 3430 2316 3486 Patribus
2346 3432 2595 3486 nonnulla
2623 3432 2774 3485 etiam
2806 3433 3067 3486 imitatum
3097 3449 3205 3486 esse
3232 3434 3369 3486 nulli

1825 3542 2109 3598 negamus;
2149 3541 2264 3596 quae
2302 3527 2439 3579 enim
2485 3543 2655 3580 causa?
2694 3542 2786 3579 cur
2825 3527 3079 3597 baptizari
3125 3523 3365 3580 Christus

1824 3620 2058 3684 voluerit,
2095 3619 2177 3672 hic
2205 3617 2515 3685 afferuntur,
2543 3621 2694 3673 etiam
2725 3619 2870 3689 apud
2894 3620 3048 3683 alios,
3075 3629 3120 3672 et
3145 3619 3367 3672 Ambro-

1823 3715 1960 3768 sium
2000 3714 2172 3784 ipsum
2211 3729 2326 3766 cum
2368 3713 2494 3766 alibi
2537 3723 2646 3767 tum
2693 3713 2744 3767 in
2788 3712 3102 3766 Comment.
3139 3711 3190 3765 in
3224 3710 3366 3765 Luc.

1825 3808 1913 3862 lib.
1942 3824 1999 3874 tt,
2033 3823 2176 3861 nunt.
2209 3807 2300 3873 85,
2329 3815 2378 3861 et
2402 3807 2490 3860 lib.
2523 3822 2599 3872 tv,
2627 3821 2770 3859 num.
2799 3807 2853 3868 5,
2879 3814 3285 3876 pertractantur.

1823 3899 1874 3953 l.
1919 3898 2245 3969 Evangeliea
2275 3899 2547 3968 scriptura
2571 3895 2766 3962 refert,
2791 3896 3151 3951 sieutlectum
3183 3911 3360 3966 nuper

1749 3992 2081 4060 audivimus,
2131 3992 2419 4046 Domimtm
2461 3991 2526 4045 ad
2556 3989 2853 4046 Jordanem
2898 3990 3153 4060 baptismi
3193 4004 3359 4045 causa

1749 4086 1986 4152 venisse,
2022 4098 2074 4142 et
2103 4087 2154 4142 in
2177 4086 2370 4142 eodem
2395 4086 2618 4141 flumine
2641 4085 2922 4156 mysteriis
2948 4100 3009 4138 se
3038 4084 3358 4140 cmlestibus

1749 4181 2061 4238 consecrari
2093 4180 2356 4236 voluisse.
2389 4179 2544 4248 Quod
2577 4179 2764 4234 mirari
2799 4193 2906 4233 non
2938 4177 3229 4244 debemus,
3259 4194 3359 4232 cur

1747 4278 1851 4333 hoc
1882 4278 2226 4348 baptismatis
2264 4276 2432 4346 ipsius
2472 4274 2729 4329 dominus
2761 4282 2816 4328 et
2851 4272 3110 4342 magister
3137 4270 3356 4340 fecerit,

1746 4372 1872 4442 quia
1907 4373 2025 4442 ipse
2054 4371 2130 4426 ait
2162 4388 2174 4424 :
2222 4369 2325 4435 Qui
2363 4368 2538 4440 fecerit
2573 4369 2670 4433 sic,
2713 4376 2760 4420 et
2805 4365 3058 4431 docuerit,
3095 4367 3356 4419 maximus

1745 4466 2008 4522 vocabitur
2047 4466 2100 4519 in
2141 4479 2296 4535 regno
2338 4463 2582 4515 caelorum
2629 4458 2852 4528 (Matth.
2895 4475 2950 4525 v,
2996 4455 3106 4528 l9).
3149 4456 3355 4514 Facere

1744 4560 1911 4631 igitur
1942 4559 2094 4630 prius
2126 4555 2328 4621 voluit,
2364 4554 2508 4622 quod
2541 4552 2850 4608 faciendum
2883 4551 3142 4606 omnibus
3174 4550 3350 4620 impe-

59 4648 557 4719 vetustatedeperit,
588 4651 762 4706 solum
791 4653 975 4709 vinum
993 4653 1528 4724 prolicitvetustate;
1563 4657 1635 4713 ita

1774 4655 1928 4719 abat;
1971 4662 2030 4707 ut
2059 4652 2236 4707 bonus
2281 4648 2535 4719 magister
2573 4645 2883 4702 doctrinam
2914 4660 3070 4700 suam
3097 4659 3207 4699 non
3241 4652 3351 4700 tam

57 4750 116 4790 ex
142 4742 280 4797 omni
302 4760 501 4814 genere
526 4745 808 4802 heminum
826 4750 1037 4804 cunctis
1051 4751 1370 4822 antiquitate
1398 4768 1637 4822 pereun-

58 4831 369 4900 tibus,solus
392 4839 726 4897 christianus
755 4841 969 4913 prolicit
989 4846 1361 4900 vetustate.Et
1388 4849 1532 4902 sicut
1558 4848 1640 4902 vi-

56 4938 170 4980 num
193 4928 242 4982 in
274 4929 392 4985 dies
405 4931 648 5001 singulos
661 4935 1010 5004 asperitatem
1026 4951 1178 4992 suam
1199 4938 1535 5009 decoquens,
1551 4954 1637 4995 sa-

55 5021 188 5089 p0ris
216 5023 585 5094 dulcedinem,
611 5030 936 5084 suavitatem
955 5030 1158 5097 odoris,
1193 5033 1458 5103 acquirit;
1492 5033 1562 5088 ita
1585 5043 1640 5089 et

53 5112 369 5174 christiauus
421 5135 678 5177 successu
735 5123 996 5194 temporis
1049 5123 1370 5179 delictorum
1413 5141 1632 5181 suorum

122 5241 154 5312 °_
184 5233 317 5312 Deg.
342 5236 525 5312 Codex
559 5254 702 5312 unus
741 5239 1003 5311 quidquid
1042 5241 1110 5296 ab
1144 5241 1226 5296 his
1254 5242 1438 5296 verbis
1466 5258 1639 5312 usque

57 5302 114 5355 ad
143 5302 398 5381 inferiora
433 5310 517 5362 illa
542 5327 555 5364 :
601 5310 738 5381 Ergo
762 5302 818 5366 in
846 5302 942 5366 hac
963 5321 1143 5368 sancta
1171 5314 1272 5370 die.
1300 5302 1634 5381 continetur,

56 5378 281 5454 sermoni
306 5379 400 5446 qui
429 5381 584 5436 nobis
614 5378 788 5438 nonus
812 5393 917 5450 est,
948 5385 1205 5448 inseruit,
1238 5386 1308 5439 ita
1337 5378 1636 5454 incipiens;

55 5444 215 5526 igitur
243 5444 442 5526 oportet
468 5454 850 5526 vosdiligenter
875 5444 1058 5510 audire
1085 5444 1213 5519 lucc,
1253 5467 1307 5510 ut
1342 5444 1633 5512 animarum

58 5517 213 5591 liquor
240 5517 481 5576 vitiorum
501 5525 616 5578 vilis
641 5517 898 5591 et'tenuis,
933 5539 1039 5582 cte.

121 5587 147 5626 δ
169 5588 324 5674 idem
354 5593 476 5674 eod.
508 5595 644 5674 Reg:
665 5638 680 5660 ,
707 5587 953 5674 inﬁdelis
983 5601 1118 5653 enim
1147 5599 1281 5653 sicut
1310 5617 1445 5671 aqua
1468 5606 1630 5674 jacet,

56 5660 216 5736 riget,_
230 5673 274 5716 et
318 5664 569 5736 pallet....
592 5660 882 5735 vlnﬁdelis,
931 5671 1156 5734 inquam.

128 5743 157 5814 ξε.
189 5733 328 5806 Reg.
370 5736 558 5801 codex,
601 5739 673 5792 ita
703 5749 764 5814 Aet
812 5733 1038 5814 inﬁdelis
1059 5759 1172 5796 cum
1203 5743 1402 5798 diutius
1435 5746 1488 5797 in
1516 5747 1633 5814 infi-

61 5803 636 5884 delitate'permanet....
677 5803 898 5884 deperit.
928 5813 1138 5869 Caetera
1183 5830 1313 5870 vero
1344 5830 1512 5884 usque
1539 5803 1630 5880 ad.

64 5873 208 5928 Recte
231 5873 397 5931 autem
428 5881 654 5948 scriptor
679 5873 884 5938 omisit.

1743 4747 1924 4803 verbis
1970 4745 2295 4806 insinuaret,
2344 4756 2504 4810 quam
2555 4739 2766 4794 actibus
2818 4745 3127 4804 exerceret,
3178 4745 3231 4790 et
3279 4734 3349 4790 ad

1743 4841 1906 4897 linem
1942 4853 2040 4893 nos
2065 4846 2222 4908 gustu
2254 4835 2459 4906 pariter
2485 4833 2840 4890 conﬁrmaret
2870 4841 2926 4888 et
2954 4847 3147 4888 sensu.

1811 4935 1867 4988 Ξ.
1914 4934 2025 4988 lloc
2070 4939 2250 4985 autem
2295 4938 2470 4984 totum
2516 4927 2786 4983 hodierno
2833 4926 2923 4982 die
2964 4935 3174 4996 gestum
3221 4938 3348 4978 esse

1742 5027 2090 5085 manifestum
2122 5035 2207 5081 est
2230 5043 2242 5078 :
2276 5023 2420 5095 quod
2447 5024 2518 5078 ita
2546 5038 2735 5077 verum
2761 5037 2886 5078 esse
2913 5022 3028 5090 ipsa
3055 5032 3346 5089 possumus

1742 5123 2002 5193 colligere
2039 5121 2281 5184 ratione;
2325 5118 2464 5173 ratio
2498 5116 2644 5173 enim
2683 5115 2888 5186 exigit,
2936 5121 2998 5167 ιιι
3033 5119 3158 5182 post
3196 5109 3340 5164 diem

1816 5237 1842 5277 ἀ
1884 5241 2091 5296 Omnes
2120 5239 2252 5295 edit.
2304 5247 2358 5294 et
2385 5254 2491 5293 ms.
2539 5252 2701 5297 unus,
2734 5233 3085 5290 benevolentia
3112 5230 3345 5286 Trinita-

1741 5314 1846 5380 tis;
1877 5329 2009 5368 mss.
2061 5311 2632 5385 duo,_beneuolentiam
2659 5305 2930 5385 Trinitatis
2959 5319 2979 5357 :
2997 5305 3204 5385 optime
3224 5318 3342 5357 om-

1741 5375 1892 5440 nium
1925 5384 2093 5452 Lugd.
2129 5375 2326 5448 codex,
2358 5380 2779 5440 benevolentiam,
2806 5387 2913 5430 etc.
2945 5394 2963 5452 _:
2996 5375 3046 5452 id
3073 5376 3341 5452 euim_rc-

1741 5456 1912 5511 fertur
1941 5445 2289 5523 atlusupurius
2315 5445 2454 5509 illud
2489 5471 2501 5506 :
2534 5452 2857 5523 Suavitatem
2883 5445 3062 5523 odoris
3093 5447 3337 5511 ticquirit.

1739 5527 1872 5598 Reg.
1903 5517 2438 5598 codex,'sapientiam
2464 5525 2558 5578 sibi
2603 5534 2649 5575 et
2695 5517 3084 5573 benivolentiam
3123 5535 3339 5574 summa:

1695 5623 1700 5628 ·
1739 5599 2024 5654 divinitatis
2049 5599 2286 5652 assumit.

1813 5683 1834 5710 ε
1878 5671 1953 5725 lla
1983 5685 2176 5723 otnnes
2199 5670 2334 5722 edit.
2361 5681 2424 5721 ac
2449 5681 2578 5719 mss.
2607 5663 2694 5718 ubi
2718 5661 2839 5716 loco
2862 5661 3227 5732 prophetarum
3254 5664 3335 5717 le-

1731 5743 1966 5816 gendum
1991 5742 2132 5796 forte
2156 5739 2544 5816 prophetiarum
2567 5754 2583 5803 ;
2607 5738 2660 5789 at
2683 5735 2842 5816 illam.
2868 5733 3000 5788 edit.
3030 5733 3178 5816 haud.
3198 5735 3336 5790 bene
3393 5787 3410 5802 _

1733 5804 1978 5886 reposuit
2016 5831 2028 5867 :
2065 5804 2172 5881 pra}
2203 5804 2398 5866 caeteris
2429 5809 2548 5878 plus
2579 5804 2943 5876 prophetarum
2971 5807 3217 5862 cantavit.
