3944 6310
230 6077 331 6135 Γ,

569 338 677 396 627
1497 335 1591 392 AD
1625 335 1856 395 OPERA
1899 337 2148 399 SANC'I‘I
2189 339 2518 398 AMBROSII
2559 341 2932 399 APPENDIX.
3681 357 3766 412 6‘23

565 453 764 509 natalis
795 451 1086 518 Dominici,
1121 451 1247 508 licet
1277 451 1619 522 interpositis
1647 455 1830 518 annis,
1863 454 2056 512 eodem
2093 465 2173 511 ta-
2197 459 2248 518 Α
2281 473 2378 526 per
2405 473 2571 527 aquas
2603 473 2791 528 gressa
2824 469 2935 523 est;
2985 465 3042 512 ιιι
3080 459 3418 516 venientibus
3448 475 3541 534 post
3561 481 3600 522 se
3617 471 3768 526 viandi

573 562 698 603 men
743 555 986 618 tempore
1035 545 1151 600 haec
1193 545 1462 601 festivitas
1517 557 1863 616 sequeretur,
1911 563 2072 618 quam
2123 557 2177 604 et

573 641 744 709 ipsam
775 637 1126 694 festivitatem
1157 637 1392 692 natalem
1423 637 1802 708 appellandam
1835 649 1988 708 puto.
2023 639 2178 695 Tunc

571 735 717 790 enim
753 743 911 788 natus
935 733 1270 798 hominibus,
1305 731 1470 788 hodie
1493 743 1720 788 renatus
1745 743 1830 788 est
1859 747 2180 790 sacramen-

567 828 637 884 tis
665 846 678 882 :
713 835 842 881 tunc
873 841 973 898 per
993 826 1276 896 Virginem
1302 827 1502 890 editus,
1529 826 1694 882 hodie
1723 843 1820 898 per
1854 829 2176 900 mysterium

573 927 886 991 generatus.
930 917 1006 973 Ita
1046 916 1195 974 enim
1242 919 1516 990 disposuit
1558 921 1823 976 Dominus
1861 937 1967 976 non
2019 923 2181 994 longe

570 1013 716 1068 inter
748 1026 806 1068 se
847 1011 1126 1066 hominum
1171 1021 1294 1068 vota
1335 1014 1560 1080 distare,
1613 1017 1750 1070 utin
1795 1033 1902 1070 uno
1935 1027 2182 1087 tempore

571 1119 734 1176 quem
763 1105 1007 1176 genitum
1039 1105 1454 1176 gratulabantur
1483 1107 1533 1162 in
1563 1115 1708 1162 terra
1728 1150 1742 1174 ,
1785 1109 2183 1166 sanctiﬁcatum

571 1199 896 1254 lietarentur
921 1198 975 1254 in
1003 1199 1192 1266 caelis;
1227 1208 1287 1254 ut
1312 1201 1401 1271 qui
1431 1209 1643 1271 partum
1681 1201 1940 1273 Virginis,
1973 1203 2186 1274 angelis

573 1292 1038 1348 annuntiantibus
1061 1335 1074 1360 ,
1111 1293 1498 1363 possidebant;
1533 1293 1630 1350 Dei
1665 1293 1835 1350 ﬁlium
1858 1339 1872 1364 ,
1915 1297 2071 1353 caelis
2103 1307 2187 1354 te-

575 1385 870 1454 stantibus,
909 1386 1216 1442 retinerent
1245 1404 1257 1440 :
1292 1387 1536 1458 certique
1563 1397 1752 1443 essent
1783 1388 2035 1446 homines
2059 1391 2186 1461 quia

575 1477 695 1546 ipse
720 1485 870 1532 esset
898 1477 1070 1532 Filius
1105 1478 1222 1545 Dei,
1256 1493 1416 1549 quem
1447 1479 1613 1550 Virgo
1645 1493 1952 1550 pepererat,
1983 1481 2186 1536 divini-

579 1578 664 1624 tas
689 1570 1052 1640 agnoscebat;
1083 1572 1210 1628 novi
1233 1572 1378 1628 enim
1411 1583 1596 1644 partus
1621 1587 1760 1630 nova
1783 1589 2064 1631 merentur
2089 1577 2189 1632 ob-

579 1661 792 1731 sequia.
825 1662 899 1718 Ibi
931 1677 1054 1717 cum
1084 1663 1387 1719 secundum
1423 1663 1699 1720 hominem
1724 1667 1987 1734 nascitur,
2015 1677 2190 1725 mater

579 1769 708 1808 eum
755 1754 924 1810 Maria
973 1755 1092 1811 sinu
1141 1755 1490 1812 circumfovit
1529 1775 1540 1810 ε
1591 1757 1681 1812 hic
1723 1773 1850 1814 cum
1885 1759 2188 1816 secundum

589 1851 908 1921 mysterium
937 1851 1196 1922 gignitur,
1247 1852 1410 1908 Pater
1453 1869 1576 1908 eum
1607 1853 1750 1910 Deus
1787 1870 1922 1910 voce
1951 1855 2194 1926 comple-
2223 1849 2272 1909 B

585 1944 787 2010 ctitur;
816 1945 892 1998 ait
915 1945 1061 2000 enim
1091 1965 1101 1998 :
1131 1944 1233 2000 Hic
1253 1955 1328 2002 est
1349 1947 1489 2016 ﬁlius
1513 1965 1678 2016 meus,
1708 1951 1761 2002 in
1783 1967 1884 2020 quo
1914 1949 2042 2004 bene
2063 1967 2196 2004 com-

586 2035 785 2106 ptaeui,
817 2037 987 2106 ipsum
1014 2039 1188 2092 audite
1215 2037 1430 2111 (Matth.
1466 2057 1546 2108 ιιι,
1572 2037 1686 2110 17).
1719 2041 1891 2096 Mater
1917 2059 2048 2115 ergo
2074 2059 2196 2115 par-

583 2130 662 2183 tui
695 2130 840 2185 molli
884 2131 1168 2188 blanditur
1195 2134 1438 2203 gremio,
1483 2134 1644 2192 Pater
1673 2135 1812 2192 Filio
1845 2137 1870 2167 ⁸
1911 2137 2002 2208 pio
2041 2139 2198 2194 testi-

591 2224 780 2278 monio
809 2224 1144 2282 famulatur:
1181 2237 1378 2296 mater,
1421 2229 1673 2301 inquam,
1709 2247 1832 2288 eum
1857 2233 2194 2290 adorandum

583 2318 756 2391 Magis
785 2322 1004 2392 ingerit,
1039 2322 1202 2379 Pater
1232 2324 1519 2379 colendum
1551 2327 1809 2396 gentibus
1839 2328 2153 2384 manifestat
2182 2347 2194 2384 :

584 2413 708 2468 sinu
759 2413 926 2484 igitur
975 2417 1245 2472 retinetur
1295 2433 1323 2472 a
1367 2429 1565 2487 matre,
1615 2435 1739 2474 cum
1781 2421 2066 2477 nascitur:
2098 2423 2196 2478 sed

589 2506 757 2563 Pater
783 2509 833 2564 ei
865 2511 1018 2564 sinus
1047 2513 1129 2566 sui
1169 2513 1342 2566 fotum
1367 2511 1572 2584 jngiter
1599 2513 2004 2570 subministrat.
2037 2513 2198 2586 Legi-

593 2615 714 2656 mus
743 2603 886 2656 enim
915 2619 1037 2657 eum
1078 2604 1199 2659 sine
1239 2604 1650 2661 intermissiOne
1687 2607 1740 2660 in
1785 2607 1962 2662 Patris
1990 2609 2200 2678 gremio

592 2697 997 2764 quiescentem,
1025 2696 1243 2752 dicente
1278 2700 1624 2770 Evangelista
1657 2718 1670 2753 :
1705 2699 1868 2755 Deum
1903 2719 2054 2757 nemo
2077 2704 2202 2757 vidit

593 2807 861 2860 umquam,
897 2793 998 2846 nisi
1027 2793 1323 2864 unigenitus
1347 2793 1543 2860 Filius,
1574 2796 1661 2865 qui
1691 2805 1766 2850 est
1793 2797 1846 2850 in
1877 2798 1992 2851 sinu
2031 2797 2204 2852 Patris

593 2881 776 2955 (Joan.
812 2901 850 2952 ι,
885 2885 1001 2958 18).

671 2981 728 3036 '5.
769 2980 1034 3036 Libenter
1066 2997 1196 3052 ergo
1240 2983 1291 3037 in
1323 2982 1442 3038 sinu
1484 2995 1802 3040 sanctorum
1841 2986 2073 3056 quiescit
2099 2986 2208 3040 Do-

601 3075 820 3140 minus;
853 3077 994 3131 unde
1016 3085 1072 3130 et
1096 3076 1324 3132 Joannis
1357 3079 1717 3149 Evangelistae
1744 3081 1944 3148 sinum,
1977 3092 2030 3135 ut
2059 3083 2112 3138 in
2140 3097 2208 3137 eo

599 3168 970 3232 occumberet,
999 3169 1240 3224 libenter
1269 3171 1452 3242 elegit.
1483 3169 1650 3227 Sinus
1679 3189 1809 3244 ergo
1833 3175 1884 3228 in
1913 3190 2018 3243 quo
2044 3173 2205 3228 Chri-

601 3273 721 3318 stus
745 3264 1061 3335 requiescit,
1081 3280 1187 3320 non
1211 3267 1446 3338 corpori:
1475 3269 1690 3337 gremio
1711 3279 2070 3340 praeparatur,
2097 3285 2206 3324 non

601 3357 1052 3413 vestimentorum
1075 3359 1372 3415 ambitione
1395 3363 1761 3431 componitur,
1786 3363 1882 3418 sed
1902 3361 2206 3418 ctelestium

603 3452 862 3506 virtutum
913 3454 1235 3522 operatione
1283 3455 1572 3525 colligitur.
1625 3456 1758 3510 Nam
1811 3457 2014 3512 Christi
2057 3457 2210 3513 sinus

602 3552 724 3600 erat
751 3545 803 3598 in
836 3544 1041 3600 Joanne
1077 3545 1422 3618 Evangelista
1453 3547 1608 3612 ﬁdes,
1649 3550 1701 3603 in
1731 3549 1846 3604 Deo
1877 3550 2038 3606 Patre
2067 3551 2210 3606 divi-

603 3640 767 3705 nitas,
821 3639 870 3692 in
913 3639 1074 3693 Maria
1125 3649 1296 3695 matre
1345 3641 1649 3713 virginitas.
1697 3641 1772 3696 Ibi
1817 3644 1967 3698 sinus
2005 3642 2210 3700 Christi

601 3742 718 3796 est,
752 3732 839 3787 ubi
881 3731 1256 3788 habitaculum
1292 3745 1376 3788 est
1405 3735 1662 3788 virtutum
1695 3751 1710 3791 :
1751 3736 1822 3790 ibi
1855 3736 2084 3791 reclinat
2116 3752 2210 3791 ca-

606 3834 703 3894 pttt
731 3841 888 3880 suum
919 3826 1098 3894 (Joan.
1127 3842 1241 3893 xnt,
1267 3826 1390 3894 25),
1415 3828 1506 3882 ubi
1531 3827 1873 3884 demicilium
1899 3830 2210 3886 cmlestium

605 3919 812 3974 invenit
839 3929 1258 3990 praeceptorum.
1292 3919 1427 3974 Nam
1462 3919 1586 3975 ideo
1615 3922 1999 3989 peccatoribus
2035 3931 2088 3976 et
2131 3925 2213 3978 in-

605 4012 860 4068 ﬁdelibus
888 4013 1026 4066 dicit
1055 4031 1066 4064 :
1114 4012 1302 4085 Vulpes
1331 4019 1503 4083 foveas
1529 4015 1740 4080 habent,
1773 4027 1820 4069 et
1843 4017 2078 4072 volucres
2100 4019 2213 4074 caeli

605 4103 757 4156 nidos
793 4119 811 4156 :
845 4101 1017 4158 Filius
1049 4113 1218 4160 autent
1259 4105 1482 4160 hominis
1511 4123 1611 4160 non
1649 4107 1797 4160 habet
1825 4109 1910 4162 ubi
1945 4123 2098 4180 caput
2139 4128 2212 4166 re-

606 4197 764 4250 clinet
802 4196 1023 4267 (Matth.
1055 4214 1174 4264 vtn,
1213 4197 1328 4270 20).
1362 4197 1530 4268 Igitur
1563 4199 1824 4255 Dominus
1851 4201 2011 4257 Jesus
2050 4202 2212 4258 hodie

607 4289 760 4344 venit
787 4288 852 4342 ad
889 4289 1236 4358 baptismum,
1266 4300 1320 4346 et
1345 4305 1549 4361 corpus
1575 4309 1732 4347 suum
1763 4305 2009 4349 sanctum
2041 4296 2215 4352 voluit

609 4395 746 4451 aqua
780 4381 935 4435 dilui.

681 4474 735 4528 4.
780 4475 934 4531 Dicat
965 4477 1198 4533 fortasse
1225 4477 1424 4548 aliquis
1457 4497 1472 4533 :
1503 4479 1606 4546 Qui
1640 4489 1865 4534 sanctus
1892 4489 2010 4544 est,
2043 4497 2215 4553 quare

611 4565 784 4622 voluit
813 4567 1118 4638 baptizari?
1161 4569 1304 4626 Audi
1345 4587 1476 4642 ergo
1508 4588 1522 4625 :
1563 4571 1690 4628 Ideo
1719 4573 2024 4645 baptizatur
2053 4574 2212 4632 Chri-

611 4671 747 4730 stus,
779 4677 889 4718 non
921 4671 979 4718 ut
1003 4665 1378 4721 sanctiﬁcetur
1403 4667 1472 4722 ab
1497 4668 1674 4737 aquis,
1702 4668 1797 4723 sed
1823 4679 1879 4722 ut
1903 4670 2018 4739 ipse
2045 4686 2214 4741 aquas

609 4757 912 4813 sanetiﬁcet
952 4767 1006 4814 et
1046 4759 1424 4827 puriﬁcatione
1469 4763 1550 4816 sui
1595 4763 1846 4832 puriﬁcet
1880 4763 2082 4820 ﬂuenta
2124 4767 2215 4822 illa

609 4868 732 4923 quae
761 4854 969 4924 tangit;
1001 4851 1028 4893 δ
1069 4857 1419 4912 consecratio
1451 4859 1596 4912 enim
1633 4858 1838 4913 Christi
1873 4861 2216 4917 consecratio

607 4946 786 5017 major
827 4957 909 5002 est
951 4947 1234 5003 elementi.
1281 4949 1416 5004 Cum
1462 4951 1606 5004 enim
1653 4949 1908 5006 Salvator
1948 4952 2214 5022 abluitur,

601 5038 716 5110 jam
743 5050 870 5096 tunc
893 5039 945 5096 in
971 5051 1218 5096 nostrum
1242 5041 1574 5112 baptismum
1603 5052 1712 5097 tota
1736 5060 1872 5115 aqua
1895 5041 2210 5114 mundatur,

607 5141 664 5188 et
695 5135 1020 5204 pttrilicatur
1049 5134 1194 5202 fons,
1228 5146 1287 5191 ut
1316 5137 1590 5192 secuturis
1616 5140 1967 5208 postmodum
2001 5143 2214 5211 populis

605 5226 808 5284 lavacri
848 5229 1022 5298 gratia
1063 5230 1428 5286 ministretur.
1483 5229 1752 5290 Praecedit
1798 5247 1926 5303 ergo
1961 5231 2212 5290 Christus

613 5335 707 5388 per
734 5321 896 5406 m7
927 5323 1261 5394 baptismum
1282 5366 1296 5390 ,
1328 5334 1388 5378 ut
1416 5323 1704 5379 christiani
1733 5335 1857 5396 post
1886 5342 2011 5382 eum
2039 5329 2214 5384 conli-

610 5417 804 5480 denter
835 5419 1020 5492 populi
1047 5420 1474 5492 subsequantur.

683 5511 736 5566 5.
780 5511 1030 5584 Intelligo
1057 5529 1190 5585 ergo
1215 5513 1536 5586 mysterium
1561 5530 1574 5580 ;
1611 5515 1684 5570 ita
1714 5515 1858 5572 enim
1886 5525 1940 5570 et
1961 5515 2212 5576 columna

611 5601 750 5673 ignis
771 5608 1056 5678 praecessit
1079 5625 1178 5680 per
1200 5625 1348 5680 mare
1371 5609 1642 5674 Rubrum,
1669 5619 1726 5664 ut
1755 5611 2082 5680 intrepidum
2105 5611 2212 5666 iter

551 5773 570 5790 .
611 5694 775 5756 Israel
807 5701 904 5756 ﬁlii
925 5704 1505 5780 sequerentur(Ea:od_.
1528 5711 1646 5772 XIII,
1668 5705 1764 5774 21)
1795 5724 1807 5760 :
1838 5715 1894 5770 et
1917 5708 2028 5776 ipsa
2057 5705 2206 5778 prior

685 5845 710 5911 β
750 5835 912 5911 Bern.
948 5837 1078 5911 edit.
1114 5841 1227 5894 sola
1249 5881 1263 5905 ,
1298 5843 1383 5911 pio
1413 5841 1703 5895 testimonio
1729 5843 2061 5911 astipulatur.

679 5905 958 5980 bhEadem
983 5909 1142 5965 Rom.
1172 5905 1308 5967 editl
1371 5911 1664 5983 Baptizatio
1686 5915 1821 5968 enim
1836 5905 2030 5968 Christi
2076 5930 2197 5968 con-

2278 551 2529 605 semitam
2575 559 2926 620 praepararet.
2969 551 3126 616 Quod
3159 549 3379 616 factum,
3414 553 3523 610 sicut
3549 551 3772 630 epistolas

2279 645 2412 702 dicit
2441 644 2486 714 (l
2513 642 2635 700 Cor.
2669 661 2727 712 ι,
2766 643 2848 718 2),
2885 647 3208 717 mysterium
3235 645 3470 717 baptismi
3489 649 3774 724 luitzliaptis-

2281 753 2403 795 mus
2451 739 2610 809 plane
2667 739 3076 810 quodammodo
3121 739 3244 806 fuit,
3285 739 3373 795 ubi
3413 744 3604 800 homines
3639 749 3778 806 nubes

2279 831 2600 902 operiebat,
2633 831 2774 887 unda
2811 833 3080 901 portabat.
3121 831 3234 890 Sed
3267 833 3382 888 lucc
3415 837 3561 890 omnia
3582 850 3780 909 operatus

2285 937 2370 984 est
2397 925 2649 982 Christus
2685 925 2949 982 Dominus
2987 927 3136 982 idem
3182 927 3272 998 qui
3307 937 3360 982 et
3389 931 3542 996 modo,
3577 933 3641 1001 qui
3672 933 3783 990 sicut

2283 1029 2413 1074 tunc
2447 1035 2543 1089 per
2571 1035 2722 1075 mare
2753 1020 2892 1075 ﬁlios
2923 1020 3089 1075 Israel
3123 1021 3172 1074 in
3205 1021 3346 1092 ignis
3372 1021 3576 1076 columna
3599 1039 3780 1093 praeeris-

2285 1113 2378 1176 sit.
2411 1115 2482 1166 ita
2515 1129 2660 1168 nunc
2705 1129 2800 1184 per
2837 1115 3168 1184 baptismum
3203 1113 3509 1171 christianos
3545 1117 3782 1186 populosis

2287 1209 2539 1280 corporis
2581 1209 2662 1262 sui
2701 1209 2953 1264 columna
2987 1207 3266 1280 praecedit.
3313 1207 3470 1280 Ipsis,
3505 1210 3700 1279 inquam,
3725 1219 3786 1265 est

2291 1302 2566 1370 columna,
2593 1317 2711 1372 quae.
2741 1311 2870 1357 tunc
2897 1303 3080 1357 luntcn
3114 1304 3454 1374 sequentium
3476 1303 3608 1358 oculis
3629 1303 3790 1370 prasti-

2293 1395 2376 1460 tit,
2413 1395 2574 1448 modo
2607 1395 2782 1450 lucem
2813 1395 3157 1451 credentium
3191 1395 3446 1450 cordibus
3469 1395 3791 1449 subministrat:

2297 1503 2422 1548 tunc
2451 1494 2503 1546 in
2543 1491 2798 1546 fluctibus
2831 1491 3096 1546 undarum
3139 1491 3394 1546 solidatit
3420 1490 3794 1556 semitam,moa.lo

2293 1587 2344 1640 in
2375 1587 2592 1642 lavacro
2617 1585 2741 1641 ﬁdei
2767 1587 2992 1657 vestigia
3021 1586 3383 1649 corroborat;
3406 1599 3494 1655 per
3514 1599 3641 1654 quam
3657 1583 3790 1646 fidem,

2294 1683 2438 1738 sicut
2469 1681 2560 1736 ﬁlii
2596 1681 2798 1747 Israel,
2833 1682 2926 1752 qui
2959 1679 3258 1752 intrepidus
3291 1676 3642 1744 ambulaverit,
3665 1691 3798 1750 perse-

2298 1787 2548 1834 cutorem
2575 1775 2894 1848 Egyptium
2917 1789 3024 1830 non
3059 1773 3294 1829 timebit.

2901 1867 3136 1924 SERMO
3173 1865 3318 1921 XIII.

2369 1961 2544 2034 Super
2583 1961 2670 2017 his
2701 1962 2884 2018 verbis
2915 1959 3198 2029 Evangelii
3239 1977 3249 2012 :
3291 1956 3468 2014 Simile
3504 1965 3564 2010 est
3597 1971 3756 2028 regnant

2820 2057 3068 2111 cazlorum
3113 2057 3382 2125 fernmnto.

2305 2151 2486 2208 Prima
2511 2153 2624 2224 ipsa
2655 2150 2860 2206 exordii
2887 2147 3038 2204 verba
3069 2163 3130 2201 ne
3161 2145 3430 2200 Ambrosio
3457 2143 3578 2196 hunc
3599 2156 3805 2195 tartareo

2374 2247 2749 2312 attribuamus,
2781 2241 3150 2315 refragantur;
3179 2255 3283 2293 non
3309 2239 3440 2292 enim
3469 2237 3554 2289 hoc
3573 2235 3686 2289 modo
3707 2234 3806 2300 loqui

2375 2342 2635 2398 consuevit
2683 2341 2748 2394 de
2791 2341 2872 2392 sui
2914 2338 3243 2408 episwpatns
3285 2333 3454 2394 initio,
3495 2347 3591 2384 cum
3625 2338 3762 2395 raptus
3789 2344 3808 2378 ε

2375 2433 2743 2500 tribunalibus,
2778 2432 2954 2497 aliqua
2979 2445 3124 2483 mora
3159 2429 3222 2481 iis
3252 2423 3522 2488 discendis,
3553 2438 3645 2494 qua
3666 2421 3812 2474 ἀοι-σει

2375 2529 2529 2596 alios,
2583 2545 2710 2600 opus
2753 2525 3006 2579 habuerit.
3057 2522 3234 2575 Potuit
3276 2527 3446 2572 tamen
3485 2517 3558 2570 hic
3595 2515 3748 2568 Auctor
3775 2529 3814 2564 et

2375 2621 2633 2676 Ambrosii
2649 2619 2960 2676 Comment.
2983 2619 3034 2671 in
3055 2615 3188 2671 Luc.
3213 2614 3307 2668 tib.
3333 2628 3426 2679 vtt,
3449 2627 3577 2665 num.
3599 2608 3692 2670 187,
3711 2621 3812 2677 que-

2375 2718 2495 2772 dam
2517 2717 2767 2770 hausisse.
2809 2712 3000 2768 Verum
3029 2727 3146 2766 cum
3167 2725 3226 2765 eo
3258 2708 3361 2762 ioci
3390 2706 3588 2760 aliorum
3607 2700 3816 2757 sententia:

2373 2809 2464 2864 abs
2502 2826 2556 2864 se
2586 2808 2772 2878 referri
2797 2815 3006 2860 testetur
3041 2813 3250 2858 sanctus
3277 2799 3490 2866 Doctor,
3516 2796 3740 2867 qumniaas
3763 2791 3816 2844 hic

2373 2913 2554 2958 auctor
2576 2903 2704 2956 alios
2727 2917 2930 2971 quoque
2958 2899 3189 2952 imitatus
3220 2895 3400 2966 fuerit,
3427 2893 3550 2947 nihil
3569 2889 3770 2964 prohibit.

2383 2997 2432 3052 I.
2477 2995 2542 3050 Et
2567 2995 2664 3065 ipsi
2689 2994 2864 3062 scitis,
2894 2992 3112 3056 fratres,
3139 2989 3282 3060 quod
3312 3005 3375 3044 ex
3399 3004 3497 3058 qua
3517 2986 3592 3040 die
3612 2983 3817 3037 Vobiscum

2307 3105 2430 3146 esse
2465 3085 2626 3157 cmpi,
2681 3101 2789 3141 noo
2835 3084 3046 3140 cessavi
3079 3081 3333 3136 omnibus
3361 3097 3454 3134 vos
3487 3079 3528 3132 D
3565 3075 3736 3130 IIliltIl‘I.‘
3759 3073 3820 3126 atl-

2312 3197 2539 3238 monerc
2563 3179 2858 3245 mandatis,
2889 3189 2942 3234 et
2965 3177 3160 3249 partim
3187 3175 3480 3238 hortando,
3507 3171 3673 3244 partim
3695 3169 3821 3222 intre-

2315 3275 2516 3346 paudo,
2545 3279 2823 3345 prmcepta
2857 3271 3013 3326 vobis
3047 3270 3069 3297 °
3103 3267 3408 3324 divinitatis
3437 3269 3692 3336 ingerere;
3713 3261 3822 3316 itaut

2315 3371 2638 3442 plerumque
2662 3367 2778 3438 pius
2807 3375 2966 3436 pater
2989 3364 3208 3430 fuerim,
3241 3361 3514 3416 nonnullis
3533 3369 3690 3414 autem
3709 3355 3820 3410 durus

2315 3463 2572 3534 magister
2599 3460 2928 3514 exstiterim.
2963 3459 3179 3512 Patrem
3204 3460 3350 3511 enim
3381 3473 3467 3512 me
3489 3453 3582 3510 sibi
3604 3451 3822 3524 gratulatus

2315 3567 2428 3624 est,
2477 3553 2721 3625 quisquis
2762 3567 3074 3606 sermonem
3117 3565 3300 3604 meum
3349 3549 3576 3605 libenter
3617 3543 3822 3614 :nnpletas

2313 3660 2395 3706 est
2429 3666 2440 3702 :
2471 3649 2665 3704 durum
2700 3655 2883 3700 autem
2917 3645 3233 3714 magistrqu
3265 3643 3475 3708 sensit,
3507 3639 3594 3711 qui
3617 3637 3822 3694 conscien-

2315 3744 2443 3797 tiam
2477 3754 2627 3795 suam
2662 3736 3052 3808 praedicatione
3078 3750 3198 3790 mea
3229 3749 3543 3806 percussam
3564 3746 3668 3786 esse
3687 3727 3824 3783 condo-

2315 3835 2436 3890 luit.
2469 3833 2577 3890 Sed
2613 3831 2747 3886 nihil
2779 3847 2896 3886 mea
2929 3831 3177 3895 interest,
3211 3828 3508 3884 dummodo
3535 3831 3638 3882 sive
3663 3825 3824 3895 picata,

2315 3929 2431 3984 sive
2451 3941 2682 3983 censura
2713 3925 2962 3980 Christus
2989 3924 3348 3980 annontietor
3375 3924 3428 3978 in
3460 3923 3626 3984 vobis;
3653 3919 3826 3990 quamvis

2315 4031 2370 4078 et
2403 4023 2518 4092 ipsa
2550 4034 2778 4076 censura
2807 4019 2880 4074 sit
2910 4018 3085 4089 pietas
3110 4060 3123 4084 ,
3157 4033 3278 4089 quae
3311 4017 3436 4072 ideo
3465 4017 3602 4072 circa
3630 4013 3828 4084 negligas

2315 4121 2484 4174 tiores
2511 4117 2649 4172 ﬁlios
2672 4115 2981 4185 adhibetur,
3005 4128 3062 4172 ut
3085 4115 3282 4171 timere
3307 4115 3544 4180 discant,
3563 4111 3684 4184 quod
3703 4121 3828 4164 amare

2315 4213 2692 4282 neglexerant.
2714 4209 2833 4266 Non
2856 4211 2999 4283 quod
3023 4225 3214 4264 omnes
3243 4208 3380 4264 ﬁlios
3402 4223 3506 4264 non
3531 4199 3830 4278 aequaliterdi—

2315 4307 2448 4377 ligat
2475 4315 2650 4376 pater,
2679 4305 2774 4361 sed
2800 4305 2944 4376 quod
2969 4303 3305 4374 indulgentia
3333 4305 3500 4372 patris
3526 4301 3590 4356 sit
3613 4315 3692 4370 pro
3707 4297 3832 4350 diver-

2315 4400 2473 4456 sitate
2501 4415 2715 4454 morum
2738 4399 2999 4454 exhibere
3021 4397 3238 4468 pietatis
3267 4395 3550 4461 affectum;
3579 4403 3628 4447 ut
3648 4389 3830 4446 blandum

2317 4492 2490 4548 ﬁlium
2519 4491 2903 4547 exhortatione
2937 4497 3218 4560 provocet,
3251 4498 3619 4544 contumacem
3648 4497 3745 4538 vero
3767 4495 3830 4533 au-

2318 4585 2564 4642 steritate
2593 4585 2882 4640 conveniat
2909 4627 2922 4651 ,
2956 4583 3024 4638 de
3057 4583 3338 4653 utriusque
3369 4593 3543 4637 tamen
3571 4577 3832 4636 correction?

2319 4692 2576 4742 securus;
2611 4677 2864 4747 quoniam
2897 4676 3040 4730 hunc
3065 4689 3252 4729 amore
3281 4675 3550 4734 verberat,
3581 4673 3701 4726 illum
3725 4681 3832 4721 sevc-

2318 4771 2477 4825 ritate
2500 4771 2746 4840 castigat,
2777 4770 2918 4824 sicut
2936 4770 3012 4824 ait
3033 4769 3222 4823 beatus
3243 4767 3538 4837 Apostolus
3563 4784 3576 4820 :
3601 4765 3743 4820 Ouini:
3759 4761 3832 4830 sai-

2319 4865 2435 4919 dem
2456 4865 2733 4936 disciplina
2759 4865 2811 4917 in
2839 4864 3082 4936 praesenti
3109 4880 3209 4918 non
3238 4864 3442 4918 videtur
3464 4879 3568 4918 esse
3591 4859 3750 4934 gaudii,
3775 4855 3832 4909 ιε·νέ

2319 4961 2548 5016 nueroris
2575 4977 2594 5015 :
2620 4969 2794 5033 postea
2817 4976 2933 5014 vero
2957 4963 3181 5029 fructum
3211 4959 3484 5027 paciﬁcum
3512 4954 3756 5010 exercitatis
3773 4963 3832 5018 per

2319 5072 2430 5110 eam
2449 5055 2627 5110 reddet
2642 5058 2861 5130 justitiaz
2882 5055 3067 5126 (Hebr.
3099 5069 3195 5120 xn,
3229 5051 3344 5124 II).
3369 5055 3536 5124 Igitur
3553 5047 3766 5120 quoniam
3785 5051 3834 5096 tot

2317 5149 2636 5204 tractatibus
2669 5148 2806 5204 meis
2838 5148 3137 5219 profecisse
3165 5161 3262 5201 vos
3292 5145 3484 5211 credo,
3513 5145 3632 5199 libet
3655 5137 3830 5210 quaedam

2315 5244 2470 5300 vobis
2497 5242 2804 5299 divinarum
2837 5243 3108 5300 disserere
3146 5243 3452 5296 litterarum
3479 5257 3492 5306 ;
3523 5250 3576 5294 ut
3612 5233 3826 5304 intelligam

2314 5336 2460 5408 quod
2491 5336 2544 5394 id
2577 5336 2716 5408 quod
2749 5335 2940 5390 dixero
2963 5375 2978 5400 ,
3009 5333 3132 5389 ﬁdei
3165 5333 3456 5388 vivacitate
3483 5329 3704 5402 capiatis.

2388 5429 2442 5483 2.
2489 5431 2575 5484 Ait
2615 5429 2880 5486 Dominus
2915 5429 2968 5484 in
3011 5435 3200 5482 sancto
3245 5424 3578 5496 Evangelio:
3615 5419 3759 5476 Simile
3785 5423 3828 5468 at

2317 5539 2531 5596 regnum
2561 5521 2804 5576 caelorum
2832 5525 3105 5591 fermento,
3137 5517 3273 5589 quod
3295 5527 3560 5587 acceptum
3583 5513 3734 5568 mulier
3751 5509 3827 5562 abt-

2315 5616 2490 5670 condit
2529 5616 2581 5668 in
2623 5615 2810 5685 farinae
2848 5614 2973 5670 satis
3013 5611 3190 5678 tribus,
3231 5609 3398 5664 donec
3427 5611 3746 5680 fermentatus
3785 5609 3828 5652 ut

2313 5715 2474 5762 totum
2492 5706 2640 5778 (Luc.
2661 5721 2773 5774 xm,
2788 5705 2823 5759 2
2837 5706 2902 5777 ι).
2931 5705 2986 5760 Ιιι
3000 5705 3106 5762 alio
3121 5719 3252 5760 vero
3276 5703 3491 5764 locoita
3505 5701 3572 5760 ait
3597 5720 3608 5753 :
3629 5695 3828 5754 Caisimih’

2239 4631 2292 4690 I)

2318 5843 2535 5898 secratio
2565 5850 2639 5895 est
2671 5840 2926 5895 elementi.

2386 5925 2407 5952 ο
2451 5914 2565 5970 Vox
2601 5912 2888 5996 divinitatis
2917 5927 2948 5970 e
2975 5909 3100 5968 cod.
3131 5909 3304 5982 Lugd.
3341 5909 3654 5970 restituitur.
