3944 6310
117 253 218 312 629

932 244 1303 304 SERMONES
1338 244 1399 302 S.
1442 245 1794 306 AMBROSIO
1835 245 2204 312 HACTENUS
2233 245 2568 303 ASCRIPTI.

3295 243 3400 299 630

114 368 370 427 a-stimabo
399 383 606 438 regnum
635 364 731 419 Dei
744 363 768 419 2’
795 362 976 420 Simile
998 373 1070 417 est
1093 363 1368 432 fermento,
1395 361 1531 430 quod
1553 378 1692 418 acce-
1726 373 1771 430 Α
1805 371 2014 426 nostra,
2049 361 2143 432 qui
2191 372 2275 418 est
2315 364 2590 432 pretiosus
2640 363 2882 434 sanguis,
2939 363 3148 422 eft‘usus
3178 372 3300 428 est;
3352 374 3409 418 ut

113 473 253 535 ptum
274 461 454 515 mulier
473 456 736 514 abscondit
760 458 811 511 in
836 457 1028 528 farina,
1057 454 1216 512 donec
1240 456 1602 525 [eranmlatum
1628 463 1698 508 est

111 565 265 610 totum
291 550 511 625 (Matth.
535 566 652 616 xttt,
676 551 745 605 5‘5
759 547 798 620 ).
823 546 1102 606 Fertnenti
1131 548 1238 602 vim
1262 554 1422 617 atque
1443 546 1698 602 virtutem

110 648 354 704 omnibus
384 655 561 701 notam
594 661 714 701 esse
744 661 852 702 non
879 643 1101 698 dubium
1146 652 1250 698 est.
1292 641 1428 696 Nam
1473 656 1598 696 cum
1628 641 1701 696 sit

112 739 473 811 magnitudine
501 754 754 809 parvum,
785 739 970 808 Specie
1001 735 1235 805 simplex
1257 776 1273 802 ,
1318 745 1513 789 natura
1545 750 1699 790 com-

111 850 302 900 mune;
334 843 536 888 tantam
560 832 937 888 fortitudinem
961 830 1285 887 intrinsecus
1303 830 1466 900 gerit,
1492 839 1550 884 ut
1571 844 1698 884 cum

108 929 440 986 reconditum
467 927 630 982 fuerit
657 928 710 982 in
743 927 934 992 farina,
968 937 992 964 °
1014 941 1213 982 succus
1243 925 1364 997 ejus
1391 924 1495 980 hoc
1528 932 1700 980 totam

111 1039 334 1080 massam
367 1022 530 1078 faciat
557 1037 682 1077 esse
707 1064 722 1088 ,
753 1021 898 1092 quod
933 1021 1106 1091 ipsum
1136 1029 1258 1084 est;
1301 1031 1355 1074 et
1389 1020 1464 1074 ita
1503 1035 1564 1076 se
1604 1035 1700 1089 per

109 1120 417 1174 universum
445 1116 724 1173 cumulum
753 1116 1092 1186 aapersionis
1118 1130 1230 1170 sua:
1273 1114 1458 1183 vigore
1496 1112 1699 1171 dili‘un-

107 1211 208 1276 dit,
253 1219 310 1265 ut
337 1224 560 1266 omnem
609 1210 782 1277 ipsam
812 1207 1240 1278 magnitudinem
1275 1205 1494 1276 pollinis
1533 1204 1703 1262 faciat

107 1305 425 1361 fermentum
463 1319 476 1359 :
515 1317 581 1358 ac
624 1303 704 1358 sic
746 1319 834 1358 res
864 1305 977 1374 ipsa
1020 1301 1342 1357 fortitudine
1371 1317 1468 1356 sua
1497 1301 1698 1357 molem

105 1399 199 1453 sibi
229 1397 431 1468 proprii
460 1397 666 1467 vigoris
691 1397 948 1467 acquirit.
987 1395 1100 1451 lloc
1127 1405 1312 1450 autem
1347 1394 1554 1450 faciunt
1581 1409 1700 1450 mu-

108 1492 262 1547 lieres
285 1531 301 1556 ,
343 1501 402 1544 ut
433 1491 566 1546 viris
597 1490 713 1544 suis
741 1489 1108 1546 salubriorem
1139 1504 1335 1560 panem
1360 1529 1376 1555 ,
1420 1499 1476 1544 et
1517 1485 1698 1546 cibum

106 1584 284 1638 utilem
309 1580 603 1650 diligenter
627 1581 945 1638 exhibeant.
975 1579 1083 1638 Sed
1109 1581 1367 1650 quoniam
1395 1579 1509 1634 Lex
1540 1578 1699 1650 spiri-

107 1676 220 1732 talis
249 1686 330 1731 est
361 1673 540 1745 (Rom.
569 1691 664 1740 vn,
701 1673 810 1746 ti),
842 1685 898 1732 et
928 1675 1284 1747 Evangeliutn
1314 1672 1341 1714 δ
1374 1674 1696 1744 spiritaliter

1803 452 2141 510 admixtione
2186 456 2270 510 sui
2320 472 2484 514 omne
2526 472 2700 526 genus
2752 456 3050 514 humanum
3096 456 3399 520 solidaret;

1807 543 1825 585 ί
1851 547 1994 618 quod
2014 563 2109 618 per
2137 547 2351 604 diversa
2381 558 2539 604 antea
2563 550 2870 607 resolutum
2886 551 3137 620 iacebat;
3161 552 3239 608 sic
3261 552 3409 608 enim

1802 640 1954 698 velut
1974 640 2301 698 fermentum
2332 641 2604 711 quoddam
2636 657 2760 710 nos,
2795 644 2884 713 qui
2920 642 3090 700 farina
3132 661 3198 700 ex
3228 645 3406 715 genti-

1801 733 1904 788 bus
1931 732 2250 788 videbamur
2297 747 2444 798 esse,
2475 733 2826 790 adhaesituus.
2861 735 3002 802 Nos,
3037 737 3282 806 inquam,
3313 737 3410 808 qui

1803 843 1902 898 per
1930 836 2102 882 totum
2133 826 2330 886 orbem
2365 836 2388 873 ε
2411 826 2641 896 dispersi
2671 834 2726 880 ct
2748 827 3001 884 ditninuti
3027 830 3244 898 penitus
3263 829 3412 900 jace-

1799 921 2012 986 bamus,
2043 920 2227 992 vigore
2254 919 2524 990 passionis
2555 919 2762 976 Christi
2794 922 2848 976 in
2883 922 3055 993 ipsius
3084 939 3282 992 corpus
3312 941 3402 980 re-

1801 1016 1943 1073 dacti
1974 1034 2186 1084 sumus,
2215 1019 2356 1072 sicut
2399 1019 2596 1073 beatus
2633 1020 2927 1088 Apostolus
2972 1022 3048 1076 ait
3078 1040 3090 1075 :
3145 1023 3401 1089 Quoniam

1800 1127 1979 1168 sumus
2009 1128 2198 1183 corpus
2237 1109 2428 1166 Christi
2457 1121 2503 1166 ct
2530 1113 2759 1167 membra
2788 1112 3012 1184 (Ephes.
3064 1132 3117 1180 v,
3149 1115 3264 1186 50).
3294 1115 3404 1171 Nos

1801 1207 1965 1276 igitur
1989 1205 2080 1277 qui
2111 1223 2176 1261 cx
2208 1206 2524 1262 nationibus
2554 1207 2608 1263 in
2640 1207 2884 1276 pulveris
2905 1208 3126 1262 modum
3173 1225 3203 1262 ιι
3236 1216 3398 1264 terra:

1801 1297 1938 1353 facie
1979 1298 2347 1368 jactabamur,
2381 1300 2706 1370 aspersione
2756 1300 3042 1372 sanguinis
3075 1300 3290 1357 Domini
3343 1302 3396 1357 in

1799 1407 2036 1447 massam
2068 1391 2360 1448 soliditatis
2388 1394 2505 1462 ejus
2529 1393 2892 1450 accrevimus.

1870 1487 1926 1546 5.
1968 1487 2162 1544 Mulier
2193 1499 2376 1545 autent
2425 1488 2542 1554 illa,
2573 1503 2696 1560 quae
2734 1487 2935 1544 dicitur
2969 1487 3325 1546 abscondisse
3355 1489 3411 1546 in

1800 1582 1974 1638 farina
1991 1581 2344 1648 fermentum,
2370 1597 2491 1652 quae
2515 1593 2619 1646 est,
2647 1581 2753 1638 nisi
2775 1591 2964 1637 sancta
2987 1582 3258 1648 Ecclesia,
3288 1598 3411 1652 qua:

1797 1677 2040 1747 quotidie
2068 1675 2378 1732 doctrinam
2407 1674 2612 1732 Cltristi
2642 1678 2693 1730 in
2727 1675 2985 1734 cordibus
3007 1677 3214 1732 nostris
3240 1691 3410 1732 cona-

107 1770 473 1841 paraholarum
505 1769 821 1825 narratione
849 1769 1137 1836 subsistit;
1165 1770 1452 1827 videamus
1475 1769 1602 1842 quid
1625 1770 1696 1828 sit
1726 1765 1775 1826 B
1804 1780 1893 1826 tur
1918 1771 2303 1827 abscondere?
2336 1771 2480 1840 Ipsa,
2507 1770 2749 1840 inquam,
2803 1780 2887 1827 cst
2935 1771 3155 1834 mulier,
3189 1786 3312 1841 quae
3357 1771 3415 1826 in

104 1867 444 1932 fermentum,
473 1881 598 1935 qua:
627 1865 842 1931 mulier,
872 1865 997 1936 quid
1029 1863 1225 1922 farina.

166 1957 328 2032 ωε
351 1960 403 2014 5.
445 1957 705 2030 Legimus
736 1959 787 2013 in
807 1968 997 2015 sancto
1012 1959 1328 2028 Evangelia,
1353 1959 1570 2016 dicente
1591 1961 1698 2017 Do-

106 2054 240 2108 mino
269 2051 491 2106 Christo
525 2051 593 2106 de
635 2065 695 2107 se
728 2051 844 2121 ipso
875 2068 888 2105 :
924 2049 1044 2106 Nisi
1069 2067 1294 2123 granum
1323 2053 1477 2108 tritici
1509 2052 1700 2110 cadens

105 2150 150 2201 in
176 2157 361 2201 (errant
377 2157 636 2202 mortuum
651 2149 828 2218 fuerit,
852 2147 1026 2216 ipsum
1039 2148 1204 2204 solum
1219 2157 1385 2201 manet
1414 2164 1431 2206 :
1459 2149 1502 2204 si
1529 2159 1701 2206 autem

107 2252 350 2296 mortuum
361 2241 542 2310 fuerit,
563 2241 784 2296 multum
807 2244 1037 2312 fructum
1063 2239 1214 2307 aiert
1247 2239 1428 2313 (Joan.
1465 2239 1698 2311 κωφή).

107 2336 237 2406 Ergo
276 2333 321 2388 si
357 2333 598 2390 triticum
644 2332 930 2398 Dominus,
971 2342 1027 2390 et
1053 2333 1314 2388 Dominus
1348 2341 1430 2392 est
1463 2332 1703 2390 fermen-

110 2436 242 2492 tum;
267 2427 393 2497 quia
423 2426 751 2481 fermentum
783 2441 892 2481 non
918 2426 1024 2484 nisi
1053 2425 1122 2482 de
1169 2427 1356 2486 tritico
1384 2425 1504 2483 fieri
1528 2428 1700 2483 solet:

115 2532 134 2559 ε
154 2530 296 2578 recte
315 2535 447 2592 ergo
466 2519 737 2578 fermento
757 2520 1024 2576 Dominus
1041 2531 1415 2591 comparatur,
1431 2521 1557 2592 quia
1577 2536 1702 2580 cum

111 2623 245 2670 esset
287 2613 471 2685 specie
504 2613 701 2679 homo,
736 2613 1044 2670 humilitate
1072 2628 1296 2684 parvus,
1328 2613 1704 2671 imbecillitate

112 2707 364 2779 deiectus,
397 2715 550 2764 tanta
580 2707 912 2764 intrinsecus
953 2708 1242 2778 sapientia:
1285 2709 1487 2766 virtute
1533 2708 1705 2779 polle-

113 2801 215 2866 bat,
245 2811 303 2856 ut
323 2801 634 2858 doctrinam
667 2801 838 2872 ipsius
870 2801 1109 2858 mundus
1155 2803 1273 2874 ipse
1305 2805 1391 2862 vix
1438 2814 1660 2873 caperet
1688 2821 1702 2859 :

114 2893 199 2963 qui
234 2909 357 2950 cum
401 2896 571 2966 cmpit
601 2909 700 2966 per
752 2904 924 2952 totuut
957 2896 1148 2952 orbem
1179 2893 1480 2952 divinitatis
1519 2897 1706 2968 vigore

116 2992 506 3058 transfundere,
535 2993 719 3048 statim
749 3008 912 3050 omne
953 2993 1234 3050 hominum
1275 3009 1449 3064 genus
1479 2992 1532 3049 in
1580 2993 1708 3050 sub—

115 3085 350 3138 stantiam
381 3099 536 3142 suam
567 3100 664 3138 sua
698 3094 973 3153 potestate
1005 3085 1310 3156 protraxit;
1345 3095 1405 3140 ut
1435 3095 1490 3144 et
1516 3085 1704 3156 jugum

1803 1865 1912 1920 alio
1943 1865 2062 1920 loco
2091 1865 2260 1920 etiam
2287 1865 2497 1921 molere
2519 1865 2744 1932 dicitur,
2775 1868 2918 1921 sicut
2967 1866 3046 1921 ait
3098 1865 3362 1921 Dominus
3395 1885 3409 1920 :

1801 1956 1974 2014 Erunt
2001 1959 2118 2014 dare
2146 1957 2416 2024 metentes,
2449 1975 2554 2014 una
2579 1969 2906 2024 assentetur,
2937 1969 2983 2014 et
3017 1975 3121 2013 una
3151 1958 3422 2030 relinque-

1803 2063 1885 2108 tur
1913 2052 2130 2126 (Matth.
2187 2069 2337 2120 xxiv,
2379 2052 2493 2125 4i).
2538 2053 2691 2109 Molit
2731 2054 2875 2109 enim
2931 2064 3118 2109 sancta
3166 2052 3415 2109 Ecclesia

1807 2164 1901 2217 per
1931 2147 2154 2217 Legem,
2183 2163 2284 2218 per
2310 2147 2608 2218 apostolos,
2640 2163 2738 2217 per
2769 2147 3089 2218 prophetas,
3119 2162 3240 2204 cum
3265 2154 3416 2202 cate-

1803 2240 2104 2296 chumenos
2134 2240 2284 2308 facit,
2329 2249 2386 2295 et
2428 2241 2783 2310 asperitatem
2828 2241 3154 2311 gentilitatis
3183 2240 3418 2309 dissipat

1805 2344 1970 2404 atque
1995 2335 2349 2399 comminuit;
2387 2344 2443 2388 ιιι
2469 2333 2749 2390 emollitos
2769 2349 2866 2390 eos
2888 2334 2943 2392 in
2971 2332 3159 2390 farinae
3189 2332 3413 2388 modum

1806 2433 1966 2497 aptos
1989 2427 2150 2482 faciat
2175 2430 2449 2484 fermento
2488 2427 2755 2484 Dominici
2785 2426 3072 2496 sanguinis
3105 2425 3414 2481 adlucrere.

1807 2519 2158 2576 Fermeutum
2190 2521 2338 2578 enim
2367 2519 2600 2578 dixerim
2627 2529 2794 2574 totam
2824 2519 3037 2574 Domini
3066 2517 3372 2589 passionem
3397 2533 3411 2581 ;

1808 2614 2141 2672 fermentum
2172 2616 2316 2672 enim
2347 2613 2540 2672 salutis
2577 2624 2782 2671 nostrae
2811 2610 2839 2650 Ῑι
2881 2621 2967 2671 est
2995 2611 3300 2685 symbolum
3331 2612 3413 2682 ip-

1807 2724 1951 2776 sum,
1983 2709 2128 2780 quod
2156 2709 2408 2776 traditur,
2435 2709 2553 2765 sine
2574 2723 2685 2779 quo
2711 2708 2999 2775 termento,
3027 2707 3111 2762 vel
3139 2704 3414 2777 symbolo,

1809 2819 1972 2861 nemo
2001 2813 2180 2876 potest
2208 2804 2334 2860 vitae
2359 2813 2581 2860 attenta:
2609 2803 2972 2859 substantiam
3001 2801 3328 2873 promereri.

1882 2902 1936 2956 6.
1984 2901 2049 2956 Et
2077 2900 2200 2970 quia
2249 2899 2386 2955 duas
2415 2899 2770 2970 Evangelium
2801 2895 3067 2953 describit
3113 2897 3416 2964 molentes,

1809 3005 1976 3063 atque
2008 3008 2172 3048 unam
2205 2992 2510 3049 Ecclesiam
2555 2991 2794 3048 diximus
2824 2990 3126 3046 salubriter
3169 2989 3410 3055 molere;

1810 3088 2036 3144 alteram
2084 3101 2245 3158 quam
2283 3086 2389 3142 nisi
2419 3088 2764 3158 Synagogam
2808 3085 3063 3156 accipere
3103 3083 3418 3140 debemus?

117 3176 337 3247 Spiritus
398 3178 484 3234 sui
534 3179 713 3235 sancti
770 3175 1135 3235 inl‘underetd
1195 3181 1471 3247 omnibus,
1517 3189 1575 3236 et
1604 3167 1780 3238 hocC
1813 3181 2128 3238 Molitettim
2159 3189 2215 3236 et
2265 3181 2380 3252 ipsa
2416 3195 2514 3250 per
2564 3179 2786 3252 Moysen
2845 3189 2900 3234 et
2950 3175 3282 3249 prophetas:
3318 3175 3418 3235 sed

115 3272 432 3329 christianos
462 3281 692 3330 cunctos
722 3273 926 3330 laceret
949 3289 1094 3341 esse,
1128 3275 1272 3342 quod
1304 3275 1552 3330 Christus
1599 3283 1705 3334 est.

114 3363 234 3420 Nam
263 3381 391 3422 cum
433 3365 602 3422 homo
639 3367 898 3424 Dominus
923 3367 1084 3424 Jesus
1124 3384 1264 3422 unus
1293 3378 1344 3423 et
1377 3369 1526 3426 solus
1563 3377 1710 3426 esset

119 3456 165 3514 in
204 3458 409 3516 mundo
441 3468 714 3531 tamquam
771 3460 1097 3516 fermentum
1152 3461 1206 3516 in
1247 3476 1422 3518 massa
1453 3462 1709 3518 recondi-

122 3562 242 3620 tum,
289 3555 580 3608 universos
635 3554 889 3610 homines
940 3555 1194 3625 prmstitit
1244 3572 1366 3612 esse
1413 3558 1558 3628 quod
1588 3558 1708 3629 ipse

120 3646 494 3716 est.Quisquis
526 3648 687 3718 igitur
718 3649 794 3703 illi
830 3647 1099 3704 fermento
1141 3647 1346 3706 Christi
1389 3650 1706 3720 adhatserit,

123 3736 343 3796 efﬁcitur
389 3750 444 3794 et
495 3740 611 3810 ipse
665 3741 1014 3810 fertnentum,
1064 3750 1174 3796 tam
1216 3741 1320 3798 sibi
1349 3743 1517 3811 utilis,
1549 3759 1710 3815 quam

123 3830 234 3886 aliis
262 3832 491 3892 idoneus
538 3834 842 3900 universis;
876 3844 933 3889 et
961 3833 1032 3891 de
1060 3849 1155 3890 sua
1199 3843 1384 3894 certus
1429 3836 1626 3907 salute,
1656 3845 1712 3894 et

126 3923 184 3978 de
203 3925 433 3983 aliorum
460 3927 826 3998 acquisitiene
853 3943 1101 3985 securus.

188 4018 239 4074 4.
278 4021 434 4079 Sicut
477 4021 639 4092 igitur
669 4021 993 4080 fermentum
1035 4039 1157 4079 cum
1188 4024 1241 4079 in
1273 4025 1550 4082 cumulum
1575 4041 1709 4085 cono

125 4116 476 4187 spes-gendum
510 4123 596 4171 est
623 4114 941 4182 farinarnm,
973 4116 1354 4187 confringitur,
1383 4118 1712 4175 comminui-

129 4215 224 4272 tur,
245 4209 561 4279 dissipatur,
596 4217 652 4265 et
674 4211 849 4278 ipsum
871 4225 1036 4265 omne
1055 4209 1392 4277 dissolvitur;
1425 4220 1479 4265 ut
1500 4211 1714 4283 disper-

128 4315 232 4358 ssnt
261 4304 406 4364 illam
441 4305 631 4360 farinae
674 4305 1078 4362 multitudinem
1131 4315 1152 4342 ο
1186 4306 1239 4360 in
1283 4321 1445 4364 unum
1503 4306 1588 4362 sui
1636 4306 1714 4363 vi-

128 4412 248 4466 gore
273 4401 644 4470 constringat,
691 4410 853 4470 atque
893 4401 948 4454 in
979 4398 1215 4456 solidum
1244 4415 1442 4471 corpus
1473 4400 1711 4474 redigat,

130 4491 261 4558 quod
293 4492 345 4546 in
387 4492 634 4564 pulveris
664 4491 884 4548 modum
929 4493 1042 4562 ipsa
1090 4492 1451 4552 diminutione
1495 4494 1719 4566 langue-

1813 3275 2081 3331 inutiliter
2131 3273 2307 3341 molit,
2365 3274 2507 3330 sicut
2557 3272 2692 3329 dicit
2733 3259 3042 3343 Apostolus
3063 3271 3133 3326 de
3161 3268 3414 3325 ludacis:

1811 3368 2229 3424 zEmulationem
2273 3365 2375 3422 Dei
2426 3368 2634 3435 habent,
2663 3367 2753 3422 sed
2796 3383 2896 3422 non
2933 3365 3217 3421 secundum
3245 3364 3414 3422 scien-

1809 3463 2130 3534 tiam(Ront.
2158 3479 2212 3527 ι,
2235 3461 2315 3533 2).
2349 3461 2639 3526 lnutiliter,
2673 3460 2924 3530 inquam,
2973 3458 3136 3514 molit
3173 3456 3421 3529 Synago—

1809 3571 1910 3626 ga;
1942 3556 2070 3626 quia
2099 3569 2334 3610 massam
2367 3569 2521 3608 suam
2549 3552 2758 3610 Christi
2785 3552 3036 3608 doctrina
3067 3568 3176 3606 non
3205 3560 3415 3620 tempe-

1805 3642 1917 3702 rat.
1948 3647 2127 3718 Atque
2174 3645 2299 3702 ideo
2325 3645 2644 3702 evitandum
2685 3645 2949 3716 pramepit
2979 3645 3278 3715 SynagOgte
3309 3641 3419 3700 Do-

1815 3743 1994 3797 minus
2022 3756 2144 3797 esse
2171 3741 2529 3808 fermentum,
2577 3742 2769 3796 dicens
2800 3759 2812 3795 :
2844 3739 3027 3795 Cavete
3066 3738 3206 3794 vobis
3250 3756 3279 3791 a
3306 3742 3417 3807 [er-

1812 3845 1985 3890 mento
2033 3834 2425 3890 Pharisaeorum
2451 3834 2668 3908 (Matth.
2716 3833 2991 3903 “1,16).
3025 3833 3413 3902 Tetnperatum

1814 3937 1897 3984 est
1925 3929 2070 3984 enim
2126 3928 2483 3998 sanguinibns
2537 3937 2592 3982 et
2647 3925 3063 3983 erudelitatibus
3103 3924 3418 3982 Iuda-orum

1815 4021 2110 4077 dicentium
2145 4022 2213 4077 de
2237 4021 2498 4076 Domino:
2527 4020 2882 4092 Sanguisejtts
2895 4036 3051 4091 super
3067 4036 3182 4087 nos,
3203 4029 3249 4074 et
3266 4034 3419 4090 super

1816 4123 1955 4194 filios
1981 4131 2187 4178 nostros
2213 4120 2428 4191 (Matth.
2468 4137 2648 4185 xxvtt,
2680 4118 2796 4191 25).
2853 4118 3012 4175 Unde
3042 4118 3119 4174 ait
3174 4118 3422 4189 Evange-

1815 4215 1948 4269 Iinm
1985 4233 1998 4269 :
2057 4213 2228 4269 Erunt
2283 4215 2402 4270 dum
2441 4215 2709 4282 metentes,
2743 4229 2849 4268 una
2889 4220 3186 4268 assumetur
3227 4222 3278 4266 et
3315 4228 3422 4268 una

1814 4293 2134 4374 relinquetur
2156 4306 2370 4380 (Matth.
2406 4324 2556 4373 xxiv,
2580 4308 2696 4378 Μ).
2722 4307 3047 4364 Assumetur
3072 4307 3220 4362 enim
3248 4307 3302 4362 in
3332 4323 3419 4364 rc-

1817 4403 1999 4474 quiem
2012 4413 2274 4459 aitet-nam
2299 4415 2484 4459 sancta
2513 4403 2787 4468 Ecclesia,
2815 4418 2935 4472 quas
2963 4401 3202 4457 Domino
3232 4401 3415 4456 cibum

1820 4497 2126 4552 sanctitatis
2150 4497 2379 4553 emoluit
2414 4497 2801 4567 :relinquetur
2845 4493 2916 4550 ad
2966 4494 3146 4550 molas
3198 4502 3428 4550 eruenta

131 4579 242 4649 bat;
294 4583 559 4655 faciatque
613 4585 1002 4651 conjunctione
1046 4584 1130 4639 sui
1195 4586 1382 4642 utilem
1441 4601 1708 4654 massam,
1742 4571 1788 4631 υ
1819 4589 2128 4661 Synagoga,
2158 4605 2348 4661 gyrum
2381 4604 2598 4660 semper
2627 4603 2856 4660 passura
2884 4603 2999 4644 sua:
3024 4585 3292 4658 perfidiae.

129 4673 258 4742 quod
287 4676 502 4744 propria
549 4674 908 4732 dissolutione
937 4675 1221 4734 videbatur
1247 4677 1436 4732 inutile
1470 4696 1483 4732 :
1517 4679 1598 4733 sic
1632 4695 1715 4734 er-

129 4779 189 4834 go
231 4777 284 4824 et
327 4768 592 4828 Dominus
642 4769 802 4826 Jesus
845 4769 1130 4834 Christus,
1179 4786 1303 4830 cum
1351 4782 1497 4827 esset
1549 4774 1714 4830 totius

131 4861 306 4920 mundi
341 4862 692 4929 fermentum,
740 4863 973 4919 diversis
1003 4864 1347 4934 passionibus
1377 4866 1711 4936 confractus,

132 4950 386 5012 laceratus
411 4965 466 5012 et
496 4955 796 5014 dissolutus
824 4965 928 5022 est,
955 4963 1012 5014 et
1041 4971 1235 5014 succus
1260 4956 1379 5031 ejus
1410 4973 1509 5028 pro
1537 4959 1714 5017 salute

195 5119 219 5147 α
255 5111 327 5167 lta
362 5112 534 5169 codex
563 5111 810 5168 Valliscl.
843 5115 913 5176 At
941 5129 1135 5174 omnes
1157 5113 1287 5167 edit.
1312 5114 1570 5181 efferunt,
1601 5133 1718 5170 suc-

134 5198 213 5236 cus
241 5181 336 5238 hoc
365 5195 523 5239 totam
565 5201 790 5258 massam
828 5187 978 5256 faciet
1017 5202 1144 5253 esse,
1186 5186 1330 5258 quod
1357 5189 1468 5258 ipse
1510 5199 1602 5253 est,
1645 5190 1718 5244 ita

133 5259 682 5331 smperAunieersum.
729 5257 903 5327 Lugd.
951 5258 1124 5331 codex
1163 5260 1236 5312 ab
1274 5257 1677 5331 his'discrepat
1703 5303 1716 5328 ,

135 5325 350 5400 quodsi
374 5345 558 5386 succus
582 5336 678 5383 hoc
710 5325 836 5386 non'
851 5328 1122 5400 agnoscit.

198 5394 224 5434 δ
266 5397 380 5474 Ve_t_.
407 5401 623 5474 edit._et
643 5403 817 5456 codex
843 5394 1019 5474 Lugd.
1043 5402 1372 5474 specialiter;
1399 5404 1558 5460 llum.
1585 5403 1718 5459 edit.

137 5477 184 5544 et
207 5485 302 5544 ms.
329 5471 604 5544 _Valliscl.,
633 5471 974 5542 spiritaliter;
997 5484 1049 5526 at
1072 5471 1171 5544 pro
1195 5477 1419 5543 ratione,
1441 5476 1594 5531 solus
1617 5490 1723 5532 ms.

140 5538 368 5614 Vallisel.
400 5538 671 5614 reposuit,
695 5548 1012 5600 narratione.

209 5623 228 5689 ς
266 5612 752 5689 ςιιόείιίιιιὶεει..
779 5627 918 5672 recte
947 5633 1070 5689 ergo
1100 5619 1380 5686 frumento.

205 5686 458 5758 dormites
495 5687 629 5743 edit.
671 5698 726 5745 et
761 5704 864 5744 ms.
897 5686 1141 5744 Valliscl.
1163 5731 1178 5756 ,
1211 5691 1469 5758 omnibus,
1497 5693 1591 5746 hoc
1619 5699 1718 5758 est,

144 5754 474 5826 christianos;
501 5760 696 5830 Lugd.,
730 5760 982 5820 omnibus.
1015 5771 1061 5815 et
1089 5754 1184 5815 hoc
1205 5754 1536 5818 christianos.
1570 5754 1716 5819 Ideni

146 5836 311 5884 autent
337 5841 439 5902 est,
469 5842 513 5887 et
543 5831 660 5902 hoc,
694 5841 877 5905 atque,
907 5842 961 5889 et
987 5833 1088 5890 hac
1117 5834 1408 5891 inlusione.

2289 4680 2458 4754 ωε
2492 4681 2728 4738 senuo
2765 4681 2908 4736 xw.

2177 4775 2455 4832 Dominica
2489 4776 2543 4829 in
2579 4774 3011 4846 Septuagesima.

1825 4868 2235 4940 Septuagesima:
2262 4883 2450 4923 nomen
2499 4877 2654 4923 aetate
2683 4885 2787 4922 non
2819 4870 2990 4924 solum
3019 4867 3297 4931 Ambrosii,
3326 4867 3419 4922 sed

1899 4959 2122 5017 Maximi
2151 4961 2306 5017 etiam
2333 4962 2502 5016 multo
2525 4961 2779 5017 recentius
2811 4977 2923 5016 esse
2962 4961 3018 5016 in
3039 4960 3278 5030 confesso
3321 4967 3419 5013 ut.

1892 5127 1915 5154 ε
1955 5115 2030 5173 Ita
2057 5118 2230 5175 codex
2259 5119 2473 5192 Lugd.;
2507 5119 2750 5176 Valliscl.
2777 5132 2955 5176 autem
2999 5130 3160 5192 atque
3192 5120 3324 5183 edit.
3366 5121 3421 5176 in

1819 5205 1978 5266 unum
2010 5192 2233 5266 uigorem
2255 5193 2593 5266 constringat.
2625 5193 2895 5248 Continuo
2935 5208 3065 5266 vero
3107 5203 3230 5264 post
3271 5192 3421 5248 solus

1819 5261 2064 5336 Valliscl.
2097 5262 2246 5330 legit,
2277 5275 2427 5336 atque
2444 5261 2503 5336 iri
2521 5281 2680 5336 unum
2709 5279 2836 5336 opus
2860 5263 3084 5336 redigat.

1900 5330 1917 5380 ί
1961 5334 2164 5390 Omnes
2189 5337 2319 5394 edit.
2344 5330 2414 5392 'ac
2442 5335 2624 5407 Lugd.
2656 5330 2860 5407 codex,
2909 5330 3047 5404 quod
3089 5352 3180 5407 per
3220 5336 3422 5392 diversa

1825 5415 1996 5471 antra,
2029 5408 2368 5464 commodius
2400 5423 2503 5468 ms.
2538 5406 2777 5461 Valliscl.
2807 5408 2944 5476 quod
2971 5422 3070 5478 per
3091 5406 3295 5466 diversa
3323 5425 3420 5472 an-

1830 5488 1909 5531 tea
1932 5478 2294 5548 supplendum
2325 5482 2459 5533 loca.

1903 5558 1928 5595 ε
1967 5549 2150 5606 Codex
2181 5549 2313 5620 Reg.
2348 5562 2402 5604 et
2426 5547 2668 5604 Valliscl.
2693 5591 2708 5616 ,
2761 5549 2982 5620 dispersi
3021 5560 3067 5605 et
3096 5551 3248 5605 divisi
3278 5551 3426 5622 peni-

1829 5630 1932 5683 ιω,
1961 5633 2070 5678 etc.

1898 5689 1924 5728 ¹¹
1966 5693 2112 5766 Edit.
2156 5707 2371 5766 omnes,
2401 5689 2686 5766 symbolum
2712 5692 2823 5748 sine
2845 5709 2946 5762 quo
2979 5697 3260 5766 fermento;
3289 5709 3423 5753 mss.

1827 5773 2004 5819 autem
2035 5765 2212 5820 locum
2246 5764 2559 5831 restituunt,
2589 5771 2645 5818 ut
2673 5763 2727 5819 in
2754 5763 3033 5823 contextu.
