3944 6310
536 238 633 297 631

1459 237 1552 293 ΑΙ)
1590 236 1819 294 OPERA
1855 235 2100 295 SANCTI
2137 235 2469 294 AMBROSII
2507 233 2878 292 APPENDIX.
3669 238 3751 292 652

608 357 816 430 Synodi
886 356 1286 412 Aurelianenses
1361 354 1530 424 prima
1576 363 1625 409 et
1679 364 1886 425 quarta,
1948 357 2138 427 quibus
2168 358 2578 421 Adcstinatum
2629 355 2938 430 praemium,
2970 355 3067 412 sed
3111 357 3206 413 ille
3251 356 3342 427 qui
3366 355 3501 425 prius
3536 357 3750 412 currendo

604 451 909 520 prohibetur
931 448 1372 521 quinquagesima:
1390 456 1435 502 et
1457 449 1796 520 sexagesima:
1819 450 2135 517 observatio,

602 544 668 598 de
691 543 1081 613 septuagesima
1108 541 1242 596 nihil
1273 541 1608 614 prtecipiunt,
1639 557 1731 596 nec
1763 545 1874 616 ejus
1910 543 2143 598 meminit

609 636 815 709 Regula
847 637 1017 692 sancti
1040 635 1334 699 Benedicti,
1379 635 1471 690 sed
1503 652 1665 707 usque
1691 637 1762 690 ad
1801 638 2144 712 quadragesi-

609 748 747 786 mam
776 731 991 786 alleluia
1011 731 1214 785 cantari
1225 730 1394 803 jubet.
1423 729 1676 784 Eamdem
1697 739 1869 786 autem
1893 747 2064 786 vocem
2089 733 2143 787 in

610 825 734 880 edit.
772 822 999 896 Operam
1033 823 1274 894 Gregorii
1304 822 1498 897 Magni,
1525 822 1776 879 Homilite
1804 825 1893 892 i9,
1926 836 1974 880 et
2010 824 2145 881 Mis-

607 922 678 976 sis
707 920 1016 992 quibusdam
1045 919 1392 976 Sacrament.
1421 919 1558 990 [also
1585 919 1889 992 inscriptam
1911 937 2014 976 non
2035 939 2146 976 am-

609 1014 854 1086 bigimus,
917 1031 1036 1070 cum
1086 1031 1145 1068 ea
1198 1029 1304 1068 non
1348 1015 1644 1083 reperiatur
1694 1015 1750 1068 in
1808 1031 1933 1069 mss.
1992 1015 2146 1084 Quod

605 1108 845 1163 similiter
875 1108 938 1163 de
981 1107 1206 1179 epistola
1238 1107 1308 1161 ad
1344 1106 1694 1179 Augustinum
1734 1109 2046 1163 monachum
2091 1123 2122 1164 a

608 1200 885 1267 Gratiano,
938 1201 1170 1255 distinct.
1217 1201 1272 1268 4,
1332 1216 1452 1271 cap.
1504 1199 1753 1271 Denique
1795 1201 2139 1271 sacerdotes,

609 1296 769 1349 citata
796 1293 1135 1348 statuendum
1160 1303 1254 1348 est.

645 1390 700 1442 1.
744 1387 1020 1443 Redimite
1044 1402 1138 1442 vos
1166 1388 1337 1458 ipsos,
1370 1387 1499 1443 dum
1526 1403 1624 1444 vos
1647 1389 1882 1459 pretium
1899 1388 2144 1446 habetis:

542 1482 1113 1556 quando,charissimi
1133 1482 1354 1550 fratres,
1380 1498 1581 1539 novum
1606 1491 1825 1555 tempus
1851 1483 2144 1550 inchoatis,

540 1591 785 1637 vestram
831 1580 998 1634 vitam
1044 1594 1316 1635 renovare
1343 1578 1578 1635 debetis.
1637 1579 1694 1635 In
1724 1588 1837 1634 toto
1864 1593 2010 1635 anno
2036 1595 2142 1635 non

540 1675 747 1730 dicitur
778 1673 886 1729 ulla
913 1673 1033 1729 dies
1077 1673 1499 1745 septuagesima,
1533 1673 1636 1730 nisi
1668 1674 1766 1730 ista
1803 1691 1817 1728 :
1849 1689 1950 1730 nec
1981 1689 2143 1730 sexa-

2247 451 2531 521 pervenit;
2580 451 2650 506 ita
2692 465 2802 505 non
2830 464 3021 506 omnes
3050 450 3144 522 qui
3175 448 3378 506 hahetrt
3406 447 3562 516 ﬁdem,
3587 449 3754 505 salvat»

2247 551 2334 597 tur
2363 561 2376 596 :
2401 542 2491 598 sed
2515 542 2591 598 illi
2617 551 2828 598 tantum
2852 543 2941 613 qui
2968 544 3020 598 in
3046 542 3214 607 bono,
3247 539 3390 612 quod
3415 540 3751 608 inchoaveram,

2243 648 2410 706 opere
2435 643 2810 704 perseverant.
2836 636 2903 690 Et
2929 635 3072 690 sicut
3095 634 3187 692 ille
3205 633 3297 704 qui
3322 633 3558 689 adversus
3574 634 3755 690 alterum

2247 739 2467 799 pugnat,
2493 731 2562 785 ab
2591 731 2848 785 omnibus
2875 747 2935 786 se
2960 731 3232 796 abstinet;
3267 731 3336 784 ita
3365 739 3418 785 et
3444 745 3531 785 vos
3547 730 3603 785 ab
3625 733 3758 786 omni-

2247 822 2348 877 bus
2378 822 2526 877 vitiis
2565 822 2843 879 abstinere
2868 822 3103 888 debetis,
3162 831 3220 878 ut
3265 821 3543 887 diabolum,
3572 834 3760 878 vestrum

2247 924 2680 988 persecutorem,
2731 931 2996 987 superare
3042 916 3285 987 possitis.
3343 915 3513 971 Miseri
3558 915 3754 971 homines

2246 1026 2367 1068 cum
2399 1011 2656 1083 periculis
2686 1011 2812 1066 vita:
2842 1027 2956 1067 sua:
2985 1021 3038 1067 et
3076 1010 3362 1066 immensis
3405 1009 3647 1064 laboribus
3677 1025 3761 1064 ser-

2245 1109 2402 1163 viunt
2446 1107 2560 1179 regi
2593 1117 2815 1163 terreno
2855 1121 2956 1178 pro
2988 1106 3266 1162 beneficio
3311 1104 3420 1158 cito
3461 1103 3708 1158 transitum
3725 1116 3762 1159 et

2247 1203 2519 1274 perituro;
2541 1217 2710 1274 quare
2734 1217 2830 1257 vos
2858 1217 2964 1257 non
2989 1199 3218 1256 servitis
3239 1209 3262 1236 η
3292 1199 3405 1270 regi
3427 1198 3634 1254 cmlestis
3655 1200 3765 1268 regni

2247 1296 2592 1354 beatitudine
2662 1293 2992 1366 perfruenli,
3039 1308 3274 1364 eamque
3316 1291 3654 1347 laborantibus
3694 1293 3767 1345 lar-

2246 1390 2456 1462 gienti?
2509 1389 2627 1446 Jam
2662 1391 2784 1460 quia
2820 1404 2918 1460 per
2956 1387 3117 1445 fidem
3165 1387 3232 1442 ad
3283 1385 3511 1454 vineam,
3540 1385 3582 1441 id
3615 1395 3699 1451 est,
3724 1388 3766 1440 ad

2246 1495 2452 1540 sancta:
2503 1484 2766 1541 Ecclesiae
2812 1484 3076 1538 unitatem
3122 1482 3304 1537 vocati
3354 1481 3762 1544 cstisabomiuo;

2247 1579 2320 1634 ita
2348 1578 2537 1644 vivite,
2572 1586 2626 1634 et
2654 1577 2727 1632 ita
2760 1577 3188 1643 conversamini,
3224 1584 3286 1632 ut
3312 1576 3596 1638 denarium,
3619 1575 3663 1628 id
3687 1587 3759 1638 εει,

2247 1673 2405 1745 regni
2445 1673 2688 1730 caelestis
2728 1672 3067 1739 felicitatem,
3118 1672 3232 1728 Deo
3266 1671 3540 1741 largiente,
3581 1668 3767 1738 accipere

539 1769 773 1840 gesima,
808 1766 917 1823 nisi
963 1782 1202 1837 sequens
1232 1766 1513 1823 Dominica
1550 1785 1562 1820 ε
1598 1781 1778 1836 neque
1810 1767 2148 1838 quinquage-
2179 1771 2223 1830 B
2252 1771 2479 1826 valeatis
2509 1768 2741 1840 (Matth.
2774 1786 2869 1837 xx,
2897 1771 2920 1825 l
2948 1779 2997 1823 et
3022 1769 3188 1839 seq.).

545 1862 706 1925 sima,
753 1859 856 1915 nisi
899 1857 1098 1914 abhinc
1146 1859 1305 1914 tertia
1357 1876 1372 1913 :
1422 1873 1522 1915 nec
1566 1858 2010 1929 quadragesima,
2040 1858 2150 1914 nisi

542 1951 748 2009 abhinc
773 1960 969 2022 quarta
1000 1951 1318 2017 Dominica;
1353 1959 1407 2006 et
1433 1951 1559 2022 quia
1610 1966 1752 2006 nova
1785 1951 2013 2006 nomina
2047 1954 2150 2006 hoc

545 2053 764 2116 tempus
784 2043 971 2110 habet,
993 2043 1114 2098 ideo
1136 2043 1312 2098 omnis
1337 2043 1402 2098 ch
1413 2026 1560 2098 ristia
1571 2057 1671 2098 nus
1701 2057 1968 2099 renovare
1985 2043 2148 2098 vitam

547 2155 706 2196 suam
735 2139 920 2196 debet.
957 2138 1072 2195 Hoc
1100 2138 1248 2194 enim
1278 2138 1539 2194 admonet
1567 2137 1885 2208 Apostolus,
1918 2136 2147 2193 dicens:

543 2233 894 2289 Renovamini
946 2233 1138 2303 spiritu
1182 2234 1369 2286 mentis
1405 2240 1590 2287 vestra:
1618 2229 1851 2302 (Ep/tes.
1901 2245 1977 2296 tv,
2006 2229 2148 2301 25);

541 2328 671 2384 item
705 2347 719 2382 :
756 2327 869 2382 Etsi
909 2328 1137 2382 exterior
1166 2326 1320 2381 homo
1363 2337 1539 2381 noster
1568 2325 1943 2396 corrumpitur,
1979 2335 2149 2378 tamen

539 2423 763 2478 interior
783 2430 1060 2477 renovatur
1079 2420 1144 2474 de
1167 2419 1252 2474 die
1275 2419 1331 2474 in
1359 2418 1496 2472 diem
1527 2417 1610 2492 (ll
1628 2419 1747 2473 Cor.
1773 2433 1846 2483 Iv,
1881 2415 1948 2472 16
1971 2417 2014 2488 ).

613 2517 669 2573 2.
716 2516 851 2572 Nam
896 2516 1044 2571 sicut
1069 2521 1391 2582 renovatur,
1420 2513 1515 2584 qui
1561 2512 1629 2569 de
1658 2513 1811 2569 malo
1840 2512 2036 2568 transit
2084 2511 2150 2565 ad

541 2610 747 2666 bonum
767 2625 781 2674 ;
810 2609 884 2664 ita
907 2614 1225 2673 renovatur,
1247 2607 1340 2678 qui
1363 2605 1431 2661 de
1452 2605 1600 2662 bono
1623 2605 1822 2661 transit
1840 2603 1906 2660 ad
1932 2603 2148 2660 melius.

543 2703 651 2774 Qui
676 2703 746 2760 de
785 2702 1026 2770 luxuria,
1058 2701 1147 2756 vel
1182 2700 1428 2773 qualibet
1457 2699 1804 2756 immunditia
1851 2698 2053 2754 transit
2084 2698 2152 2754 ad

545 2797 854 2853 castitatem
878 2837 893 2862 ,
929 2796 1093 2851 vitam
1119 2810 1271 2850 suam
1290 2795 1592 2852 renovavit.
1620 2793 1722 2862 Qui
1750 2793 1930 2850 aliena
1958 2808 2155 2863 rapere

547 2891 751 2961 injuste
801 2897 1188 2957 consueverat,
1220 2890 1266 2944 si
1297 2904 1393 2944 sua
1442 2888 1666 2957 coeperit
1722 2885 2154 2943 misericorditer

547 2983 909 3049 distribuere,
941 2983 1109 3038 vitam
1157 2997 1314 3038 suam
1356 2989 1603 3038 renovat.
1635 2979 1738 3050 Qui
1779 2979 2054 3051 superbus
2085 2981 2154 3036 ad

549 3075 923 3132 humilitatem
948 3075 1252 3142 transierit,
1287 3085 1342 3131 et
1366 3074 1461 3144 qui
1485 3073 1704 3131 amabat
1728 3071 2023 3128 detrahere
2045 3071 2155 3128 fra-

2327 1865 2381 1920 4.
2423 1863 2595 1920 Nemo
2653 1865 2909 1934 desperet
2958 1862 3025 1917 dc
3074 1858 3448 1932 magnitudine
3495 1866 3766 1931 peccatorum

2253 1974 2505 2024 suorum,
2540 1958 2775 2015 dicendo
2802 1976 2813 2011 :
2839 1957 3004 2013 Multa
3037 1964 3171 2012 sunt
3210 1963 3431 2027 peccata
3460 1969 3589 2020 mea,
3613 1952 3656 2007 iu
3689 1954 3768 2023 qui-

2253 2053 2356 2109 bus
2405 2068 2574 2122 usque
2617 2052 2685 2108 ad
2736 2059 3072 2108 senectutem
3127 2058 3182 2105 ct
3227 2047 3553 2118 decrepitam
3605 2053 3762 2100 atatem

2254 2146 2624 2218 perseveravi,
2642 2147 2750 2215 jam
2782 2144 3080 2216 promereri
3105 2157 3212 2198 non
3230 2152 3422 2212 potero
3439 2138 3768 2209 indulgentiam,

2254 2245 2490 2297 maxime
2513 2240 2638 2312 quia
2669 2248 2891 2310 peccata
2923 2252 3011 2293 me
3054 2235 3408 2299 dimiserunt,
3453 2248 3550 2287 non
3585 2245 3668 2301 ego
3688 2229 3764 2284 illa.

2253 2335 2413 2392 Absit
2444 2346 2499 2391 ut
2552 2334 2674 2390 talis
2719 2333 2788 2390 de
2819 2333 2916 2389 Dei
2965 2329 3341 2387 misericordia
3387 2328 3647 2398 desperet;
3683 2326 3767 2393 quia

2253 2428 2341 2483 alii
2373 2428 2546 2500 prima
2577 2427 2734 2495 hora,
2764 2426 2854 2481 alii
2881 2425 3063 2489 tertia,
3093 2425 3184 2479 alii
3218 2434 3395 2489 sexta,
3427 2420 3516 2475 alii
3544 2433 3681 2480 noua,
3703 2417 3764 2470 alii

2256 2519 2543 2576 undecima
2571 2518 2638 2574 ad
2690 2516 2783 2574 Dei
2828 2526 3093 2572 vocantur
3127 2517 3372 2579 vineam,
3425 2511 3477 2567 id
3516 2520 3608 2578 εει,
3636 2508 3705 2563 alii
3737 2509 3768 2560 in

2256 2612 2508 2685 pueritia,
2539 2611 2629 2665 alii
2654 2611 2707 2665 in
2735 2609 3130 2674 adolescentia,
3157 2606 3251 2662 alii
3276 2607 3328 2662 in
3347 2605 3635 2675 iuventute,
3653 2601 3718 2656 alii
3737 2601 3768 2652 io

2255 2716 2556 2773 senectute,
2591 2705 2682 2760 alit
2728 2705 2782 2760 in
2822 2703 3100 2774 decrepita
3147 2709 3308 2756 actate
3347 2699 3415 2754 ad
3447 2698 3537 2753 Dei
3562 2694 3768 2752 servitium

2255 2802 2670 2874 pertrahuntur.
2699 2798 2864 2872 510
2896 2799 2964 2854 Et
2983 2799 3125 2853 sicut
3156 2795 3345 2851 nullus
3369 2794 3640 2864 desperare
3660 2789 3770 2846 debet

2257 2895 2310 2951 in
2356 2909 2697 2966 quacumque
2733 2902 2894 2948 aetate
2939 2893 3030 2958 sit,
3060 2891 3106 2946 si
3148 2891 3214 2945 ad
3257 2888 3549 2944 Dominum
3591 2883 3767 2942 converti

2257 2988 2525 3044 voluerit:
2552 2988 2628 3042 ita
2649 2985 2833 3042 nullus
2856 3000 2955 3058 pro
2977 2984 3093 3040 sola
3121 2982 3226 3039 lide
3270 2996 3501 3038 securus
3523 2995 3629 3036 esse
3644 2977 3770 3040 debet,

2258 3080 2356 3137 sed
2410 3080 2591 3151 potius
2625 3079 3018 3150 pertimescere
3075 3076 3200 3140 hoc,
3249 3074 3396 3144 quod
3427 3067 3770 3129 diciturzilalti

548 3167 750 3234 tribus,
775 3167 822 3222 si
843 3168 1074 3238 coeperit
1095 3167 1291 3223 fratres
1315 3165 1568 3237 diligere,
1592 3167 1712 3222 sine
1733 3164 1902 3221 dubio
1924 3172 2153 3220 renovat
2180 3169 2224 3231 ί]
2257 3175 2392 3230 enim
2427 3181 2545 3228 sum
2575 3173 2762 3238 ιιοοαιί,
2797 3172 2953 3243 pauci
2982 3186 3100 3224 vero
3139 3167 3288 3222 electi
3315 3165 3541 3240 (Matth.
3581 3181 3657 3229 xx,
3687 3158 3769 3229 l2).

553 3265 724 3318 vitam
757 3276 944 3327 suam;
977 3261 1103 3332 quia
1150 3261 1244 3333 qui
1271 3269 1392 3316 erat
1427 3258 1728 3315 membrum
1779 3257 1982 3314 diaboli
2010 3257 2150 3312 male

555 3353 816 3423 vivendo,
853 3352 1042 3425 incipit
1085 3367 1209 3409 esse
1242 3353 1294 3407 in
1323 3366 1557 3422 corpore
1608 3351 1732 3406 novi
1783 3349 2046 3416 hominis,
2098 3349 2151 3404 id

551 3455 658 3513 est,
705 3445 921 3502 Domini
963 3443 1139 3500 nostri
1187 3442 1315 3500 Jesu
1361 3441 1590 3509 Christi,
1626 3457 1722 3514 per
1752 3441 1912 3498 fidem
1947 3451 2151 3497 rectam

553 3551 611 3599 et
631 3541 830 3598 bonam
862 3538 1263 3611 operationem.
1292 3537 1642 3609 Frequenter
1667 3535 1918 3602 audistis,
1952 3533 2154 3590 fratres

546 3634 882 3701 charissimi,
931 3634 1069 3690 duos
1096 3648 1222 3690 esse
1277 3631 1550 3698 homines,
1605 3631 1660 3686 id
1710 3639 1817 3697 est,
1876 3629 2049 3684 Adam
2098 3637 2155 3684 et

548 3727 832 3786 Christum
878 3744 891 3783 :
938 3727 1030 3783 ille
1075 3726 1277 3782 dicitur
1305 3733 1486 3791 vetus,
1537 3723 1640 3778 iste
1696 3729 1926 3777 vocatur
1957 3733 2150 3775 novus.

550 3825 623 3882 Et
650 3825 775 3880 ideo
825 3823 919 3895 qui
954 3822 1129 3878 malus
1161 3829 1268 3888 est,
1312 3828 1473 3876 vetus
1510 3827 1618 3882 est,
1665 3813 1933 3871 imitando
1973 3813 2151 3882 illum,

549 3918 644 3990 qui
693 3916 880 3973 fuitin
930 3914 1185 3987 paradiso
1240 3912 1509 3984 superbus
1551 3920 1608 3966 et
1655 3908 1985 3965 inobediens
2021 3924 2034 3960 :
2064 3907 2155 3977 qui

545 4024 683 4066 vero
711 4009 890 4065 bonus
907 4017 1013 4076 est,
1042 4022 1215 4063 novus
1239 4016 1345 4073 est,
1371 4002 1656 4077 sequendo
1679 4002 1834 4058 illum
1864 4002 1954 4071 qui
1980 4001 2150 4056 dicit:

553 4103 753 4158 Discite
772 4120 805 4158 a
830 4119 911 4158 tne
934 4102 1060 4173 quia
1086 4101 1222 4156 mitis
1248 4117 1383 4166 sum,
1407 4109 1454 4156 et
1481 4099 1695 4154 humilis
1727 4099 1885 4153 corde
1913 4097 1932 4169 (
1958 4097 2152 4154 Matth.

547 4213 628 4264 ιι,
647 4197 782 4268 29);
805 4207 859 4253 et
882 4197 950 4252 de
977 4212 1086 4266 quo
1109 4197 1402 4268 Apostolus
1429 4196 1506 4251 ait
1535 4211 1550 4248 :
1578 4192 1778 4248 Factus
1805 4201 1879 4248 est
1907 4191 2154 4247 obediens

547 4306 714 4361 usque
741 4289 811 4344 ad
850 4298 1066 4344 mortem
1096 4288 1284 4360 (Phil.
1313 4303 1374 4353 tr,
1406 4287 1497 4357 8).
1547 4285 1657 4342 Sed
1685 4285 1816 4356 quia
1868 4284 1974 4340 hoc
2019 4295 2157 4341 lem-

554 4399 660 4456 pus
686 4398 886 4440 novum
917 4397 1116 4439 nomen
1145 4381 1330 4446 habet,
1373 4379 1579 4435 idcirco
1609 4378 1974 4434 admonemus
2006 4377 2152 4446 illos,

548 4477 646 4548 qui
695 4485 912 4534 veteres
947 4483 1075 4530 sunt
1109 4473 1252 4531 male
1290 4472 1548 4538 vivendo,
1593 4480 1654 4528 ut
1701 4472 1811 4529 sint
1839 4473 1970 4528 novi
2014 4472 2156 4528 bene

555 4571 970 4629 conversando.

629 4668 684 4724 5.
729 4664 1103 4720 Admonemus
1140 4662 1266 4720 illos
1303 4663 1397 4734 qui
1426 4663 1540 4733 iam
1573 4663 1701 4717 novi
1731 4671 1858 4717 sunt
1885 4676 1983 4733 per
2008 4661 2150 4715 bona

555 4775 750 4833 opera,
792 4767 851 4815 ut
891 4771 1162 4814 renovare
1195 4755 1456 4812 studeant
1499 4756 1555 4810 in
1587 4755 1692 4810 hoc
1721 4769 1865 4810 novo
1906 4763 2155 4824 tempore

551 4869 654 4927 per
683 4866 852 4924 opera
887 4850 1156 4906 meliora:
1190 4849 1344 4906 verbi
1370 4850 1565 4920 gratia,
1602 4863 1776 4903 novus
1821 4847 1911 4919 qui
1941 4857 2028 4903 est
2057 4862 2156 4919 per

549 4947 864 5005 casritatem
913 4942 1180 5000 cessando
1227 4957 1258 4997 a
1290 4941 1436 4997 malo
1465 4955 1656 5012 opere,
1707 4951 2002 4997 renovetur
2029 4954 2151 4996 ccs-

552 5044 726 5100 sando
755 5042 824 5098 ab
855 5042 1028 5113 ipsius
1079 5039 1264 5112 operis
1309 5038 1701 5095 delectatione.
1739 5037 2005 5094 Similiter
2063 5037 2154 5107 qui

554 5136 785 5196 humilis
833 5147 887 5193 et
935 5135 1201 5192 ohediens
1229 5142 1286 5190 et
1332 5134 1649 5190 misericors
1678 5141 1737 5190 et
1784 5133 1999 5202 patiens
2045 5143 2154 5199 est,

554 5244 854 5292 renovetur
875 5245 1103 5288 necesse
1130 5238 1215 5287 est
1241 5228 1520 5301 quotidie;
1553 5237 1611 5283 ut
1639 5227 1980 5298 proﬂciendo
2007 5241 2156 5282 cres-

554 5337 645 5384 cat
690 5328 748 5383 in
777 5328 911 5398 ipsis
936 5325 1257 5388 virtutibus.
1304 5322 1611 5379 secundum
1656 5322 1790 5377 illud
1823 5321 1969 5392 quod
2021 5322 2159 5377 scri-

553 5431 706 5493 ptum
720 5430 803 5477 est
824 5439 837 5476 :
855 5419 1015 5475 Ibunt
1035 5420 1100 5474 de
1109 5420 1297 5474 virtute
1314 5417 1367 5471 in
1379 5417 1619 5471 virtutem
1635 5415 1808 5488 (Psal.
1827 5432 2052 5485 Lxxxm,
2072 5417 2150 5488 8).

546 5511 726 5570 Nemo
755 5521 1029 5580 nostrum,
1075 5510 1410 5576 charissimi,
1439 5525 1671 5567 securus
1691 5511 1786 5578 sit,
1810 5512 1937 5582 quia
1970 5511 2152 5582 bapti-

556 5614 712 5660 zatus
735 5615 850 5671 est;
903 5607 1164 5675 quoniam
1214 5609 1358 5662 sicut
1388 5621 1499 5662 non
1540 5620 1735 5663 omnes
1760 5606 1856 5677 qui
1886 5608 1939 5662 in
1973 5606 2150 5663 stadio

558 5706 811 5765 currunt,
842 5698 1117 5769 accipiunt
1141 5699 1389 5754 hravium
1421 5698 1478 5771 (1
1505 5698 1624 5756 Cor.
1673 5715 1748 5766 rx,
1791 5697 1922 5771 28),
1957 5698 2010 5756 id
2039 5709 2142 5771 est,

2181 4569 2234 4630 D

2255 3266 2412 3336 Quod
2443 3267 2619 3321 vocati
2648 3278 2837 3318 sumus
2870 3278 2965 3334 per
2996 3261 3182 3327 fidem,
3216 3262 3474 3316 novimus
3501 3276 3514 3312 :
3542 3256 3625 3312 sed
3662 3256 3694 3309 si
3712 3268 3770 3305 su-

2256 3374 2378 3416 mus
2408 3357 2475 3413 ad
2499 3357 2665 3412 vitam
2691 3365 2948 3412 aeternam
2973 3354 3157 3419 electi,
3193 3353 3495 3408 nescimus.
3525 3351 3674 3406 Tanto
3687 3361 3773 3416 ergo

2256 3455 2418 3511 debet
2441 3452 2813 3523 unusquisque
2836 3464 2958 3506 esse
2982 3448 3262 3516 humilior,
3294 3455 3526 3520 quanto,
3547 3446 3586 3501 si
3610 3441 3772 3500 sitelec-

2258 3553 2366 3610 tus,
2400 3545 2633 3616 ignorat.

2328 3638 2384 3694 5.
2413 3636 2692 3695 Concedat
2719 3637 2875 3692 vobis
2905 3637 3256 3708 omnipotens
3289 3636 3465 3702 Deus,
3497 3643 3553 3690 ut
3587 3647 3673 3690 non
3697 3629 3774 3686 sitis

2255 3731 2326 3789 de
2351 3732 2567 3788 illorum
2596 3745 2849 3794 numero,
2871 3731 2963 3801 qui
2995 3743 3148 3785 mare
3175 3729 3423 3785 Rubrum
3453 3729 3593 3783 sicco
3617 3721 3776 3792 vestigio

2258 3825 2627 3891 transierunt,
2669 3839 2865 3879 manna
2906 3825 2963 3879 in
3005 3823 3229 3879 deserto
3270 3822 3774 3880 manducaverunt,et

2260 3927 2447 3988 potum
2479 3916 2780 3987 Spiritalem
2807 3915 3102 3982 biberunt,
3134 3925 3188 3971 et
3220 3924 3447 3986 propter
3479 3907 3774 3968 murmuratio-

2259 4027 2384 4068 nem
2413 4025 2569 4066 suam
2605 4009 2658 4065 in
2687 4025 2876 4066 eremo
2902 4010 3221 4079 perierunt:
3261 4007 3360 4064 sed
3390 4008 3462 4064 de
3493 3998 3774 4070 illorum,qui

2259 4112 2460 4160 terram
2504 4103 2954 4174 repromissionis
3006 4103 3390 4167 intraverunt,
3427 4109 3486 4156 et
3535 4093 3774 4154 ﬁdeliterio

2261 4197 2523 4254 Ecclesize
2557 4198 2719 4252 vinea
2751 4195 3073 4262 laborando,
3109 4195 3394 4252 denarium
3431 4202 3677 4265 perpetuis
3698 4188 3775 4241 bea-

2260 4291 2511 4348 titudinis
2535 4292 2822 4363 percipere
2851 4301 3204 4358 meruerunt;
3237 4299 3512 4362 quatenus
3535 4302 3642 4344 eum
3661 4280 3776 4350 ωνίιιτ

2260 4395 2452 4441 nostro
2478 4383 2703 4440 Christo
2735 4399 2862 4450 vos,
2891 4384 2985 4456 qui
3017 4383 3138 4455 ejus
3173 4382 3422 4440 membra
3453 4383 3607 4450 estis,
3630 4372 3776 4451 possim

2259 4494 2490 4551 regnare
2518 4494 2615 4550 per
2644 4478 2854 4535 infinita
2883 4479 3210 4535 saeculorum
3242 4479 3470 4534 saecula.

2853 4573 3090 4631 SERMO
3127 4573 3248 4630 XV.

2669 4668 2955 4725 Dominica
2997 4669 3050 4723 in
3090 4667 3471 4739 Sexagesima.

2267 4761 2419 4818 Hunc
2447 4778 2735 4818 sermonem
2761 4779 2864 4816 non
2897 4778 3008 4816 esse
3035 4761 3294 4816 Ambrosii
3336 4770 3526 4831 praeter
3548 4776 3599 4817 ea
3621 4769 3708 4830 qua
3725 4767 3779 4803 εκ·

2331 4854 2526 4925 periori
2551 4855 2897 4924 prtemisimus
2914 4897 2929 4922 ,
2956 4854 3012 4907 id
3049 4855 3207 4910 etiam
3237 4854 3420 4924 probat
3443 4897 3459 4922 ,
3495 4853 3620 4925 quod
3637 4858 3778 4916 πταρε-

2332 4948 2478 5002 sima:
2504 4964 2674 5012 usum,
2707 4949 2858 5019 cujus
2890 4947 3198 5002 instituendi
3221 4949 3542 5001 occasionem
3565 4946 3622 5000 ad
3645 4939 3780 4997 adiit?

2335 5043 2509 5096 riuum
2541 5042 2600 5096 Μ
2602 5041 2855 5098 elchiadis
2877 5059 3028 5115 paptc
3049 5045 3310 5098 decretum
3337 5043 3500 5115 refert
3536 5038 3732 5098 Aletrinas
3749 5030 3779 5082 in

2329 5136 2426 5192 lib.
2459 5136 2530 5192 de
2559 5137 2766 5194 Eccles.
2795 5135 2954 5194 Ofﬁc.
2997 5138 3049 5192 in
3075 5136 3175 5191 hoc
3217 5153 3456 5194 sermone
3494 5135 3780 5211 signiﬁcet!”

2331 5229 2649 5301 Telesphore
2674 5247 2816 5301 esse;
2840 5248 2960 5286 cum
2976 5231 3273 5292 enimillam
3293 5231 3592 5286 Mercatoris
3601 5225 3779 5300 {alarm

2335 5324 2681 5380 Decretalium
2703 5324 3058 5379 collectionem
3083 5334 3281 5380 constet
3305 5326 3358 5378 in
3384 5322 3604 5378 Ecclesia
3624 5330 3699 5370 nos
3716 5305 3778 5360 nisi

2335 5436 2470 5473 nono
2498 5419 2708 5474 ineunte
2738 5419 2929 5474 sarculo
2959 5419 3244 5473 incaluisse
3269 5461 3284 5484 ,
3317 5416 3548 5474 eumdem
3571 5415 3777 5467 semitm

2333 5512 2561 5565 auctoris
2599 5512 2774 5566 eodem
2820 5511 3012 5566 steculo
3057 5511 3366 5580 antiquioris
3403 5519 3684 5581 nequaquam
3710 5508 3779 5551 ξέστ’

2329 5605 2659 5675 manifestum
2689 5615 2782 5660 est.
2807 5605 2953 5660 Adde
2975 5607 3054 5661 his
3079 5606 3142 5660 de
3167 5602 3593 5676 quadragesimali
3617 5598 3773 5653 obsmi'

2328 5701 2466 5754 tione
2484 5699 2570 5753 hic
2597 5717 2658 5755 ea
2686 5701 2845 5767 tradi,
2864 5716 2978 5771 qute
2993 5717 3108 5756 cum
3135 5699 3239 5753 ritu
3265 5698 3322 5752 in
3341 5695 3690 5768 quadragesima
3705 5681 3776 5738 κί’

616 5806 642 5854 ⁸
679 5788 1005 5886 Reg.codett
1035 5791 1190 5884 unus,
1220 5790 1328 5887 regi
1346 5790 1536 5872 caelesti
1557 5826 1648 5887 pro
1667 5786 1809 5888 regni
1827 5786 2157 5874 bealitudine.
2341 5809 2462 5888 quia
2493 5830 2584 5888 per
2613 5815 2788 5886 fidenti,
2823 5823 2909 5873 etc
