3944 6310
87 333 194 392 65⁸5

909 318 1272 380 SERMONES
1308 317 1366 374 S.
1409 309 1766 373 AMBROSIO
1804 309 2173 370 HACTENUS
2213 309 2548 371 ASCRIPTI.

3266 304 3373 363 65b

151 446 349 501 diolani
373 443 564 498 servari
582 441 736 496 solito
764 456 867 494 non
893 437 1222 502 conueniunt,
1250 445 1386 490 utea:
1421 431 1670 487 Admoni-
1695 428 1754 490 Α
1773 429 1970 498 quibus
2006 429 2338 495 celebratur,
2393 430 2520 498 quia
2566 427 2612 484 si
2656 426 2994 483 subtraxeris
3022 439 3216 481 novem
3253 423 3372 480 dies

154 541 292 594 tione
319 548 489 593 nostra
526 536 579 590 in
605 535 700 590 lib.
733 533 800 588 de
825 533 939 587 Elia
979 539 1034 588 et.
1050 529 1258 600 jejunio
1285 526 1463 600 colligi
1485 534 1667 595 potest.

152 635 205 689 1.
234 632 396 688 Adest
421 640 663 700 tempus,
692 625 965 683 carissimi
994 625 1192 680 fratres
1217 665 1232 688 ,
1267 623 1408 692 quod
1441 634 1668 690 sexage-

81 730 215 786 sima
241 736 497 792 vocatur;
522 734 575 780 et
603 725 727 780 ideo
748 738 976 779 necesse
996 730 1080 777 est
1106 729 1166 774 ut
1189 720 1296 774 vita
1329 727 1513 774 vestra
1546 731 1668 770 mu-

82 830 244 887 tetur,
278 833 454 876 mores
471 817 836 888 corrigantur,
863 815 1094 871 mundus
1113 813 1460 884 despiciatur,
1485 819 1538 865 et
1559 824 1669 865 cce-

78 917 232 973 lestis
256 915 422 987 patria
443 910 725 969 ardentius
743 911 1022 980 diligatur.
1053 908 1186 964 Nam
1210 906 1457 962 senarius
1479 920 1669 960 nume-

79 1024 190 1072 rus,
215 1023 244 1063 a
273 1023 374 1078 quo
403 1004 711 1076 sexaginta,
744 1013 800 1060 et
826 1003 1166 1075 sexagesima
1185 1043 1202 1070 ,
1229 1011 1284 1056 et
1305 1007 1587 1061 sexcenta,
1612 1006 1667 1052 ct

76 1117 168 1158 sex
200 1101 363 1156 millia
391 1099 745 1166 derivantur,
783 1099 1171 1168 perfectionem
1207 1093 1497 1166 signiﬁcat.
1529 1091 1665 1146 llinc

77 1205 158 1252 est
183 1193 324 1266 quod
352 1194 473 1259 ille,
498 1193 588 1264 qui
613 1202 765 1249 sexta
795 1191 885 1248 die
917 1190 1048 1247 fecit
1078 1190 1352 1244 hominem
1379 1228 1394 1254 ,
1437 1186 1488 1240 in
1512 1193 1663 1240 sexta

80 1296 272 1356 :ctate,
295 1297 347 1342 ct
389 1296 544 1343 sexta
579 1284 739 1351 feria,
769 1295 823 1341 et
863 1292 1014 1340 sexta
1038 1283 1172 1338 hora
1201 1282 1351 1338 illum
1378 1281 1548 1336 voluit
1569 1294 1660 1333 re-

79 1385 301 1440 dimere.
336 1381 496 1438 Unde
538 1381 631 1451 qui
668 1381 778 1451 jam
811 1380 1269 1450 septuagesimam
1310 1376 1656 1438 celebrastis,

76 1491 128 1536 et
163 1479 324 1535 hodie
365 1476 765 1548 sexagesimam
801 1475 1116 1540 celebratis,
1164 1489 1228 1528 ac
1267 1472 1465 1528 deinde
1504 1471 1660 1541 quin-

75 1575 429 1647 quagesimam
471 1584 525 1627 et
550 1571 1047 1643 quadragesimam,
1077 1569 1191 1623 Deo
1224 1565 1481 1637 propitio,
1510 1564 1661 1620 cele-

76 1667 277 1725 braturi
325 1668 492 1732 estis,
544 1665 778 1720 istorum
845 1662 1124 1716 nominum
1194 1659 1452 1731 mysteria
1502 1656 1657 1712 vobis

74 1761 410 1818 manifestare
434 1760 724 1816 debemus.
1162 1759 1177 1772 ⁵

136 1855 188 1908 2.
214 1853 637 1924 Quadragesima
664 1851 920 1907 nimirum
950 1864 1045 1905 sex
1082 1849 1418 1919 septimanas
1446 1846 1610 1900 habet
1636 1887 1651 1913 ,
1686 1831 1735 1892 Β

73 1950 154 2005 eui
197 1947 398 2002 addidit
430 1946 804 2016 TeleSpliorus
838 1944 1079 2014 pontifex
1125 1943 1411 2012 septimam
1453 1939 1661 1994 hebdo-

72 2042 296 2106 madam,
326 2052 378 2095 et
405 2048 656 2095 vocatum
691 2038 900 2094 esthoc
933 2048 1148 2106 tempus
1169 2036 1656 2107 quinquagesima:

73 2135 257 2192 deinde
277 2134 344 2189 ab
367 2134 492 2188 aliis
524 2131 708 2187 addita
730 2141 816 2188 est
841 2141 1031 2187 octava
1056 2131 1389 2201 septimana,
1422 2138 1476 2183 et
1495 2140 1659 2181 voca-

73 2239 176 2285 tum
202 2240 282 2284 est
309 2229 481 2298 ipsum
507 2237 722 2297 tempus
745 2225 1087 2298 sexagesima
1117 2242 1129 2277 :
1153 2223 1503 2294 postmodum
1528 2235 1660 2275 vero

73 2323 240 2379 addita
273 2333 357 2378 est
396 2337 540 2377 nona
572 2321 938 2382 hebdomada,
976 2331 1032 2376 et
1062 2320 1204 2375 dicta
1237 2328 1322 2374 est
1366 2326 1654 2387 septuage-

73 2419 218 2473 sima.
249 2417 516 2486 Quoniam
555 2417 698 2472 sicut
739 2432 767 2470 a
801 2413 1467 2487 quatuorquadragesima
1494 2454 1508 2476 ,
1543 2420 1598 2465 et
1626 2425 1654 2462 a

75 2526 158 2566 sex
183 2512 549 2581 sexagesima;
586 2510 660 2565 ita
699 2525 729 2563 a
766 2520 976 2579 septem
1007 2507 1407 2578 septuagesima
1434 2506 1650 2560 dicitur.

75 2605 215 2661 Unde
238 2607 286 2660 si
315 2607 434 2676 quis
465 2605 630 2660 modo
658 2603 889 2658 adderet
927 2603 1201 2658 decimam
1242 2601 1605 2671 septimanam
1639 2642 1652 2666 ,

77 2716 170 2755 non
215 2715 333 2756 eam
376 2713 698 2755 vocaremus
751 2697 1190 2768 decagesimam,
1241 2695 1336 2750 sed
1383 2694 1655 2765 octogesi-

76 2809 234 2861 mam,
278 2802 494 2849 servato
531 2792 744 2848 numeri
781 2791 1001 2856 ordine;
1045 2791 1164 2861 quia
1201 2799 1324 2861 post
1346 2797 1587 2860 septem,
1622 2804 1651 2842 a

75 2901 171 2958 quo
189 2886 578 2957 septuagesima
607 2885 773 2949 venit,
809 2893 933 2938 sunt
965 2892 1109 2937 octo.

134 2981 182 3034 5.
222 2979 641 3051 Quadragesima
668 2977 791 3032 ideo
829 2987 1115 3043 servatur;
1149 2976 1273 3047 quia
1303 2975 1554 3043 Moyses,
1597 2984 1653 3028 et

77 3071 238 3140 Elias,
281 3083 336 3130 et
381 3074 640 3129 Salvator
681 3071 1040 3143 quadraginta
1079 3070 1273 3126 diebus
1305 3078 1360 3124 et
1397 3067 1651 3124 noctibus

73 3165 324 3237 jejunasse
374 3169 649 3239 leguntur.
690 3166 1150 3236 Quinquagesima
1187 3163 1311 3219 ideo
1348 3179 1376 3216 a
1421 3162 1649 3232 quibus-

1775 522 2094 578 Dominicos
2124 533 2350 593 propter
2388 521 2602 577 Domini
2653 520 3112 576 resurrectionem
3137 560 3152 583 ,
3184 527 3239 572 et
3276 532 3377 574 no-

1775 633 1896 674 vem
1945 618 2163 688 quintas
2195 615 2360 671 ferias
2391 625 2618 686 prepter
2648 615 2987 670 Dominicam
3035 626 3246 670 caenam
3270 652 3286 679 ,
3320 618 3376 666 et

1774 715 1999 771 totidem
2039 711 2292 778 sabbata,
2329 727 2395 764 ne
2426 710 2712 765 videamur
2752 707 3094 765 sabbatizare
3121 720 3240 760 cum
3283 703 3376 760 Ju-

1771 810 1939 874 daeis;
1971 823 2078 863 non
2121 807 2356 878 amplius
2381 821 2543 877 quam
2574 805 2794 875 triginta
2818 818 2912 860 sex
2945 802 3062 858 dies
3088 809 3374 856 remanent

1770 903 1837 958 ad
1862 901 2219 973 jejunandum
2257 919 2269 955 :
2304 915 2442 971 quos
2485 898 2636 954 omni
2679 897 2972 954 devmione
3002 896 3118 966 ipse
3149 910 3246 950 vos
3277 894 3372 950 oh-

1770 1011 1994 1053 scrvare
2015 994 2282 1051 concedat
2309 990 2565 1049 Christus
2590 992 2856 1046 Dominus
2888 998 3097 1055 noster,
3127 987 3219 1058 qui
3242 987 3376 1042 vivit

1767 1098 1824 1146 et
1861 1098 2051 1160 regnat
2076 1103 2197 1143 cum
2248 1088 2358 1143 Deo
2385 1095 2542 1158 patre
2587 1085 2640 1140 in
2677 1084 2884 1139 unitate
2929 1081 3166 1154 Spiritus
3197 1082 3372 1137 sancti

1769 1180 1914 1238 Deus
1935 1222 1950 1249 ,
1986 1196 2082 1251 per
2106 1189 2299 1236 cuncta
2328 1178 2527 1234 sweula
2552 1218 2568 1244 ,
2599 1191 2778 1231 amen.

2267 1339 2428 1414 ιιι
2483 1336 2712 1394 SERMO
2750 1335 2892 1392 xvt.

1837 1458 1938 1516 Ubi
1982 1458 2244 1514 Dominus
2281 1457 2509 1514 sabbato
2550 1471 2768 1511 manum
2811 1453 3018 1509 aridam
3059 1451 3291 1509 curavit.

1761 1576 1992 1632 Romani
2025 1575 2249 1630 editores
2288 1574 2738 1645 quadragesimum
2763 1570 3063 1626 Mediolani
3098 1587 3201 1625 non
3236 1570 3368 1624 inci-

1832 1686 1952 1741 pere
1979 1670 2080 1723 nisi
2105 1669 2236 1740 feria
2256 1667 2293 1722 ‘2
2313 1678 2425 1739 post
2455 1665 2785 1721 Dominicam
2814 1664 2840 1718 1
2863 1707 2877 1731 ,
2903 1682 3003 1720 non
3025 1664 3368 1731 advertemes,

1831 1779 2116 1817 sermonem
2160 1765 2211 1816 in
2251 1763 2438 1832 feriant
2483 1759 2516 1816 6
2553 1771 2667 1832 post
2696 1756 2905 1814 Cineres
2945 1774 3008 1813 ex
3047 1758 3143 1812 hoc
3189 1765 3366 1810 nostra

1831 1860 2143 1914 concinnare
2186 1858 2603 1923 constituerant;
2644 1873 2704 1910 ac
2739 1864 3014 1927 propterea
3055 1857 3169 1926 ejus
3209 1853 3370 1924 capiti

1833 1957 2038 2026 longam
2069 1953 2314 2008 laciniam
2351 1959 2730 2023 praetexuerant
2757 1949 2946 2022 partim
2971 1965 2999 2003 e
3024 1963 3255 2002 sermone
3295 1947 3367 2002 65

1833 2047 2073 2120 Append.
2127 2046 2371 2117 August.,
2425 2045 2616 2116 partim
2657 2059 2719 2097 ea:
2750 2041 3007 2096 Ambrosii
3057 2040 3146 2094 lib.
3208 2054 3246 2094 tt
3291 2037 3362 2094 de

1833 2142 2127 2200 Abraham.
2161 2158 2278 2210 cap.
2313 2140 2378 2206 6,
2405 2155 2547 2192 num.
2583 2137 2684 2203 32,
2720 2138 3150 2191 consarcinatum.
3184 2133 3291 2188 Sed
3322 2133 3368 2187 si

1831 2253 1945 2291 eum
1975 2234 2244 2289 Ambrosio
2270 2232 2370 2285 hac
2397 2232 2481 2285 uia
2504 2229 2756 2283 vindicari
2779 2244 2928 2300 posse
2953 2226 3186 2281 arbitrati
3207 2235 3360 2290 sunt,

1830 2328 1961 2383 nihil
1983 2327 2274 2382 absurdius.
2304 2323 2354 2378 Ν
2360 2341 2415 2378 os
2441 2324 2590 2377 illum
2609 2323 2676 2376 ad
2698 2322 2853 2392 fidem
2880 2329 2978 2374 vet.
3003 2319 3128 2373 edit.
3153 2335 3214 2372 ac
3231 2334 3358 2372 mss.

1832 2425 1971 2480 Gall.
2006 2434 2052 2476 et
2085 2420 2258 2494 Lugd.
2291 2419 2607 2474 restituimus
2639 2435 2656 2472 :
2684 2428 2737 2471 at
2771 2434 2866 2485 pro
2892 2415 3231 2471 Ambrosiano
3258 2431 3360 2469 non

1829 2517 2152 2572 obtrudimus
2173 2557 2186 2580 ,
2223 2529 2341 2567 cum
2367 2511 2607 2567 eumdem
2630 2509 2865 2565 Maximo
2883 2510 3082 2583 justius
3107 2509 3359 2564 attribuat

1829 2612 1972 2667 Call.
2001 2611 2183 2664 codex.

1830 2707 1882 2761 1.
1912 2704 2232 2774 Diligenter,
2262 2704 2284 2732 ε
2315 2699 2535 2764 fratres,
2562 2713 2654 2754 vos
2675 2697 2891 2752 audisse
2912 2697 3096 2766 credo,
3128 2711 3362 2768 evange-

1757 2801 1912 2856 licam
1948 2799 2237 2854 lectionem
2281 2810 2404 2865 qua:
2435 2807 2610 2862 nuper
2641 2792 2777 2846 lecta
2805 2797 2924 2855 est,
2971 2789 3056 2843 ubi
3096 2788 3358 2843 Dominus

1754 2893 1912 2950 Jesus
1934 2889 2184 2947 Christus
2213 2889 2492 2959 ingressus
2520 2884 2747 2940 sabbato
2769 2882 3110 2954 Synagogam
3131 2923 3145 2945 ,
3181 2880 3355 2935 homi-

1755 2988 1838 3042 nis
1891 2985 1964 3040 ihi
2014 2983 2267 3038 habentis
2310 2995 2526 3034 manum
2571 2976 2781 3031 aridam
2814 2974 3045 3045 spiritali
3091 2974 3357 3029 medicina

1752 3080 1998 3145 curavit,
2023 3095 2130 3133 non
2153 3075 2420 3148 appositis
2447 3073 2737 3128 herbarum
2761 3071 2962 3134 succis,
2985 3085 3091 3124 non
3115 3069 3360 3139 pigmen-

1755 3185 1933 3230 torum
1974 3169 2425 3228 medicaminibus
2455 3165 2724 3235 colligatis
2757 3181 2768 3217 :
2796 3162 2892 3218 sed
2924 3162 3096 3218 verbo
3122 3162 3324 3233 juhcns
3344 3204 3360 3229 ,

74 3260 181 3314 dam
206 3270 471 3326 servatur,
498 3264 550 3315 in
574 3276 679 3332 qua
702 3271 828 3314 sunt
850 3259 1236 3330 quinquaginta
1261 3258 1378 3312 dies
1406 3276 1420 3313 :
1446 3258 1566 3325 quia
1602 3257 1644 3310 si

1771 3279 1812 3327 3t
1834 3271 1888 3324 in
1919 3268 1998 3322 ira
2028 3264 2351 3336 praecipiens
2390 3259 2595 3316 refudit
2627 3257 2843 3328 corpori
2885 3256 3170 3312 sanitatem
3202 3255 3359 3328 (Luc.

75 3353 390 3410 subtraxeris
445 3355 513 3409 ab
546 3353 629 3408 his
657 3364 865 3424 septem
902 3353 1241 3417 Dominicas,
1278 3367 1383 3406 non
1411 3350 1645 3420 amplius

77 3459 338 3503 remanent
382 3449 432 3502 in
483 3447 857 3514 abstinentia,
901 3449 1003 3502 nisi
1041 3447 1400 3517 quadraginta
1437 3457 1492 3500 et
1533 3446 1642 3500 duo

75 3539 177 3594 dies
208 3551 297 3596 :et
343 3540 398 3596 in
439 3541 575 3609 ipsis
605 3539 822 3595 duobus
867 3540 1060 3596 diebus
1098 3540 1191 3594 alii
1225 3539 1510 3609 jejuuant,
1551 3539 1644 3594 alii

73 3645 165 3686 non
188 3674 201 3698 ,
236 3632 284 3687 id
318 3642 435 3700 est,
466 3633 520 3688 in
543 3648 696 3688 curua
730 3633 984 3699 Domini,
1009 3643 1065 3687 et
1094 3634 1145 3687 in
1167 3633 1402 3688 sabbato
1433 3645 1644 3688 sancto.

75 3723 396 3795 Sexagesima
437 3725 561 3782 ideo
597 3726 933 3790 celebratur,
971 3727 1021 3780 in
1053 3742 1154 3796 qua
1193 3735 1322 3781 sunt
1351 3735 1476 3781 octo
1506 3725 1640 3781 heb-

75 3817 318 3888 domadae,
360 3831 386 3859 ει
436 3822 490 3876 id
531 3831 643 3889 est,
689 3821 808 3877 dies
863 3821 1251 3892 quinquaginta
1279 3837 1377 3878 sex
1404 3840 1416 3877 :
1443 3823 1486 3876 si
1520 3824 1649 3878 sub-

75 3916 279 3971 traxeris
315 3925 441 3972 octo
484 3916 800 3972 Dominicos
825 3915 962 3980 dies,
989 3926 1039 3970 et
1064 3925 1191 3971 octo
1219 3916 1436 3986 quintus
1459 3917 1645 3984 ferias,

75 4008 400 4082 quadraginta
432 4011 548 4068 dies
585 4011 933 4066 solummodo
960 4021 1246 4066 remanent
1270 4011 1481 4080 jcjunii.
1510 4009 1648 4082 Sep-

77 4105 345 4170 tuagesima
377 4120 507 4161 vero
530 4147 544 4168 ,
579 4121 608 4158 a
633 4121 738 4176 qua
759 4119 944 4176 .usque
975 4106 1030 4160 in
1063 4107 1261 4174 pascha
1293 4115 1420 4161 sunt
1452 4123 1646 4163 novem

74 4199 370 4265 septimana:
389 4241 405 4265 ,
429 4197 458 4237 δ
491 4199 543 4254 id
564 4207 666 4264 cst,
693 4200 973 4270 sexaginta
1007 4209 1115 4255 tres
1137 4200 1284 4269 dies;
1311 4204 1438 4261 ideo
1461 4207 1530 4261 ab
1550 4207 1652 4263 ali-

134 4311 352 4399 ‘deex
395 4313 656 4371 Biblioth.
704 4314 892 4368 Ambr.
939 4323 994 4369 et
1040 4330 1178 4370 unus
1233 4316 1401 4390 Reg.,
1437 4333 1486 4377 et
1532 4327 1642 4382 dics

73 4399 332 4442 sexaamta.

75 4456 155 4581 ﬁ:
181 4456 337 4582 ibdem
367 4459 500 4517 Cod.
525 4459 716 4515 Amhr.
744 4467 800 4514 et
825 4457 959 4529 Reg.
988 4500 1002 4524 ,
1032 4458 1088 4511 id
1114 4469 1186 4514 est
1215 4464 1484 4535 sexaginta
1515 4486 1644 4538 qua-

107 4546 118 4579 l
153 4547 174 4581 l’
235 4549 322 4582 tes-
1312 4538 1320 4546 .

95 4545 174 4581 uor
201 4538 323 4592 dies.
1312 4538 1320 4546 '

137 4601 322 4680 citam.
365 4602 500 4680 edit.
528 4621 542 4658 :
574 4602 652 4658 Te
689 4610 869 4680 autem
917 4600 1150 4680 faciente
1194 4605 1599 4680 eleemosynam
1626 4652 1641 4676 ,

75 4673 257 4748 nesciat
280 4677 496 4730 sinistra
530 4685 618 4730 tua
638 4717 652 4739 ,
679 4673 806 4743 quid
829 4673 1246 4748 faciardextera
1275 4687 1384 4732 tua.
1427 4673 1641 4748 Videtis,

76 4744 259 4812 fratres,
285 4764 436 4818 quam
466 4749 716 4801 moralem
733 4746 968 4818 judicem
995 4743 1245 4801 habeatis.
1289 4748 1392 4804 Vos
1424 4743 1646 4809 consulit

76 4819 298 4893 quomodo
321 4835 448 4893 opus
469 4829 692 4893 uestrum
711 4819 978 4893 suscipiat,
1006 4828 1230 4893 mentem
1254 4830 1472 4874 vestram
1499 4827 1644 4891 prius

76 4889 323 4961 interrogat
351 4889 368 4944 ὲ
395 4890 617 4945 Nesciat
637 4931 648 4950 .
677 4889 878 4958 inquit,
913 4889 1136 4943 sinistra
1167 4898 1252 4944 tua
1275 4933 1289 4956 ,
1319 4894 1448 4961 quid
1485 4889 1645 4953 faciat

76 4954 272 5014 dextera
298 4971 406 5016 tua.
439 4954 1045 5032 Diligenti-(attendite,
1089 4954 1399 5029 fratres-{et
1443 4967 1646 5022 inre/le-

76 5037 192 5104 clum
225 5035 404 5086 divina:
424 5031 696 5103 scriptura:
718 5031 981 5085 humiliter
1010 5041 1055 5085 et
1081 5034 1340 5103 sapienter
1378 5040 1640 5104 requirite.

74 5095 197 5179 Nam
216 5119 321 5179 cum
349 5095 556 5179 dextera
580 5147 593 5168 ,
617 5104 696 5179 vel
722 5095 1242 5179 sinistra_,_corporis
1273 5095 1472 5177 organa
1497 5113 1600 5164 sint
1627 5155 1642 5179 ,

76 5175 260 5228 rationis
301 5178 562 5245 expertia,
612 5177 742 5228 scire
794 5175 992 5243 aliquid
1037 5178 1114 5228 vel
1149 5175 1391 5245 ignorare
1425 5185 1498 5232 eis
1541 5175 1642 5237 non

77 5248 288 5320 fontpelit
317 5265 335 5302 :
372 5265 472 5320 non
500 5263 622 5319 ergo
653 5263 808 5320 nunc
825 5246 887 5320 de
912 5262 1130 5320 corpore
1157 5249 1402 5320 loquitur.
1453 5251 1641 5308 Verum

78 5315 120 5364 in
144 5315 335 5370 dextera
359 5318 458 5372 Dei
478 5315 624 5372 ani'or
645 5317 972 5387 intelligitur,
996 5321 1048 5369 in
1072 5318 1284 5372 sinistra
1309 5325 1509 5378 vanitas
1526 5367 1538 5387 ,
1565 5327 1644 5380 vel

77 5389 506 5464 mundicupiditas.
536 5390 698 5455 Quasi
725 5391 901 5464 dicat;
920 5387 1537 5464 Nesciatsinistra,quid
1566 5397 1644 5452 fa-

78 5460 167 5509 ciat
190 5460 418 5534 dextera.
450 5465 549 5534 hoc
568 5470 664 5526 est,
689 5460 827 5527 quod
859 5461 983 5528 facit
1010 5476 1156 5513 amor
1174 5460 1304 5525 Dei,
1337 5460 1443 5518 non
1461 5469 1643 5534 perdat

76 5533 230 5607 mundi
250 5536 459 5588 vanitas.
487 5533 744 5585 Abraham
772 5549 886 5607 cum
912 5544 1143 5607 nepotem
1161 5550 1194 5607 a
1221 5550 1274 5586 se
1295 5533 1642 5607 deflectemem

81 5606 223 5680 tenere
249 5622 342 5680 non
379 5614 554 5680 posset
576 5614 670 5680 ,_et
714 5604 861 5656 rellet
891 5620 1011 5680 eunt
1041 5603 1298 5680 dimittere
1329 5603 1602 5666 {Discede
1625 5655 1640 5680 ,

79 5675 248 5738 inquit,
276 5679 315 5729 si
347 5675 397 5730 tu
432 5680 484 5730 in
514 5676 790 5729 sinistram
824 5715 837 5739 ,
871 5691 971 5744 ego
1002 5677 1052 5728 in
1084 5676 1380 5732 dexteram.
1421 5681 1487 5735 In
1515 5675 1640 5738 sini;

80 5750 171 5823 8'qu
189 5759 293 5800 sunt
320 5765 376 5823 ea
394 5762 507 5823 quat
524 5747 755 5817 corporis
776 5758 820 5800 et
844 5746 1181 5823 mundi‘sunt,
1205 5749 1258 5823 in
1280 5752 1487 5806 dextera
1498 5772 1642 5811 amor

86 5806 188 5894 θεῖ,
207 5827 250 5894 et
266 5806 441 5894 anima:
460 5806 668 5875 virtutes
689 5827 827 5894 sunt.
853 5817 1006 5894 flecte
1023 5806 1180 5894 igitur
1199 5819 1456 5894 Abraham
1479 5806 1642 5883 dia-cit:

88 5879 136 5937 Βῆ
165 5895 210 5941 tu
239 5877 284 5943 lu
314 5881 618 5954 sinistram,
648 5896 749 5960 ego
785 5891 838 5946 in
867 5877 1181 5956 demoratus
1215 5892 1336 5956 quia
1373 5877 1642 5953 Immolet;

1753 3381 1828 3429 vt,
1852 3363 1885 3418 6
1914 3372 1958 3416 et
1991 3360 2146 3431 seq.).
2178 3359 2284 3421 Ira,
2307 3360 2526 3426 inquam
2548 3395 2562 3418 ,
2593 3352 2736 3408 sicut
2761 3350 2836 3405 ait
2866 3350 3240 3421 Evangelista,
3271 3365 3359 3404 re-

1750 3455 2181 3524 stituitvigorem
2207 3451 2469 3506 dexterae.
2493 3445 2648 3503 Unde
2675 3443 3024 3512 intelligimus
3050 3441 3228 3511 qualis
3251 3442 3358 3496 Do-

1753 3552 1968 3608 minicae
2005 3544 2359 3618 benignitatis
2389 3542 2464 3597 sit
2500 3539 2741 3602 sanitas,
2771 3538 2927 3605 cujus
2968 3536 3358 3605 indignationis

1749 3645 1876 3701 talis
1907 3652 1993 3699 est
2023 3639 2293 3696 medicina
2322 3655 2335 3690 :
2361 3643 2456 3690 aut
2480 3621 2936 3704 quemadmodum
2965 3629 3206 3699 placatus
3231 3644 3354 3698 pro-

1751 3741 1898 3804 dest,
1932 3737 2024 3808 qui
2069 3737 2146 3789 ita
2199 3735 2493 3788 miseretur
2525 3730 2714 3783 iratus.
2769 3724 2952 3779 Verbo
2981 3723 3142 3793 igitur
3165 3723 3350 3793 jubet,

1752 3843 1807 3889 ut
1838 3830 2013 3886 arenti
2055 3828 2297 3884 dexterae
2339 3838 2597 3879 venarum
2645 3831 2838 3872 succos
2870 3814 3197 3872 infunderet.
3233 3816 3348 3871 Non

1750 3926 1947 3982 mirum
1977 3931 2090 3989 est,
2126 3921 2170 3975 si
2205 3921 2251 3974 is
2279 3926 2524 3972 arentem
2556 3915 2830 3984 reparavit
2859 3911 3165 3978 dexteram,
3197 3907 3223 3946 ἀ
3255 3913 3348 3981 qui

1752 4030 1830 4078 tot
1854 4031 2087 4089 corpora
2121 4015 2190 4069 de
2224 4011 2398 4068 arenti
2427 4011 2649 4080 pulvere
2677 4006 3002 4079 procreavit,
3032 4015 3086 4062 et
3115 4004 3166 4059 id
3201 4004 3351 4060 verbi

1751 4112 1981 4184 imperio
2005 4107 2270 4170 restituit,
2302 4104 2446 4175 quod
2471 4105 2522 4158 in
2545 4102 2814 4174 principio
2851 4101 3058 4156 factura
3080 4097 3356 4169 operatio-

1753 4203 2098 4264 nisinstituit
2138 4219 2150 4257 :
2195 4199 2342 4255 velut
2379 4208 2658 4254 auctorem
2688 4211 2844 4251 suum
2889 4195 3093 4266 plasma
3148 4208 3352 4264 cogno-

1745 4324 1971 4398 prudens
1998 4338 2057 4375 ea
2093 4335 2208 4398 qua:
2225 4317 2404 4398 mundi
2441 4325 2488 4370 et
2517 4318 2748 4389 corporis
2770 4325 2888 4368 sunt
2909 4331 3122 4398 nitentpe
3151 4315 3355 4398 divitias

1748 4386 1794 4450 et
1835 4386 2177 4456 honores,'in
2226 4391 2490 4443 meliorem
2532 4386 2726 4456 partem
2777 4388 3038 4442 constituit
3071 4401 3089 4440 :
3127 4386 3355 4455 prudens

1746 4484 1864 4523 vero
1919 4466 2158 4518 virtutem
2194 4462 2410 4526 animae,
2453 4470 2498 4513 et
2551 4461 2954 4514 immortalitatis
3003 4458 3356 4530 adipiscenda:

1675 4540 1727 4600 D
1753 4539 1974 4618 gratiam
2011 4533 2268 4618 praeponit
2299 4545 2316 4586 :
2343 4530 2655 4618 .Longitqdo
2691 4533 2830 4618 enim
2873 4532 3000 4616 vitae.
3028 4532 3078 4582 in
3127 4531 3350 4584 dextera

1751 4602 1889 4679 ejus.
1927 4602 2157 4679 Denique
2176 4605 2297 4679 quia
2320 4604 2530 4679 dextera
2555 4604 2661 4657 haac
2685 4605 2736 4654 in
2761 4602 2966 4679 homine
2971 4605 3084 4679 jam
3115 4612 3354 4669 aruerat,

1750 4673 1946 4734 idcirco
1975 4678 2230 4731 Dominus
2263 4674 2419 4729 Jesus
2448 4674 2782 4746 Synagogam
2816 4673 3024 4747 sabbato
3051 4675 3309 4747 ingressus
3337 4717 3352 4740 ,

1750 4752 1974 4805 hominis
1999 4749 2067 4802 ibi
2090 4747 2320 4801 habentis
2351 4763 2560 4799 manum
2598 4750 2859 4800 dexteram
2881 4745 3118 4811 aridam,
3145 4755 3199 4798 ut
3220 4746 3357 4798 alius

1750 4833 1928 4878 narrat
1948 4819 2310 4890 Evangelista,
2346 4817 2846 4890 spiritalimedicina
2878 4817 3095 4890 curarit,
3123 4819 3197 4890 sic
3218 4819 3352 4870 enim

1748 4894 1896 4948 habet
1925 4910 1941 4948 :
1966 4889 2187 4947 Factum
2211 4901 2292 4944 est
2319 4901 2498 4943 autem
2526 4897 2580 4942 et
2611 4889 2663 4944 in
2689 4889 2799 4943 alio
2827 4889 3076 4953 sabbato,
3111 4897 3167 4942 ut
3189 4889 3358 4942 intra-

1750 4977 1831 5021 ret
1857 4968 1906 5020 in
1938 4965 2278 5034 Synagogam
2302 5002 2317 5029 ,
2344 4970 2397 5014 et
2428 4959 2662 5034 doceret
2679 4979 2698 5034 ελ
2723 4972 2778 5015 ct
2809 4971 2922 5034 erat
2956 4961 3024 5014 ibi
3050 4959 3231 5034 homo
3251 4999 3265 5024 ,
3297 4969 3350 5014 et

1749 5054 1941 5091 manus
1984 5031 2108 5104 ejus
2154 5031 2381 5104 dextera
2437 5043 2556 5086 crat
2587 5032 2759 5088 arida.
2814 5031 3157 5087 Observabam
3183 5042 3350 5104 autem

1747 5110 1928 5163 scriba:
1967 5103 2285 5176 etphariswi
2324 5103 2368 5156 si
2397 5104 2450 5158 in
2479 5105 2689 5159 sabbato
2718 5115 2920 5176 curaret
2945 5146 2960 5169 ,
2989 5113 3042 5156 ut
3072 5103 3351 5176 invenirent

1746 5181 1883 5234 unde
1925 5174 2226 5232 accusarent
2273 5192 2392 5230 eum
2431 5179 2585 5243 :ipse
2619 5193 2733 5232 vero
2781 5175 2969 5230 sciebat
3016 5174 3349 5244 cogitationes

1747 5267 1946 5305 eorum.
1995 5251 2061 5304 Et
2089 5250 2161 5304 ait
2212 5248 2445 5310 homini,
2494 5249 2576 5316 qui
2610 5249 2820 5301 habebat
2867 5262 3076 5299 manum
3103 5245 3303 5296 aridam
3327 5261 3346 5300 :

1747 5323 1922 5394 Surge
1949 5365 1963 5388 ,
1997 5330 2051 5376 et
2088 5329 2169 5375 sta
2200 5320 2252 5374 in
2285 5319 2521 5373 medium
2544 5360 2557 5383 ,
2587 5331 2639 5374 et
2676 5332 2906 5394 surgens
2938 5319 3129 5394 stetit;
3158 5325 3347 5394 etpost

1747 5387 1960 5464 pauca:
2014 5394 2082 5448 Et
2127 5393 2538 5461 circumspectis
2586 5387 2839 5446 omnibus
2865 5431 2878 5453 ,
2919 5389 3057 5442 dixit
3096 5387 3298 5464 homini
3334 5410 3344 5443 :

1749 5462 1994 5522 Extende
2024 5481 2238 5518 manum
2268 5473 2414 5518 tuam
2443 5480 2457 5528 ;
2491 5473 2548 5517 et
2591 5464 2870 5524 extendit,
2905 5472 2958 5514 et
2987 5462 3231 5515 restituta
3265 5472 3349 5517 est

1747 5553 1941 5592 manus
1967 5536 2086 5605 ejus
2117 5552 2246 5590 sana
2278 5537 2421 5589 sicut
2447 5535 2639 5588 altera.
2677 5533 2984 5605 Diligenter,
3014 5537 3229 5604 fratres,
3257 5552 3344 5589 vos

1745 5611 1955 5664 audisse
1995 5603 2147 5661 credo
2198 5607 2452 5677 quomodo
2495 5605 2732 5660 Christus
2759 5603 3022 5658 Dominus
3053 5622 3156 5659 non
3181 5623 3347 5680 appo-

1743 5683 1855 5737 sitis
1878 5724 1893 5746 ,
1927 5692 2033 5735 etc.

1819 5750 1843 5789 ἀ
1883 5753 2086 5808 Omnes
2117 5751 2270 5816 edit.,
2303 5749 2390 5819 qui
2433 5757 2596 5803 totum
2648 5763 2871 5820 corpus;
2917 5749 3089 5822 Lugd.
3143 5749 3340 5822 codex,

1745 5825 1837 5898 qui
1867 5834 1935 5879 tot
1957 5837 2199 5893 corpora.
