3944 6310
553 309 658 364 6ἷῖ

1477 309 1570 366 ΑΙ)
1609 309 1838 366 ΟΡΕΠΛ
1883 309 2131 368 SANCTI
2171 309 2495 368 AMBROSII
2536 308 2904 366 APPENDIX.

3730 309 3813 366 636

559 442 736 490 μους,
772 425 1092 497 obsequitur
1110 425 1158 480 ei
1186 425 1550 497 portiuncula,
1576 427 1662 480 cui
1694 435 1863 479 totum
1891 440 1951 481 se
1978 425 2146 481 debe-
2175 429 2227 488 Α
2253 426 2476 482 dextera
2513 426 2683 495 prima
2709 422 3036 496 peccaverit.
3070 421 3184 478 Nec
3215 423 3438 477 mireris
3466 424 3510 477 si
3550 424 3810 480 tnembram

550 531 629 574 ret
661 520 713 574 iu
747 534 947 575 massa.

613 613 666 665 2.
707 611 813 669 Sed
845 612 1126 667 videmnus
1153 628 1278 683 qua:
1311 613 1381 667 sit
1423 613 1476 667 in
1509 613 1797 685 Syttagoga
1826 629 2014 667 manus
2043 612 2149 667 ari-

547 706 637 774 da,
663 723 781 777 quae
809 707 943 761 nihil
968 709 1182 777 corpori
1215 707 1468 778 prodest,
1503 710 1720 780 quando
1761 709 2019 779 operibus
2050 709 2154 764 sic-

547 801 685 857 cavit
721 819 732 855 :
765 803 982 872 quando
1023 803 1188 856 etiam
1233 804 1470 873 primum
1516 804 1669 859 arida
1721 819 1845 861 esse
1881 803 2150 874 coeperit,

547 895 919 964 requiramus;
976 909 1082 950 non
1125 895 1269 951 enim
1312 898 1472 953 unius
1514 898 1754 953 hominis
1796 907 2006 954 tantum
2057 914 2154 968 per

549 987 892 1044 Salvatorem
919 1004 1080 1045 causa
1109 991 1338 1061 geritur,
1372 1007 1475 1047 nec
1505 993 1665 1048 unius
1710 993 1947 1048 hominis
1981 992 2156 1050 imbe-

550 1081 750 1136 cillitas
779 1095 1126 1152 procuratur,
1174 1084 1270 1140 sed
1306 1087 1471 1140 totius
1493 1087 1714 1157 generis
1744 1087 1964 1143 humani
1996 1101 2157 1142 sana-

549 1185 638 1230 tur
663 1175 976 1232 iuiirmitas.
1007 1177 1151 1232 Nulli
1182 1188 1366 1236 autem
1397 1179 1618 1235 dubium
1647 1190 1732 1236 est
1755 1181 2040 1237 dexteram
2069 1183 2154 1236 vel

553 1269 721 1323 totius
748 1270 1000 1339 corporis
1044 1273 1448 1341 prmciariorcm
1476 1273 1783 1344 portionem
1843 1275 1946 1330 hoc
1991 1274 2154 1330 ol'licii

550 1378 774 1431 gerere;
805 1374 861 1418 ut
885 1364 1081 1418 diurna
1111 1365 1366 1420 alimenta
1391 1382 1492 1421 suo
1517 1367 1732 1436 corpori
1757 1367 2156 1432 subministret,

552 1466 604 1510 et
641 1457 984 1526 providentia
1019 1459 1250 1530 quadam
1301 1459 1368 1514 ad
1401 1459 1688 1516 fruendam
1717 1460 1880 1515 vitam
1917 1461 2156 1516 membra

545 1561 744 1607 cetera
778 1563 964 1624 pascat
992 1569 1054 1609 ac
1083 1555 1306 1609 nutriat.

621 1648 672 1701 ὃ.
707 1647 854 1701 llanc
885 1649 1050 1718 igitur
1077 1646 1358 1704 dexteram
1389 1649 1442 1702 in
1471 1648 1700 1704 Judaico
1727 1649 1929 1719 papulo
1953 1650 2160 1706 scribas

547 1755 672 1794 esse
702 1740 957 1808 dixerim,
991 1743 1073 1796 vel
1096 1744 1374 1808 doctores,
1403 1743 1493 1813 qui
1520 1743 1665 1797 velut
1688 1744 2006 1813 prteciarior
2038 1759 2162 1811 por-

2254 521 2496 576 dextera:
2526 520 2579 575 in
2608 519 2781 575 Adam
2810 534 2917 574 non
2951 520 3153 574 mansit
3181 519 3489 588 integrum;
3525 518 3670 589 vigor
3695 519 3809 577 enim

2259 614 2350 669 ille
2390 613 2717 669 aeternitatis
2751 613 2984 668 exaruit.
3036 612 3168 667 Nam
3215 611 3361 667 sicut
3402 611 3568 682 Moysi
3615 611 3802 667 dextera

2256 706 2618 761 custodientis
2640 706 2894 760 mandata
2927 705 3141 760 Domini
3173 703 3336 760 niveo
3356 702 3568 774 fulgore
3605 703 3813 773 resplen-

2256 802 2400 866 dult;
2442 801 2514 855 ita
2566 809 2622 856 et
2666 799 2799 855 Adae
2848 799 3074 855 dextera
3120 798 3542 869 prtevaricantis
3581 807 3809 870 praecepta

2257 895 2543 950 mortifero
2582 895 2789 966 pallore
2819 902 3100 950 contracta
3136 903 3239 948 est.

2329 989 2381 1044 6.
2427 988 2578 1043 lianc
2605 989 2766 1057 igitur
2789 987 2922 1043 Adio
2955 1002 3176 1042 manum
3205 985 3460 1043 Salvator
3481 997 3634 1042 colat
3657 986 3706 1040 in
3728 986 3808 1058 Sy-

2261 1097 2489 1154 nagoga,
2521 1082 2623 1136 hoc
2648 1090 2753 1147 est,
2789 1085 2956 1136 totius
2993 1081 3211 1152 generis
3257 1079 3482 1136 humani
3514 1079 3812 1138 imbecillita-

2262 1185 2371 1230 tem
2401 1189 2596 1230 sanare
2622 1175 2874 1240 festinat;
2905 1173 3035 1229 dicit
3060 1173 3208 1229 enim
3255 1174 3426 1229 etiam
3460 1173 3572 1227 illi:
3607 1173 3811 1230 Extende

2262 1283 2481 1322 manum
2511 1277 2680 1335 tuam,
2705 1266 2796 1337 qui
2825 1282 2946 1322 eam
2989 1266 3150 1321 idolis
3199 1265 3536 1324 immolando
3562 1266 3810 1322 contraxit.

2265 1362 2404 1417 Dicit
2434 1362 2510 1416 illi
2537 1379 2550 1415 :
2579 1360 2826 1417 Extende
2845 1375 3065 1417 manum
3091 1369 3264 1426 tuam,
3291 1359 3453 1430 cujus
3477 1358 3686 1415 dextera
3708 1375 3809 1416 usa-

2264 1471 2353 1511 ras
2381 1454 2707 1527 accipiendo
2737 1453 2990 1510 siccavit.
3035 1452 3284 1510 Extende
3313 1468 3537 1508 manum
3563 1462 3712 1517 tuam,
3736 1452 3808 1522 qui

2267 1564 2362 1618 per
2383 1564 2505 1605 eam
2533 1563 2625 1604 res
2645 1546 3016 1617 orphauorum
3061 1547 3465 1616 viduarumque
3501 1544 3656 1614 gestis
3683 1545 3805 1599 inva-

2265 1641 2416 1697 dere.
2452 1641 2559 1698 Sed
2582 1649 2637 1696 et
2669 1649 2722 1695 tu
2751 1640 2843 1710 qui
2875 1649 3031 1709 putas
3067 1649 3120 1694 te
3145 1653 3370 1694 manum
3409 1636 3608 1692 habere
3654 1651 3808 1708 puram

2267 1745 2322 1790 et
2351 1750 2562 1802 sanam,
2597 1750 2727 1790 cave
2755 1749 2823 1790 ne
2851 1734 3078 1788 avaritia
3101 1732 3459 1790 contrahatur
3487 1749 3500 1788 :
3526 1732 3643 1802 quin
3664 1732 3810 1802 potius

553 1833 630 1888 tio
657 1835 709 1888 io
736 1835 1135 1905 pharisaiorum
1169 1852 1404 1907 corpore
1427 1854 1456 1890 a
1483 1837 1713 1892 Domino
1739 1839 2043 1904 constituti,
2068 1854 2160 1893 ne-
2193 1831 2240 1892 Β
2266 1832 2500 1887 extende
2528 1847 2648 1886 eam
2680 1846 2781 1902 pro
2807 1829 3182 1886 misericordia
3221 1830 3535 1910 l'reqpenter
3557 1828 3619 1883 ad
3649 1843 3810 1899 paupe-

549 1926 845 1997 glexerunt
891 1939 946 1983 et
998 1930 1050 1984 io
1103 1941 1302 1984 caetera
1351 1930 1597 1985 membra
1643 1946 1739 1984 sua
1769 1930 2162 2001 prophetarum

556 2023 774 2077 oracula
818 2024 973 2078 velut
1007 2039 1188 2080 escam
1230 2025 1356 2079 vita:
1383 2035 1604 2081 aeterna:
1652 2025 2164 2096 porrigerezatque

559 2112 684 2167 ideo
713 2113 960 2170 doctrina
985 2131 1174 2171 eorum
1207 2126 1480 2187 tamquam
1529 2132 1721 2172 tnanus
1753 2119 1895 2172 aruit
1924 2117 2166 2174 imbecil-

557 2205 655 2273 lis;
702 2208 828 2279 quia
885 2209 1088 2265 l‘ontetn
1124 2211 1384 2281 perennis
1418 2213 1707 2282 sapientiae
1747 2228 1856 2268 non
1887 2212 2159 2283 quassivit.

563 2301 859 2371 Propterea
909 2303 1146 2375 denique
1175 2303 1375 2361 factum
1407 2314 1532 2367 est,
1583 2316 1642 2361 ut
1681 2309 1836 2375 quasi
1887 2314 2167 2362 contracta

561 2391 796 2449 dextera
825 2393 1036 2452 clavem
1067 2397 1312 2452 scientiae
1338 2409 1524 2454 tcncre
1554 2416 1660 2453 non
1697 2409 1900 2469 posset,
1927 2400 2066 2454 sicut
2092 2399 2169 2454 ait

565 2490 831 2547 Dominus
865 2508 878 2546 :
925 2492 1020 2548 Vae
1048 2494 1188 2548 vobis
1217 2494 1399 2547 scribae
1426 2505 1473 2549 et
1498 2494 1747 2564 pharistei
1771 2537 1786 2563 ,
1817 2496 1908 2566 qui
1951 2497 2170 2552 abscon-

558 2583 682 2636 ditis
713 2583 912 2638 clavem
953 2584 1219 2652 scientitc,
1262 2595 1316 2640 et
1352 2586 1558 2656 reliqua
1591 2585 1746 2659 (Luc.
1776 2603 1853 2654 XI,
1897 2585 2011 2657 52)-
2043 2587 2169 2644 Haec

561 2683 749 2730 autem
779 2676 951 2732 clavis
981 2675 1238 2732 Christus
1263 2689 1346 2733 est
1377 2679 1660 2742 Dominus,
1692 2693 1803 2750 quo
1833 2679 1900 2735 ad
1933 2679 2171 2736 creduli-

561 2777 728 2824 tatem
760 2769 886 2825 iidei
911 2779 936 2808 α
965 2779 1245 2840 pectorum
1269 2786 1463 2827 arcana
1485 2781 1822 2828 reserantur.
1848 2771 1952 2828 Ista
1979 2773 2168 2842 clavis,

566 2861 709 2916 sicut
735 2861 811 2916 ait
843 2861 1110 2918 Dominus
1137 2863 1304 2918 Petro
1333 2881 1345 2918 :
1377 2863 1494 2920 Tibi
1517 2865 1652 2919 dabo
1680 2866 1847 2920 claues
1881 2866 2030 2936 regni
2072 2881 2172 2921 cat—

563 2958 733 3010 lorum
756 2955 974 3028 (Matth.
1006 2973 1119 3023 xvi,
1157 2959 1270 3028 i9).
1311 2960 1450 3030 lirgo
1477 2959 1623 3013 aruit
1653 2958 1887 3014 dextera
1926 2957 2170 3032 Synago-

569 3065 650 3118 gas
685 3063 902 3114 manus,
929 3051 1247 3120 relinquens
1271 3051 1548 3108 Christum
1584 3070 1596 3106 :
1639 3069 1759 3124 quae
1786 3053 1937 3124 prius
1960 3060 2082 3110 erat
2119 3052 2172 3109 in

570 3141 914 3211 principibus
943 3141 1256 3198 Judaiorum
1275 3186 1289 3210 ,
1323 3145 1716 3212 deterioravit;
1747 3148 1996 3218 quisquis
2024 3148 2172 3203 enim

565 3233 770 3288 Christi
790 3233 994 3290 fontem
1025 3236 1252 3304 deserit,
1275 3237 1592 3296 debilitatur
1624 3243 1874 3311 protinus
1897 3283 1912 3308 ,
1945 3251 2002 3298 et
2054 3256 2178 3299 are-
2205 3235 2250 3298 C

573 3326 700 3381 scit.

647 3420 700 3473 4.
749 3419 857 3476 Sed
901 3421 1123 3478 invenio
1177 3424 1349 3494 ipsam
1392 3441 1614 3482 manum
1657 3429 1929 3497 quondam
1962 3430 2176 3486 exteris

574 3513 840 3569 membris
863 3514 1029 3570 fuisse
1063 3516 1375 3585 meliorem;
1406 3528 1628 3575 sanctus
1653 3520 1796 3580 enim
1829 3521 2042 3595 Moyses
2069 3522 2178 3579 dux

569 3606 772 3674 judaici
831 3609 1018 3678 populi
1045 3652 1058 3676 ,
1105 3611 1250 3666 velut
1293 3613 1494 3669 clarior
1535 3617 1784 3683 corporis
1830 3619 1912 3670 sui
1953 3614 2176 3676 dextera

569 3697 711 3766 l'uit,
755 3717 878 3756 cum
909 3701 1110 3774 Legem
1160 3705 1544 3775 porrigendum
1597 3711 1852 3764 meruita
1891 3708 2179 3764 divinitate

572 3801 875 3870 percipere.
909 3800 1153 3857 Dextera
1181 3844 1195 3869 ,
1229 3803 1446 3874 inquam
1472 3846 1486 3869 ,
1521 3816 1640 3859 orat
1669 3815 1892 3861 sanctus
1921 3806 2136 3878 Moyses
2162 3845 2176 3872 ,

571 3894 664 3963 qui
696 3895 838 3950 lilios
867 3896 1034 3951 Israel
1067 3896 1216 3952 velut
1257 3913 1418 3952 manu
1465 3898 1688 3968 provida
1730 3899 1941 3956 emiesti
1982 3914 2178 3955 manna

577 3991 787 4045 nutriit.
819 3991 945 4046 Haec
968 3991 1129 4061 plane
1153 4004 1234 4048 est
1262 3993 1509 4056 dextera,
1540 4009 1662 4064 qua:
1681 3995 1910 4050 Jauuem
1937 4006 1991 4052 et
2014 3995 2177 4050 Mam.

574 4082 726 4136 brem
753 4098 941 4153 magos
965 4084 1104 4138 nivei
1131 4084 1440 4156 splendoris
1463 4085 1642 4142 nitore
1668 4087 1908 4142 convicit
1929 4087 1947 4157 (
1973 4085 2017 4142 il
2037 4086 2175 4141 Tim.

574 4190 656 4242 Ill,
688 4177 767 4245 8).
817 4175 894 4230 ita
944 4175 1106 4250 412
1136 4178 1282 4232 enim
1310 4181 1579 4250 scriptum
1614 4179 1820 4236 habes:
1854 4182 2028 4250 Atque
2056 4180 2179 4236 ideo

580 4282 863 4338 magorum
894 4268 1190 4327 destructas
1215 4283 1340 4329 sunt
1373 4273 1635 4341 tenebris,
1666 4273 1792 4346 quia
1817 4273 1989 4348 Moysi
2017 4277 2183 4337 meri-

578 4362 648 4417 tis
682 4363 870 4417 lucens
901 4362 1130 4418 dextera
1160 4366 1503 4422 coruscabat.

650 4455 704 4510 5.
749 4457 854 4513 Sed
926 4458 1205 4514 videamus
1255 4475 1446 4516 manus
1510 4462 1611 4516 ista
1667 4461 1888 4534 quando
1935 4462 2170 4533 primum

578 4547 729 4605 arida
785 4552 1014 4620 emperit
1045 4568 1164 4606 esse
1195 4553 1279 4608 vel
1313 4561 1552 4613 mortua.
1596 4554 1711 4626 Ego
1753 4554 1908 4611 illam
1941 4557 2178 4626 primum

2266 1941 2407 1991 rem,
2456 1941 2556 1996 pro
2597 1925 2964 1996 hospitalitate
2994 1925 3195 1995 saepius
3239 1923 3308 1980 ad
3342 1924 3668 1995 peregrinam
3695 1939 3808 1979 ξας

2269 2019 2431 2074 tende
2459 2034 2578 2074 eam
2625 2034 2723 2090 pro
2755 2019 2999 2090 peccatis
3027 2033 3246 2089 semper
3275 2017 3346 2073 ad
3382 2019 3686 2073 Dominum:
3713 2027 3809 2073 esto

2271 2113 2610 2178 misericors,
2641 2123 2761 2168 esto
2784 2112 2990 2182 largus.
3013 2111 3254 2168 Observa
3282 2111 3428 2182 quod
3449 2111 3525 2167 ait
3550 2111 3805 2182 propheta:

2272 2206 2357 2260 Ne
2379 2207 2445 2261 sit
2472 2222 2656 2261 manus
2687 2215 2776 2259 tua
2805 2205 2872 2260 ad
2903 2204 3268 2274 accipiendum
3297 2215 3549 2274 porrecta,
3574 2214 3617 2260 et
3639 2205 3695 2260 ad
3719 2220 3808 2258 cre-

2271 2299 2502 2372 gmtdum
2530 2310 2794 2354 contracta
2823 2297 3062 2368 (Eccles.
3097 2313 3174 2364 tv,
3195 2297 3267 2354 56
3286 2298 3324 2368 ).
3356 2296 3449 2354 Sic
3485 2299 3623 2353 enim
3651 2311 3806 2351 manus

2273 2404 2362 2447 tua
2399 2407 2529 2447 sana
2573 2406 2695 2448 esse
2728 2392 2946 2461 poterit,
2977 2391 3024 2446 si
3069 2390 3228 2445 malis
3272 2391 3635 2456 contrahatur,
3675 2387 3798 2443 lienis

2272 2501 2404 2543 vero
2432 2486 2696 2557 operibus
2717 2485 2744 2525 ι)
2775 2485 3123 2541 extendatur.

2812 2621 3050 2678 SEBMO
3089 2619 3255 2676 XVII.

2661 2739 2737 2794 De
2764 2748 2954 2794 sancta
2983 2736 3401 2809 quadragesima
3425 2735 3469 2793 Ι.

2281 2879 2382 2932 llic
2411 2894 2577 2933 sermo
2607 2878 2832 2951 primum
2877 2877 2931 2931 in
2961 2875 3201 2930 Romana
3229 2875 3453 2930 editione
3489 2873 3614 2928 inter
3636 2870 3815 2927 Ambro-

2351 2974 2524 3027 sianos
2577 2973 2748 3027 locum
2779 2971 3018 3040 obtinuit,
3053 2981 3103 3024 et
3125 2987 3304 3025 rer-em
3333 2985 3450 3024 eum
3477 2968 3616 3024 etiam
3642 2963 3815 3020 (lectori

2352 3079 2531 3122 nostro
2566 3068 2905 3138 perantiquus
2927 3066 3092 3121 codex
3147 3064 3500 3120 Vallieellanat
3528 3060 3814 3127 bibliotheca,

2351 3176 2414 3215 ea:
2441 3176 2540 3230 quo
2565 3159 2800 3215 eumdem
2824 3159 3230 3224 emendarimus,
3259 3158 3540 3228 ascriptum
3565 3154 3708 3208 habet.
3730 3151 3817 3206 Sed

2354 3250 2654 3325 hujusmodi
2685 3252 3070 3317 auctoritatem,
3099 3260 3156 3304 ut
3179 3251 3226 3304 ei
3254 3250 3357 3306 soli
3385 3249 3526 3305 credi
3549 3248 3710 3312 velut,
3734 3260 3819 3300 nos

2351 3345 2486 3399 tanti
2515 3345 2773 3398 ducimus.

2352 3441 2404 3494 i.
2448 3450 2470 3477 ο
2503 3438 2646 3494 Ecce
2691 3438 3130 3508 appropinquant
3175 3437 3293 3494 dies
3337 3436 3534 3502 sancti,
3563 3445 3615 3490 et
3648 3446 3815 3504 tempus

2281 3530 2643 3600 acceptabile.
2671 3529 2874 3586 fratres
2895 3529 3229 3594 eharissimi,
3250 3530 3442 3600 dequo
3467 3528 3704 3596 scriptam
3722 3535 3812 3580 est:

2285 3626 2418 3680 Ecce
2441 3641 2580 3680 nunc
2609 3635 2808 3697 tempus
2851 3623 3185 3695 acceptabile,
3233 3639 3349 3679 ecce
3375 3640 3511 3678 nunc
3538 3623 3638 3676 dies
3674 3620 3818 3675 salutis

2286 3719 2358 3790 (ii
2386 3717 2508 3774 Cor.
2544 3735 2615 3786 vt,
2640 3718 2744 3789 2);
2780 3719 2904 3774 ideo
2932 3717 3286 3773 sollicitiores
3314 3732 3412 3772 vos
3433 3731 3555 3772 esse
3577 3722 3756 3786 oportet
3776 3713 3816 3768 is

2283 3813 2500 3881 vigiliis,
2534 3813 2585 3865 in
2610 3811 2855 3882 jejuniis,
2888 3811 2941 3865 in
2987 3810 3379 3882 eleemosynis,
3418 3819 3474 3864 et
3505 3807 3811 3862 orationibus.

2281 3903 2382 3971 Qui
2428 3919 2599 3974 usque
2649 3903 2814 3958 modo
2856 3903 3262 3974 eleemosyuam
3311 3900 3460 3967 fecit,
3507 3900 3716 3967 amplius
3754 3897 3816 3952 his

2281 3997 2478 4054 diebus
2526 3997 2716 4063 faciat;
2760 3999 2884 4068 quia
2918 3997 2946 4036 ει
2970 3998 3114 4051 sicut
3139 4011 3278 4068 aqua
3323 3996 3616 4066 exetinguit
3656 3995 3815 4064 ignei.

2284 4094 2356 4148 ita
2382 4095 2733 4164 eleemosyna
2761 4091 3058 4162 exstinguit
3087 4099 3372 4162 peccatum
3406 4087 3634 4162 (Ecclcs.
3649 4085 3816 4153 111,3}.

2281 4185 2382 4254 Qui
2412 4199 2583 4256 usque
2615 4185 2776 4240 modo
2819 4185 3084 4255 jejunavit
3111 4194 3166 4239 et
3197 4185 3399 4249 oravit,
3443 4181 3599 4238 modo
3631 4178 3816 4249 amplius

2276 4277 2487 4350 jejunet
2513 4286 2568 4333 et
2593 4286 2744 4344 oret;
2773 4278 2899 4348 quia
2922 4286 3050 4333 sunt
3073 4275 3326 4348 quoidam
3359 4285 3594 4346 peccata,
3617 4287 3718 4346 quat
3731 4285 3811 4325 non

2284 4371 2651 4436 dimittuntur,
2682 4371 2785 4425 uisi
2821 4386 2916 4440 per
2947 4370 3251 4424 orationem
3278 4377 3334 4422 et
3359 4368 3638 4437 jejtniium.
3661 4362 3710 4421 Si
3731 4361 3821 4434 quis

2285 4466 2420 4521 iram
2459 4475 2608 4531 tenet
2639 4464 2900 4521 adversus
2925 4463 3183 4529 alterum,
3218 4461 3463 4517 dimittat
3497 4463 3546 4516 ei
3571 4476 3632 4516 ex
3654 4457 3821 4514 corde:

2285 4559 2329 4613 si
2356 4559 2478 4630 quis
2500 4559 2568 4614 ab
2596 4558 2784 4629 aliquo
2816 4557 3016 4629 injuste
3043 4556 3247 4628 aliquid
3276 4556 3523 4620 abstulit,
3550 4565 3573 4592 ιδ
3592 4552 3752 4609 reddat
3769 4549 3822 4614 ei,

581 4641 634 4695 io
669 4640 840 4696 Adam
874 4644 1082 4701 aruisse
1110 4643 1398 4711 confirmo,
1432 4660 1554 4701 cum
1582 4658 1773 4703 contra
1816 4649 2040 4704 vetitum
2074 4649 2174 4706 Do-
2201 4632 2254 4693 Ῑ)
2281 4671 2312 4710 a
2355 4670 2462 4726 quo
2511 4654 2758 4719 abstulit,
2807 4653 2852 4708 si
2903 4653 3054 4722 cupit
3114 4652 3282 4706 Deum
3343 4650 3627 4721 propitium
3667 4645 3824 4701 habere

582 4736 713 4790 mini
765 4737 1068 4793 interdicta:
1124 4739 1340 4795 arboris
1374 4757 1531 4811 poma
1587 4741 1892 4814 decerpsit,
1925 4759 1989 4799 ac
2043 4755 2175 4802 tunc

579 4845 800 4886 succmu
836 4832 1267 4890 immortalitatis
1299 4837 1501 4891 amisit.
1553 4836 1619 4896 Et
1668 4838 1868 4893 siccata
1913 4839 2181 4910 quodam-

579 4925 742 4981 modo
765 4935 867 4987 est,
895 4928 1112 4997 quando
1133 4928 1410 4986 hominem
1433 4929 1500 4985 ad
1530 4931 1820 5002 imaginem
1845 4933 1939 4988 Dei
1969 4932 2174 4990 factum

580 5030 806 5088 peccato
832 5037 932 5076 suo
961 5023 1093 5076 solvi
1145 5023 1270 5078 fecit
1308 5025 1358 5078 in
1412 5024 1715 5094 pulverem.
1752 5026 1930 5097 Atque
1971 5029 2177 5086 utinam

583 5115 697 5170 sola
748 5131 938 5171 manus
975 5125 1197 5186 peccato
1249 5128 1528 5174 teneretur
1578 5119 1845 5175 obnoxia!
1891 5121 2049 5194 Quod
2096 5133 2180 5180 est

582 5211 821 5279 gravius,
872 5227 1034 5268 omne
1066 5227 1270 5283 corpus
1300 5224 1477 5269 morte
1538 5212 1855 5274 damnatum
1912 5226 2020 5286 est,
2051 5233 2177 5276 cum

662 5450 688 5477 ⁸
727 5442 898 5511 Lugd.
917 5442 1112 5508 codex,
1139 5448 1465 5509 peccatorum
1483 5453 1698 5511 arcana.
1722 5436 1838 5492 Non
1861 5439 1995 5492 satis
2012 5448 2184 5496 recte.

664 5511 690 5550 δ
730 5508 890 5566 Rom.
922 5516 1084 5578 edit.,
1118 5508 1450 5567 extendatur.
1503 5508 1645 5563 Dum
1680 5519 1856 5563 autem
1908 5511 1976 5563 ad
2028 5512 2190 5567 virtu-

595 5592 702 5636 tum
749 5600 906 5650 opera
937 5584 1251 5646 extenditur,
1304 5581 1499 5635 nesciat
1547 5581 1785 5640 sinistra,
1815 5581 1868 5634 id
1895 5591 1993 5643 est,
2022 5584 2194 5638 carnis

600 5653 675 5706 uel
706 5654 886 5705 mundi
928 5656 1190 5722 cupiditas
1222 5671 1325 5708 non
1360 5653 1542 5720 perdat
1570 5669 1588 5706 :
1621 5652 1942 5722 propitiante
1985 5651 2194 5709 Christo

602 5722 830 5778 Domino
859 5735 1055 5789 nostra,
1095 5728 1182 5794 qui
1212 5743 1329 5779 cuni
1363 5724 1520 5778 Patre
1550 5735 1600 5780 et
1625 5725 1830 5792 Spiritu
1868 5733 2045 5780 sancto
2076 5727 2195 5780 vivit

603 5807 652 5849 et
683 5803 862 5861 regnat
889 5797 942 5847 in
971 5798 1158 5848 swcula
1183 5797 1511 5850 saeculorum.
1552 5797 1732 5850 Amen.

671 5878 691 5905 ε
735 5864 894 5920 Rom.
939 5865 1095 5934 edit.,
1129 5865 1262 5920 Ecce
1309 5866 1498 5922 adsunt
1545 5869 1652 5922 dies
1699 5866 2045 5924 sattrti....de
2095 5884 2196 5941 quo

2284 4749 2510 4821 (illailla.
2531 4764 2662 4815 xvu,
2686 4747 2811 4820 20).
2845 4746 2979 4802 Nam
3006 4747 3258 4818 quamvis
3279 4746 3430 4801 omni
3459 4756 3684 4814 tempore
3715 4737 3826 4794 chrio

2278 4845 2488 4900 stiauus
2510 4858 2539 4898 a
2565 4841 3062 4904 tuaiedictionibus,
3079 4849 3133 4895 et
3157 4840 3446 4905 conviciis,
3467 4849 3519 4894 ct
3537 4832 3825 4908 juramentis,

2283 4948 2338 4993 et
2370 4937 2479 4992 risu
2517 4937 2704 5000 nimio,
2737 4945 2901 5006 atque
2937 4934 3120 4991 verbis
3146 4932 3346 4988 otiosis
3393 4947 3452 4988 se
3481 4929 3729 4985 abstinere
3759 4922 3828 4978 de-

2285 5031 2403 5096 bet;
2440 5029 2676 5084 maxime
2732 5039 2912 5083 tamen
2946 5026 3150 5083 sanctis
3179 5024 3266 5079 his
3298 5024 3517 5088 diebus,
3547 5023 3633 5093 qui
3661 5019 3717 5073 ad
3753 5018 3827 5070 hoc

2283 5123 2564 5180 conSIituti
2597 5133 2743 5192 sunt,
2772 5131 2828 5178 ut
2854 5131 3071 5194 peccata
3094 5121 3264 5175 totius
3296 5119 3426 5172 anni
3460 5117 3511 5171 in
3537 5115 3614 5170 his
3637 5108 3825 5186 quadra-

2280 5222 2428 5290 ginta
2471 5220 2666 5276 diebus
2706 5234 2804 5292 per
2851 5217 3223 5289 paenitentiam
3265 5212 3572 5270 deleantur.

2291 5443 2845 5518 nuuc_leotum_est._
2961 5512 2972 5518 _
3236 5511 3246 5518 _
3525 5507 3551 5518 Α,
3661 5503 3670 5513 .

2367 5513 2394 5554 ἀ
2432 5514 2591 5574 Rom.
2620 5515 2776 5581 edit.,
2800 5513 2932 5571 sicut
2955 5512 3124 5582 ignem
3151 5511 3832 5582 nrdentemexstiuguitaqu,

2297 5587 2370 5660 ita
2391 5587 2714 5660 elcemosyua
2745 5573 2948 5660 ueniam
2974 5573 3267 5660 impetrabit
3313 5580 3533 5651 peccati.
3557 5573 3617 5632 Et
3645 5573 3836 5660 iniraJt

2293 5657 2579 5727 jejunium,
2607 5653 2739 5736 sicut
2765 5655 3008 5740 Salvator
3027 5656 3098 5736 ait
3130 5669 3150 5709 .'
3181 5653 3293 5709 Hoc
3321 5669 3484 5725 genus
3512 5667 3606 5704 non
3646 5653 3838 5720 rjirttur.

2302 5736 2400 5784 nisi
2429 5744 2521 5798 per
2545 5737 2829 5808 orationem
2857 5736 2902 5781 et
2921 5736 3204 5808 jejunium.
3739 5789 3749 5800 ἱ
3831 5784 3839 5794 ι

2376 5810 2399 5838 ε
2447 5801 2653 5855 Eadem
2685 5798 2841 5860 edit.,
2875 5797 3058 5852 reddat
3095 5813 3140 5850 et
3181 5797 3360 5851 saltem
3402 5793 3539 5868 quod
3574 5790 3783 5852 abstulit,
3809 5803 3840 5851 ο

2306 5887 2406 5927 non
2428 5873 2482 5926 iu
2504 5869 2876 5943 quadruplum,
2909 5869 2952 5925 si
2979 5868 3141 5939 cupit,
3172 5878 3275 5924 etc.
