3944 6310
116 358 204 416 657

111 567 282 622 diebus
333 571 517 628 puram
571 554 978 610 confessionem
1025 549 1297 616 feceritis,
1357 556 1415 604 et
1465 545 1673 610 taliter,

113 658 237 714 sicut
285 648 533 711 diximus,
589 643 974 717 ptrnitueritis,
1027 641 1272 696 omnium
1327 647 1677 710 peccatorum

113 759 390 805 vestrorum
439 739 815 797 remissionem
847 751 969 793 cum
993 734 1272 800 Ninivitls,
1313 748 1344 788 a
1365 732 1678 789 misericor-

115 843 314 901 dissimo
370 837 592 892 Domino
642 817 1020 902 impetrabitis,
1073 830 1165 901 qui
1219 833 1270 884 in
1321 842 1484 884 sacco
1532 835 1590 884 et
1622 827 1677 883 in

113 939 278 993 cinere
319 929 627 1002 paenitenda
663 925 886 982 liberari
917 935 1231 980 meruerunt
1266 939 1279 979 :
1312 922 1384 977 ita
1412 930 1466 977 et
1495 936 1591 976 vos
1636 921 1681 975 si

115 1045 170 1086 es
193 1036 295 1082 toto
318 1023 478 1080 corde
499 1020 793 1077 secundum
819 1018 1036 1073 illorum
1077 1014 1385 1086 exemplum
1417 1014 1484 1070 ad
1515 1013 1682 1068 Deum

114 1119 480 1186 clamaveritis,
513 1117 754 1172 divinam
783 1129 948 1183 super
975 1126 1070 1166 vos
1101 1109 1528 1167 misericordiam
1561 1123 1684 1180 pro-

114 1213 387 1277 vocabitis;
418 1210 470 1264 in
501 1216 708 1262 tantum
743 1217 800 1262 ut
831 1206 1069 1260 laetiores
1103 1212 1160 1260 et
1201 1203 1511 1258 securiores
1541 1201 1684 1256 diem

115 1305 388 1363 Dominica:
417 1300 580 1374 413
607 1298 1031 1355 resurrectionis
1059 1297 1355 1354 celebretis
1377 1311 1390 1361 ;
1415 1304 1472 1351 et
1501 1293 1689 1350 felices

112 1401 170 1458 ad
215 1398 486 1456 caelestem
540 1396 771 1466 patriam
803 1402 924 1464 post
969 1393 1110 1448 hanc
1155 1393 1322 1447 vitam
1374 1390 1687 1455 transeatis,

115 1504 390 1568 pnestante
413 1492 645 1548 Domino
676 1500 864 1545 nostro
891 1487 1019 1544 Jesu
1047 1486 1285 1554 Christo,
1310 1487 1402 1558 qui
1434 1501 1557 1541 eum
1590 1483 1692 1539 Pa-

116 1603 187 1647 tre
214 1600 265 1647 et
291 1588 496 1660 Spiritu
538 1594 728 1643 sancto
759 1585 890 1641 vivit
918 1594 975 1640 et
1022 1593 1212 1654 regnat
1242 1598 1340 1654 per
1379 1582 1560 1638 omnia
1591 1595 1692 1636 sae—

115 1685 224 1741 cula
252 1682 600 1747 steculorum,
633 1695 816 1735 amen.

667 1769 902 1830 SERMO
928 1770 1118 1827 XVIII.

476 1869 550 1924 De
574 1879 762 1923 sancta
791 1865 1220 1937 Quadragesima
1249 1862 1308 1918 ll.

116 1965 243 2022 Huic
272 1964 494 2020 sermoni
545 1963 728 2017 titulus
774 1961 1065 2034 prie/igitur
1091 1961 1144 2014 in
1175 1957 1396 2028 antiquis
1441 1956 1564 2011 edit.
1619 1955 1697 2010 De

178 2056 419 2128 jejuniis,
449 2056 507 2109 in
562 2069 688 2108 mss.
719 2069 841 2107 vero
864 2052 1147 2115 nonnullis,
1184 2050 1257 2104 De
1301 2047 1513 2120 jejunio
1544 2046 1700 2102 initio

179 2149 629 2222 quadragesimae.
663 2146 772 2200 Nec
794 2143 1135 2210 incommode,
1171 2159 1284 2197 cum
1323 2143 1377 2196 in
1406 2141 1695 2213 epistolam,

180 2259 288 2315 quc
308 2243 360 2296 in
413 2241 653 2312 Liturgia
702 2240 982 2297 Gallicana
1035 2238 1320 2292 Dominica:
1357 2236 1382 2290 Ι
1413 2237 1703 2307 quadrage-

178 2339 316 2392 sima:
341 2337 664 2406 assignatur,
713 2351 804 2388 nec
831 2351 933 2388 non
958 2333 1204 2387 Imcteuus
1248 2331 1498 2385 recitatur
1526 2330 1704 2384 eodeni

182 2433 280 2498 die,
331 2433 505 2501 [actus
533 2431 709 2502 fuerit.
768 2428 1020 2494 Quaedam
1051 2444 1205 2500 porro
1238 2429 1290 2481 in
1336 2443 1395 2481 eo
1444 2426 1705 2496 reperias,

181 2539 293 2592 qua:
348 2540 412 2578 ea:
464 2523 738 2595 Augustini
783 2537 1018 2576 sermone
1066 2520 1157 2588 ‘24,
1215 2536 1359 2573 num.
1418 2518 1472 2584 7,
1528 2526 1574 2571 et
1615 2516 1704 2585 77,

185 2631 323 2668 num.
357 2616 416 2680 5,
448 2616 678 2668 imitatus
704 2613 904 2668 videtur
925 2623 1126 2667 auctor.
1181 2610 1342 2667 Hunc
1378 2622 1552 2665 autem
1608 2626 1705 2664 au-

183 2718 377 2764 ctorem
433 2707 729 2762 Maximum
761 2722 869 2761 esse
923 2722 1026 2760 non
1075 2704 1228 2758 modo
1284 2704 1449 2774 stylus
1489 2701 1712 2757 suadere

186 2811 371 2872 potest,
391 2817 572 2856 verum
595 2811 641 2855 et
671 2800 807 2872 quod
839 2815 956 2854 cum
982 2800 1100 2854 aliis
1143 2798 1375 2872 ejusdem
1410 2795 1629 2851 Maximi
1657 2796 1711 2850 in

187 2891 421 2948 Gallensi
448 2893 628 2948 codice
657 2893 1002 2947 contineatur.

191 2990 240 3041 ι.
281 2987 680 3043 Testimonium
733 2988 981 3056 perhibet
1025 2994 1246 3041 sanctus
1302 2984 1597 3056 Apostolus
1646 2982 1715 3039 de

122 3083 420 3154 prophetis,
456 3082 650 3138 dicens
678 3102 689 3135 :
718 3081 988 3153 Tempore,
1015 3082 1210 3152 inquit,
1242 3079 1539 3152 acceptabili
1562 3095 1718 3136 exau-

121 3176 218 3229 diui
239 3187 285 3229 te
309 3187 356 3231 et
383 3178 440 3231 in
469 3175 944 3239 diesalutisadiuvi
966 3186 1013 3229 te
1040 3174 1106 3247 (ll
1138 3173 1262 3228 Cor.
1290 3189 1362 3236 vt,
1381 3173 1460 3244 2).
1491 3173 1554 3225 Et
1583 3172 1714 3226 sub-

898 336 1268 398 SERMONES
1307 338 1365 396 S.
1410 333 1756 394 AMBROSIO
1798 329 2167 389 HACTENUS
2207 323 2542 385 ASCRIPTI.

175 475 221 526 9..
262 481 283 505 ⁸
309 463 538 529 Credite,
569 470 621 516 et
655 459 966 514 ﬁrmissime
1019 454 1224 511 credite
1270 454 1394 526 quia
1428 453 1474 508 si
1505 453 1558 508 in
1589 451 1675 507 his
1705 457 1756 520 Α
1782 452 1873 506 illo
1907 465 1998 522 per
2022 448 2334 518 baptismum
2363 445 2419 498 in
2448 451 2661 496 mortem
2689 437 2915 511 (Coloss.
2952 449 3035 500 ill,
3066 432 3145 504 '5);
3177 427 3384 485 occidi-

1785 561 1904 601 mur
1925 545 2069 601 enim
2099 539 2524 614 quodammodo,
2557 551 2680 591 cum
2727 532 3030 590 desinimus
3063 540 3212 593 esse,
3244 523 3390 597 quod

1783 640 2010 696 fuimus.
2047 637 2198 693 Novo
2223 636 2368 690 enim
2402 631 2621 702 pietatis
2645 642 2846 700 genere
2872 627 3055 681 inuno
3081 619 3390 689 eodemque

1782 733 2005 791 homine
2029 747 2176 788 mors
2199 737 2458 800 operatur
2480 738 2533 781 et
2558 726 2664 779 vita
2693 742 2707 789 ;
2742 723 2974 778 moritur
3004 718 3149 776 enim
3188 728 3392 771 concu-

1785 828 2054 900 piscentia
2085 834 2459 898 peccatorum.
2499 830 2520 858 ο
2555 817 2859 872 vivilicatur
2889 827 3076 868 amore
3101 813 3392 866 virtutum.

1786 921 1844 977 in
1869 938 1982 977 uno
2006 933 2240 990 namque
2268 915 2569 986 eodemque
2595 911 2815 966 homine
2849 906 3052 978 impius
3081 912 3138 960 et
3168 901 3393 958 adulter

1789 1016 2078 1078 occiditur,
2111 1022 2170 1066 ut
2217 1011 2534 1066 misericors
2560 1014 2882 1062 renascatur
2918 1009 2972 1055 et
3001 1005 3218 1054 castus:
3253 997 3393 1050 inle-

1789 1113 2007 1169 riniitur
2033 1105 2368 1169 idololatria,
2396 1113 2454 1158 ut
2476 1100 2670 1174 religio
2707 1102 3041 1170 pr0pagetur
3063 1110 3076 1146 :
3095 1091 3396 1147 fornicator

1791 1218 1846 1264 et
1891 1204 2150 1261 ebriosus
2199 1198 2590 1271 exstinguitur,
2637 1201 2698 1250 ut
2738 1190 3030 1248 continens
3077 1196 3135 1242 et
3174 1184 3396 1241 sobrius

3273 307 3381 365 b38

1795 1313 2136 1378 procreetur.

1863 1397 1917 1451 5.
1963 1395 2053 1451 Sic
2076 1407 2208 1464 ergo
2256 1389 2553 1445 mortiﬁcat
2587 1383 2852 1441 Dominus
2885 1423 2899 1447 ,
2935 1389 2995 1435 ut
3023 1375 3286 1434 viviﬁcari
3319 1377 3398 1429 i'a-

1795 1491 1903 1546 ciat
1931 1507 1944 1543 :
1973 1489 2050 1543 sic
2079 1485 2306 1550 occidit,
2341 1492 2398 1538 ιιι
2428 1479 2640 1551 prosit:
2673 1478 2754 1532 sic
2809 1475 3086 1540 verberat,
3135 1483 3192 1526 ut
3219 1482 3408 1525 emen-

1795 1582 1911 1638 det.
1941 1579 2070 1637 Haec
2101 1579 2373 1650 estigitur
2394 1577 2539 1631 circa
2569 1571 2826 1628 homines
2853 1583 2983 1624 suos
3020 1567 3140 1636 ejus
3174 1570 3285 1618 tota
3316 1573 3406 1616 se-

1797 1665 2030 1740 veritas;
2059 1685 2114 1728 ιιι
2148 1675 2202 1727 in
2233 1671 2318 1725 his
2342 1677 2564 1741 peccata
2599 1666 2895 1736 puniantur
2922 1703 2936 1726 ,
2964 1661 3147 1716 anima
3177 1670 3404 1712 conser-

1799 1780 1956 1826 vetur
1991 1789 2002 1824 :
2031 1767 2056 1804 ά
2088 1765 2449 1822 abstollantur
2474 1756 2798 1816 detestanda
2830 1755 2980 1819 vitia,
3029 1753 3262 1807 virtutes
3305 1763 3404 1818 op-

1719 1863 1766 1924 B
1799 1864 1944 1918 tim-.e
1973 1859 2304 1915 nutriantur.
2337 1853 2522 1925 Usque
2564 1851 2704 1906 adeo
2754 1857 2936 1904 autem
2988 1845 3090 1900 hac
3140 1846 3226 1914 pia
3260 1839 3408 1895 occi-

1802 1958 1956 2012 sione
1991 1953 2198 2009 Domini
2226 1951 2505 2007 cernimus
2539 1946 2835 2018 plerosque
2866 1955 3166 1998 conversos
3199 1938 3252 1994 in
3286 1947 3407 1996 tan-

1804 2061 1917 2106 tum
1947 2048 2012 2104 ad
2045 2047 2246 2103 melius
2279 2043 2602 2117 profecisse,
2637 2041 2715 2094 sic
2755 2037 2823 2093 de
2871 2033 3135 2106 piissimis
3165 2030 3406 2102 optimos

1807 2144 2016 2206 factos;
2067 2151 2123 2196 ut
2171 2156 2294 2195 cum
2345 2136 2532 2192 videas
2557 2151 2675 2201 eos,
2721 2131 2860 2186 alios
2903 2129 3099 2185 credas
3127 2126 3404 2197 homines,

1807 2256 1930 2296 eum
1962 2254 2073 2293 non
2106 2235 2294 2292 videas
2334 2241 2572 2288 mutatas
2595 2243 2719 2285 esse
2765 2238 3050 2300 personas.
3095 2221 3152 2276 in
3200 2229 3408 2274 tantum

1809 2335 1953 2391 enim
1978 2333 2032 2388 in
2057 2328 2286 2386 nobisid
2307 2325 2451 2399 quod
2499 2323 2652 2396 prius
2694 2334 2944 2382 eramus,
2977 2313 3283 2387 perimitur,
3309 2325 3410 2364 au-

1808 2430 2000 2494 fertur,
2023 2423 2423 2492 exstinguitur:
2453 2429 2510 2473 ιιι
2531 2416 2584 2473 id
2611 2414 2757 2487 quod
2778 2421 2968 2484 postea
2984 2422 3197 2473 sumus,
3225 2405 3411 2460 denuo

1813 2533 1998 2578 natum
2024 2535 2146 2576 esse
2172 2517 2458 2574 credamus
2494 2532 2506 2566 :
2538 2510 2682 2568 unde
2715 2508 2971 2564 nativitas
3017 2504 3135 2558 inec
3166 2497 3412 2557 secunda

1813 2615 2015 2689 prioris
2044 2615 2170 2667 vita:
2194 2611 2356 2665 ﬁnem
2376 2609 2486 2680 jam
2511 2605 2714 2661 factum
2741 2603 2912 2657 fuisse
2937 2597 3229 2670 significat.

1884 2708 1938 2764 4.
1971 2705 2124 2776 Quod
2178 2717 2359 2760 autem
2414 2703 2490 2756 ait
2545 2717 2558 2754 :
2619 2697 2734 2770 Ego
2789 2694 3078 2767 percutiam
3131 2698 3179 2744 et
3213 2687 3408 2744 sanabo

1815 2805 1999 2878 (Deut.
2036 2817 2209 2869 sun,
2239 2801 2350 2870 59);
2385 2800 2622 2870 percutit
2650 2794 2806 2865 plane
2843 2787 3132 2862 przcceptis
3159 2785 3275 2841 suis
3305 2783 3416 2838 Do-

1818 2900 1998 2956 minus
2026 2905 2340 2970 peceatores
2361 2934 2375 2959 ,
2409 2902 2468 2946 ut
2518 2900 2678 2945 sanet
2709 2906 2721 2941 :
2753 2883 3023 2941 mandatis
3055 2883 3332 2944 verberat,
3364 2882 3426 2940 ut

1819 2994 2070 3052 emendet
2106 2990 2348 3062 :jejunia
2404 2985 2652 3058 praecipit
2685 3025 2699 3050 ,
2745 2979 2936 3037 indicit
2986 2974 3379 3031 continentiam
3402 3012 3420 3036 ,

1815 3090 2080 3161 judicium
2114 3085 2480 3140 comminatur
2515 3099 2527 3133 :
2561 3087 2617 3133 et
2657 3078 2870 3131 tristem
2917 3069 3186 3142 gehennae
3217 3073 3422 3120 metum

1823 3183 2118 3246 incutiens,
2150 3177 2366 3232 adhibet
2400 3171 2762 3234 medicinam;
2793 3177 2851 3222 ut
2877 3164 3004 3219 dum
3048 3161 3228 3216 futura
3261 3155 3427 3229 perti-

120 3273 360 3343 sequitur
417 3272 537 3341 ipse
572 3291 585 3326 :
615 3269 749 3326 Ecce
799 3286 933 3324 nunc
977 3280 1176 3339 tempus
1216 3267 1550 3337 acceptubile,
1605 3282 1718 3320 ecce
1747 3263 1790 3324 C
1826 3276 2139 3340 mescimus.
2177 3268 2462 3339 praesentia
2494 3267 2857 3334 corrigamus.

122 3382 251 3418 nunc
283 3366 394 3420 dies
423 3365 632 3420 solutis.
685 3363 844 3421 Unde
902 3373 955 3418 et
985 3379 1087 3432 ego
1124 3363 1384 3418 testiﬁcor
1433 3359 1588 3415 vobis
1622 3359 1720 3414 hos

119 3472 236 3516 esse
266 3459 386 3514 dies
428 3458 850 3530 redemptionis,
909 3459 1010 3511 hoc
1059 3470 1182 3512 ease
1216 3466 1429 3525 tempus
1478 3452 1723 3508 caelestis

119 3557 528 3623 quodammodo
583 3554 893 3619 medicinze,
943 3554 996 3607 in
1042 3568 1150 3624 quo
1204 3561 1452 3622 tempore
1483 3549 1722 3602 omnium

119 3650 370 3706 vitiorum
400 3661 716 3706 nostrorum
750 3649 928 3703 labem
963 3657 1017 3702 et
1056 3646 1308 3700 universa
1341 3644 1563 3697 vulnera
1597 3656 1721 3710 pec-

120 3755 362 3800 catorum
418 3759 623 3800 sanare
673 3742 978 3814 poterimus
1015 3783 1028 3806 ,
1085 3741 1128 3794 si
1191 3738 1462 3794 medicum
1515 3737 1727 3791 anima-

122 3853 234 3891 rnm
263 3846 588 3892 nostrarum
613 3835 845 3890 fideliter
873 3848 1185 3899 exoremus,
1213 3840 1272 3886 ut
1303 3839 1572 3902 praecepta
1607 3830 1727 3896 ejus

124 3941 406 4003 tamquam
435 3933 680 4002 suscepti
700 3929 882 3986 idonei
907 3925 1549 3996 minimedispernamus.
1577 3924 1728 3978 Tunc

122 4020 264 4082 enim
291 4028 598 4100 languidus
626 4025 972 4097 aagritudinis
994 4039 1107 4078 sum
1138 4020 1347 4076 invenit
1376 4019 1723 4086 medicinam,

122 4129 164 4179 si
200 4127 354 4181 omni
406 4123 785 4181 sollicitudine
815 4125 844 4166 b
876 4119 1073 4175 medici
1110 4123 1363 4172 mandata
1395 4115 1726 4180 servaverit;

122 4221 242 4289 quia
274 4223 321 4275 si
357 4220 512 4274 aliud
548 4218 749 4284 faciat,
777 4233 900 4272 cum
934 4215 1080 4272 aliud
1108 4214 1370 4286 jubetur,
1418 4212 1730 4266 increscen-

123 4325 171 4370 te
191 4316 392 4370 morbo
416 4331 529 4370 non
558 4312 830 4377 medicus,
849 4310 942 4366 sed
964 4310 1349 4380 praevaricator
1371 4306 1422 4360 in
1452 4305 1607 4378 culpa
1623 4312 1729 4358 est.

186 4409 242 4462 2.
274 4405 1102 4464 MedicusautemestDominus
1126 4413 1311 4458 noster
1349 4400 1510 4456 Jesus
1547 4398 1733 4454 Chris-

122 4517 230 4572 tus,
257 4507 352 4577 qui
379 4505 494 4560 ait:
520 4502 630 4577 Ego
643 4502 874 4558 occidam
899 4510 945 4554 et
963 4497 1567 4570 viui/icabo:percutiam
1588 4503 1734 4549 etsa-

123 4600 254 4654 nabo
287 4600 478 4672 (Deut.
515 4613 686 4664 χχιιι,
738 4595 852 4669 '59).
881 4594 1096 4650 Occidit
1146 4594 1288 4648 enim
1332 4588 1736 4662 quodammodo

1980 3369 2070 3426 Sic
2099 3381 2330 3434 namque
2358 3359 2582 3416 Paulum
2615 3355 2918 3428 apostolum
2966 3347 3322 3424 percutienda
3344 3359 3428 3398 sa-

1827 3482 1952 3522 num
1979 3461 2209 3518 reddidit
2233 3458 2369 3533 (Art.
2399 3473 2472 3523 ix,
2496 3456 2530 3510 3
2559 3463 2606 3508 et
2629 3447 2795 3524 seq.);
2825 3464 2947 3503 cum
2968 3446 3111 3501 enim
3132 3450 3280 3499 esset
3305 3455 3428 3512 per-

1827 3569 2065 3622 secutor,
2088 3554 2285 3625 impius
2311 3563 2360 3607 et
2393 3549 2762 3618 blasphemus,
2795 3550 2852 3598 et
2893 3540 3112 3612 quidem
3159 3537 3224 3591 ad
3257 3539 3427 3590 deva-

1828 3651 2048 3708 standas
2075 3647 2350 3704 Ecclesias
2387 3644 2706 3696 Damascum
2737 3639 3057 3707 properaret
3081 3672 3094 3695 ,
3122 3627 3301 3683 subito
3326 3625 3432 3680 ful-

1828 3749 1975 3822 goris
2001 3743 2237 3801 caelestis
2269 3757 2393 3796 eum
2429 3750 2637 3793 terrore
2688 3731 2977 3805 percussit,
3033 3737 3090 3781 ut
3135 3720 3437 3792 evangelici

1831 3841 2136 3914 Splendoris
2167 3853 2289 3890 cum
2320 3835 2438 3888 luce
2484 3828 2874 3901 perfunderet:
2909 3834 2966 3878 et
3022 3819 3317 3876 carnalium
3353 3817 3438 3871 lu-

1832 3913 2034 3992 minum
2058 3928 2224 4014 [ιιά
2248 3938 2265 3958 ε
2293 3925 2529 3982 orbitate
2546 3919 2846 3984 mulctavit,
2871 3929 2924 3970 ut
2950 3913 3276 3986 spiritalium
3304 3926 3439 3966 ocu-

1833 4034 2006 4087 lorum
2042 4007 2374 4083 illniuinaret
2421 4027 2646 4090 aspectu
2680 4033 2692 4068 :
2720 4011 2970 4083 corporis
2998 4026 3120 4064 eum
3155 4007 3437 4063 debilitate

1834 4124 2151 4197 perterruit,
2185 4132 2240 4174 ut
2276 4118 2398 4173 ﬁdei
2428 4113 2716 4170 devotione
2747 4111 3003 4164 salvaret.
3040 4108 3278 4174 Surgens
3305 4116 3438 4172 ergo

1833 4236 1862 4274 a
1897 4230 2036 4274 terra
2064 4215 2282 4278 Paulus,
2317 4207 2687 4266 exterioribus
2735 4203 2959 4276 quidem
3013 4199 3188 4255 oculis
3231 4213 3338 4252 non
3368 4194 3442 4250 vi-

1834 4313 1997 4370 debat
2047 4309 2315 4372 homines,
2359 4320 2464 4359 non
2496 4316 2680 4357 aerem
2715 4298 2853 4354 :sed
2897 4295 3096 4351 mentis
3146 4289 3444 4352 luminibus

1835 4406 2112 4463 Christum
2145 4400 2365 4456 videbat
2394 4413 2426 4453 e
2455 4395 2618 4454 coelo.
2646 4392 2887 4461 Denique
2914 4389 2966 4444 in
2999 4396 3210 4444 tantum
3236 4382 3442 4455 profuit

1837 4499 2052 4555 Domini
2086 4499 2185 4552 ista
2217 4491 2521 4564 percussio,
2558 4500 2613 4543 ut
2643 4487 2711 4542 de
2757 4484 2945 4542 Judmo
2982 4479 3339 4545 christianos,
3369 4475 3440 4536 de

1840 4595 2160 4666 blasphemo
2188 4588 2491 4660 apostolus,
2521 4586 2590 4639 de
2616 4582 2780 4639 Sanlo
2811 4581 3013 4638 i'anlns
3057 4576 3358 4638 existeret;
3389 4580 3448 4634 et

120 4711 422 4772 antequam
471 4698 710 4753 viviﬁcet
761 4696 1059 4763 Dominus;
1093 4693 1293 4749 occidit
1323 4694 1466 4749 enim
1499 4693 1737 4764 primum
1768 4667 1813 4726 Ῐ)
1842 4701 2108 4758 eousque
2139 4683 2371 4740 mutavit
2403 4687 2648 4738 veterem
2692 4689 2814 4732 cum
2845 4673 3092 4728 moribus
3144 4666 3445 4734 hominem,

121 4794 173 4850 in
235 4797 401 4852 nobis
457 4791 778 4857 homicidia,
831 4789 1122 4852 adulteria,
1166 4789 1400 4853 scelera,
1443 4785 1611 4851 furta,
1642 4801 1742 4856 per

123 4889 469 4960 baptismum
499 4906 512 4940 :
542 4895 598 4943 et
648 4887 728 4942 sic
785 4900 885 4941 nos
940 4895 1212 4952 tamquam
1263 4895 1440 4938 novos
1489 4878 1742 4938 homines

121 4984 462 5040 teternitatis
523 4979 932 5035 immortalitate
979 4975 1239 5032 viviﬁcat.
1293 4974 1556 5030 Morimur
1611 4986 1742 5043 ergo

122 5079 376 5149 peccatis
410 5074 680 5130 vidi-licet
726 5089 821 5143 per
863 5071 1136 5125 lavacrum
1165 5087 1176 5120 :
1205 5081 1596 5140 regeneramur
1644 5079 1744 5120 au-

124 5186 231 5231 tem
257 5175 392 5228 vitae
418 5187 522 5243 per
547 5170 838 5240 Spiritum,
865 5168 1010 5224 sicut
1046 5166 1124 5221 ait
1149 5175 1372 5220 sanctus
1402 5160 1734 5234 Apostolus:

125 5270 398 5336 Quoniam
453 5263 644 5321 mortui
675 5263 797 5318 estis
845 5261 1046 5315 delictis
1091 5259 1294 5326 vestris,
1350 5266 1398 5313 et
1424 5257 1525 5310 vita
1574 5265 1743 5310 vestra

122 5359 440 5415 abscondita
481 5364 555 5414 est
584 5371 700 5409 cum
727 5351 954 5410 Christo.
988 5351 1292 5420 Consepulti
1319 5351 1455 5405 enim
1479 5348 1602 5404 estis
1628 5362 1745 5404 cum

195 5508 221 5537 ⁸
267 5496 486 5552 Eadem
516 5493 679 5559 edit.,
711 5491 917 5546 Credite
947 5490 1242 5561 ﬁrmissime
1269 5486 1418 5550 mihi,
1452 5490 1658 5561 fratres,
1689 5489 1737 5561 et

123 5572 438 5628 nullatenus
484 5555 737 5630 dubitate,
781 5565 904 5631 quia
933 5555 998 5626 si,
1043 5572 1152 5616 etc.
1199 5560 1398 5616 lterum
1449 5558 1609 5622 infra,
1650 5555 1739 5612 sed

123 5647 255 5699 sicut
285 5642 370 5695 illi
405 5654 512 5691 non
541 5639 640 5690 nisi
669 5638 720 5690 in
747 5652 918 5698 sacco,
951 5644 1060 5689 etc.

199 5716 226 5756 ι)
255 5713 457 5770 (Iudex
487 5708 728 5765 Valliscl.
763 5708 1073 5764 medicinam
1100 5703 1277 5760 datam
1302 5701 1593 5757 servaverit.

203 5799 225 5826 ο
257 5787 417 5842 Idem
453 5781 649 5848 Codex,
682 5780 976 5847 viviﬁeatur
1003 5776 1132 5833 odor
1157 5777 1417 5834 uirtutum.

201 5859 228 5896 ά
263 5857 421 5914 Edit.
455 5857 764 5922 auferantur
792 5850 1096 5907 detestanda
1123 5848 1444 5922 ritia..._.lmc
1475 5847 1562 5916 pia
1592 5861 1743 5922 occa-

131 5933 279 5987 sione
309 5919 555 5981 Domini.
585 5925 650 5981 Et
672 5923 835 5995 infra,
862 5923 1033 5978 videas
1062 5937 1168 5992 eos,
1213 5920 1392 5977 credas
1417 5927 1622 5975 renatos
1652 5919 1746 5973 ho-

1840 4795 1896 4840 ut
1927 4783 2090 4838 etiam
2121 4785 2355 4834 mutaret
2386 4783 2441 4830 et
2475 4786 2697 4828 nomen.

1914 4878 1964 4934 6.
1999 4875 2272 4931 Habentes
2315 4871 2478 4940 igitur
2510 4861 2821 4933 huiusmodi
2860 4858 3154 4922 medicum,
3202 4853 3294 4925 qui
3319 4866 3442 4924 pcr—

1843 4971 2100 5026 cutiendo
2133 4975 2310 5029 sanat,
2361 4955 2745 5016 mortificando
2775 4954 3037 5018 viviﬁcat,
3070 4947 3367 5005 subdamur
3396 4941 3448 4998 ei

1846 5079 1968 5121 cum
1998 5059 2147 5117 omni
2179 5054 2438 5129 patientia
2471 5051 2536 5106 ad
2576 5047 2878 5105 curandum
2907 5063 2922 5113 ;
2961 5042 2973 5080 ί
3013 5055 3064 5098 ιιι
3097 5037 3360 5110 quidquid
3391 5035 3446 5090 in

1846 5155 2004 5218 nobis
2048 5126 2394 5224 probrosum,
2420 5142 2683 5218 quidquid
2715 5139 2930 5196 delictis
2961 5132 3266 5193 sordidum,
3297 5126 3453 5197 quid-

1849 5249 1977 5321 quid
2032 5244 2307 5300 nlceribus
2357 5238 2580 5294 fetidum
2632 5249 2753 5289 esse
2803 5223 3163 5302 perspexerit,
3218 5219 3449 5289 incidat,

1853 5312 2118 5412 amputet,
2162 5344 2410 5400 exsecct;
2464 5341 2520 5389 ut
2550 5328 2778 5385 resectis
2819 5321 3070 5379 omnibus
3098 5315 3300 5371 diaboli
3331 5312 3450 5367 vul-

1844 5496 2050 5608 "memiia
2075 5548 2246 5606 codex
2271 5543 2513 5600 Valliscl.
2543 5539 2677 5594 edit.
2729 5543 2911 5590 autem
2939 5539 3047 5585 vet.
3074 5529 3247 5608 urbem
3270 5535 3451 5608 muta-

1843 5627 1935 5689 vit,
1969 5603 2414 5677 iidniZorbitatem
2434 5612 2646 5668 mutavit
2673 5621 2900 5663 :onmcs
2930 5618 3104 5669 vero.,
3125 5603 3445 5657 illuminaret

1847 5705 2130 5767 aspectum.

2199 5761 2329 5816 edit.
2362 5766 2413 5811 ut
2465 5751 2716 5824 quidquid
2761 5747 3020 5824 ulceribus
3078 5747 3325 5817 fetidum;
3363 5744 3446 5798 in-

1853 5820 2118 5898 termedis
2145 5847 2274 5892 vero
2299 5847 2330 5886 e
2350 5820 2486 5884 cedi
2503 5822 2743 5880 Vailiscl.
2777 5820 3026 5879 restituta
3058 5826 3204 5876 sunt.
