3944 6310
544 257 658 316 659

544 470 646 527 Dei
677 480 784 527 est.
814 471 960 528 lstud
989 485 1170 529 autem
1197 481 1529 544 praeceptum
1551 472 1672 542 ejus
1700 481 1783 526 est
1807 471 2064 542 primum,
2094 479 2153 525 ut

551 563 642 622 his
671 566 1028 638 quadraginta
1068 567 1284 635 diebus,
1326 566 1575 639 jejuniis,
1633 565 1992 632 orationibus,
2022 564 2156 636 vigi-

543 657 638 715 liis
669 674 892 731 operam
949 660 1394 727 commodemus;
1447 659 1677 730 jejuniis
1733 659 1876 714 enim
1933 657 2152 712 lascivia

545 754 798 824 corporis
849 755 1173 826 castigatur,
1227 757 1576 812 orationibus
1625 755 1822 812 devota
1876 753 2154 826 saginatur

545 846 751 915 anima,
785 848 987 922 vigiliis
1036 850 1239 906 diaboli
1270 851 1481 906 insidia:
1524 849 1900 920 depelluntur.
1944 847 2154 904 Deinde

545 951 671 994 cum
725 939 843 996 istis
895 942 1280 1000 mandatorum
1333 943 1811 1001 observationibus
1858 941 2022 997 fuerit
2051 941 2153 996 hoc

544 1042 762 1106 tempus
793 1038 1104 1109 impletum,
1140 1049 1268 1094 tunc
1319 1049 1546 1110 purgata
1578 1046 1636 1094 et
1685 1037 1907 1108 fatigata
1953 1045 2030 1092 tot
2057 1035 2155 1091 ob-

540 1129 948 1186 servationibus
966 1131 1172 1197 anima,
1201 1131 1269 1186 ad
1285 1131 1613 1203 baptismum
1633 1132 1881 1198 veniens,
1912 1130 2154 1200 Spiritus

547 1221 725 1276 sancti
765 1222 1129 1280 inundatione
1161 1223 1404 1280 reﬁcitur
1437 1240 1452 1279 :
1487 1233 1543 1280 et
1587 1223 1851 1296 quidquid
1894 1222 1950 1278 in
1977 1237 2039 1278 ea
2071 1222 2154 1278 di-

539 1329 824 1372 versarum
846 1318 1238 1391 aegritudinum
1269 1320 1434 1376 ardor
1474 1320 1871 1385 exsiccaverat,
1904 1318 2152 1376 caelestis

540 1410 736 1481 gratite
765 1425 892 1467 rore
944 1411 1335 1481 perfunditur;
1378 1422 1435 1468 ut
1477 1413 1761 1485 deponens
1801 1413 2004 1468 veteris
2056 1411 2155 1466 bo-

541 1504 707 1559 minis
755 1506 1150 1577 corruptelam,
1205 1521 1362 1562 novre
1415 1506 1659 1563 indolem
1709 1506 2010 1579 iuventutis
2062 1520 2154 1561 ac-

544 1597 746 1668 quirat.
793 1599 858 1654 Et
897 1599 1095 1655 mirum
1128 1601 1182 1656 in
1211 1601 1432 1657 modum
1470 1602 1525 1656 in
1572 1616 1681 1657 uno
1706 1601 2012 1673 eodemque
2053 1600 2151 1656 lto-

541 1692 692 1747 mine
736 1692 954 1749 delictis
984 1696 1274 1763 sanctitas,
1308 1695 1586 1766 iniquitati
1607 1696 1854 1767 justitia,
1880 1697 2151 1751 senectuti

1492 259 1584 315 AD
1619 256 1849 316 OPERA
1886 251 2130 314 SANCTI
2168 252 2492 314 AMBROSII
2528 257 2892 320 APPENDIX.
3691 270 3766 327 640

548 376 797 446 neribus,
829 377 934 434 boc
960 378 1152 448 solumj
1184 378 1237 434 in
1294 379 1450 436 nobis
1477 377 1641 434 faciat
1666 391 1976 445 remanere,
2005 375 2148 446 quod
2177 376 2232 436 Α

2325 392 2480 432 serm.
2533 380 2606 436 59
2653 391 2702 436 et
2750 382 2841 448 41,
2870 399 2996 454 quos
3035 385 3333 459 rejecimus,
3385 393 3438 440 ut
3475 402 3552 440 eos
3589 389 3766 460 ejusdem

2325 470 2555 526 auctoris
2581 489 2691 527 esse
2720 490 2813 528 nos
2863 476 3171 546 persuaderi
3221 477 3361 531 haud
3384 492 3504 549 agre
3545 479 3766 547 patiantur.

2329 560 2452 615 Non
2479 574 2551 619 est
2579 575 2750 620 autem
2777 583 2867 622 cur
2889 569 3152 624 existimes
3193 570 3621 640 quadragesimum
3664 573 3768 638 illic,

2329 653 2416 708 ubi
2437 658 2804 728 pronuntiatus
2829 669 2926 726 est,
2967 661 3040 716 42
3057 663 3289 735 jejunio,
3313 679 3400 717 seu
3427 672 3601 732 septem
3624 663 3772 720 hebdo-

2327 750 2506 804 madas
2525 753 2798 821 complecti
2821 756 3062 820 solitam;
3089 773 3190 810 non
3233 758 3372 810 enim
3399 757 3495 811 alio
3519 759 3670 823 modo,
3693 776 3775 830 qua

2327 844 2410 898 hic
2440 846 2684 900 dicuntur
2727 848 2790 903 de
2818 848 2888 904 42
2922 850 3296 916 mansionibus,
3325 851 3637 922 intelligenda
3655 865 3775 919 sunt,

2325 955 2480 1010 quam
2528 942 2826 997 earumdem
2893 945 3223 1000 mansionum
3270 963 3302 998 a
3340 944 3577 1017 Gregorio
3633 945 3777 1018 Magno

2327 1030 2476 1086 ltom.
2510 1032 2578 1088 16
2607 1033 2658 1088 ἰιι
2689 1034 2941 1106 Evangil.
2969 1037 3100 1090 inita
3120 1038 3438 1108 comparatio
3465 1054 3572 1092 cum
3603 1038 3781 1105 Quadra-

2323 1126 2544 1196 gesima;
2569 1125 2655 1179 ubi
2680 1136 2850 1182 tamen
2869 1129 3060 1184 diserte
3088 1129 3252 1184 tradit
3279 1134 3614 1184 tantummodo
3630 1132 3686 1188 56
3702 1134 3777 1188 dies

2316 1217 2515 1289 jejunii
2555 1228 2706 1274 (etate
2733 1236 2827 1273 sua
2881 1221 3044 1292 fuisse
3077 1221 3397 1277 observatos.

2328 1312 2381 1365 1.
2422 1311 2638 1368 Sanctae
2665 1314 3106 1385 quadragesima:
3152 1318 3447 1380 rationem,
3489 1317 3630 1388 cujus
3662 1317 3779 1376 hodie

2254 1404 2470 1461 initium
2525 1407 2891 1477 celebramus,
2943 1409 3264 1483 frequenter
3309 1412 3673 1470 edidimnszet
3713 1431 3779 1470 cur

2256 1507 2533 1554 tantorum
2577 1501 2790 1556 dierum
2822 1519 3051 1558 numero
3099 1505 3433 1575 jejunemus,
3476 1521 3610 1578 smpe
3643 1507 3779 1563 docui-

2253 1607 2393 1648 mus.
2419 1593 2666 1648 Diximus
2694 1595 2839 1651 enim
2885 1597 3030 1667 quod
3084 1597 3353 1653 Dominus
3400 1598 3550 1654 Jesus
3592 1599 3779 1656 Christus

2253 1683 2398 1740 bunc
2424 1685 2675 1741 eumdem
2709 1703 2994 1742 numerum
3036 1691 3228 1759 jejunii
3256 1692 3601 1758 consecrarit,
3621 1701 3666 1747 et
3688 1708 3778 1748 coa-

539 1783 793 1840 succedit
824 1784 1053 1841 infantia
1087 1805 1099 1840 :
1131 1801 1382 1858 novoque.
1426 1786 1725 1843 nativitatis
1777 1803 1983 1858 genere
2009 1788 2147 1844 alter

2254 1778 2476 1834 tiuuatis
2530 1779 2725 1836 diebus
2771 1782 3132 1854 nontibusque
3184 1801 3294 1840 non
3343 1786 3555 1856 capiens
3612 1787 3776 1852 cibum,

537 1885 642 1942 est,
676 1877 764 1947 qui
797 1879 1140 1948 renascitur;
1171 1894 1334 1950 quam
1364 1882 1482 1952 ipse
1509 1882 1612 1948 sit,
1647 1882 1737 1952 qui
1769 1881 2036 1952 peccavit.

615 1969 671 2023 7.
711 1967 804 2024 Sic
832 1985 1069 2042 namque
1121 1971 1268 2027 Elias
1295 1973 1654 2045 quadraginta
1683 1973 1896 2030 dierum
1924 1988 1988 2029 ac
2013 1988 2148 2029 noc-

537 2061 676 2118 tium
702 2065 982 2120 curriculo
1011 2067 1330 2122 continuato
1349 2067 1583 2138 jejunio,
1612 2069 1779 2123 totius
1806 2067 1993 2123 mundi
2029 2068 2150 2123 lon-

539 2169 665 2227 gam
719 2172 783 2212 ac
837 2158 1062 2213 nimiam
1119 2161 1424 2216 siccitatem
1469 2163 1669 2217 meruit
1711 2161 1966 2217 imbrium
2025 2177 2149 2217 rore

535 2249 909 2320 restinguere,
963 2261 1022 2308 et
1047 2251 1329 2310 ardentem
1381 2263 1651 2309 terrarum
1705 2255 1855 2310 sitim
1905 2256 2150 2310 caelestis

537 2341 744 2413 pluvia:
798 2344 1051 2416 largitate
1080 2349 1410 2418 perfundere
1438 2349 1528 2422 (lll
1560 2350 1694 2421 Reg.
1745 2365 1860 2417 XIX,
1886 2349 1963 2420 8).
1993 2349 2149 2417 Quod

539 2433 758 2507 quidem
793 2437 847 2492 in
876 2437 1102 2510 ﬁguram
1144 2442 1316 2497 nostri
1359 2441 1560 2497 factum
1592 2457 1716 2498 esse
1739 2442 2146 2513 cognoscimus,

537 2538 600 2585 ut
629 2545 728 2586 nos
767 2547 984 2604 quoque
1009 2535 1202 2591 borum
1234 2537 1592 2608 quadraginta
1624 2539 1902 2593 curriculo
1930 2537 2146 2593 dierum

533 2620 850 2692 jejunantes
871 2666 886 2690 ,
918 2627 1220 2696 spiritalem
1265 2629 1606 2700 baptismatis
1633 2639 1659 2666 ει
1685 2630 1921 2701 pluviam
1972 2631 2148 2687 tribu-

535 2713 639 2770 bus
673 2717 876 2770 nostris
906 2733 1217 2775 mereamur
1239 2763 1254 2787 ,
1315 2732 1668 2793 noStramque
1690 2723 1903 2794 jamdiu
1934 2724 2145 2780 aridam

542 2813 750 2860 terram
782 2809 1027 2865 caelestis
1054 2811 1294 2884 desuper
1327 2815 1503 2869 imber
1536 2815 1823 2882 infundat,
1849 2826 1906 2871 et
1931 2819 2147 2888 longam

541 2900 833 2969 gentilium
866 2904 1175 2960 siccitatem
1198 2907 1396 2962 lavacri
1423 2907 1706 2963 inundatio
1720 2909 1979 2964 salutaris
2008 2912 2144 2964 irro-

539 3003 646 3050 ret.
672 2995 988 3054 Siccitatem
1013 3001 1158 3055 enim
1185 3010 1238 3056 et
1261 3001 1516 3057 ardorem
1559 3002 1754 3057 animae
1783 3019 1893 3058 sua-
1921 3003 2145 3074 patitur,

541 3089 792 3160 quisquis
816 3090 1071 3162 baptismi
1106 3095 1281 3164 gratia
1311 3110 1420 3150 non
1448 3098 1676 3165 rigatur.

2247 1886 2416 1926 unum
2454 1871 2647 1942 jejunii
2697 1888 2896 1944 corpus
2944 1874 3188 1930 effecerit
3221 1894 3234 1930 :
3267 1877 3372 1932 boc
3418 1890 3528 1946 εει,
3577 1879 3683 1935 licet
3704 1880 3777 1934 diei

2245 1964 2384 2018 ordo
2407 1966 2583 2019 noctis
2605 1965 3097 2037 interrumperetur
3122 1968 3384 2034 adventu,
3427 1985 3530 2024 non
3555 1980 3705 2026 tamen
3721 1975 3775 2025 in-

2250 2064 2526 2129 terruptus
2556 2067 2643 2114 est
2684 2060 2820 2114 ordo
2843 2059 3061 2130 jejunii.
3110 2061 3269 2117 Unde
3293 2071 3448 2119 erant
3487 2064 3620 2134 apud
3653 2065 3773 2120 Deum

2248 2151 2401 2222 plura
2432 2152 2651 2221 quidem
2679 2162 2984 2224 temporum
3021 2158 3315 2221 curricula,
3367 2159 3460 2214 sed
3503 2159 3776 2215 abstinentia

2248 2243 2366 2300 dies
2399 2247 2817 2303 una:osteudit
2876 2248 3033 2304 nobis
3079 2252 3154 2304 ita
3207 2265 3310 2307 nos
3362 2251 3501 2307 hunc
3557 2269 3775 2309 numerum

2250 2339 2518 2409 integrum
2553 2340 2804 2410 jt-junare
2825 2341 3074 2407 debere;
3125 2345 3330 2415 utqnia
3371 2355 3529 2401 lotam
3550 2346 3780 2418 quadrage-

2249 2431 2444 2486 simam
2473 2432 2768 2502 complemi
2800 2449 2909 2489 non
2960 2450 3256 2507 possumus
3295 2437 3470 2493 solido
3496 2449 3550 2494 et
3573 2454 3663 2495 uno
3682 2439 3777 2510 jeju-

2251 2526 2362 2593 nio,
2396 2527 2479 2582 vel
2509 2527 2847 2598 quotidianis
2881 2529 3129 2585 eamdem
3159 2531 3281 2586 sine
3336 2532 3701 2589 intermissione
3724 2535 3777 2603 je-

2244 2618 2414 2690 juniis
2444 2621 2818 2689 celebremus;
2865 2632 2923 2678 ut
2965 2622 3013 2678 si
3040 2625 3328 2696 quisquam
3359 2641 3518 2682 unam
3545 2627 3777 2697 diemjeju-

2252 2713 2431 2768 nando
2460 2715 2896 2785 praetermiserit,
2949 2725 3116 2771 totam
3169 2719 3626 2790 quadragesimam
3659 2719 3777 2774 viola-

2253 2807 2348 2872 rit,
2381 2818 2437 2863 et
2473 2820 2699 2880 propter
2729 2811 2929 2867 modici
2968 2813 3240 2882 temporis
3273 2813 3474 2880 cibum,
3519 2814 3676 2885 magni
3702 2813 3778 2868 fru-

2251 2909 2396 2957 ctum
2417 2902 2621 2958 laboris
2649 2906 2921 2961 amiserit.

2323 2993 2378 3048 2.
2405 2993 2511 3050 Sed
2537 2995 2678 3050 dicet
2701 2997 2898 3068 aliquis
2930 3017 2942 3052 :
2973 2999 3419 3071 Quadragesimze
3443 2999 3694 3072 aliquoties
3714 3013 3775 3053 ac-

2250 3089 2500 3158 cepimus
2529 3092 2818 3159 rationem,
2867 3102 2922 3149 et
2952 3109 3070 3149 eam
3125 3106 3501 3151 consecratam
3544 3096 3776 3161 aﬁomino

619 3180 672 3235 8.
719 3181 921 3237 llorum
951 3198 1083 3253 ergo
1119 3184 1334 3240 dierum
1366 3189 1720 3258 noctiumque
1755 3187 1969 3259 jejunio
1999 3189 2145 3263 May.
2174 3175 2222 3239 C
2255 3181 2569 3251 frequenter
2595 3182 2900 3239 audivimus
2931 3202 2944 3238 :
2974 3187 3068 3241 sed
3092 3201 3190 3242 cur
3210 3187 3401 3243 eadem
3431 3187 3771 3260 quadragesima

546 3291 639 3332 ses
663 3288 892 3334 sanctus
922 3282 1121 3335 meruit
1149 3296 1270 3336 cum
1295 3283 1409 3337 Deo
1433 3282 1601 3353 loqui,
1626 3293 1798 3352 stare,
1821 3285 2146 3352 consistere,

545 3383 601 3427 et
633 3371 702 3427 de
732 3387 895 3428 manu
931 3374 1050 3444 ejus
1093 3375 1250 3446 Legis
1306 3388 1576 3446 prrecepta
1620 3379 1927 3450 suscipere?
1948 3379 2146 3452 (Exod.

546 3482 694 3536 xxrv,
748 3466 861 3540 18).
912 3468 1173 3536 Quamvis
1214 3471 1359 3526 enim
1407 3471 1558 3526 illum
1606 3472 1674 3527 ab
1728 3473 2008 3531 obtutibus
2037 3475 2150 3543 ,Dci

537 3559 1029 3617 conditioltumana
1049 3561 1749 3632 subtralteret,jejuniorum
1775 3573 1954 3621 tamen
1977 3569 2148 3638 gratia

546 3655 856 3727 proximum
889 3654 1041 3710 illum
1073 3655 1374 3712 divinitatis
1415 3658 1694 3712 consortio
1743 3657 2004 3726 faciebat;
2037 3659 2152 3716 haec

544 3747 690 3801 enim
718 3746 773 3802 in
810 3748 973 3803 nobis
987 3749 1252 3804 virtutum
1283 3751 1466 3818 portio
1495 3750 1590 3805 Dei
1615 3761 1723 3815 est,
1755 3760 1814 3806 ut
1840 3752 2152 3822 jejunemus

542 3837 884 3910 frequenter,
934 3841 1189 3911 quoniam
1230 3857 1448 3913 seraper
1499 3843 1644 3899 Deus
1668 3845 1785 3913 ipse
1825 3845 2063 3916 jejunat.
2094 3847 2150 3902 ln

543 3945 890 4003 quocumque
919 3932 1086 4003 igitur
1113 3933 1236 4004 plus
1276 3949 1507 4004 opermn
1540 3951 1766 3992 suorum
1799 3937 1982 3993 inesse
2021 3953 2150 4008 per-

545 4024 812 4093 Spexerit,
845 4026 944 4095 ipsi
961 4028 1135 4097 magis
1156 4027 1468 4095 familiaris,
1496 4029 1721 4085 intimus
1734 4040 1788 4085 et
1813 4033 2023 4087 atnicus
2047 4042 2148 4098 est,

545 4115 689 4170 sicut
741 4114 1024 4185 Scriptura
1056 4117 1192 4174 dicit
1243 4119 1358 4174 :Et
1418 4121 1628 4194 Moyses
1681 4122 1990 4194 loquebatur
2035 4143 2152 4181 cum

547 4207 659 4262 Deo
689 4209 823 4280 faeie
845 4211 914 4264 ad
953 4213 1160 4282 faciem,
1205 4216 1338 4269 sicut
1386 4217 1504 4286 quis
1552 4216 1780 4288 loquitur
1825 4234 1940 4272 cum
1984 4220 2151 4274 amico

547 4315 645 4354 suo
667 4298 866 4370 (Exod.
901 4319 1092 4370 χχχιιι,
1127 4307 1242 4377 H).

625 4394 683 4450 9.
726 4394 888 4452 Unde
915 4408 970 4453 et
1003 4398 1262 4456 Dominus
1307 4401 1467 4458 Jesus
1514 4401 1766 4461 Christus
1796 4408 2154 4462 resurrectio-

549 4485 637 4542 nis
656 4487 884 4558 gloriam
924 4501 1304 4564 percepturus,
1362 4495 1589 4552 virtutes
1633 4512 1762 4554 suas
1791 4500 2148 4571 quadraginta

2253 3275 2610 3345 quadraginta
2638 3285 2692 3332 et
2721 3278 2858 3334 duos
2883 3280 3168 3336 contineat
3192 3280 3311 3337 dies
3337 3281 3522 3337 audire
3555 3282 3770 3352 gestimus.

2251 3364 2508 3436 Legimus
2536 3367 2592 3422 in
2619 3371 2790 3425 veteri
2819 3369 3171 3427 Testamento
3193 3415 3207 3439 ,
3238 3388 3364 3428 cum
3393 3383 3598 3428 sanctus
3624 3373 3776 3444 Moyses

2253 3456 2392 3513 ﬁlios
2418 3458 2584 3516 Israel
2607 3460 2674 3515 de
2699 3462 2829 3532 jugo
2864 3462 3133 3535 Egyptize
3160 3466 3487 3534 captivitatis
3512 3475 3713 3528 erueret,
3735 3474 3774 3517 ut

2254 3549 2307 3604 in
2342 3561 2544 3607 terram
2575 3568 2676 3609 eos
2727 3557 3174 3626 repromissionis
3223 3558 3531 3626 induceret,
3561 3570 3579 3596 ε
3604 3557 3777 3629 quadra-

2254 3644 2398 3714 ginta
2428 3657 2486 3702 et
2532 3647 2762 3703 duorum
2819 3649 3030 3705 dierum
3074 3667 3202 3707 eum
3246 3652 3316 3708 ad
3352 3662 3775 3709 memoratamter-

2257 3753 2372 3792 ram
2404 3741 2779 3797 mansionibus
2805 3744 3119 3810 pervenisse
3145 3742 3331 3816 (Num.
3363 3748 3578 3813 xxxnt,l
3602 3757 3645 3801 et
3667 3743 3773 3813 res);

2255 3839 2518 3904 tantoque
2541 3833 2690 3888 illum
2727 3844 3034 3906 temporum
3065 3854 3294 3894 numero
3321 3840 3543 3910 potitum
3565 3853 3670 3894 esse
3688 3850 3775 3907 pro-

2255 3925 2694 3996 missis,quanto
2744 3938 2799 3983 et
2842 3944 2942 3984 nos
2992 3932 3278 4002 promissis
3323 3932 3477 3987 nobis
3504 3947 3533 3986 a
3561 3931 3777 3987 Salvatore

2258 4017 2465 4087 perfrui
2508 4021 2866 4089 gratulamur.
2910 4021 3138 4092 Eodem,
3173 4025 3416 4096 inquam,
3444 4040 3648 4081 numero
3677 4022 3777 4092 Ποῖ-

2258 4125 2349 4167 ses
2375 4128 2471 4183 per
2500 4115 2816 4172 man~iones
2846 4119 3101 4187 pervenit
3137 4119 3205 4173 ad
3239 4123 3478 4191 requiem
3497 4163 3511 4187 ,
3539 4135 3632 4192 quo
3649 4130 3690 4174 et
3711 4132 3776 4172 nos

2259 4220 2355 4275 per
2406 4207 2612 4277 jejunia
2668 4224 3029 4279 properamus
3073 4210 3140 4267 ad
3187 4212 3416 4281 casiam;
3457 4213 3641 4285 jejunia
3677 4211 3776 4267 enim

2256 4310 2444 4356 nostra
2474 4305 2786 4360 mansiones
2810 4304 3058 4376 quaedam
3089 4315 3214 4362 sunt
3234 4349 3250 4375 ,
3283 4323 3382 4380 per
3411 4325 3529 4380 qua:
3557 4309 3647 4364 iter
3664 4306 3776 4378 spiri-

2255 4397 2444 4455 taliter
2497 4398 2782 4469 facientes,
2825 4401 3020 4458 animae
3070 4403 3366 4460 virtutibus
3406 4404 3720 4466 ambulamus,
3741 4410 3776 4455 et

2255 4489 2453 4547 diurno
2483 4493 2732 4564 profectu
2759 4496 3109 4564 repromissa:
3138 4496 3296 4552 nobis
3348 4505 3508 4554 terra:
3552 4497 3776 4554 viciniores

549 4577 762 4634 dierum
793 4583 1145 4654 noctiumque
1161 4585 1374 4657 jejunio
1398 4587 1674 4644 dedicavit
1695 4589 1914 4660 (Matth.
1949 4607 2030 4657 tv,
2057 4592 2143 4664 2);
2177 4574 2232 4636 Β
2255 4586 2561 4651 efﬁcimur;
2604 4587 2675 4642 ita
2702 4596 2761 4643 ut
2780 4588 2944 4645 citius
2976 4591 3275 4660 perveniat,
3301 4592 3391 4662 qtti
3437 4593 3661 4648 devotius
3681 4588 3776 4659 jeju-

551 4683 610 4729 nt
635 4674 953 4733 ostenderet
979 4694 1086 4734 non
1129 4695 1326 4750 panem
1354 4696 1478 4738 esse
1503 4683 1670 4738 vitam
1700 4682 2004 4751 hominum,
2051 4687 2145 4742 sed

554 4766 648 4823 Dei
673 4769 919 4824 verbum.
946 4769 1040 4826 His
1070 4771 1252 4844 itaque
1292 4774 1503 4831 dierum
1549 4775 1903 4849 quadraginta
1928 4778 2147 4849 jejuniis

550 4865 935 4921 reconciliatur
978 4867 1143 4935 Deus,
1176 4870 1497 4938 aperiuntur
1540 4871 1699 4938 coeli,
1753 4871 1965 4928 inferna
1995 4889 2144 4930 rese-

550 4968 760 5014 rantur.
794 4957 961 5030 igitur
983 4971 1039 5017 et
1071 4976 1192 5029 nos,
1229 4963 1422 5019 fratres
1446 4964 1811 5033 dilectissimi,
1837 4966 2147 5037 jejunemus

547 5053 810 5108 continue
860 5062 916 5109 et
957 5053 1152 5110 devote
1191 5055 1297 5111 hoc
1339 5057 1516 5126 spatio
1547 5057 1933 5128 temporis;ut
1967 5061 2148 5130 prepi-

549 5144 714 5200 tietur
738 5146 897 5201 nobis
929 5146 1192 5203 Dominus
1221 5166 1234 5202 :
1265 5159 1490 5218 pateant
1529 5149 1690 5207 nobis
1711 5150 1860 5218 coeli,
1888 5149 1915 5188 ἱ)
1941 5151 2150 5208 inferna

549 5252 656 5293 non
681 5239 900 5295 valeant
923 5242 1183 5297 retinere.
1343 5298 1345 5301 .

1034 5332 1198 5406 415
1244 5333 1477 5390 suane
1514 5334 1661 5390 XIX.

915 5425 994 5481 De
1022 5438 1212 5483 sancta
1239 5427 1666 5500 Quadragesima
1695 5429 1783 5485 Ill.

551 5512 740 5570 Statim
762 5517 824 5572 ab
850 5519 1001 5574 initio
1029 5535 1144 5574 eam
1171 5521 1470 5592 afﬁnitatem
1496 5523 1697 5579 exhibet
1728 5521 1812 5577 hic
1840 5539 2005 5578 sermo
2033 5541 2150 5579 cum

622 5652 834 5732 fliom.
863 5655 994 5732 edit.
1024 5666 1146 5726 post
1167 5671 1359 5716 vocem
1405 5661 1635 5732 pluviam
1664 5669 2026 5728 resccaverat,
2052 5662 2144 5715 tri-

550 5723 711 5790 bubus
751 5726 962 5780 nostris.

627 5792 652 5833 ιι
676 5793 796 5852 Vet.
840 5795 974 5853 edit.
1023 5797 1227 5866 inferna
1264 5808 1442 5855 contra
1479 5800 1575 5858 nos
1599 5818 1704 5858 mm
1749 5803 1951 5858 ualeant
1980 5818 1998 5858 τ
2023 5797 2144 5860 cod.

2257 4683 2418 4737 narit.
2470 4681 2641 4738 Pedes
2688 4684 2832 4738 enim
2899 4684 3121 4755 quidam
3180 4687 3378 4743 animae
3425 4689 3651 4758 pernices
3689 4691 3777 4739 sunt

2258 4773 2392 4829 ﬁdes
2414 4784 2577 4846 atque
2617 4775 2905 4845 jejunium,
2955 4777 3049 4849 qui
3085 4779 3196 4833 cito
3243 4778 3313 4836 de
3356 4780 3630 4836 humilibus
3653 4776 3703 4832 ad
3725 4776 3777 4830 al-

2258 4867 2395 4923 tiora
2419 4869 2816 4934 conscendunt,
2850 4869 2958 4925 cito
2988 4869 3055 4925 de
3090 4873 3326 4928 terrenis
3365 4874 3430 4928 ad
3464 4873 3674 4930 cmlestia
3693 4883 3778 4940 grt-

2256 4959 2500 5015 diuntur.
2557 4961 2634 5015 De
2674 4960 2758 5016 bis
2809 4961 3042 5032 pedibus
3087 4962 3226 5018 dixit
3289 4966 3577 5035 Apostolus
3620 4962 3776 5030 τοιαῦτα

2255 5055 2477 5122 speciosi
2520 5055 2675 5126 pedes
2721 5057 3182 5129 euangelizantium
3230 5075 3442 5128 pacem,
3493 5058 3776 5131 euangelizan-

2255 5148 2384 5202 tinm
2415 5148 2547 5201 bona
2579 5147 2756 5218 (Rom.
2788 5163 2843 5211 x,
2879 5146 2993 5220 15)!
3031 5148 3139 5203 Hos
3170 5151 3339 5218 pedes
3387 5152 3548 5207 lavari
3585 5145 3775 5221 prmeepil

2256 5240 2540 5303 Dominus,
2573 5240 2714 5293 sicut
2737 5239 3034 5308 Apostolus
3049 5240 3210 5295 aitde
3238 5241 3398 5298 vidua
3429 5263 3442 5298 :
3467 5243 3527 5298 Si
3548 5250 3774 5298 sanctorum

2256 5335 2409 5404 pedes
2444 5333 2568 5386 lauit
2603 5331 2644 5403 (I
2676 5331 2815 5386 Tim.
2848 5347 2913 5400 v,
2941 5331 3053 5403 16).
3090 5333 3248 5405 Digni
3281 5337 3426 5392 enim
3455 5335 3640 5391 honore
3658 5344 3775 5386 evan-

2255 5424 2606 5497 gelizantium
2638 5437 2826 5493 pacem
2864 5422 3032 5491 pedes
3059 5433 3205 5488 sunt,
3247 5427 3337 5491 qui
3361 5426 3619 5496 spiritales
3643 5436 3693 5476 ac
3716 5419 3774 5472 ni—

2259 5521 2358 5578 tidi
2397 5519 2645 5577 doctrina
2682 5520 2764 5574 sui
2797 5533 2966 5590 super
2987 5519 3264 5577 hominum
3311 5523 3472 5578 corda
3499 5521 3770 5593 gradiuntur.

2248 5656 2685 5734 tgugdvinferna
2717 5674 2822 5714 non
2857 5659 3062 5734 valeant
3080 5676 3101 5726 ;
3132 5659 3290 5717 Rom.
3336 5661 3466 5718 edit.
3497 5659 3771 5734 praestatur;

2250 5730 2491 5788 Valliscl.
2518 5730 2722 5798 codex,
2754 5743 2814 5786 ut
2834 5745 2933 5787 nos
2957 5732 3011 5786 in
3030 5741 3202 5787 textu.

2327 5813 2348 5838 ο
2384 5801 2538 5855 Hom.
2574 5802 2706 5856 edit.
2732 5801 2869 5868 sola,
2894 5804 3237 5872 quadraginta
3262 5811 3310 5860 et
3340 5804 3549 5861 duorum
3577 5802 3763 5858 totarum.
