3944 6310
109 316 189 372 (ill
897 304 1263 368 SERMONES
1301 307 1360 366 S.
1408 300 1756 364 AMBROSID
1797 299 2167 366 HACTENUS
2206 308 2541 369 ASCRIPTI.

164 433 209 486 ὅ.
248 428 610 500 Quadraginta
643 428 807 484 etiam
852 437 908 485 et
960 428 1190 485 duorum
1247 439 1512 482 annorum
1566 438 1668 476 uu-
1698 440 1750 501 Α

103 539 234 580 mero
273 522 434 578 Israel
485 521 717 593 populus
763 523 1010 593 pervenit
1038 521 1106 577 ad
1155 521 1354 578 ﬂuenta
1385 516 1664 578 Iordanis,

99 617 266 674 eodem
291 631 504 687 quoque
529 615 744 672 dierum
772 616 1044 673 curriculo
1075 613 1413 670 christianus
1441 609 1673 682 populus

99 710 326 782 pervenit
377 708 442 764 ad
496 709 698 766 ﬂuenta
753 709 1121 780 baptismatis.
1152 708 1221 764 Et
1249 706 1392 762 sicut
1428 706 1504 761 ait
1536 704 1671 760 Pro-

102 807 241 876 pheta
271 822 285 860 :
311 803 560 860 Iordanis
579 821 858 860 conversus
885 813 960 861 est
989 814 1272 860 retrorsum
1307 799 1483 874 (Psal.
1515 812 1670 867 eam,

97 907 145 978 3)
176 928 189 963 :
218 905 322 962 illic
364 906 674 963 introeunte
705 906 876 963 Israel
927 906 981 961 in
1022 919 1192 976 aquas
1217 902 1478 969 ﬂuminis,
1526 899 1674 957 unda

97 1000 424 1072 subterfugit,
460 1001 548 1056 hic
579 1001 947 1059 descendente
979 1002 1030 1057 in
1081 1004 1290 1057 fontem
1349 997 1671 1063 christiano,

98 1104 360 1161 criminum
393 1111 615 1175 peccata
645 1103 953 1175 diﬂ'ugiunt.
1009 1103 1076 1159 Et
1104 1102 1302 1158 mirum
1357 1101 1409 1155 in
1453 1097 1672 1155 modum

96 1205 191 1260 illic
217 1213 510 1260 retrorsum
539 1218 842 1261 conversus
873 1203 1070 1259 ﬂuvius
1121 1203 1174 1258 in
1223 1200 1487 1272 originem
1518 1213 1672 1256 suam

97 1299 363 1356 revertitur
405 1317 419 1353 :
451 1299 539 1355 hic
562 1300 614 1354 in
643 1307 920 1370 posterum
952 1305 1242 1354 revocatus
1284 1294 1448 1350 homo
1479 1294 1532 1350 in
1564 1293 1674 1349 ori-

95 1402 218 1472 ginis
239 1400 645 1456 succinfantiam
666 1399 1060 1471 reparatur.Ibi
1077 1397 1280 1454 fontem
1301 1393 1552 1463 suum,dc
1566 1407 1675 1465 quo

101 1521 294 1578 egressa
322 1503 518 1572 fuerat,
557 1503 698 1560 unda
724 1503 994 1576 perquirit
1023 1518 1036 1557 :
1069 1501 1158 1557 hic
1184 1499 1460 1556 hominem
1491 1513 1672 1556 suum.

97 1617 119 1652 a
143 1615 239 1670 qua
276 1599 484 1654 exierat
512 1597 858 1671 innocentia,
894 1593 1271 1666 recognoscit:
1305 1593 1375 1649 ibi
1424 1590 1674 1647 exinani-

99 1709 171 1755 tur
193 1701 371 1756 alveus
407 1698 685 1766 ﬂuctibus,
741 1698 829 1753 hic
857 1704 1192 1753 evacuantur
1233 1691 1401 1749 corda
1428 1689 1676 1747 crimini-

97 1795 220 1860 bus;
251 1796 317 1850 ita
347 1804 406 1849 ut
433 1809 624 1850 servos
673 1793 769 1848 Dei
822 1792 937 1848 illic
985 1806 1125 1861 aqua
1155 1802 1384 1846 caenosa
1420 1801 1526 1842 non
1561 1800 1670 1840 ma-

95 1887 244 1954 didet,
271 1887 355 1943 hic
381 1886 617 1942 famulos
641 1885 735 1941 Dei
767 1885 1106 1941 conscientia
1141 1891 1280 1940 tetra
1311 1897 1418 1939 non
1448 1879 1676 1951 polluat.

96 1981 324 2038 Jordauis
373 1981 522 2036 enim
567 1978 790 2051 quidam
839 1987 924 2036 est
949 1977 1072 2033 fons
1107 1975 1334 2042 lavacri,
1391 1989 1488 2046 per
1516 1987 1677 2046 quem

98 2075 176 2147 qui
226 2072 518 2139 transierit,
555 2072 765 2128 relictis
803 2070 1084 2138 sordibus,
1125 2067 1440 2142 paradisum
1481 2080 1676 2138 repro-

99 2168 352 2224 missionis
391 2165 716 2238 ingreditur.

158 2261 206 2314 l.
249 2261 302 2316 ln
352 2260 456 2315 hoc
501 2273 634 2330 ergo
672 2257 1109 2330 quadragenario
1152 2266 1206 2314 et
1252 2255 1397 2312 duali
1448 2267 1678 2311 numero

97 2353 238 2409 Israel
283 2352 514 2424 populus
565 2352 880 2424 relinquens
939 2350 1259 2424 Egyptum,
1311 2349 1480 2404 Rubri
1512 2346 1680 2403 maris

97 2455 278 2512 ﬂuenta
293 2455 665 2512 transcendit:
691 2463 747 2512 et
769 2470 869 2511 nos
890 2469 1108 2525 quoque
1132 2454 1185 2508 in
1215 2453 1332 2524 ipso
1349 2466 1579 2507 numero
1594 2465 1680 2506 re-

98 2549 387 2620 linquentes
454 2547 641 2604 mundi
707 2546 1044 2618 (Egyptum,
1104 2545 1371 2617 gehenna:
1438 2543 1681 2598 ardentis

97 2652 265 2713 stagna
292 2641 587 2697 transimus
620 2656 635 2701 ;
666 2639 790 2695 illos
838 2639 892 2695 in
924 2637 1180 2694 ﬂuetibus
1212 2637 1354 2692 unda
1383 2643 1678 2700 sustentat,

98 2751 185 2790 nos
227 2736 360 2806 ignis
407 2734 625 2790 ﬂamma
678 2746 788 2788 non
841 2731 996 2786 urit:
1035 2731 1142 2786 illis
1195 2729 1462 2786 solidatur
1509 2742 1678 2798 aqua,

100 2840 238 2896 nobis
267 2836 948 2912 refrigescitincendium;
982 2845 1038 2890 et
1063 2849 1254 2892 contra
1285 2845 1493 2892 naturae
1525 2851 1679 2891 usum

97 2949 182 3001 per
227 2944 418 2990 aestum
482 2932 723 2988 siccatur
770 2946 953 2999 mare,
1003 2945 1104 3002 per
1162 2929 1365 2985 fontem
1423 2929 1678 3000 baptismi

97 3027 321 3096 gehenna
363 3026 625 3081 mitescit.
660 3023 827 3097 516
872 3023 929 3078 In
975 3023 1102 3089 hoc,
1149 3025 1390 3092 inquam,
1449 3023 1683 3095 mystico

99 3134 304 3174 numero
351 3117 451 3173 filii
478 3116 648 3173 lsrael
688 3116 1074 3186 pervenientes
1119 3115 1184 3170 ad
1231 3115 1524 3187 Myrrham,
1557 3129 1681 3169 cum

103 3226 199 3280 pra:
223 3207 590 3265 amaritudine
616 3222 814 3277 aquam
842 3206 1069 3262 haurire
1101 3222 1207 3262 non
1240 3214 1466 3276 possent
1487 3204 1676 3277 (habe-
1706 3231 1751 3296 ο

101 3309 181 3366 bat
205 3313 343 3368 enim
371 3311 494 3367 fons
523 3325 742 3382 aquam,
767 3307 862 3365 sed
890 3307 1238 3362 dulcedinem
1271 3322 1376 3360 non
1399 3305 1638 3362 habebat
1664 3322 1678 3360 :

103 3414 206 3462 erat
261 3405 599 3462 delectabilis
656 3404 724 3460 ad
777 3404 1043 3459 visionem
1078 3444 1092 3467 ,
1137 3401 1232 3458 sed
1279 3402 1524 3457 sincerus
1573 3416 1680 3456 non

102 3510 206 3556 erat
245 3502 310 3557 ad
334 3499 642 3573 saporem),
677 3500 875 3571 injecto
906 3499 959 3553 in
982 3513 1102 3554 eam
1136 3512 1233 3567 per
1261 3497 1479 3569 Moysen
1511 3497 1679 3568 ligno,

103 3594 425 3652 dulcedinem
490 3594 729 3650 suaviter
776 3600 1057 3664 potarum;
1102 3589 1474 3645 austeritatem
1537 3589 1683 3644 enim

101 3704 246 3759 quam
289 3689 451 3745 noxia
488 3687 631 3744 unda
657 3685 921 3758 gestabat,
958 3682 1088 3756 ligni
1126 3681 1353 3738 abstulit
1378 3695 1686 3737 sacramen-

104 3789 222 3835 tum.
267 3795 276 3805 '

164 3876 214 3931 5.
252 3875 405 3945 Quod
437 3873 655 3946 quidem
685 3874 740 3928 in
768 3871 997 3944 figuram
1045 3869 1246 3925 factum
1279 3876 1437 3939 puto;
1487 3881 1684 3937 aquam

103 3970 232 4025 enim
258 3985 496 4025 amaram
527 3969 580 4024 in
609 3965 904 4039 Myrrham,
949 3964 1123 4034 legem
1169 3977 1292 4017 esse
1330 3960 1564 4016 arbitror
1592 3973 1686 4013 ve-

105 4061 220 4118 teris
245 4061 598 4126 Tesramenti,
631 4075 750 4129 qua:
781 4059 868 4114 lex
915 4057 1231 4126 priusquam
1287 4067 1450 4108 cruce
1483 4064 1688 4121 tempe-

104 4164 299 4211 raretur
338 4155 572 4220 Domini,
606 4161 727 4209 erat
773 4150 1039 4213 immitis;
1085 4145 1310 4217 jubebat
1365 4145 1509 4202 enim
1559 4160 1688 4200 ocu-

104 4244 201 4302 lum
233 4263 328 4318 pro
352 4248 534 4312 oculo,
583 4238 802 4302 dentem
825 4258 925 4314 pro
946 4241 1110 4298 dente
1133 4239 1274 4306 dari,
1318 4248 1373 4295 et
1394 4240 1541 4294 velut
1564 4252 1690 4294 aus-

104 4349 210 4395 tera
249 4341 458 4396 nullum
515 4335 910 4394 misericordiae
960 4332 1299 4404 refrigerium
1352 4330 1685 4402 porrigebat.

105 4439 166 4494 At
189 4455 310 4497 vero
344 4439 435 4496 ubi
483 4440 631 4510 ligno
670 4434 1004 4506 evangelicae
1034 4432 1301 4505 passionis
1349 4441 1432 4488 est
1481 4442 1689 4500 tempe-

106 4550 231 4606 rata,
276 4541 460 4596 statim
507 4535 926 4594 amaritudinem
966 4548 1118 4590 suam
1147 4531 1413 4588 suavitate
1443 4544 1690 4586 commu-

108 4642 236 4700 tans,
260 4634 474 4690 dulcem
510 4648 569 4688 se
598 4631 812 4688 cunctis
842 4627 1098 4700 praestitit
1124 4624 1190 4680 ad
1235 4623 1552 4694 potandum,
1586 4622 1690 4678 sic-
1717 4638 1771 4700 D

108 4737 162 4781 ut
194 4728 266 4783 ait
311 4727 581 4798 Propheta
609 4745 620 4779 :
651 4725 819 4792 Quam
849 4721 1027 4777 dulcia
1065 4719 1302 4791 faucibus
1333 4719 1459 4773 meis
1486 4716 1692 4788 eloquia

108 4829 208 4888 tua,
235 4837 391 4892 super
421 4820 523 4876 mel
544 4829 592 4874 et
621 4821 798 4890 favum
841 4815 922 4870 ori
951 4829 1063 4868 meo
1091 4810 1266 4882 (Psal.
1293 4825 1498 4878 cxv1n,
1556 4807 1645 4879 10)
1673 4810 1688 4862 l

109 4913 280 4970 Dulcia
311 4915 457 4970 enim
487 4920 613 4969 sunt
633 4909 850 4980 eloquia
878 4922 1000 4978 quae
1021 4904 1215 4975 jubent
1243 4919 1257 4956 :
1283 4901 1345 4957 Si
1365 4901 1478 4973 quis
1507 4910 1555 4955 te
1573 4916 1693 4971 per-

108 5007 309 5062 cusserit
355 5007 413 5059 in
443 5013 655 5060 dextera
681 4999 920 5066 maxilla,
968 4995 1136 5068 praebe
1174 4994 1220 5050 ei
1256 5004 1303 5048 et
1343 4993 1580 5048 alteram.
1630 4991 1694 5048 Si

107 5100 211 5168 quis
231 5101 319 5154 tibi
348 5103 515 5170 aufert
538 5097 786 5162 tunicam,
811 5093 1043 5163 relinque
1070 5090 1151 5145 illi
1177 5097 1224 5143 et
1236 5087 1454 5160 pallium
1471 5085 1688 5159 (Matth.

111 5191 399 5264 v,59).II:ec
414 5202 495 5247 est
511 5207 641 5264 ergo
663 5191 754 5247 illa
769 5185 1225 5255 amaritudo,qute
1244 5181 1537 5239 dulcedine
1551 5195 1696 5237 com-

110 5295 302 5341 mutata
326 5294 431 5349 est,
465 5284 514 5341 id
536 5294 643 5350 est,
684 5282 975 5338 austeritas
1006 5277 1168 5348 Legis
1200 5272 1478 5345 Evangelii
1517 5272 1690 5344 gratia

114 5384 396 5447 temperata
439 5383 538 5432 est.
579 5375 776 5431 Amara
825 5371 973 5428 enim
1024 5378 1108 5425 est
1160 5366 1318 5437 Legis
1349 5363 1530 5420 littera
1576 5363 1694 5419 sine

114 5468 279 5525 crucis
306 5469 590 5542 mysterio,
619 5467 689 5524 de
721 5480 824 5538 qua
875 5466 951 5520 ait
993 5460 1287 5534 Apostolus
1315 5476 1328 5514 :
1361 5457 1560 5513 Littera
1607 5473 1694 5512 oc-

111 5563 233 5616 cidit
263 5562 332 5637 (II
360 5562 484 5618 Cor.
515 5577 596 5630 ιιι,
635 5560 714 5634 6).
740 5561 811 5616 At
833 5558 922 5614 ubi
949 5556 1095 5612 enim
1150 5553 1421 5625 passionis
1443 5549 1593 5606 illius
1611 5566 1699 5606 sa-

115 5667 377 5713 cramenta
405 5656 718 5728 junguntur,
772 5651 950 5710 omnis
996 5649 1113 5722 ejus
1155 5646 1472 5719 spiritaliter
1502 5646 1700 5703 amari-

117 5749 238 5806 tudo
282 5748 568 5816 conditur;
613 5747 764 5807 etde
802 5761 865 5804 ea
907 5744 1039 5800 dicit
1086 5741 1383 5815 Apostolus
1419 5759 1431 5795 :
1465 5740 1698 5813 Spiritus

121 5855 282 5900 autem
304 5843 546 5915 viviﬁcat.

3267 313 3376 371 642

2373 424 2606 483 SERMO
2645 420 2765 481 XX.
2853 425 2869 447 '

2132 560 2206 616 De
2233 572 2424 618 sancta
2455 562 2887 634 Quadragesima
2921 563 3010 620 IV.

1775 695 1844 750 In
1897 696 1994 751 hoc
2037 713 2272 753 sermone
2317 698 2599 769 superioris
2636 699 2854 754 habetur
2913 698 3269 765 continuatio;
3318 715 3378 754 ac

1847 791 2066 861 proinde
2096 792 2188 846 uni
2229 793 2428 847 auctori
2471 802 2683 861 uterque
2737 792 3040 849 tribuendus
3078 802 3173 849 est.
3221 792 3379 848 Post-

1847 900 2002 955 quam
2029 884 2114 939 Itic
2156 885 2398 956 qua-dam
2425 885 2536 940 illic
2564 895 2785 940 tractata
2821 895 3002 940 auctor
3052 887 3282 957 repetiit,
3311 885 3381 940 ad

1850 982 2016 1051 fontes
2049 978 2118 1034 12
2155 987 2200 1031 et
2228 978 2429 1048 palmas
2471 977 2542 1032 72
2570 979 2856 1033 orationem
2893 979 3079 1045 vertit;
3130 978 3218 1032 ubi
3244 977 3386 1048 quod

1851 1070 2010 1126 tradit
2041 1071 2406 1140 apostolorum
2434 1085 2496 1123 ac
2531 1069 2912 1141 discipulorum
2938 1071 3162 1143 ﬁguram
3197 1070 3253 1125 in
3277 1069 3384 1125 illis

1850 1165 2129 1232 exstitisse,
2171 1180 2275 1219 non
2319 1164 2535 1219 aliunde
2558 1179 2714 1234 quam
2757 1179 2823 1218 ea:
2849 1163 3088 1236 Origenis
3115 1162 3264 1219 hom.
3289 1160 3385 1230 27,

1851 1259 1904 1314 in
1941 1274 2065 1331 cap.
2115 1272 2283 1314 χχχιιι
2310 1257 2499 1324 Num.,
2543 1267 2592 1312 et
2622 1255 2934 1328 Hieronymi
2968 1257 3122 1328 epist.
3164 1255 3288 1324 127,
3314 1252 3386 1310 ad

1850 1353 2092 1417 Fabiol.,
2126 1352 2372 1408 haustum
2406 1352 2625 1407 videtur.

1853 1472 1906 1528 l.
1941 1471 2202 1528 Retinent
2239 1469 2419 1526 adhuc
2459 1485 2653 1527 sensus
2677 1467 2868 1534 vestri,
2897 1466 3117 1533 fratres,
3149 1483 3250 1525 nos
3279 1467 3389 1526 hoc

1779 1565 2065 1636 superiore
2089 1563 2370 1620 Dominica
2391 1563 2722 1634 praedicasse
2745 1604 2761 1630 ,
2789 1561 2934 1633 quod
2967 1561 3127 1634 hujus
3153 1563 3390 1636 quadra-

1779 1660 1998 1732 gesima:
2055 1669 2261 1716 nostra:
2308 1659 2537 1730 figuram
2589 1657 2698 1713 illa:
2750 1656 3110 1729 quadraginta
3154 1666 3211 1714 et
3264 1658 3388 1714 dua:

1782 1751 2095 1809 mansiones
2125 1751 2437 1818 habuerint,
2473 1766 2570 1822 per
2595 1766 2732 1822 quas
2756 1751 2990 1823 populus
3006 1749 3174 1807 Israel
3199 1752 3391 1810 exiens

1707 1835 1756 1897 B
1782 1847 1850 1903 de
1876 1844 2132 1917 ZEgypto,
2159 1844 2358 1901 diurno
2405 1843 2654 1915 profectu
2685 1853 2890 1901 terram
2943 1843 3392 1916 repromissionis

1782 1940 2026 2005 intravit,
2075 1948 2130 1996 et
2183 1939 2337 2010 quasi
2365 1939 2689 2010 quibusdam
2723 1939 2917 1994 salutis
2963 1939 3221 2011 gradibus
3266 1949 3394 2012 post

1775 2033 1963 2105 jugum
1988 2031 2270 2089 servitutis
2299 2033 2547 2088 ascendit
2569 2031 2635 2087 ad
2666 2047 2895 2102 regnum
2924 2032 3116 2107 (Nam.
3137 2049 3329 2103 χχχιιι,
3353 2033 3390 2092 ε

1781 2127 2005 2200 ctseq.).

1781 2245 1793 2304 ζ
1851 2241 1906 2295 2.
1951 2239 2168 2312 Figura,
2200 2241 2441 2313 inquam,
2469 2241 2566 2297 fuit
2602 2243 2656 2298 in
2689 2242 2793 2298 illis
2841 2243 3220 2300 mansionibus
3243 2244 3388 2316 jeju-

1781 2332 1996 2388 niorum
2026 2343 2359 2400 nOStrorum,
2383 2348 2490 2388 non
2521 2333 2694 2390 solum
2728 2335 2780 2390 in
2809 2336 3115 2407 quantitate
3145 2336 3385 2405 numeri,

1782 2426 1878 2482 sed
1911 2429 2074 2481 etiam
2103 2427 2157 2481 in
2188 2425 2572 2483 observatione
2613 2429 2907 2494 virtutum;
2961 2443 3071 2482 non
3099 2427 3244 2484 enim
3269 2437 3391 2484 tan-

1785 2527 1896 2574 tum
1930 2519 2025 2574 lilii
2061 2518 2228 2575 Israel
2253 2519 2304 2574 in
2344 2517 2540 2576 itinere
2567 2518 2772 2576 deserti
2795 2519 3080 2592 corporeis
3107 2522 3391 2592 gressibus

1785 2611 2153 2680 ambularunt,
2178 2621 2438 2684 quantum
2469 2613 2522 2668 in
2573 2614 2658 2668 via
2691 2614 2906 2671 Domini
2939 2615 3210 2687 religiosis
3251 2617 3392 2674 acti-

1784 2704 1890 2761 bus
1919 2703 2288 2774 profecerunt.
2322 2702 2381 2759 In
2406 2705 2490 2760 via
2520 2705 2678 2776 plane
2703 2705 3122 2763 ambulaverunt
3151 2707 3392 2776 Domini,

1785 2811 1904 2867 qua:
1925 2795 2069 2861 illos,
2105 2805 2161 2851 et
2189 2798 2426 2867 portavit
2475 2798 2527 2852 in
2579 2797 2856 2866 ﬂuctibus,
2885 2809 2940 2856 et
2981 2802 3134 2870 pavit
3159 2815 3191 2856 e
3215 2801 3392 2868 cmlo;

1785 2887 2152 2943 esurientibus
2180 2888 2324 2943 enim
2359 2889 2412 2944 in
2455 2904 2644 2945 eremo
2673 2906 2870 2946 manna
2905 2907 3012 2948 non
3059 2891 3255 2960 defuit,
3301 2909 3396 2964 pe-

1787 2980 2153 3036 riclitantibus
2183 2981 2236 3036 in
2269 2982 2404 3036 mari
2456 2991 2600 3038 terra
2659 2999 2768 3039 non
2799 2983 2935 3056 fugit
2967 3003 2980 3038 :
3017 2985 3089 3042 ibi
3140 3001 3289 3043 mare
3335 2986 3394 3043 in

1786 3073 2040 3129 semitam
2067 3076 2350 3143 sternitur,
2382 3074 2470 3132 hic
2491 3076 2689 3132 caelum
2711 3077 2778 3132 ad
2795 3079 3050 3150 pabulum
3079 3091 3390 3139 reseratur.

1789 3165 2019 3238 Propter
2048 3168 2278 3239 gratiam
2309 3168 2633 3224 famulorum
2667 3171 2764 3225 Dei
2792 3171 3049 3229 Jordanis
3074 3173 3274 3231 ﬂuenta
3297 3189 3394 3234 sua

1785 3259 2000 3325 retinet,
2064 3275 2260 3332 aquam
2312 3275 2464 3315 suam
2521 3261 2740 3334 Myrrha
2771 3275 3093 3320 commutat.
3147 3267 3266 3322 Illic
3305 3282 3396 3326 re-

1788 3359 2026 3406 trorsum
2057 3366 2346 3418 conversa,
2380 3369 2502 3423 qure
2532 3355 2886 3424 sequebatur,
2912 3357 3053 3412 unda
3079 3359 3343 3429 praecedit
3373 3376 3388 3416 :

1785 3444 1873 3501 hic
1929 3445 1980 3500 in
2033 3445 2234 3502 melius
2277 3453 2599 3515 temperata,
2653 3462 2772 3518 qua:
2826 3464 3072 3505 amarum
3126 3451 3392 3521 stillabat,

1785 3557 1924 3596 vena
1952 3539 2251 3596 dulcescit:
2277 3548 2330 3596 et
2360 3541 2554 3596 mirum
2590 3541 2642 3596 in
2673 3542 2894 3598 modum
2924 3543 3124 3600 ﬂuvius
3168 3561 3393 3603 cursum

1787 3633 2044 3704 perdidit,
2072 3634 2500 3703 fons'saporem.

1860 3749 1914 3803 5.
1959 3747 2066 3804 Sed
2092 3744 2348 3818 quoniam
2372 3745 2609 3802 diximus
2639 3745 2780 3802 filios
2808 3745 2976 3804 Israel
3009 3749 3293 3808 venientes
3323 3751 3395 3810 ad

1791 3839 2090 3913 Myrrham,
2125 3854 2279 3910 aqua:
2301 3838 2667 3895 amaritudine
2690 3839 2995 3909 laborasse,
3028 3856 3258 3914 eamque
3283 3859 3393 3901 non

1789 3933 1891 3987 nisi
1921 3931 2050 4005 ligni
2097 3930 2389 4002 injectione
2419 3941 2610 4002 potare
2638 3931 2906 4003 potuisse,
2959 3941 3144 4005 typum
3173 3925 3396 4009 quoque

1791 4029 1843 4083 in
1872 4028 1965 4083 illa
1993 4028 2161 4084 fuisse
2187 4028 2392 4084 veteris
2418 4027 2794 4096 'l‘estamenti;
2831 4028 3118 4087 videamus
3141 4046 3251 4102 quo
3296 4049 3395 4088 ex-

1793 4123 1919 4179 inde
1948 4123 2306 4194 prolicisccns
2337 4123 2571 4195 populus
2603 4125 2719 4195 ipse
2769 4124 3102 4194 pervenerit.
3145 4125 3399 4184 Pervenit

1793 4218 1845 4273 in
1878 4218 2077 4286 locum,
2111 4218 2202 4290 qui
2236 4217 2436 4274 dicitur
2465 4216 2634 4285 Elim,
2673 4216 2725 4273 in
2755 4233 2864 4290 quo
2903 4229 3060 4274 erant
3103 4219 3396 4278 duodecim

1794 4309 1975 4367 fontes
1998 4310 2298 4383 purissimi,
2329 4321 2386 4366 et
2415 4311 2760 4382 septuaginta
2781 4312 3072 4368 virentium
3102 4313 3400 4372 multitudo

1795 4405 2118 4476 palmarum.
2171 4402 2366 4461 Videte
2395 4403 2722 4475 mysterium
2752 4404 2882 4472 Dei,
2939 4408 3399 4478 quemadmodum

1794 4497 2358 4570 postamaritudinem
2410 4496 2604 4569 Legis,
2652 4495 2856 4554 ﬂuenta
2905 4501 3233 4572 evangelicae
3283 4502 3400 4574 pie-

1796 4594 1922 4648 tatis
1953 4591 2276 4649 exuberent.
2318 4590 2395 4646 lbi
2442 4589 2565 4646 fons
2611 4605 2753 4646 unus
2783 4601 3038 4649 austerus
3086 4603 3173 4650 est
3200 4595 3268 4651 ad
3316 4594 3401 4651 bi-

1797 4683 2056 4751 bcndum,
2089 4681 2178 4738 hic
2204 4682 2411 4754 plures,
2443 4689 2500 4737 et
2548 4695 2744 4738 omnes
2791 4681 2982 4740 dulces
3012 4694 3140 4741 sunt
3183 4685 3249 4741 ad
3299 4700 3400 4758 po-

1799 4777 2061 4833 tandum:
2096 4775 2166 4831 ibi
2215 4785 2337 4846 post
2378 4773 2750 4846 fatigationem
2797 4776 2950 4833 nulla
3006 4779 3250 4848 refectio,
3309 4779 3399 4836 hic

1798 4878 1921 4942 post
1945 4870 2186 4926 laborem
2209 4867 2551 4940 refrigerium
2579 4879 2748 4943 atque
2791 4871 3058 4940 victoria;
3089 4872 3400 4930 sitientibus

1798 4966 1942 5022 enim
1972 4963 2152 5020 fontes
2179 4961 2583 5032 ministrantur,
2640 4964 2838 5037 palma:
2893 4965 3240 5024 vincentibus
3267 4965 3399 5022 olfe-

1795 5070 1992 5116 runtur
2017 5058 2217 5130 (Exod.
2247 5074 2336 5128 xv,
2365 5057 2486 5131 ‘27).

1869 5175 1925 5231 4.
1970 5175 2191 5243 Palmte,
2238 5175 2484 5248 inquam,
2539 5176 2843 5235 oﬂ'eruntur
2867 5174 3242 5241 vincentibus;
3272 5175 3399 5245 quia

1798 5279 1922 5342 post
1949 5268 2112 5342 Legis
2159 5269 2418 5326 duritiam
2471 5270 2538 5325 ad
2603 5269 2888 5342 Evangelii
2932 5268 3160 5339 gratiam
3212 5281 3404 5336 perve-

1803 5363 1954 5422 nisse
1974 5364 2174 5421 vicisse
2200 5373 2317 5433 est;
2359 5365 2643 5437 praemium
2687 5364 2836 5422 enim
2865 5361 3141 5435 quoddam
3174 5361 3402 5420 victoris

1805 5469 1909 5525 est,
1932 5474 1994 5514 os
2026 5457 2150 5514 vivo
2195 5458 2345 5515 fonte
2373 5458 2607 5522 diluere,
2655 5466 2711 5513 et
2748 5455 3027 5512 dexteram
3081 5453 3406 5525 triumphali

1805 5552 1984 5625 palma
2009 5553 2243 5609 munire.
2285 5552 2391 5608 Per
2425 5551 2630 5606 fontem
2667 5549 2817 5606 enim
2851 5549 3034 5622 lingua
3071 5548 3406 5609 confessoris

1807 5643 2140 5715 purificatur,
2188 5659 2287 5714 per
2323 5643 2561 5714 palmam
2591 5641 2817 5698 dextera
2871 5642 3130 5715 martyris
3165 5641 3408 5699 honora-

1810 5747 1895 5794 tur
1935 5755 1948 5792 :
2006 5737 2096 5792 illa
2141 5737 2265 5807 quia
2309 5735 2507 5790 Christi
2532 5734 2791 5790 exultavit
2835 5733 3093 5806 gloriam,
3136 5734 3254 5792 haec
3279 5734 3406 5806 quia

1811 5847 1957 5890 aram
1982 5829 2250 5903 sacrilegii
2273 5828 2566 5886 recusavit.
2608 5827 2902 5904 Praemium
2930 5827 3079 5894 enim
3127 5825 3405 5900 quoddam
