3944 6310
561 270 668 326 645

1498 266 1592 324 AD
1628 265 1860 324 ovans
1899 241 2146 322 sauc'ri
2194 265 2520 323 AMBROSII
2560 239 2930 325 APPENiiix.

3649 263 3756 337 ou

555 385 720 460 417
745 394 825 440 est
850 385 1024 454 palma
1059 383 1323 455 martyrii,
1349 397 1470 454 quae
1511 383 1788 439 confitenti
1813 383 2010 454 lingua:
2039 383 2159 437 dul-
2189 387 2237 446 Α
2265 397 2387 439 cum
2426 385 2770 442 exultatione
2807 385 3098 442 redeuntes
3119 426 3134 451 ,
3175 363 3451 457 gloriantur
3476 394 3578 461 apud
3599 396 3757 454 Dui-

558 494 677 534 cem
711 480 942 534 fructum
975 477 1186 541 tribuit,
1234 487 1286 531 et
1335 477 1542 532 victrici
1575 477 1814 532 dexterm
1869 475 2163 545 gloriosum

557 583 786 646 praestat
805 581 1077 629 ornatum.
1113 571 1212 627 Est
1233 571 1391 641 plane
1421 572 1598 642 palma
1631 571 1962 642 martyribus
1985 570 2166 624 suavis

551 668 619 723 ad
670 667 852 722 cibum
880 707 896 732 ,
945 667 1202 719 umbrosa
1255 665 1324 719 ad
1371 665 1653 735 requiem.
1705 664 2050 719 honorabilis
2094 663 2161 717 ad

555 760 918 830 triumphum,
964 773 1183 826 semper
1233 757 1434 820 virens.
1489 772 1705 828 semper
1748 757 1941 812 vestita
1990 755 2159 822 foliis,

559 864 778 922 semper
808 860 995 922 parata
1037 851 1316 915 victoriae;
1359 859 1521 918 atque
1562 850 1688 906 ideo
1731 866 1836 904 non
1879 852 2166 905 marcescit

554 948 768 1018 palma,
800 947 926 1018 quia
967 954 1268 1017 martyrum
1298 945 1529 999 victoria
1556 960 1662 999 non
1714 943 2025 998 marcescit.

625 1042 681 1098 5.
724 1040 861 1110 Ipare
889 1039 1126 1108 denique
1159 1041 1352 1106 palmas
1384 1039 1599 1094 sedenti
1634 1053 1799 1107 super
1829 1037 2038 1092 asinam
2061 1078 2075 1101 ,
2111 1045 2165 1090 et

547 1134 798 1192 venienti
822 1132 890 1190 ad
935 1132 1196 1201 templum
1231 1131 1464 1186 Domino
1493 1146 1523 1184 a
1554 1129 1774 1201 populis
1817 1127 2161 1191 oﬂ‘eruntur;

548 1241 676 1285 cum
717 1226 865 1284 enim
909 1224 1170 1293 discipuli
1215 1223 1544 1279 vestimenta
1585 1237 1681 1277 sua
1725 1230 2069 1286 sternerent,
2111 1232 2166 1276 et

547 1322 653 1377 iter
691 1319 898 1375 Christi
943 1321 1059 1374 suis
1091 1320 1389 1376 amictibus
1427 1319 1871 1384 communirent;
1918 1334 2026 1374 non
2071 1316 2165 1370 ha-

550 1412 670 1476 buit
703 1414 882 1481 majus
917 1415 1202 1483 praemium
1246 1413 1346 1466 nisi
1389 1413 1633 1483 palmas;
1667 1412 1812 1480 quod
1855 1412 1905 1466 ei
1949 1411 2167 1466 devotio

543 1507 738 1583 plebis
763 1506 1020 1572 oll‘erret,
1046 1506 1361 1577 significans-
1388 1508 1575 1562 stratis
1605 1507 1656 1561 iu
1683 1509 1877 1561 itinere
1900 1505 2167 1568 vestibus,

555 1610 583 1639 ει
609 1602 870 1671 pollutam
889 1602 1036 1656 viam
1062 1616 1185 1657 esse
1212 1603 1261 1654 iu
1293 1601 1519 1669 mundo,
1546 1601 1745 1656 oblatis
1769 1600 1967 1671 palmis
1991 1601 2165 1670 ipsum

555 1693 745 1749 mundi
773 1708 900 1748 esse
929 1695 1196 1748 victorem
1227 1691 1386 1763 (Luc.
1415 1708 1502 1747 xxx
1523 1733 1537 1758 ,
1563 1692 1694 1763 56).
1728 1692 1847 1762 Ipse
1867 1734 1881 1754 ,
1913 1693 2129 1760 inquam
2151 1733 2164 1755 ,

557 1787 742 1841 victor
773 1795 888 1852 est,
923 1785 991 1841 de
1021 1801 1130 1857 quo
1161 1785 1237 1840 ait
1265 1785 1548 1855 Scriptura
1581 1801 1596 1838 :
1629 1785 1767 1839 Vicit
1808 1786 1886 1839 leo
1929 1784 1994 1838 de
2032 1783 2168 1838 tribu

553 1877 697 1936 Juda
743 1881 945 1952 (Apoc.
977 1897 1030 1944 v,
1062 1881 1095 1935 5
1121 1884 1156 1948 ).
1193 1881 1312 1950 Ipse
1345 1881 1503 1948 plane
1539 1881 1735 1946 victor,
1771 1882 1861 1950 qui
1895 1878 2167 1934 destruxit

554 1975 884 2032 diaboliczim
933 1985 1207 2041 mortem,
1274 1975 1438 2030 vitam
1497 1974 1828 2030 illuminavit
1877 1983 2164 2029 a-ternam.

553 2069 760 2124 Palmae
805 2067 975 2140 igitur
1021 2069 1330 2124 advenienti
1378 2069 1666 2136 eriguntur
1720 2067 1964 2122 Christo.
2022 2064 2167 2121 Scri-

561 2170 711 2232 ptum
741 2171 826 2217 est
853 2159 1073 2215 :Justus
1099 2161 1231 2215 sicut
1263 2160 1438 2232 palma
1453 2158 1851 2230 [lorebit(Psal.
1885 2174 2002 2223 xei,
2038 2156 2164 2227 15):

545 2263 703 2311 recte
723 2270 852 2326 ergo
877 2255 1190 2310 advenienti
1213 2254 1364 2323 justo
1386 2251 1674 2321 eriguntur
1697 2251 1895 2306 vexilla
1915 2251 2164 2320 justitize,

551 2361 609 2408 et
642 2352 848 2406 auctori
893 2365 1118 2405 suorum
1151 2351 1538 2420 obsequuntur
1573 2348 1710 2404 tituli
1745 2347 2166 2416 triumphorum.

625 2444 678 2499 6.
723 2445 877 2500 Prius
917 2457 1102 2498 autem
1144 2459 1304 2513 quam
1349 2443 1610 2498 tollantur
1653 2441 1876 2511 palmre,
1922 2441 2025 2495 iter
2061 2439 2168 2494 Do-

551 2538 687 2596 mini
719 2554 890 2610 usque
919 2538 986 2593 ad
1030 2537 1289 2607 templum
1323 2534 1726 2607 discipulorum
1755 2531 2000 2590 vestibus
2031 2547 2166 2602 ope-

551 2632 717 2695 ritur.
751 2640 806 2688 et
838 2640 896 2687 ut
926 2630 1217 2702 impolluta
1251 2628 1324 2684 sit
1352 2631 1547 2684 semita
1579 2629 1878 2685 Salvatoris
1901 2670 1916 2693 ,
1949 2633 2168 2697 aposto-

551 2727 729 2782 Iorum
770 2725 1063 2780 amictibus
1090 2723 1484 2780 communitur.
1527 2719 1683 2788 Quod
1715 2720 1934 2791 quidem
1967 2720 2018 2773 in
2054 2735 2168 2786 my-

549 2820 779 2878 sterium
810 2819 1012 2876 factum
1045 2829 1210 2890 pttto;
1243 2820 1328 2874 via
1356 2821 1502 2875 enim
1519 2817 1744 2883 Christi,
1779 2833 1902 2889 quae
1921 2815 2072 2871 ducit
2099 2816 2164 2869 ad

533 2911 818 2983 templum
843 2955 856 2978 ,
897 2911 1032 2966 lides
1061 2911 1179 2979 ejus
1208 2920 1290 2965 est
1324 2922 1486 2981 atque
1514 2907 1784 2964 doctrina.
1825 2907 1972 2962 Hanc
2003 2908 2167 2978 igitur

553 3010 698 3064 viam
741 3005 1031 3076 discipuli,
1076 3013 1136 3059 ut
1181 3019 1278 3059 nos
1321 3006 1439 3060 sine
1477 3003 1784 3060 olionsione
1829 3003 2165 3074 gradiantur,

553 3102 786 3158 amictus
811 3099 1013 3170 proprii
1042 3100 1289 3167 corporis
1317 3109 1604 3164 exuentes,
1629 3113 1727 3151 suo
1755 3106 1999 3151 stravere
2026 3110 2169 3150 mar-

2269 493 2398 534 num
2426 479 2527 536 sibi
2559 479 2724 536 etiam
2754 481 3025 537 daemonia
3055 495 3180 537 esse
3211 482 3453 551 subjecta.
3481 484 3601 543 Recte
3618 492 3759 560 igitur

2268 584 2658 644 comparantur
2688 575 2919 644 palmis,
2955 574 3048 646 qui
3081 576 3373 645 palmarum
3399 579 3574 646 praemio
3593 582 3762 639 diaboli

2273 665 2532 721 exstitere
2557 666 2817 722 victores.

2860 760 3104 818 SERMO
3145 761 3287 818 XXI.

2657 853 2733 909 De
2761 863 2948 910 sancta
2974 854 3392 927 Quadragesima
3417 857 3470 910 Υ.

2272 941 2455 998 Prima
2494 945 2652 1017 hujus
2682 950 2936 1003 sermonis
2964 951 3117 1004 verba
3146 951 3293 1004 nobis
3323 951 3524 1005 indicant
3548 970 3634 1008 esu
3653 960 3770 1024 ejus-

2342 1033 2457 1090 dem
2483 1077 2497 1100 ,
2531 1042 2681 1111 cujus
2711 1039 2815 1093 duo
2844 1040 3172 1110 superiores,
3203 1045 3422 1110 parentis
3446 1059 3551 1098 esse.
3586 1043 3670 1100 Non
3690 1050 3775 1101 ui-

2341 1145 2454 1182 rum
2481 1139 2650 1188 autem
2679 1131 2817 1201 quod
2847 1149 2962 1186 cum
2995 1143 3243 1206 agnoscat
3272 1135 3453 1207 jejunii
3477 1151 3566 1190 esse
3587 1137 3637 1190 40
3659 1141 3769 1199 dies,

2340 1237 2424 1302 eos
2455 1232 2622 1276 tamen
2648 1223 2719 1278 42
2759 1226 3109 1280 mansionibus
3142 1223 3488 1281 Israelitarum
3511 1245 3774 1297 comparare-

2339 1314 2442 1380 rit;
2465 1315 2655 1385 quippe
2679 1318 2819 1386 quod
2845 1318 3022 1372 cadent
3046 1319 3388 1390 comparatio,
3413 1329 3459 1372 ut
3474 1321 3566 1394 jam
3585 1321 3774 1389 diximus,

2335 1411 2448 1479 jam
2475 1422 2581 1465 tum
2603 1415 2758 1484 fuerit
2788 1427 3058 1486 usurpata,
3083 1433 3198 1469 cum
3221 1416 3290 1472 56
3320 1425 3500 1470 tantum
3522 1417 3659 1471 diebus
3677 1437 3775 1484 qua-

2343 1501 2633 1574 dragesima
2672 1508 2957 1562 constabat.
3003 1508 3156 1574 Quod
3191 1518 3364 1563 autem
3398 1509 3564 1562 dicitur
3590 1513 3630 1563 id
3657 1515 3775 1564 moris

2344 1610 2450 1650 esse
2469 1638 2483 1659 ,
2515 1607 2570 1652 ut
2599 1601 2842 1654 stationes
2873 1601 3262 1674 appellarentur
3291 1601 3443 1656 iidem
3469 1603 3587 1667 dies,
3612 1622 3658 1658 es
3680 1604 3778 1658 Ter-

2348 1691 2568 1744 tulliano
2600 1692 2690 1747 lib.
2722 1691 2792 1748 de
2821 1694 2974 1749 Orat.
3029 1695 3124 1749 sub
3165 1695 3324 1765 ﬁnem
3361 1694 3444 1749 lib.
3484 1697 3540 1752 de
3571 1695 3703 1764 Jejun.
3735 1712 3776 1751 et

2345 1781 2436 1837 lib.
2469 1782 2537 1837 de
2563 1783 2688 1838 Cor.
2725 1784 2880 1840 Milit.
2909 1795 3170 1858 sumptum
3211 1788 3454 1842 videtur:
3494 1805 3579 1842 non
3606 1806 3709 1844 scas
3730 1808 3776 1842 ac

2341 1875 2588 1932 lonatlttz
2612 1878 2697 1933 hic
2735 1880 2876 1946 facta
2915 1883 3105 1936 mentio
3134 1898 3199 1936 ex
3237 1881 3556 1953 Hieronymo,
3583 1884 3651 1938 lib.
3672 1885 3776 1939 Adv.

2346 1968 2502 2038 Vigil.
2532 1987 2648 2044 cap.
2683 1972 2769 2038 i0,
2800 1983 2846 2026 et
2879 1971 3133 2028 Cassiano
3163 1975 3370 2028 Collat.
3397 1975 3483 2040 Si,
3509 1993 3607 2047 cap.
3631 1976 3700 2031 29.

2345 2063 2394 2117 Ι.
2428 2062 2768 2120 Intellexisse
2793 2081 2889 2120 vos
2911 2066 3099 2131 credo,
3129 2078 3152 2104 ο
3179 2067 3404 2126 fratres.
3425 2084 3515 2125 cur
3536 2070 3629 2125 hac
3649 2082 3770 2125 nostra

2265 2156 2471 2228 jejunia
2519 2159 2627 2214 illis
2657 2162 3034 2217 mansionibus
3070 2165 3528 2232 comparaveritn,
3564 2165 3608 2218 itt
3640 2166 3774 2235 quibus

2272 2250 2507 2319 populus
2549 2249 2710 2306 Israel
2746 2260 3024 2322 tamquam
3054 2253 3110 2308 in
3144 2261 3426 2324 procinctu
3453 2256 3648 2327 quodam
3668 2258 3772 2327 pasi-

2273 2348 2359 2394 tus
2389 2341 2728 2397 Pharaonem
2757 2359 2940 2415 regem
2969 2347 3289 2416 quotidiana
3333 2345 3511 2401 labore
3543 2352 3771 2417 superarit,

2271 2441 2328 2488 et
2352 2434 2422 2488 ab
2453 2435 2690 2490 inimicis
2721 2439 2837 2490 suis
2862 2439 3018 2508 quiasi
3049 2440 3376 2509 quibusdam
3409 2443 3580 2496 castris
3604 2443 3775 2496 mansio-

2272 2544 2400 2582 num
2441 2544 2567 2584 sese
2606 2532 2846 2586 statione
2887 2531 3171 2599 defendit;
3219 2533 3294 2588 ita
3335 2543 3390 2589 ut
3432 2537 3704 2606 quicumque
3729 2552 3775 2591 ex

2271 2623 2368 2679 illo
2411 2626 2790 2679 comitantium
2843 2643 3075 2682 numero
3125 2628 3338 2683 diurnae
3387 2630 3610 2684 stationis
3646 2631 3775 2698 spatii

2273 2731 2380 2771 non
2409 2718 2643 2774 confecit
2663 2760 2678 2785 ,
2709 2729 2801 2774 aut
2829 2717 3048 2774 Pharao
3088 2721 3246 2776 illum
3284 2723 3626 2793 occupaverit,
3656 2721 3777 2794 418

2269 2820 2361 2863 aut
2391 2810 2628 2865 solitudo
2660 2815 2981 2882 pervaserit.
3028 2814 3122 2870 Sic
3149 2830 3282 2886 ergo
3312 2825 3369 2871 et
3397 2830 3490 2871 nos
3518 2815 3776 2885 propositum

2270 2905 2425 2960 nobis
2450 2906 2803 2977 quadraginta
2837 2907 3049 2963 dierum
3084 2909 3183 2964 iter
3216 2909 3473 2965 debemus
3497 2911 3620 2963 omni
3644 2909 3778 2962 labore

2269 3000 2562 3064 conficere,
2587 3010 2644 3056 et
2664 3001 2987 3070 quihusdam
3010 2999 3170 3073 (μηδ,
3192 3005 3392 3058 castris
3416 2995 3508 3057 η’ὃῖ
3525 3002 3779 3072 jejunium:

2267 3091 2562 3147 devotione
2590 3093 2827 3157 munire;
2859 3105 3037 3150 castra
3066 3095 3215 3149 enim
3243 3081 3400 3150 nobis
3425 3105 3540 3149 sunt
3565 3103 3708 3149 nostra
3723 3095 3780 3162 je-

557 3199 741 3270 tyrio;
786 3203 843 3250 tit
883 3195 1025 3249 inter
1066 3193 1409 3249 diversarum
1442 3193 1682 3263 gentium
1718 3192 1905 3247 turbas
1943 3190 2162 3261 iustitia:
2191 3211 2236 3274 ρ
2268 3185 2417 3252 junia
2439 3227 2452 3250 ,
2479 3201 2602 3256 quae
2631 3201 2731 3240 nos
2753 3201 2782 3238 a
2811 3185 3080 3252 diabolica
3110 3188 3514 3274 oppugnatione
3532 3188 3780 3274 detendunt.

552 3291 810 3348 semitam
841 3287 1207 3346 membrorum
1237 3302 1461 3342 suorum
1490 3287 1816 3342 vestimenta
1845 3285 2163 3340 substerne.
2199 3265 2236 3274 ‘—
2270 3280 2514 3349 Denique
2537 3281 2800 3336 stationes
2826 3290 3114 3348 vocantur,
3137 3282 3283 3352 quod
3310 3267 3514 3339 stantes
3534 3265 3582 3338 et
3601 3299 3782 3338 coram-

555 3397 680 3443 rent
702 3429 718 3452 ,
747 3394 802 3440 et
829 3398 1109 3440 caenosam
1141 3382 1325 3438 mundi
1351 3381 1378 3420 ι)
1407 3381 1812 3454 myrrhaginem
1842 3380 2158 3452 operireut,

552 3489 608 3537 et
641 3477 983 3548 impollutam
1017 3478 1157 3532 viam
1192 3477 1494 3533 Salvatoris
1525 3475 1900 3532 ostenderent.

625 3571 676 3624 7.
721 3570 801 3624 Ad
831 3569 1123 3625 duodecim
1157 3584 1288 3639 ergo
1321 3568 1500 3623 fontes
1531 3579 1656 3638 post
1697 3567 1967 3638 Myrrham
2014 3568 2162 3621 venit

549 3666 784 3738 pupulus
817 3665 1000 3720 Israel.
1029 3663 1285 3734 Legimus
1312 3665 1363 3716 in
1390 3662 1658 3734 Propheta
1687 3679 1699 3714 :
1727 3659 2028 3716 Benedicite
2052 3660 2159 3714 Do-

548 3762 692 3815 mino
737 3760 801 3816 de
842 3759 1070 3828 fontibus
1113 3756 1284 3812 Israel
1310 3755 1496 3828 (Psal.
1530 3771 1706 3822 vau,
1733 3753 1862 3827 27).
1897 3754 2160 3809 Dominus

545 3853 802 3910 Christus
828 3860 914 3908 est
936 3895 950 3919 ,
982 3852 1075 3921 qui
1110 3866 1218 3906 non
1253 3850 1355 3906 nisi
1391 3865 1487 3920 per
1515 3849 1891 3918 apostolorum
1923 3862 2018 3902 ora
2050 3845 2160 3900 dis-

547 3949 716 4012 citur,
749 3945 1253 4016 dIscipulorumque
1283 3943 1614 3998 doctrinam.
1649 3941 1896 4011 Apostoli
1937 3939 2156 3994 dicendi

549 4052 678 4097 sunt
729 4037 950 4105 fontes;
1000 4049 1024 4078 ο
1056 4040 1178 4107 quia
1229 4038 1375 4090 velut
1425 4036 1603 4090 fontes
1657 4033 1936 4103 purissimi
1983 4031 2157 4103 gratia

553 4134 964 4206 prtedicationis
993 4132 1333 4196 exuberant,
1367 4140 1422 4185 et
1454 4137 1576 4200 post
1605 4128 2023 4183 amaritudinem
2057 4126 2148 4183 Le-

549 4231 634 4300 gis
668 4241 930 4282 venarum
964 4239 1185 4281 suarum
1221 4225 1370 4294 larga
1402 4221 1669 4293 sapientia
1701 4220 2031 4276 sacramenti
2065 4235 2160 4290 po-

551 4320 670 4376 eula
698 4318 1042 4375 dulcedinem
1075 4319 1299 4372 stillant.
1337 4314 1450 4370 Nec
1481 4314 1679 4369 mirum
1712 4313 1759 4368 si
1794 4322 1956 4384 potus
1984 4312 2159 4367 dulcis

549 4423 638 4472 cst
666 4415 928 4480 fontium,
961 4413 1014 4467 in
1045 4425 1275 4482 quorum
1305 4411 1426 4465 sinu
1469 4407 1625 4464 cibus
1668 4407 1882 4463 dulcior
1922 4415 2008 4462 est
2047 4405 2160 4477 pal-

551 4520 786 4562 marum.
822 4503 1070 4573 Apostoli
1103 4517 1234 4570 ergo
1264 4507 1391 4556 sunt
1423 4499 1599 4556 fontes
1625 4545 1639 4567 ,
1672 4500 1764 4570 qui
1796 4500 1965 4554 totius
1996 4509 2156 4554 terra:

2267 3382 2453 3428 rantes
2483 3373 2534 3426 in
2568 3375 2678 3439 eis,
2713 3374 3058 3430 inimicorum
3089 3375 3316 3431 insidias
3351 3377 3664 3445 repellamus.
3687 3373 3783 3430 Cas-

2266 3475 2350 3522 tra
2377 3467 2522 3522 enim
2558 3475 2686 3523 sunt
2719 3468 2931 3538 jejunia
2969 3469 3322 3538 christianis,
3360 3487 3392 3526 a
3427 3473 3612 3543 quibus
3638 3472 3673 3526 si
3699 3471 3784 3540 quis

2262 3561 2642 3626 aberraverit,
2697 3560 2768 3616 ab
2814 3563 3049 3632 spiritali
3097 3563 3384 3621 Pharaone
3430 3565 3685 3630 invaditur,
3725 3575 3784 3617 ast

2265 3667 2610 3725 peccatorum
2638 3655 2934 3713 solitudine
2961 3657 3275 3714 devoratur.
3308 3659 3634 3715 Peccatorum
3655 3669 3780 3713 autem

2263 3749 2620 3822 solitudinem
2655 3750 2890 3820 patitur,
2929 3751 3020 3822 qui
3057 3739 3334 3808 de'sbritur
3365 3769 3394 3808 a
3435 3732 3784 3822 societac‘saa-

2269 3853 2508 3898 ciorum;

2332 3939 2388 3991 ἓ.
2421 3936 2609 3992 Murus
2638 3939 2802 4009 igitur
2831 3938 3053 4008 quidam
3090 3947 3176 3996 est
3221 3939 3521 3996 christiano
3557 3941 3784 4012 jejunium.

2267 4032 2285 4070 ί
2320 4033 2760 4102 inexpugnabilis
2789 4033 3045 4101 diabolo,
3078 4034 3585 4104 intransgressibilis
3610 4037 3783 4091 inimica.

2262 4126 2395 4194 Quis
2423 4125 2570 4181 enim
2599 4141 2856 4196 umquam
2883 4126 3309 4184 christianorum
3334 4129 3620 4201 jejunavit,
3641 4139 3786 4194 etcap-

2264 4228 2350 4272 tus
2383 4218 2501 4274 est?
2545 4219 2668 4289 quis
2703 4219 2928 4274 sobrius
2957 4219 3191 4286 mansit,
3224 4231 3280 4275 et
3309 4209 3485 4277 victus
3512 4223 3621 4278 est?
3643 4221 3787 4277 Tem-

2259 4311 2466 4368 Ientum
2509 4312 2822 4382 aggreditur
2859 4311 3116 4368 diabolus
3141 4353 3156 4378 ,
3204 4314 3544 4371 luxuriosum
3583 4323 3790 4385 opinanti

2261 4403 2532 4459 inimicus.
2563 4404 2662 4461 Ubi
2689 4417 2870 4461 autem
2894 4405 3164 4476 jejunium
3190 4407 3424 4477 viderit,
3453 4410 3611 4480 fugit,
3635 4409 3787 4469 metuit,

2263 4499 2632 4567 pertimescit;
2678 4509 2922 4556 terretur
2955 4501 3168 4573 pallore
3197 4503 3350 4574 ejus,
3387 4505 3679 4561 debilitatur
3709 4505 3788 4558 ine-

550 4600 744 4657 faciem
770 4599 1032 4655 doctrinze
1061 4611 1174 4652 sum
1209 4593 1437 4650 flumine
1469 4596 1787 4666 rigavernnt
1808 4636 1822 4660 ,
1846 4602 1899 4649 et
1925 4592 2160 4664 fatigatis
2187 4612 2241 4674 Ι)
2267 4595 2353 4648 dia
2374 4636 2388 4659 ,
2420 4595 2738 4652 infirmitate
2765 4598 3168 4668 prosternitur:
3198 4601 3583 4668 prosternitur,
3609 4604 3790 4671 inquam,

545 4697 787 4770 gentium
812 4694 1026 4764 populis
1050 4700 1239 4764 potum
1263 4687 1290 4726 ἀ
1313 4687 1483 4744 divini
1509 4689 1752 4761 mystcrii
1778 4688 2157 4757 propinarunt.

623 4790 676 4845 8.
714 4788 1068 4858 Septuaginta
1101 4795 1282 4839 autem
1318 4785 1526 4853 palmas
1552 4783 1703 4851 jutta
1733 4781 1911 4837 fontes
1941 4789 2160 4849 aposto-

547 4881 686 4939 licos
707 4885 998 4953 generatas
1028 4877 1372 4949 septuaginta
1403 4873 1527 4930 illos
1555 4875 1861 4946 discipulos
1891 4875 2154 4942 dixerim,

549 4978 643 5047 qui
673 4974 919 5031 secundo
951 4972 1018 5028 ab
1049 4971 1313 5043 apostolis
1343 4971 1516 5042 gradu
1549 4981 1774 5043 propter
1803 4971 2036 5024 salutem
2066 4969 2164 5024 lio-

549 5071 756 5128 minum
787 5087 815 5123 a
841 5069 1076 5124 Domino
1101 5067 1428 5138 diriguntur,
1461 5081 1599 5135 quos
1627 5063 1800 5121 Lucas
1828 5065 2161 5136 evangelista

547 5164 884 5230 describens,
913 5163 1071 5218 binos
1096 5171 1154 5218 et
1180 5161 1340 5216 binos
1364 5161 1562 5216 asserit
1587 5160 1895 5216 destinatos
1919 5158 2072 5231 (Luc.
2101 5176 2157 5228 x,

550 5259 578 5311 I
609 5268 659 5314 et
684 5257 842 5330 δρψ).
867 5257 972 5326 Qui
996 5271 1127 5312 vere
1149 5255 1300 5311 velut
1327 5254 1523 5324 palma:
1548 5263 1669 5323 post
1691 5267 1851 5308 curas
1879 5253 2158 5330 hominum

621 5408 644 5434 ει
684 5395 885 5455 Omnes
925 5391 1059 5467 edit.
1102 5407 1158 5451 et
1195 5396 1364 5454 codex
1409 5389 1580 5467 Lugd.
1620 5389 1784 5467 Regi,
1822 5394 2148 5467 impollutam

549 5469 684 5544 uiam
708 5487 844 5535 esse;
876 5465 1043 5542 magis
1072 5481 1308 5544 congrue
1334 5481 1398 5523 ac
1425 5465 1634 5536 Retnig.
1661 5473 1716 5521 et
1740 5465 2009 5531 Valliscl.,
2038 5467 2151 5537 pol-

551 5540 713 5594 lutam
741 5577 755 5605 ς
787 5552 892 5596 etc.

625 5610 652 5650 δ
694 5612 853 5667 Bato.
883 5613 1012 5670 edit.
1045 5613 1196 5679 Sola,
1224 5622 1272 5676 et
1301 5625 1563 5666 caenosam
1582 5609 1904 5679 voraginem.
1931 5646 1943 5660 .
1964 5647 1976 5661 .
1999 5649 2012 5663 .
2038 5618 2151 5677 post

550 5699 726 5738 maran
754 5687 878 5738 velut
905 5702 921 5738 :
949 5683 1041 5742 sed
1074 5678 1204 5740 mss.
1235 5699 1301 5740 ac
1327 5694 1436 5736 vel.
1466 5680 1597 5738 edit.
1631 5678 1834 5750 ubique
1877 5681 2145 5748 scribunt,

559 5755 818 5827 "tyrr/tam
843 5798 857 5821 ,
892 5754 1100 5827 myrrha
1123 5797 1136 5821 ,
1169 5763 1274 5810 etc.

629 5836 650 5865 ε
698 5826 814 5882 Vel.
867 5822 1022 5892 edit,
1065 5828 1188 5897 quia
1231 5841 1408 5881 omnes
1454 5823 1760 5896 purissimi;
1801 5822 1988 5894 Rom,
2030 5823 2150 5894 quia

2266 4689 2616 4756 inﬁrmitate;
2649 4691 2778 4761 quia
2807 4691 3105 4747 christiana
3147 4692 3443 4750 infirmitas
3470 4693 3704 4750 fortitudo
3721 4702 3792 4748 est.

2268 4780 2424 4838 Unde
2465 4783 2540 4838 ait
2573 4785 2905 4854 Apostolus:
2935 4784 3066 4839 Cum
3091 4786 3352 4855 inﬁrmor,
3397 4798 3516 4843 tunc
3543 4789 3697 4858 fortia
3717 4804 3793 4842 seu

2267 4875 2335 4949 (II
2357 4874 2480 4930 Cor.
2502 4893 2606 4938 an.
2632 4878 2744 4948 10).
2776 4877 2886 4933 Sed
2911 4888 3122 4948 quaret
3150 4879 3379 4950 aliquis,
3410 4880 3794 4952 quemadmodum

2266 4968 2341 5024 sit
2392 4969 2553 5025 fortis
2607 4970 2943 5027 inﬁrmitas?
2995 4971 3152 5027 Tunc
3203 4985 3289 5028 est
3339 4973 3501 5030 fortis
3553 4974 3796 5030 inﬁrmitas.

2267 5063 2484 5132 quando
2523 5075 2652 5120 caro
2683 5064 2916 5121 tabescit
2948 5064 3207 5136 jejuniis,
3251 5069 3435 5124 anima
3478 5071 3689 5140 puritate
3718 5068 3800 5139 pi-

2267 5157 2496 5226 guescit.
2521 5157 2794 5226 Quantum
2819 5161 2966 5214 enim
2993 5159 3072 5215 illi
3101 5161 3354 5218 ciborum
3376 5179 3571 5220 succus
3591 5163 3798 5218 subtabi-

2269 5261 2379 5318 tur,
2407 5261 2613 5308 tantum
2643 5253 2767 5309 huic
2785 5253 3014 5324 justitiai
3038 5256 3217 5312 virtus
3243 5269 3494 5329 augetur.
3525 5259 3662 5314 Tune
3684 5258 3801 5328 igitur

2253 5391 2387 5447 velut
2413 5407 2590 5445 amnes
2615 5390 2924 5463 purissimi;
2953 5407 3083 5446 mss.
3117 5399 3176 5445 ut
3203 5407 3306 5448 nos
3353 5395 3407 5447 in
3452 5401 3617 5448 textu.
3645 5390 3799 5444 Rursus

2255 5479 2408 5527 vero,
2440 5465 2528 5517 ubi
2557 5473 2666 5534 vet.
2699 5463 2858 5524 edit.,
2890 5463 3037 5534 larga
3064 5465 3326 5532 sapientia
3353 5474 3664 5519 sacramenta
3685 5471 3800 5532 perl-

2253 5536 2308 5600 li,
2340 5535 2514 5590 codex
2535 5533 2804 5600 Valliscl.,
2837 5533 2989 5606 larga
3013 5537 3288 5603 sapientia
3301 5547 3624 5592 sacramenta
3638 5535 3799 5605 porca:

2259 5607 2429 5715 Lujtd.
2462 5621 2594 5662 vero
2625 5607 2924 5663 lectionem
2947 5609 3361 5676 anteponimus.

2397 5677 2575 5715 την-ιο,
2610 5677 2828 5715 verum
2912 5677 3072 5715 A;...'..;
3095 5677 3361 5715 ...:..;....;:

2397 5677 2578 5736 Codex
2610 5677 2876 5750 Valliscqu
2912 5677 3072 5734 divini
3095 5677 3364 5735 ministerii
3390 5683 3725 5750 propinarunt.

2334 5760 2356 5821 ρ
2397 5749 2558 5806 Rom.
2590 5747 2724 5804 edit.
2754 5747 2866 5805 sola
2892 5765 2908 5814 ;
2939 5754 3149 5819 fratres,
3175 5747 3449 5821 superiore
3478 5753 3740 5808 Dominicis.

2337 5820 2355 5859 ί
2399 5822 2583 5880 Codex
2614 5821 2828 5890 Germ.,
2860 5832 2905 5877 et
2937 5823 3094 5876 turris
3119 5820 3544 5896 ineapugnabilis
3568 5825 3758 5882 diabolo.
