3944 6310
123 278 214 337 ets

923 270 1292 332 SERMONES
1329 270 1387 328 S.
1429 268 1780 330 AMBROSIO
1817 269 2190 332 HACTENUS
2227 270 2563 330 ASCBIPTI.

3281 274 3389 331 656

119 399 261 450 homo
287 388 572 446 imbecillis
595 387 818 460 quidem
845 394 930 444 est
955 386 1023 444 ad
1053 386 1333 444 smcularis
1364 399 1556 456 Opera,
1589 385 1684 442 sed
1712 393 1768 456 Α
1793 384 1920 442 Saul
1962 385 2349 442 abstinentiam
2389 386 2496 442 diei
2536 387 2652 442 suis
2690 388 2944 445 omnibus
2986 385 3308 456 indixisset,
3342 399 3397 445 et

115 485 251 542 fortis
280 482 346 536 ad
375 481 592 545 divina;
627 490 755 536 tunc
792 479 938 536 enim
985 480 1158 548 magis
1186 479 1253 534 de
1285 479 1396 534 Deo
1433 475 1680 548 cogitat,

116 588 136 615 δ
163 590 278 632 tunc
303 572 561 643 judicium
603 573 839 639 metuit,
885 581 1011 626 tunc
1051 571 1217 626 vincit
1259 569 1558 626 inimicum.
1593 569 1687 624 Ait

111 672 238 728 enim
266 665 510 722 Salvator
546 664 616 722 de
644 664 905 722 diabolo:
936 663 1051 722 Hoc
1079 678 1250 734 genus
1293 678 1405 719 non
1445 662 1682 732 ejicitur,

110 765 198 822 nisi
221 761 420 833 jejunio
463 770 519 817 et
567 760 908 818 orationibus
952 758 1162 831 (Manli.
1214 758 1497 827 ximam.
1546 757 1688 813 Dicit

110 857 276 926 utique
319 868 351 909 a
397 853 618 909 diabolo
664 867 1092 924 energumeuum
1150 868 1258 908 non
1312 851 1413 908 nisi
1461 851 1687 923 jejuniis

111 963 253 1021 posse
293 947 527 1016 purgari.
573 944 768 1002 Videte
807 962 940 1016 ergo
977 962 1097 1016 quae
1131 945 1326 1016 jejunii
1367 946 1540 1000 virtus
1578 945 1684 1010 sit,

111 1051 340 1114 quantam
374 1040 586 1094 homini
617 1055 720 1096 suo
749 1049 974 1109 praestet
1003 1041 1231 1110 gratiam
1258 1082 1273 1104 ,
1305 1040 1448 1110 quod
1483 1047 1685 1096 tantam

109 1142 306 1206 prtestet
331 1133 490 1188 alteri
521 1133 886 1190 medicinam:
916 1132 1376 1203 quemadmodum
1408 1133 1686 1203 proprium

109 1225 388 1284 sanctificat
433 1226 758 1282 hominem:
803 1225 953 1296 quod
1002 1227 1073 1282 ita
1127 1226 1376 1297 purillcet
1421 1225 1685 1284 alienum.

107 1321 226 1376 Mira
252 1320 389 1376 enim
422 1333 508 1374 res
544 1328 631 1374 est
653 1359 668 1384 ,
703 1319 843 1375 alter
877 1319 1126 1390 jejunat,
1165 1328 1223 1375 et
1265 1318 1426 1376 alteri
1465 1317 1691 1390 prodest

101 1413 377 1485 jejunantis
419 1412 650 1467 utilitas.

164 1509 216 1564 5.
247 1507 416 1578 Ergo.
446 1505 678 1574 fratres,
706 1507 1056 1563 abstinentiae
1086 1522 1236 1563 arma
1270 1507 1494 1563 minime
1523 1505 1689 1576 depo-

107 1614 308 1668 namus,
335 1609 392 1656 et
417 1599 770 1672 quadraginta
797 1601 1006 1657 dierum
1031 1601 1239 1670 jejunia
1267 1600 1384 1656 sine
1410 1599 1686 1654 intermis-

101 1696 243 1751 sione
267 1709 544 1752 curemus.
579 1694 676 1750 llic
705 1705 791 1751 est
820 1697 966 1752 enim
1003 1694 1274 1764 perlectus
1316 1709 1576 1750 numerus
1619 1692 1686 1748 ad

1788 476 2056 533 Jonatbas
2096 478 2217 548 ejus
2259 479 2404 534 filius
2445 479 2701 553 praecepti
2733 483 2978 546 nescius,
3011 481 3155 536 inter
3187 483 3397 537 medias

1789 569 2028 627 hostium
2057 571 2207 627 acies
2237 573 2410 628 victor
2435 573 2693 628 incedens
2721 573 2896 629 favum
2927 574 3128 642 mellis,
3166 576 3390 630 intincta

1788 667 1992 734 sceptri
2021 666 2362 730 summitate.
2393 675 2706 737 gustasset;
2738 676 2882 722 tanta
2905 667 3071 741 419
3095 667 3392 739 indignatio

1790 771 2016 828 repente
2038 767 2314 814 conuuota
2336 770 2419 814 est
2435 799 2450 824 ,
2478 770 2534 814 ut
2559 770 2611 814 et
2633 761 2912 816 dilleretur
2945 763 3171 817 victoria
3191 804 3206 830 ,
3232 773 3286 817 et
3313 763 3395 817 di-

1792 852 1989 906 vinitas
2018 852 2334 907 liederctur.
2364 853 2606 923 Denique
2634 867 2732 907 nec
2758 853 2899 909 bello
2925 853 3050 910 linis
3074 855 3396 924 imponitur,

1791 961 1891 1001 nec
1922 945 2035 1016 regi
2067 961 2392 1017 responsum
2427 945 2805 1016 propheticum
2834 949 3013 1002 datur.
3047 947 3198 1004 Unde
3230 949 3392 1004 intel-

1792 1039 2011 1107 ligimus
2039 1037 2185 1109 quod
2217 1039 2344 1093 Saul
2381 1037 2569 1096 hostes
2601 1054 2708 1094 non
2742 1049 2849 1094 tam
2883 1041 3083 1096 virtute
3125 1043 3395 1106 militum,

1791 1147 1954 1203 quam
1989 1132 2222 1188 militum
2254 1132 2591 1188 abstinentia
2619 1133 2932 1202 superabat.
2969 1134 3207 1204 Denique
3240 1138 3399 1192 unius

1791 1224 1952 1295 culpa
1977 1226 2192 1280 cunctis
2214 1223 2493 1281 confertur
2519 1223 2764 1297 ignavia.
2791 1235 2847 1280 et
2873 1229 3030 1282 unius
3057 1227 3257 1286 delicto
3285 1246 3402 1284 oin-

1794 1319 1956 1376 nibus
2005 1329 2300 1391 generatur
2347 1319 2674 1385 inlirmitas;
2723 1319 2907 1376 deficit
2951 1321 3095 1376 enim
3138 1322 3310 1376 virtus
3344 1323 3396 1378 in

1793 1413 2036 1469 exercitu
2056 1453 2072 1480 ,
2103 1412 2191 1469 ubi
2224 1413 2407 1468 delicit
2433 1413 2484 1468 in
2515 1412 2897 1468 observatione
2919 1412 3206 1483 jejunium.
3241 1415 3393 1482 Quod

1794 1518 1851 1566 ut
1877 1516 2160 1580 peccaturo
2201 1507 2333 1564 Saul
2374 1523 2440 1564 ex
2484 1509 2598 1578 ipsa
2641 1507 2948 1563 divinitatis
2978 1508 3277 1564 oll'ensionc
3311 1527 3403 1566 co-

1791 1602 2020 1672 gnovit,
2052 1603 2237 1656 statim
2269 1599 2524 1656 Jonatha:
2551 1601 2688 1655 dixit
2728 1617 2837 1656 non
2879 1617 3002 1658 esse
3043 1602 3406 1671 parcendum,

1793 1695 1890 1751 sed
1918 1708 2198 1766 peccatum
2229 1695 2530 1750 admissum
2561 1694 2827 1750 cﬂ'nsione
2856 1696 2974 1766 ejus
2999 1697 3281 1766 sanguinis
3309 1713 3404 1751 ex-

104 1786 432 1852 vincendum;
451 1786 715 1844 Dominus
730 1787 877 1843 enim
892 1787 1170 1842 diabolum
1187 1797 1540 1857 posteaquam
1556 1802 1685 1858 qua-
1718 1797 1766 1861 Β
1795 1791 2074 1863 piandum.
2106 1790 2293 1846 Videte
2318 1799 2522 1861 quanta
2550 1789 2692 1860 apud
2722 1789 2848 1845 Saul
2877 1805 3060 1859 regem
3093 1789 3257 1846 fuerit
3280 1792 3408 1845 reli-

105 1878 331 1950 draginta
358 1879 794 1950 diesjejunavit,
824 1881 1134 1946 evicit,non
1155 1881 1298 1950 quod
1327 1889 1379 1936 et
1407 1888 1536 1938 ante
1550 1879 1686 1951 jejuo

105 1974 181 2029 nia
194 1989 311 2030 eum
325 1975 540 2031 vincere
555 1990 663 2031 non
689 1975 963 2046 potuisset
980 1994 993 2028 :
1010 1975 1105 2031 sed
1121 1985 1178 2029 ut
1195 1976 1515 2030 ostenderet
1529 1973 1687 2031 nobis

107 2076 221 2122 tunc
246 2081 342 2124 nos
374 2069 578 2124 diaboli
621 2083 785 2140 posse
829 2083 951 2125 esse
981 2069 1243 2137 victores,
1275 2082 1399 2124 cum
1429 2082 1526 2139 per
1550 2082 1686 2136 qua-

104 2159 332 2230 draginta
376 2160 495 2216 dies
535 2162 773 2220 victores
795 2161 1094 2232 jejunando
1125 2159 1528 2217 desideriorum
1560 2175 1684 2216 car-

107 2254 293 2309 nalium
326 2253 659 2312 fuissemus:
693 2272 817 2317 eum
849 2269 1066 2326 quoque
1095 2256 1186 2326 qui
1218 2255 1361 2310 hunc
1401 2269 1686 2310 numerum

107 2357 469 2404 consecratum
487 2349 630 2419 gulae
660 2349 1077 2420 intemperantis
1103 2349 1390 2415 violasset,
1416 2357 1688 2418 tamquam

105 2441 414 2499 imbecilles:
442 2452 499 2500 et
526 2443 790 2498 miserum
823 2443 985 2499 facile
1013 2458 1138 2499 eum
1171 2444 1242 2497 ab
1275 2441 1496 2498 inimico
1527 2456 1689 2513 posse

105 2537 350 2606 superari.
375 2537 661 2606 Quomodo
690 2538 836 2594 enim
863 2548 1046 2607 potest
1075 2537 1128 2591 in
1153 2536 1330 2593 altero
1356 2533 1561 2591 diaboli
1590 2535 1690 2588 im-

105 2631 417 2700 probitatem
449 2632 702 2696 vincere.
734 2633 828 2703 qui
860 2632 1000 2702 gulae
1031 2631 1508 2701 intemperantiam
1541 2629 1594 2686 in
1631 2646 1692 2685 se

105 2723 209 2793 ipso
234 2740 341 2781 non
371 2725 585 2781 vincit?
615 2725 774 2782 Prius
802 2742 954 2796 ergo,
991 2726 1179 2791 homo,
1215 2725 1291 2780 tui
1320 2727 1497 2782 victor
1525 2734 1648 2780 esto
1673 2741 1687 2788 ;

105 2827 156 2874 ut
192 2823 364 2888 possis
405 2835 528 2876 esse
572 2821 748 2878 victor
785 2819 1038 2876 alterius.
1083 2819 1222 2876 Sunt
1263 2820 1409 2875 enim
1452 2819 1596 2874 intra
1637 2829 1692 2874 te

107 2914 291 2985 proprii
320 2913 416 2970 tibi
445 2914 666 2980 hostes,
695 2913 789 2983 qui
819 2912 1063 2983 quotidie
1094 2920 1149 2970 te
1175 2921 1537 2984 Oppugnant;
1566 2926 1692 2968 ecce

105 3008 234 3059 enim
262 3007 492 3060 avaritia
525 3014 577 3061 te
608 3006 924 3064 divitiarum
953 3004 1255 3062 ambitione
1294 3004 1652 3059 circumvenit
1674 3043 1688 3065 ,

103 3095 294 3152 luxuria
326 3100 608 3169 epularum
638 3099 910 3156 suavitate
937 3099 1181 3170 captivat
1201 3138 1216 3166 ,
1251 3097 1482 3154 ba'resis
1512 3098 1690 3153 scien-

1791 1885 1974 1956 gionis
2011 1884 2039 1922 ά
2078 1885 2426 1949 observatio,
2467 1884 2556 1952 qui
2607 1882 2871 1938 otlensam
2927 1883 3142 1938 Domini
3193 1883 3407 1953 optavit

1790 1983 1955 2038 etiam
2012 1980 2307 2051 parricidio
2353 1980 2639 2049 mitigare:
2691 1989 2746 2033 et
2798 1989 2998 2047 quanta
3053 1979 3122 2033 sit
3174 1979 3402 2033 resoluti

1790 2075 1948 2144 culpa
1974 2073 2169 2144 jejunii
2195 2115 2208 2138 ,
2243 2088 2364 2143 qua:
2398 2087 2506 2126 non
2539 2070 2643 2125 nisi
2674 2071 2954 2141 sanguinis
2985 2069 3253 2125 ell‘usione
3299 2087 3398 2139 pu-

1791 2169 1958 2227 nitur.
2005 2167 2071 2221 Et
2108 2167 2152 2224 si
2186 2167 2445 2238 ignorans
2472 2163 2737 2220 Jonathas
2770 2163 3032 2218 indictum
3065 2181 3093 2217 a
3117 2173 3280 2236 patre
3307 2163 3392 2230 je-

1786 2261 2000 2333 junium
2029 2260 2173 2331 quod
2207 2259 2498 2316 resolverit
2526 2300 2541 2324 ,
2571 2258 2732 2314 tnorti
2761 2257 3068 2313 addicitur:
3100 2257 3190 2327 qui
3224 2257 3403 2312 sciens

1793 2355 2060 2414 indictum
2083 2370 2114 2410 a
2134 2352 2356 2412 Christo
2384 2350 2612 2408 resolvit
2632 2350 2902 2421 jejunium
2922 2391 2937 2415 ,
2968 2349 3097 2420 quid
3124 2348 3402 2406 meretur?

1864 2449 1918 2505 6.
1973 2448 2160 2517 Ergo,
2213 2446 2446 2508 fratres,
2500 2452 2760 2500 statutum
2817 2443 2974 2498 nobis
3027 2441 3402 2498 custodiamus

1790 2541 1939 2597 omni
1959 2540 2345 2598 observatione
2368 2537 2665 2608 jejunium,
2698 2545 2756 2590 ut
2781 2535 2969 2588 hostes
2998 2543 3217 2592 nostros
3239 2532 3403 2605 Spiri-

1795 2635 1932 2690 tales
1959 2633 2319 2703 carnalesque
2365 2630 2684 2695 vincamus;
2731 2628 2997 2684 habemus
3037 2629 3218 2694 enim,
3263 2627 3402 2681 sicut

1796 2728 2004 2792 nostis,
2038 2737 2092 2784 et
2121 2727 2368 2784 carnales
2399 2724 2609 2778 hostes.
2640 2722 2964 2793 Jejuncmus
2996 2721 3181 2792 igitur,
3215 2728 3274 2774 ut
3299 2736 3395 2782 eos

1793 2822 2071 2877 exercitus
2097 2827 2285 2875 noster
2311 2829 2363 2872 et
2393 2816 2521 2872 Saul
2553 2825 2771 2884 superet
2803 2823 2858 2870 et
2886 2813 3150 2870 obtineat.
3197 2813 3307 2868 Nec
3343 2815 3394 2867 in

1793 2913 2126 2974 abstinentia
2154 2911 2315 2982 positi
2341 2909 2682 2966 declinemus
2707 2908 2774 2964 ad
2806 2907 2988 2963 favum
3015 2925 3030 2974 ;
3064 2908 3218 2964 favus
3250 2909 3396 2964 enim

1793 3007 2048 3079 quaedam
2080 3006 2267 3062 mundi
2309 3013 2393 3060 est
2423 3004 2705 3074 voluptas,
2740 3018 2837 3059 seu
2879 3003 3038 3067 vitia,
3080 3019 3222 3071 qua’,
3265 3003 3405 3058 sicut

1795 3101 2061 3170 scriptum
2103 3111 2217 3168 est,
2259 3099 2327 3153 ad
2368 3109 2565 3170 tempus
2591 3097 2799 3168 quidem
2831 3097 3162 3171 impinguant
3192 3096 3365 3167 [nuces
3388 3137 3402 3164 ,

103 3191 181 3247 tite
203 3191 229 3231 ι’
261 3193 498 3250 falsitate
544 3194 833 3265 pervertit.
883 3191 1047 3250 Vince
1088 3209 1217 3264 ergo
1261 3193 1512 3250 inimicos
1557 3207 1684 3263 pro-
1719 3193 1764 3258 C
1797 3198 2074 3253 novissima
2104 3193 2365 3250 anteriora
2393 3203 2511 3250 sunt
2541 3192 2662 3264 felle
2693 3190 2880 3265 (Prov.
2912 3207 2963 3256 v,
2998 3191 3080 3258 4).
3119 3201 3140 3227 θ
3171 3191 3405 3246 Oremus

103 3286 268 3356 prius,
297 3301 353 3344 ut
385 3290 609 3348 vincere
637 3289 820 3360 possis
850 3289 1084 3345 alienos.

163 3379 214 3436 ὁ.
240 3380 358 3436 Non
383 3383 528 3437 enim
549 3423 565 3448 ,
595 3382 812 3448 lratres,
841 3381 960 3440 leve
985 3391 1267 3452 peccatum
1298 3392 1383 3437 est
1401 3423 1415 3448 ,
1446 3381 1696 3439 ﬁdelibus

103 3470 348 3532 indictum
379 3475 850 3548 quadragesimum
881 3491 908 3530 a
947 3475 1178 3532 Domino
1207 3475 1448 3542 violare,
1477 3485 1531 3534 et
1552 3476 1697 3546 jeju-

105 3567 182 3621 nia
227 3580 548 3628 consecrata
585 3571 798 3626 ventris
843 3570 1143 3626 voracitate
1172 3569 1500 3626 dissolvere.
1543 3570 1694 3626 Scri-

103 3669 240 3728 ptum
269 3675 356 3720 est
383 3663 530 3720 enim
555 3681 570 3719 ς
599 3663 704 3731 Qui
731 3663 862 3718 dicit
888 3679 944 3718 se
974 3663 1024 3717 in
1053 3660 1261 3717 Christo
1288 3679 1520 3728 ntanere,
1549 3662 1698 3718 debet

102 3755 224 3810 sicut
250 3757 344 3814 ille
374 3758 692 3824 ambulavit,
723 3768 770 3812 et
797 3759 906 3828 ipse
934 3758 1200 3812 ambulare
1233 3756 1291 3829 (Ι
1319 3755 1479 3812 Joan.
1509 3773 1545 3814 ιι
1568 3798 1583 3822 ,
1615 3757 1692 3826 6).

102 3846 154 3904 Si
192 3852 266 3906 vis
306 3865 442 3922 ergo
479 3851 814 3909 christianus
853 3865 1012 3920 esse,
1061 3862 1082 3891 ο
1123 3851 1291 3907 debes
1329 3851 1604 3921 quomodo
1641 3862 1698 3908 et

102 3939 341 4002 Christus
369 3945 672 4002 ambulare.
715 3945 812 4000 Ille
839 3946 931 4016 qui
965 3956 1247 4015 peccatum
1282 3961 1388 4000 non
1423 3945 1695 4012 habebat,

101 4038 566 4109 quadragesimum
596 4039 867 4110 jejunavit
893 4058 905 4093 :
928 4050 982 4095 tu
999 4055 1108 4096 non
1125 4039 1693 4110 visquadragesimam

101 4128 373 4200 jejunare,
409 4134 504 4203 qui
546 4147 760 4202 peccas.
804 4131 931 4197 llle,
974 4133 1195 4202 inquam
1218 4174 1234 4198 ,
1270 4142 1552 4201 peccatum
1587 4149 1694 4188 non

104 4221 336 4283 habebat
357 4267 371 4293 ,
403 4227 499 4283 sed
532 4218 632 4297 pro
664 4227 869 4283 nostris
895 4226 1163 4297 jejunavit
1205 4229 1465 4299 peccatis.
1509 4227 1696 4296 Qualis

104 4333 231 4388 ergo
266 4318 411 4391 apud
450 4319 844 4375 conscientiam
889 4328 1035 4375 tuam
1075 4317 1406 4378 christianos
1443 4333 1536 4384 es,
1571 4334 1694 4375 cum

105 4407 312 4466 Christo
353 4424 451 4482 pro
491 4421 542 4468 te
580 4409 860 4466 esuriente
884 4452 898 4475 ,
942 4419 1001 4466 ιιι
1041 4410 1468 4480 prande5?cum
1507 4411 1698 4469 Salva-

107 4510 214 4558 tore
245 4519 341 4574 pro
376 4512 427 4560 te
453 4503 735 4574 jejunante
759 4545 774 4568 ,
805 4512 864 4559 tu
895 4502 1124 4560 reficis?

1798 3292 1980 3363 igitur.
2012 3299 2068 3344 ut
2098 3289 2256 3348 nobis
2282 3287 2656 3358 jejunantibus
2701 3286 2790 3342 ille
2832 3285 3135 3355 Spiritualis
3178 3285 3332 3341 favus
3373 3300 3404 3340 a

1798 3385 2028 3441 Domino
2058 3381 2339 3452 largiatur,
2373 3380 2463 3451 qui
2506 3382 2558 3435 in
2602 3388 2809 3435 acterna
2855 3378 3192 3434 beatitudine
3223 3380 3274 3432 in
3309 3394 3406 3448 pa-

1796 3479 1908 3534 lato
1938 3478 2113 3534 faucis
2142 3476 2338 3530 anima:
2380 3473 2539 3530 nobis
2571 3474 2850 3530 dulcescat
2877 3491 2888 3526 :
2922 3473 3042 3543 ipso
3072 3471 3366 3543 adjuvante
3395 3513 3409 3540 ,

1797 3571 1887 3642 qui
1917 3569 2051 3626 vivit
2079 3579 2135 3627 et
2166 3577 2362 3640 regnat
2393 3570 2447 3624 iu
2479 3567 2680 3624 smcula
2714 3567 3082 3634 saeculorum,
3117 3581 3297 3620 amen.

2377 3702 2611 3759 SERMO
2648 3701 2818 3757 XXII.

2155 3815 2234 3872 De
2265 3823 2450 3871 sancta
2484 3812 2914 3885 Quadragcsima
2956 3807 3042 3866 Vl.

1802 3936 1855 3992 11
1861 3938 1908 3993 io
1928 3950 2095 3994 sermo
2116 3935 2169 3990 in
2191 3935 2358 4002 antiq.
2382 3934 2505 3988 edit.
2531 3948 2592 3985 ac
2617 3931 2875 4001 plerisque
2903 3946 3023 3984 mss.
3058 3928 3412 3999 asperioribus

1873 4027 2036 4083 tribus
2079 4027 2313 4096 proxime
2355 4023 2670 4098 subjicitur;
2722 4022 2857 4078 unde
2899 4025 3197 4095 conjectura
3238 4017 3416 4091 aliqua

1873 4123 1995 4178 duri
2027 4130 2220 4192 potest,
2250 4137 2365 4176 eum
2393 4121 2454 4174 ab
2486 4119 2695 4174 illorum
2724 4127 2932 4174 auctore
2955 4117 3244 4188 profectum
3275 4134 3407 4172 esse.

1874 4215 2053 4286 Ipsius
2079 4226 2250 4272 tamen
2278 4214 2442 4285 stylus
2468 4213 2627 4285 paulo
2653 4212 2899 4267 [inutilior
2926 4220 3001 4268 est
3023 4227 3041 4265 :
3063 4211 3153 4265 srd
3177 4212 3411 4268 eumdem

1873 4328 1906 4365 a
1932 4310 2155 4365 dictione
2187 4308 2444 4364 Ambrosii
2477 4307 2636 4361 multo
2675 4305 2880 4378 longius
2907 4315 3129 4362 removet
3159 4307 3252 4360 illa
3279 4307 3412 4361 sint-

1874 4403 2114 4474 plicitas,
2144 4418 2299 4472 quam
2330 4418 2360 4454 a
2395 4399 2637 4455 Maximi.

1876 4501 1928 4552 ι.
1971 4497 2089 4554 Non
2121 4512 2289 4567 usque
2319 4495 2456 4550 adeo
2487 4493 2801 4549 contristari
2843 4492 3142 4555 debemus,
3177 4491 3373 4548 fratres
3396 4535 3412 4558 ,

171 4599 224 4654 5,
250 4597 367 4656 Non
397 4599 592 4670 igitur,
621 4599 765 4654 sicut
792 4598 904 4654 dixi
926 4638 941 4662 ,
972 4599 1091 4655 leve
1120 4607 1402 4666 peccatum
1449 4609 1532 4656 αι
1561 4599 1703 4655 indi-
1730 4603 1785 4665 D
1810 4589 1951 4660 quod
1984 4589 2039 4644 in
2070 4588 2154 4646 his
2184 4586 2613 4658 quadragesima:
2645 4585 2837 4640 diebus
2871 4588 3097 4639 tentatio
3128 4585 3286 4639 nobis
3317 4585 3416 4639 tri-

107 4698 243 4748 ctum
268 4692 473 4750 violare
493 4691 783 4762 jejunium.
812 4690 944 4746 Nam
973 4701 1032 4748 ut
1053 4691 1157 4747 hoc
1180 4692 1446 4762 exemplis
1460 4692 1703 4748 breviter

109 4785 496 4854 approbemus,
524 4784 752 4855 legimus
779 4783 834 4838 iu
865 4783 1020 4840 libris
1043 4783 1390 4854 Regnorum,
1421 4799 1541 4840 eum
1572 4784 1702 4840 Saul

110 4890 200 4936 rex
223 4877 387 4934 Israel
411 4877 612 4935 bellum
633 4886 822 4933 contra
843 4875 1167 4948 All0phylos
1186 4886 1424 4948 gereret,
1445 4877 1703 4933 universo

107 4983 227 5028 eum
267 4972 535 5030 exercitui
565 4970 832 5026 indixisse
857 4970 1159 5039 jejunium,
1204 4981 1258 5026 et
1302 4969 1703 5028 abstinentibus

109 5065 345 5131 cunctis,
393 5081 517 5121 eum
564 5075 754 5118 contra
798 5061 1144 5117 adversarios
1188 5078 1429 5133 pugnare
1471 5063 1702 5130 cepisse

114 5155 153 5222 (Ι
180 5155 310 5230 Reg.
343 5173 465 5224 xt-v,
493 5156 563 5213 25
588 5166 634 5210 et
660 5156 814 5227 δρψ).
845 5155 1034 5210 Bonus
1063 5153 1225 5226 plane
1259 5169 1375 5219 rex,
1397 5155 1486 5224 qui
1517 5153 1707 5212 boues

109 5263 233 5307 suos
271 5269 378 5308 non
419 5263 525 5310 toni
565 5252 735 5308 armis
773 5266 936 5322 quam
977 5249 1272 5308 devotione
1314 5249 1609 5315 vincebat,
1651 5258 1704 5305 et

113 5343 229 5412 plus
264 5345 564 5402 dimicabat
603 5346 910 5417 religione,
965 5360 1128 5415 quam
1181 5342 1332 5402 telis.
1383 5341 1518 5399 Cum
1574 5358 1706 5416 ergo

185 5494 208 5556 ει
243 5481 428 5541 (Iudex
465 5481 733 5550 Μῆδοι,
765 5496 885 5538 tunc
903 5485 1162 5556 judicium
1190 5499 1291 5538 non
1322 5484 1518 5538 ntetuit.

180 5555 208 5596 δ
245 5557 449 5613 Omnes
475 5557 629 5622 edit,
662 5555 987 5626 perversitate
1016 5557 1292 5628 pervertit;
1322 5570 1515 5612 omnes
1541 5571 1696 5622 mss,

117 5631 340 5699 falsitate
365 5632 621 5699 pervertit.

191 5713 210 5738 ε
257 5697 375 5754 ιρις
414 5701 544 5755 edit.
587 5712 639 5756 et
680 5717 778 5756 ms.
823 5717 992 5767 unus,
1023 5701 1171 5756 debes
1197 5698 1334 5772 quod
1361 5697 1595 5772 Christus
1622 5701 1706 5768 fa-

119 5787 224 5826 cere
254 5790 268 5836 ;
295 5772 548 5831 Rom.....
573 5776 690 5841 fecit
715 5777 884 5844 facere
910 5789 926 5827 :
952 5773 1046 5828 sed
1071 5771 1478 5844 cutn’neutrntn
1509 5771 1705 5844 horum

119 5845 401 5899 verborum
431 5845 604 5914 legere
629 5847 699 5902 sit
715 5841 778 5901 'in
805 5846 922 5903 aliis
947 5860 1080 5902 mss.
1100 5845 1262 5902 lectio
1286 5843 1492 5902 codicis
1517 5841 1706 5903 Germ.

1813 4681 2108 4738 bulationis
2135 4671 2389 4745 adrenit;
2419 4677 2676 4748 quoniam
2705 4688 2758 4732 et
2791 4677 3130 4731 Salvatorcm
3165 4687 3410 4730 nostrum

1813 4783 2038 4846 propter
2069 4773 2238 4843 ipsam
2269 4769 2736 4842 quadragesimum
2783 4769 3028 4825 videmus
3074 4785 3194 4827 esse
3238 4777 3414 4824 tenta-

1814 4877 1947 4926 tum.
1992 4867 2167 4930 Minus
2207 4880 2338 4938 ergo
2368 4865 2559 4920 dolere
2585 4863 2852 4920 debemus
2883 4863 3118 4932 servoli,
3155 4866 3274 4937 quia
3311 4863 3418 4917 Do-

1816 4963 1944 5018 mini
1977 4962 2237 5017 habemus
2266 4960 2602 5030 escmplum.
2635 4959 2735 5016 Ubi
2767 4961 2912 5016 enim
2945 4970 3029 5016 cst
3060 4959 3257 5018 similis
3289 4974 3412 5014 cum

1811 5057 2032 5114 Chrile
2060 5053 2301 5118 devotio,
2332 5053 2531 5110 similis
2559 5064 2642 5110 est
2671 5065 2873 5111 etcum
2900 5054 3118 5109 Christo
3150 5053 3412 5120 tentatio;

1813 5149 2182 5209 conditionem
2213 5148 2359 5206 enim
2404 5148 2560 5204 nobis
2594 5148 2859 5204 tolerandi
2903 5146 3133 5218 imponit
3173 5144 3417 5200 conditio

1810 5242 2116 5316 jejunandi.
2166 5240 2453 5300 Credimus
2479 5252 2660 5297 autem
2692 5240 2836 5311 quod
2869 5239 3008 5294 sicut
3035 5239 3285 5294 SaIVator
3321 5255 3418 5293 no-

1817 5347 1932 5397 ster
1957 5336 2237 5394 diabolum
2269 5351 2392 5394 cum
2426 5343 2750 5398 tentaretur,
2791 5332 3061 5398 obtinuit;
3108 5332 3178 5388 ita
3219 5342 3272 5388 et
3317 5347 3417 5390 nos

1873 5497 1896 5532 ιι
1943 5481 1954 5532 i
2016 5478 2220 5533 arrisit.

1813 5495 2031 5606 m“gilii
2079 5565 2208 5604 mss.
2258 5549 2400 5604 edit.
2449 5563 2607 5613 vero,
2663 5548 2983 5603 observantia
3021 5549 3109 5617 qui
3162 5549 3416 5616 uicinum

1813 5623 1981 5680 Deum
2005 5666 2020 5689 ,
2053 5633 2158 5679 etc.

1892 5707 1913 5731 ε
1959 5688 2175 5749 Oremus
2202 5692 2378 5764 igitur.
2400 5699 2465 5764 et
2493 5690 2772 5757 sequentia
2804 5707 2943 5746 nunc
2968 5693 3203 5762 primum
3236 5710 3264 5747 e
3292 5688 3414 5747 cod.

1820 5767 1940 5822 Val.
1977 5777 2028 5822 et
2062 5766 2248 5829 Germ,
2281 5763 2663 5819 restituuntur.
