3944 6310
629 261 732 316 647

1555 249 1646 308 AD
1683 249 1917 308 OPERA
1955 247 2203 308 SANCTI
2241 249 2568 310 AMBROSII
2607 248 2973 311 APPENDIX.
3711 261 3774 319 ill

621 377 804 431 hostes
832 381 1038 438 notros,
1066 383 1189 426 cum
1218 367 1564 434 tribulamur,
1593 383 1756 439 posse
1780 367 2106 434 devincere;
2131 366 2212 438 je-
2239 366 2292 428 Α
2315 383 2502 424 aurem
2548 369 2779 425 obstruit
2804 386 2819 436 ;
2867 379 2922 426 et
2967 366 3090 424 ideo
3140 366 3435 423 bonitatem
3475 381 3596 425 suam
3625 386 3648 426 a
3679 378 3774 430 nobis

610 468 760 538 junia
790 467 931 524 cnim
963 464 1167 522 Christi
1198 463 1397 518 tentari
1432 472 1689 533 possunt,
1723 477 1829 518 non
1863 471 2090 533 possunt
2121 477 2210 516 su-

612 561 808 634 perari.
858 559 1146 631 Angustias
1185 556 1406 628 quidem
1450 557 1503 612 in
1545 555 1926 613 observatione
1969 555 2207 624 habent,

607 655 702 712 sed
750 653 1170 728 prosperitatcm
1218 650 1466 707 tribuunt
1512 659 1569 707 et
1613 649 1870 706 salutem.
1917 648 2208 705 Videamus

607 747 771 818 igitur
799 747 938 802 inter
967 755 1197 801 czeteras
1226 744 1588 810 tentationes,
1621 759 1726 815 qua
1761 743 2050 799 Dominum
2092 743 2210 798 dia-

605 840 762 896 bolus
794 849 911 895 arte
939 838 1196 895 lacessat.

673 934 730 989 2.
758 934 894 990 Cum
916 933 1062 990 enim
1088 947 1254 1004 super
1280 932 1498 1004 pinnam
1521 939 1690 987 staret
1717 930 1903 1003 templi
1932 930 2204 996 Salvator,

601 1029 678 1084 ait
717 1027 1006 1084 diabolus:
1051 1027 1115 1083 Si
1160 1025 1332 1082 Filius
1378 1025 1476 1082 Dei
1517 1042 1606 1091 es,
1656 1027 1799 1080 mitte
1842 1034 1889 1079 te
1928 1023 2204 1089 deorsum,

600 1132 656 1179 et
684 1121 894 1193 reliqua
925 1119 1142 1194 (Matth.
1178 1136 1257 1188 tv,
1286 1121 1367 1191 6).
1403 1120 1544 1176 Vere
1569 1119 1853 1176 diabolicae
1882 1119 2086 1174 fraudis
2115 1132 2206 1173 as-

598 1214 733 1269 tutia
777 1213 1194 1270 consuetudinis
1230 1228 1344 1268 suae
1389 1212 1578 1269 nititur
1606 1221 1960 1284 argumento;
1989 1219 2207 1281 semper

597 1307 741 1362 enim
772 1307 1061 1379 religiosos
1087 1306 1154 1362 de
1182 1306 1561 1377 superioribus
1589 1305 1827 1377 dejicere
1853 1305 1921 1361 ad
1951 1306 2204 1360 inferiora

595 1409 849 1468 conatur,
892 1409 949 1456 et
986 1399 1057 1456 de
1095 1400 1298 1456 sanctis
1329 1415 1393 1455 ac
1432 1398 1764 1457 venerandis
1793 1399 2008 1454 actibus
2036 1397 2206 1454 dedu-

595 1507 722 1548 cere
748 1491 814 1546 ad
848 1503 1063 1548 terrena
1090 1500 1147 1548 et
1173 1505 1394 1548 caenosa
1426 1491 1684 1556 festinat;
1725 1500 1784 1546 ut
1824 1490 1919 1560 qui
1959 1500 2067 1546 stat
2106 1505 2203 1560 pu-

595 1587 756 1640 ritate
792 1585 992 1640 mentis
1034 1585 1088 1640 in
1136 1583 1448 1640 summitate
1486 1585 1713 1655 templi,
1757 1583 2004 1654 projiciat
2043 1597 2102 1638 sc
2148 1583 2200 1637 in

594 1675 919 1747 profundum
950 1675 1108 1733 inferi
1142 1677 1471 1747 contagione
1498 1675 1730 1746 peccati.
1767 1674 1901 1730 Nam
1930 1690 2053 1729 cum
2099 1674 2200 1728 Do-

2315 460 2463 516 Deus
2516 475 2622 514 non
2678 471 2784 516 tam
2834 461 2951 530 ipse
2999 460 3268 524 retrahit,
3320 473 3470 530 quam
3509 472 3651 517 nostra
3683 465 3774 520 illum

2314 554 2510 609 delicta
2547 553 2822 625 rcjiciuut.
2863 554 2953 610 Ait
2991 554 3138 609 enim
3181 554 3327 609 idem
3365 553 3589 610 Dominus
3612 572 3680 625 per
3700 574 3777 628 pro-

2313 647 2531 719 pbetant
2572 647 2640 703 ad
2679 663 2808 714 eos,
2841 649 2934 719 qui
2963 658 3124 704 erant
3155 649 3211 703 in
3243 648 3632 706 tribulationibus
3652 655 3779 708 consti-

2312 741 2413 795 tuti
2441 759 2454 794 :
2481 741 2752 812 Numquid
2780 758 2879 796 non
2908 741 3042 797 valet
3071 759 3256 796 manus
3286 758 3397 796 nica
3423 758 3571 798 eruere
3592 743 3778 814 tros(l§sai.

2313 853 2375 903 L,
2404 837 2502 908 2)?
2530 846 2586 893 et
2621 837 2851 908 reliqua.
2885 837 3050 894 Vides
3090 853 3222 908 ergo
3262 836 3501 906 quoniant
3535 837 3648 893 inter
3677 838 3780 894 Deum

2311 940 2368 986 ct
2405 931 2682 988 hominem
2725 940 2944 1002 peccata
2975 938 3253 1001 separant.
3297 929 3448 986 Tolle
3482 929 3616 1001 igitur
3644 945 3782 1001 peccat:

2309 1023 2378 1080 de
2407 1023 2618 1088 medio,
2651 1033 2708 1079 et
2740 1023 2906 1078 Deum
2941 1023 3034 1077 tibi
3067 1023 3376 1092 proximum
3409 1032 3459 1076 tu
3486 1020 3647 1077 fecisti.

2380 1117 2433 1170 6.
2466 1116 2753 1184 Quomodo
2781 1117 2926 1172 cnim
2955 1126 3134 1188 potest
3155 1158 3169 1181 ,
3199 1114 3426 1180 fratres,
3453 1117 3659 1171 oblivisci
3678 1121 3783 1173 nostri

2310 1211 2485 1278 Deus,
2518 1213 2608 1284 qui
2641 1212 2804 1266 etiam
2836 1211 3066 1282 capillos
3097 1211 3298 1282 capitis
3327 1210 3491 1265 nostri
3517 1210 3560 1264 in
3588 1211 3784 1281 Evangelia

2309 1306 2452 1377 apud
2485 1321 2545 1361 se
2573 1305 2708 1362 dicit
2737 1320 2862 1362 esse
2902 1306 3268 1362 numeratos?
3307 1304 3364 1360 Si
3401 1304 3531 1360 enim
3565 1305 3786 1375 capillorum

2307 1411 2622 1457 nostrorum
2665 1403 2949 1468 meminit,
2991 1403 3166 1457 multo
3213 1401 3390 1471 magis
3432 1409 3686 1456 nostrarum
3714 1404 3786 1456 ani-

2309 1511 2520 1550 tnarum
2552 1495 2802 1550 meminit
2834 1493 3007 1566 (Luc.
3041 1511 3148 1562 xu,
3183 1495 3276 1564 7).
3311 1493 3415 1550 Per
3444 1509 3679 1549 numerum
3700 1495 3786 1549 enim

2307 1606 2496 1648 curam
2548 1590 2695 1645 circa
2746 1606 2847 1645 nos
2899 1590 3436 1661 sollicitudinemque
3481 1590 3786 1660 cognoscimus;

2309 1701 2470 1742 nemo
2500 1685 2645 1741 enim
2679 1693 2962 1749 numerat,
2995 1684 3098 1739 nisi
3131 1683 3277 1754 quod
3309 1683 3421 1738 vult
3448 1681 3790 1752 diligentiuscus-

593 1769 799 1824 minum
843 1768 912 1825 de
939 1769 1102 1839 pinna
1146 1769 1334 1840 templi
1379 1767 1619 1838 dejicere
1659 1767 1870 1834 nititur,
1909 1767 2095 1837 utique
2135 1765 2189 1823 de

2310 1777 2488 1834 todire
2517 1795 2529 1832 :
2569 1793 2729 1834 nemo
2760 1785 3050 1844 numerat,
3085 1775 3187 1830 nisi
3218 1776 3312 1847 qui
3360 1784 3579 1838 veretur,
3618 1790 3669 1829 ne
3699 1773 3788 1828 frau-

591 1861 833 1932 perfecto
887 1861 1165 1932 religionis
1215 1862 1363 1918 cultu
1420 1878 1547 1918 eum
1601 1877 1884 1918 removere
1935 1871 2200 1927 conatur;

591 1957 756 2026 pinna
806 1955 951 2012 enim
1003 1955 1109 2012 loci
1155 1955 1335 2012 sancti
1381 1954 1649 2026 perfectio
1695 1953 1938 2010 caelestis
1979 1962 2063 2010 est
2108 1967 2198 2008 sa-

588 2053 878 2111 cramenti.

660 2148 715 2204 '5.
767 2146 937 2204 Recte
986 2154 1166 2202 autem
1219 2145 1480 2201 Dominus
1525 2157 1691 2215 super
1745 2143 1963 2214 pinnam
2010 2143 2194 2214 templi

588 2251 735 2298 stare
780 2239 1018 2306 dicitur;
1066 2238 1192 2310 quia
1236 2237 1305 2293 de
1343 2237 1464 2308 ipso
1490 2237 1752 2306 scriptum
1781 2244 1903 2291 est:
1939 2234 2044 2300 Qui
2085 2250 2194 2287 ant-

585 2335 728 2390 bulat
775 2348 934 2404 super
972 2348 1168 2403 pennas
1210 2340 1476 2386 ventorum
1515 2329 1708 2402 (Psal.
1736 2345 1862 2394 cm,
1890 2329 1987 2398 5).
2021 2327 2196 2398 Super

584 2441 796 2500 pennas
835 2425 982 2483 enim
1021 2434 1310 2480 ventorum
1355 2421 1762 2494 quodammodo
1803 2421 2043 2476 ambulat
2081 2419 2191 2474 Do-

584 2520 799 2586 minus,
825 2534 949 2574 cum
981 2533 1148 2589 super
1178 2531 1391 2572 morum
1423 2527 1736 2571 nostrorum
1767 2513 1936 2569 alacri
1965 2527 2195 2568 conver-

581 2615 796 2670 satione
821 2612 1002 2668 volatu
1035 2611 1281 2676 incedit;
1315 2625 1509 2681 pennm
1540 2609 1686 2664 enim
1719 2607 1878 2663 nobis
1911 2615 2036 2662 sunt
2065 2603 2192 2660 boni

580 2723 800 2774 mores,
843 2707 935 2778 qui
978 2721 1078 2762 nos
1115 2706 1359 2762 elevatos
1389 2719 1419 2758 a
1454 2713 1614 2758 terra:
1657 2700 1955 2756 humilibus
1980 2699 2036 2754 in
2065 2696 2193 2754 coeli

580 2803 772 2857 altiora
827 2799 1174 2867 sustollunt,
1231 2807 1287 2854 et
1342 2796 1528 2853 volatu
1580 2795 1819 2867 quodam
1873 2793 2070 2850 mentis
2124 2793 2194 2848 de

581 2906 793 2952 tartaro
835 2895 1127 2953 tenebroso
1167 2893 1444 2959 educunt,
1487 2903 1544 2948 et
1582 2891 1650 2946 ad
1695 2890 1934 2962 paradisi
1975 2904 2191 2946 amoma

583 2989 913 3060 perducunt.
969 2988 1216 3054 Quorum
1274 3001 1487 3042 morum
1544 3000 1753 3055 pennas
1805 2983 2007 3040 habere
2061 2983 2194 3038 Pro-

582 3082 749 3154 pheta
776 3082 1096 3139 desiderans
1132 3081 1250 3136 ait:
1293 3080 1425 3148 Quis
1465 3079 1611 3134 dabit
1648 3079 1778 3134 mihi
1816 3095 2018 3151 pennas
2054 3079 2190 3133 sicut

2307 1872 2432 1928 dem
2485 1874 2692 1944 absque
2747 1886 2979 1927 numero
3037 1871 3298 1941 patiatur.
3354 1870 3536 1925 Pastor
3575 1879 3623 1924 ut
3658 1869 3788 1924 salvum

2304 1982 2523 2038 gregem
2554 1966 2756 2023 habeat
2777 2009 2791 2033 ,
2823 1982 2945 2022 eum
2980 1965 3299 2036 frequenter
3341 1972 3668 2020 annumerat:
3697 1963 3789 2016 deni-

2303 2075 2408 2131 que
2437 2060 2700 2116 Dominus
2721 2103 2736 2128 ,
2764 2060 2856 2131 qui
2887 2069 2976 2116 est
3015 2059 3190 2115 bonus
3236 2068 3444 2131 pastor,
3479 2074 3587 2115 cum
3621 2073 3697 2112 una
3724 2060 3788 2110 ovi.

2301 2155 2421 2210 cula
2471 2155 2541 2211 de
2589 2163 2809 2211 centum
2858 2155 3052 2209 ovibus
3093 2155 3443 2222 aberrasset,
3488 2168 3722 2210 recurrens
3751 2154 3787 2204 ad

2301 2263 2587 2302 numerum
2608 2289 2622 2313 ,
2660 2245 2897 2318 propriis
2929 2261 3048 2301 eam
3083 2246 3150 2301 ad
3182 2262 3403 2318 gregem
3436 2245 3649 2301 humeris
3671 2260 3789 2313 repor-
3879 2223 3881 2242 Ι

2300 2340 2432 2394 tavit
2459 2339 2623 2411 (Luc.
2652 2356 2748 2405 xv,
2773 2341 2806 2394 4
2824 2338 2862 2408 ).
2899 2339 3078 2409 Usque
3105 2338 3244 2394 adeo
3269 2353 3404 2409 ergo
3433 2338 3637 2393 habetur
3657 2337 3726 2390 sub
3745 2345 3790 2387 ta-

2300 2432 2441 2496 lela,
2487 2433 2578 2502 qni
2627 2430 2863 2486 habetur
2914 2431 2969 2485 in
3017 2446 3280 2496 numero;
3329 2439 3387 2485 ut
3431 2444 3605 2486 errans
3639 2429 3788 2499 propriis

2299 2535 2624 2597 apportetur
2659 2524 2901 2581 humeris
2922 2567 2937 2591 ,
2980 2540 3049 2580 ne
3079 2523 3206 2594 quid
3238 2522 3308 2580 de
3346 2538 3562 2578 numero
3588 2521 3788 2576 minatur.

2297 2622 2481 2679 Nolite
2508 2637 2640 2692 ergo
2668 2630 2860 2692 putare
2879 2661 2895 2687 ,
2930 2619 3128 2676 fratres
3149 2661 3163 2685 ,
3191 2619 3336 2690 quod
3364 2617 3453 2674 vel
3480 2616 3654 2674 minimi
3674 2614 3788 2682 cujus-

2297 2731 2458 2785 quam
2501 2713 2896 2777 obliviscatur;
2951 2713 3093 2768 Deus
3141 2711 3288 2767 enim
3323 2711 3558 2766 omnium
3596 2706 3788 2768 meminit.

2297 2807 2538 2863 omnium
2571 2806 2930 2863 recordatur:
2971 2814 3180 2860 tantum
3212 2813 3273 2859 ut
3303 2819 3446 2871 non,
3489 2801 3660 2857 nostris
3685 2798 3790 2853 inter-

2296 2901 2644 2958 venientibus
2674 2901 2944 2972 peccatis,
2977 2899 3024 2954 ei
3057 2897 3324 2954 inferatur
3352 2896 3566 2954 oblivio.

2865 2991 3098 3049 SERMO
3123 2990 3318 3049 XXIII.

2635 3087 2709 3143 De
2747 3095 2935 3143 sancta
2961 3085 3391 3157 Quadragesima
3424 3085 3531 3141 Vll.

581 3176 867 3246 columba,
897 3187 946 3232 et
974 3177 1158 3232 volabo
1186 3185 1232 3230 et
1265 3177 1584 3246 requiescam
1618 3174 1800 3248 (Psal.
1830 3191 1936 3242 uv,
1965 3175 2060 3248 7)?
2089 3176 2190 3231 Su-
2216 3162 2260 3225 C
2295 3181 2380 3237 Ex
2408 3183 2471 3237 iis
2501 3199 2615 3252 qua;
2641 3181 2724 3236 hic
2747 3181 2994 3236 dicuntur
3020 3182 3084 3236 de
3109 3181 3554 3254 quinquagesima,
3581 3192 3792 3251 cognoscere

584 3284 685 3341 per
716 3271 853 3326 hanc
878 3285 1008 3342 ergo
1039 3270 1258 3341 pinnam
1291 3269 1477 3341 templi
1506 3269 1760 3325 Salvator
1791 3277 1940 3324 stare
1970 3268 2186 3336 dicitur,

585 3364 691 3420 hoc
720 3371 838 3433 est,
865 3362 1021 3436 quasi
1052 3363 1105 3419 in
1135 3363 1371 3435 quodam
1406 3363 1608 3433 templo
1649 3362 1772 3418 fidei
1819 3372 2020 3418 nostrae
2060 3377 2186 3417 con-

579 3460 815 3527 sistere;
845 3458 987 3515 unde
1023 3459 1101 3514 ait
1140 3460 1472 3529 Apostolus:
1517 3457 1616 3513 Vos
1653 3459 1773 3512 estis
1817 3458 2062 3530 templum
2096 3458 2190 3512 Dei

581 3553 681 3608 vivi
701 3592 718 3619 ,
749 3560 797 3606 et
827 3552 1059 3625 Spiritus
1087 3549 1188 3606 Dei
1215 3551 1411 3606 habitat
1437 3553 1492 3606 in
1522 3551 1662 3606 vobis
1690 3549 1757 3624 (ll
1790 3551 1911 3606 Cor.
1946 3568 2036 3617 ιιι,
2070 3552 2182 3623 16).

647 3647 705 3702 4.
746 3645 806 3702 In
845 3645 949 3701 hoc
981 3647 1146 3718 igitur
1185 3646 1392 3717 templo
1419 3655 1575 3702 stans
1608 3646 1870 3702 Dominus
1900 3662 2000 3703 nec
2029 3663 2185 3702 rece-

577 3741 750 3806 dens,
790 3738 954 3813 420
997 3739 1242 3810 increpat
1283 3739 1602 3805 diabolum,
1643 3738 1871 3794 dicens:
1919 3737 2186 3809 Scriptum

577 3846 699 3892 est:
733 3834 855 3890 Non
895 3835 1112 3891 tentabis
1151 3834 1438 3890 Dominum
1468 3831 1639 3888 Deum
1667 3843 1808 3888 tuum
1841 3833 2073 3904 (Matth.
2108 3851 2182 3899 tv,

581 3929 679 4003 7);
713 3928 818 3984 hoc
853 3937 976 3996 est,
1017 3944 1124 3984 non
1171 3927 1402 3984 tentabis
1442 3942 1597 3991 eum,
1645 3941 1805 3998 quem
1845 3935 2003 3998 putas
2051 3937 2185 3982 tam-

577 4037 740 4093 quam
775 4021 1050 4077 hominem
1082 4020 1150 4076 ad
1192 4020 1448 4076 inferiora
1492 4019 1835 4090 pellendum,
1876 4021 1970 4075 sed
2012 4021 2184 4091 magis

579 4125 608 4154 ι
640 4127 916 4185 tamquam
948 4114 1117 4169 Deum
1149 4121 1206 4169 et
1237 4113 1524 4168 Dominum
1567 4116 1744 4182 ipsum
1787 4114 2011 4168 noveris
2053 4113 2183 4167 ado-

575 4207 829 4266 randum.
862 4208 919 4263 In
949 4207 1032 4263 his
1062 4222 1193 4278 ergo
1220 4207 1559 4278 jejuniorum
1587 4207 1782 4263 diebus
1813 4215 2085 4263 tentamur
2113 4207 2179 4262 ad

573 4300 996 4358 similitudinem
1023 4301 1357 4370 Salvatoris;
1391 4301 1643 4357 similiter
1667 4301 1812 4357 enim
1838 4309 1894 4356 et
1919 4316 2018 4356 nos
2051 4301 2179 4356 hos-

575 4405 657 4452 tes
683 4395 855 4451 nostri
883 4394 950 4450 de
978 4393 1140 4465 pinna
1169 4394 1394 4466 templi,
1425 4395 1528 4452 hoc
1556 4403 1672 4464 est,
1701 4395 1768 4452 de
1795 4396 2179 4452 observatione

575 4489 1004 4564 quadragesimae
1044 4489 1340 4548 deturbare
1378 4501 1667 4547 conantur.
1715 4491 1850 4546 Dum
1890 4493 2035 4547 enim
2070 4503 2177 4548 ter-

573 4599 730 4641 rores
771 4584 1058 4656 ingerunt,
1098 4583 1224 4639 dum
1271 4583 1500 4640 insidias
1543 4593 1773 4655 parant,
1814 4585 2040 4654 cupiunt
2077 4599 2178 4640 nos

573 4678 644 4734 de
672 4691 799 4733 arce
831 4676 1110 4749 religionis
1136 4677 1430 4734 abducere.
1465 4678 1677 4733 Dicitur
1700 4688 1883 4734 autem
1909 4679 1989 4734 eis
2015 4695 2045 4734 a
2077 4679 2180 4735 Do-

574 4771 762 4828 mino:
792 4769 909 4828 Non
942 4770 1219 4828 tentabitis
1247 4780 1470 4827 sanctos
1497 4771 1647 4826 viros
1675 4780 1730 4826 et
1771 4770 2003 4828 famulos
2035 4772 2130 4829 Dei
2159 4790 2173 4838 ;

571 4879 710 4938 quos
749 4865 893 4922 enim
935 4873 1208 4935 tamquam
1241 4863 1472 4919 humiles
1501 4863 1905 4920 conculcandos
1934 4864 2137 4935 putatis
2157 4905 2171 4931 ,

570 4957 819 5014 sentietis
847 4965 1122 5026 tamquam
1151 4964 1402 5010 strenuos
1433 4953 1807 5009 honorandos.

643 5052 698 5108 5.
732 5051 873 5108 Sunt
909 5050 1056 5107 enim
1079 5091 1094 5116 ,
1136 5051 1278 5105 sicut
1307 5050 1456 5119 dixi,
1487 5048 1736 5120 plerique
1767 5048 1964 5107 fratres
1987 5092 2002 5120 ,
2036 5066 2174 5123 quos

573 5145 758 5201 hostes
802 5144 975 5201 nostri
1022 5143 1093 5200 de
1140 5142 1482 5215 perfeCtione
1531 5142 1814 5214 religionis
1855 5144 2168 5200 abducunt:

571 5240 664 5309 qui
713 5238 840 5295 dum
889 5253 1130 5308 praesens
1175 5239 1376 5293 malum
1425 5245 1709 5305 metuunt,
1763 5247 1956 5309 putant
2002 5240 2170 5294 Deum

571 5341 774 5386 nostra:
803 5331 993 5386 salutis
1023 5331 1439 5398 immemorem,
1484 5329 1794 5386 nescientes
1835 5333 1982 5402 quod
2025 5331 2172 5388 Deus

572 5420 772 5476 nullius
812 5430 898 5477 est
945 5423 1280 5478 immemor:
1315 5421 1412 5478 sed
1459 5421 1840 5476 immemorem
1889 5423 2040 5478 illum
2076 5439 2174 5480 no-

579 5510 682 5566 stri
712 5521 841 5568 tunc
880 5512 1110 5572 facimus
1135 5557 1150 5584 ,
1182 5529 1306 5571 cum
1335 5527 1649 5586 peccamus.
1691 5512 1822 5568 Cum
1850 5519 1996 5570 enim
2032 5519 2173 5573 mala

572 5617 885 5673 operamur,
914 5605 1111 5673 avertit
1147 5606 1346 5674 faciem
1375 5625 1389 5661 :
1423 5622 1547 5663 cum
1593 5603 1825 5662 nefanda
1868 5607 2164 5682 loquimur,

2204 4553 2255 4613 ι)

2365 3287 2436 3331 est
2463 3277 2608 3332 illius
2638 3277 2796 3332 ritum
2826 3276 3052 3331 nondum
3083 3276 3426 3330 communiter
3455 3276 3507 3329 id
3534 3273 3722 3345 temporis
3741 3287 3792 3322 rt-

2365 3379 2565 3441 ceptunt
2597 3369 2801 3440 fuisse:
2831 3370 2894 3422 de
2935 3372 3086 3442 cujus
3125 3368 3330 3438 quidem
3372 3367 3638 3422 diversitate
3665 3362 3793 3417 causali

2361 3469 2528 3526 potest
2557 3458 2840 3514 Cassianus
2871 3456 3008 3514 Coll.
3040 3473 3164 3523 xxI,
3194 3475 3310 3530 cap.
3346 3457 3418 3513 24
3441 3500 3454 3524 ,
3487 3467 3529 3512 et
3567 3456 3793 3512 Sosomm
3885 3456 3887 3532 ξ

2364 3553 2456 3607 lib.
2489 3569 2596 3617 vit,
2625 3569 2744 3623 cap.
2780 3551 2870 3606 19.
2923 3551 3077 3621 Quod
3120 3559 3294 3606 autent
3337 3550 3423 3605 hic
3461 3549 3733 3622 sexagesima
3758 3560 3793 3596 et

2361 3646 2753 3719 septuagesima:
2782 3646 2930 3700 nulla
2958 3646 3018 3714 ﬁt
3047 3646 3262 3712 mentio,
3295 3644 3435 3699 illud
3446 3661 3562 3700 sane
3587 3642 3732 3697 indicio
3750 3648 3793 3691 ut

2362 3738 2524 3812 hujus
2550 3740 2802 3794 sermonis
2830 3756 2893 3793 ac
2922 3741 3249 3811 superiorum
3280 3739 3349 3795 14
3379 3751 3427 3794 et
3458 3739 3521 3794 15
3543 3748 3729 3791 auctores
3745 3732 3794 3782 di-

2361 3850 2529 3888 versos
2561 3835 2836 3889 exstitisse.
2872 3833 3170 3889 Intenditur
3201 3850 3320 3888 vero
3361 3835 3512 3890 etiam
3545 3831 3712 3902 querela
3737 3826 3795 3880 ad—

2361 3945 2534 3982 versus
2555 3945 2639 3983 eos
2663 3969 2678 3996 ,
2710 3929 2798 3998 qui
2825 3945 2915 4000 per
2943 3928 3399 4000 quadragesimum
3439 3927 3631 3983 alternis
3664 3921 3794 3978 tantum

2359 4020 2694 4077 hebdomadis
2735 4021 2999 4094 jejunium
3045 4019 3356 4086 servabant,
3403 4021 3459 4074 in
3487 4036 3603 4090 quos
3633 4013 3796 4070 similiter

2356 4131 2590 4170 sermone
2640 4114 2742 4168 146
2785 4114 3042 4168 inuehitur
3095 4111 3282 4168 Petrus
3325 4112 3669 4186 Chrysologns.
3707 4107 3794 4161 Sunt

2357 4217 2609 4281 prwterea
2635 4207 2688 4260 in
2718 4206 2902 4277 quibus
2928 4205 3012 4260 hic
3038 4222 3204 4260 sermo
3231 4223 3353 4260 cum
3397 4223 3544 4261 serui.
3573 4201 3658 4258 115
3677 4211 3711 4256 et
3732 4195 3794 4253 lli

2355 4300 2596 4372 Append.
2628 4299 2850 4370 August.
2880 4301 3005 4354 satis
3034 4299 3302 4353 conveniat
3324 4341 3339 4365 ,
3373 4308 3428 4353 ut
3457 4297 3580 4369 forte
3602 4295 3659 4349 ad
3679 4304 3795 4346 eorum

2355 4405 2619 4451 auctorem
2658 4395 2844 4466 referri
2877 4395 3080 4464 possit:
3107 4403 3161 4447 at
3205 4409 3270 4448 ne
3309 4394 3447 4448 idem
3475 4392 3696 4448 tribuatur
3717 4385 3795 4440 Αιη·

2355 4489 2525 4544 brosio
2549 4497 2725 4543 nostra
2745 4530 2761 4555 ,
2790 4487 2920 4542 nihil
2946 4503 3047 4542 non
3072 4487 3346 4542 reclamat.

2358 4585 2408 4638 1.
2441 4581 2698 4638 Nonnulli
2724 4581 3146 4638 cbristianorum
3165 4626 3179 4649 ,
3219 4582 3440 4650 fratres,
3467 4581 3742 4638 aestimantes
3761 4585 3797 4625 se

2283 4679 2580 4734 divinitatis
2612 4687 2880 4749 przecepta
2924 4677 3234 4749 religiosius
3274 4678 3594 4742 observare,
3636 4681 3797 4744 prseter-

2281 4773 2447 4828 missa
2489 4771 2784 4828 devotione
2821 4771 3284 4842 quadragesimae,
3329 4772 3481 4843 cujus
3514 4768 3657 4826 hodie
3688 4776 3797 4820 cura-

2283 4883 2401 4922 mus
2427 4864 2710 4923 exordium
2733 4906 2746 4931 ,
2776 4866 3288 4936 quinquagesimam
3315 4880 3379 4921 se
3404 4865 3572 4922 facere
3597 4857 3798 4918 mentiun-

2281 4970 2409 5027 tnr;
2442 4975 2565 5016 cum
2599 4959 2650 5016 id
2683 4975 2861 5031 neque
2891 4959 3093 5015 divinis
3131 4959 3336 5016 litteris
3378 4959 3636 5032 iubeatur,
3677 4964 3797 5022 neque

2282 5055 2543 5110 traditum
2590 5055 2661 5110 sit
2702 5054 3025 5110 auctoritate
3066 5054 3359 5125 majorum.
3406 5055 3528 5112 Sola
3563 5053 3700 5125 igitur
3732 5047 3798 5099 hoc

2280 5147 2484 5203 faciunt
2514 5149 2680 5203 animi
2727 5147 3190 5218 praesumptione;
3225 5156 3282 5203 et
3309 5149 3440 5204 dum
3471 5155 3643 5219 putant
3665 5157 3713 5198 se
3733 5139 3796 5194 de-

2282 5241 2459 5298 votius
2496 5257 2658 5312 agere
2680 5283 2698 5311 ,
2733 5242 3168 5313 superstitiosius
3197 5251 3599 5300 conversantur.
3632 5237 3740 5294 Dicit
3761 5247 3798 5286 se

2279 5335 2573 5392 observare
2617 5335 3155 5408 quinquagesimam,
3199 5337 3289 5409 qui
3334 5337 3472 5394 forte
3515 5329 3796 5408 quadragesb

2279 5445 2422 5484 mam
2458 5430 2682 5500 implere
2709 5431 2798 5486 vix
2832 5432 3020 5501 possit.
3063 5431 3273 5487 Bonum
3303 5432 3619 5504 estquidem
3644 5421 3798 5482 cunctis

2281 5525 2618 5594 temporibus
2662 5524 2955 5596 jejunare,
3010 5526 3106 5583 sed
3155 5527 3354 5583 melius
3400 5522 3796 5598 quadragesimsm

2273 5616 2524 5688 jejunare
2558 5631 2682 5674 cum
2722 5617 2986 5687 Christo;
3037 5619 3176 5676 hanc
3217 5619 3362 5677 enim
3399 5615 3796 5693 quadragesima!

645 5814 670 5843 α
708 5803 836 5862 Vet.
869 5803 1001 5861 edit.
1034 5819 1160 5862 cum
1192 5823 1295 5865 ms.
1333 5807 1610 5877 Valliscl.,
1641 5817 1906 5881 tamquam
1946 5807 2114 5869 Deum
2152 5822 2200 5874 et
2226 5815 2488 5875 hominem
2509 5819 2706 5890 ipsum.
2737 5819 2854 5878 Non
2887 5821 3020 5878 satis
3050 5831 3221 5878 recte.
