3944 6310
106 322 199 380 649

895 315 1264 375 SEllMONES
1306 317 1366 374 S.
1408 315 1764 374 AMBROSIO
1803 315 2176 377 HACTENUS
2217 322 2555 378 ASCBIPTI.

3281 331 3385 390 650

102 432 240 494 nobis
272 427 525 483 Dominus
564 441 663 482 suo
695 426 905 497 jejunio
944 429 1306 485 consecravit.
1353 428 1509 498 Quod
1554 429 1664 484 dixi
1694 431 1744 491 Α
1772 429 2089 501 contigisse.
2125 432 2430 504 Baptismus
2463 435 2624 507 plane
2657 436 2786 506 fuit,
2816 454 2911 508 per
2937 442 3082 511 quod
3112 445 3164 499 in
3195 460 3391 515 pecca-

97 524 301 600 jejunio,
335 537 442 578 non
470 520 733 591 jejuniis;
777 538 940 577 unum
972 524 1117 578 enim
1145 523 1412 594 jejunium
1447 523 1665 578 Domini

98 619 214 686 fttit,
252 615 372 686 quia
399 614 728 671 continuatis
769 614 1123 686 quadraginta
1158 614 1350 671 diebus
1390 626 1444 671 et
1489 618 1666 671 nocti-

97 715 209 778 bus,
240 711 414 766 cibum
448 710 672 765 omnino
704 725 816 766 non
845 713 1077 781 sumpsit
1107 708 1328 780 (Matth.
1353 726 1427 778 tv,
1454 710 1532 782 εὶ).

155 808 202 862 2.
247 803 495 874 Quisquis
544 818 677 874 ergo
723 802 1053 859 Christianus
1097 814 1474 859 consecratam
1520 803 1665 873 jeju-

93 901 253 960 nando
289 913 394 954 non
436 899 750 969 impleverit
789 897 1296 968 quadragesimam,
1345 897 1666 969 prmvarica-

93 998 234 1057 tionis
280 1005 333 1051 et
376 997 738 1051 contumaciae
789 1011 915 1050 reus
961 994 1257 1060 tenebitur,
1304 993 1447 1064 quod
1491 993 1664 1063 legem

91 1092 326 1152 divinitus
350 1106 449 1160 pro
471 1091 650 1146 Salute
678 1105 777 1144 sua
801 1089 983 1145 datam
1013 1087 1173 1162 421
1206 1087 1526 1160 prandendo
1552 1088 1667 1156 ipse

91 1184 342 1245 rescindit.
377 1183 661 1239 Rcscindis
691 1184 834 1239 enim
869 1183 1043 1254 legem
1067 1223 1083 1248 ,
1117 1184 1205 1254 qui
1239 1182 1547 1253 exemplum
1586 1183 1668 1250 je-

83 1280 200 1352 junii
231 1277 492 1333 Dominici
535 1292 640 1333 non
671 1277 932 1332 Custodis.
970 1277 1215 1345 a'Qualis
1246 1292 1380 1332 vero
1418 1277 1666 1331 christia-

88 1388 177 1429 nus
205 1388 280 1438 es,
309 1386 453 1439 cum,
486 1371 716 1427 Domino
739 1371 1048 1442 jejutrante,
1084 1382 1138 1426 tu
1174 1371 1446 1440 prandes?
1478 1369 1664 1437 Qualis

87 1466 385 1523 christianus
430 1480 522 1532 es,
566 1481 724 1530 cum,
754 1465 976 1521 Christo
1005 1465 1312 1533 esuriente,
1344 1475 1399 1520 tu
1445 1466 1666 1521 reficis?

89 1561 171 1616 llle
209 1573 298 1628 pro
331 1557 508 1614 salute
545 1569 636 1613 tua
676 1561 874 1614 famem
915 1560 1180 1624 sustinet,
1215 1568 1268 1614 tu
1300 1574 1399 1629 pro
1427 1561 1666 1628 peccatis

87 1652 178 1707 tuis
200 1651 442 1722 jejunare
471 1651 776 1707 formidas?
807 1652 976 1707 Dicite
1001 1653 1149 1708 enim
1182 1651 1314 1708 mihi
1335 1693 1351 1719 ,
1386 1652 1664 1722 interrogo

85 1760 168 1801 vos
193 1745 276 1815 qui
317 1746 368 1800 in
407 1746 828 1817 quadragesima
863 1747 1172 1815 prandetis,
1210 1751 1255 1801 si
1306 1761 1410 1800 non
1444 1746 1498 1802 in
1531 1762 1667 1803 con-

82 1838 302 1895 scientiis
333 1839 532 1894 vestris
553 1838 632 1894 rei
657 1839 813 1903 estis,
836 1840 980 1910 quod
1004 1839 1316 1895 abstinente
1345 1847 1542 1895 cuncto
1565 1855 1663 1911 po-

1775 522 1986 578 toribus
2014 524 2270 595 iniquitas
2295 528 2508 584 sublata
2531 541 2637 596 est,
2667 530 2784 588 Noe
2807 532 3019 604 justitia
3042 551 3387 594 conservata.

1773 613 1848 668 Ita
1879 629 2012 685 ergo
2032 626 2086 672 et
2119 618 2281 673 tnodo
2314 620 2472 675 nobis
2507 624 2762 679 Dominus
2785 626 2852 681 ad
2877 628 3052 684 instar
3080 631 3229 689 illius
3254 642 3393 690 tem-

1771 710 1922 779 poris
1946 712 2414 783 quadragesimam
2439 714 2622 783 dedit;
2657 729 2714 772 ut
2735 721 3032 778 constituto
3054 723 3264 781 dierum
3291 743 3393 782 nu-

1773 818 1949 869 mero,
1985 804 2271 875 patefactis
2292 809 2468 874 caelis,
2502 810 2681 881 pluvia
2717 829 2818 869 nos
2863 816 3251 876 misericordia:
3279 837 3394 879 (ω-

1770 898 1922 954 leSIis
1974 899 2197 967 irroret,
2251 913 2306 958 et
2353 904 2708 962 inundatione
2752 907 2888 964 facta
2936 927 3032 980 per
3055 913 3385 985 baptismum

1772 991 1976 1049 lavacri
2023 995 2280 1052 salutaris
2314 1014 2415 1053 nos
2444 999 2621 1056 imber
2661 1001 2973 1060 illuminet:
3008 1016 3062 1061 et
3090 1010 3231 1064 sicut
3261 1022 3392 1067 tunc

1770 1081 1971 1141 factum
2002 1096 2088 1142 est
2129 1103 2389 1159 aquarum
2428 1091 2705 1160 fluctibus,
2741 1095 3117 1166 exstinguatur
3149 1117 3292 1158 nunc
3338 1105 3390 1158 in

1771 1179 1929 1234 nobis
1953 1179 2278 1237 delictorum
2309 1183 2594 1253 iniquitas,
2630 1185 2892 1242 virtutum
2918 1192 3132 1259 justitia
3161 1211 3388 1252 conscr-

1770 1281 1945 1326 vetur.
1981 1272 2098 1341 lpsa
2127 1273 2271 1328 enim
2301 1291 2420 1346 qua:
2451 1278 2554 1332 sub
2580 1276 2712 1344 Noe,
2751 1290 2804 1334 et
2837 1282 3000 1336 modo
3029 1286 3259 1341 vertitur
3306 1307 3394 1343 t'a-

1772 1363 1880 1429 tio;
1913 1364 2213 1436 baptistnus
2243 1369 2390 1422 enim
2435 1372 2708 1439 pcccatori
2739 1372 3009 1428 diluvium
3043 1387 3124 1431 est
3149 1419 3164 1443 ,
3200 1396 3394 1436 conse-

1768 1456 1940 1511 cratio
1970 1466 2054 1513 est
2081 1456 2250 1513 fideli.
2285 1459 2392 1516 Per
2430 1461 2704 1518 lavacrum
2733 1465 2877 1519 enim
2907 1466 3123 1523 Domini
3152 1472 3395 1528 salvatur

1762 1549 1972 1619 justitia
1999 1594 2014 1618 ,
2049 1563 2271 1608 necatur
2305 1555 2567 1625 injustitia
2598 1575 2608 1610 :
2643 1559 2786 1628 quod
2845 1559 2900 1614 in
2950 1577 3057 1617 uno
3085 1563 3392 1638 eodemque

1767 1643 1970 1700 factum
1999 1646 2250 1702 videmus
2279 1649 2532 1719 apostolo
2563 1651 2765 1719 Paulo,
2795 1654 2884 1723 qui
2911 1655 3224 1726 priusquam
3251 1675 3390 1729 pra:-

1767 1739 1942 1810 ceptis
1989 1741 2336 1812 Spiritalibus
2373 1743 2678 1811 lavaretur,
2710 1757 2828 1802 erat
2867 1748 3220 1821 blaSphemus
3269 1770 3391 1823 per-

1767 1842 2008 1899 secutor,
2042 1845 2096 1888 et
2128 1835 2325 1892 Saulus
2357 1855 2370 1890 :
2403 1845 2458 1892 at
2485 1839 2574 1892 ubi
2606 1839 2789 1910 pluvia
2831 1857 2998 1911 super
3024 1858 3150 1898 eum
3185 1845 3388 1902 lavacri

49 1993 52 1996 ν
84 1933 196 2004 pulo
217 1976 230 1999 ,
260 1948 350 1987 vos
377 1933 479 1987 soli
509 1943 701 1989 contra
734 1943 1067 2006 praaceptutn
1102 1934 1315 1988 Domini
1344 1933 1663 1990 devoratis?
1692 1909 1742 1971 B
1767 1928 2010 1985 caelestis
2034 1929 2270 1997 influxit,
2299 1943 2528 1990 necatur
2555 1935 2931 2008 blasphemus,
2961 1955 3188 1997 necatur
3210 1959 3398 2013 perse-

83 2026 120 2082 si
146 2041 240 2080 nou
276 2026 424 2081 vobis
458 2026 625 2082 rubor
661 2035 776 2094 est,
813 2042 936 2081 cum
977 2027 1142 2082 exitis
1170 2027 1221 2082 in
1252 2026 1566 2096 publicum;
1597 2041 1664 2082 ne

82 2121 186 2190 quis
221 2120 368 2175 vobis
408 2121 625 2190 jejunus
666 2131 961 2178 occurrat:
1002 2135 1095 2177 aut
1131 2124 1177 2176 si
1215 2137 1320 2176 non
1371 2122 1622 2192 cogitatis
1647 2162 1662 2187 ,

81 2227 186 2269 cum
211 2213 274 2268 ad
301 2213 605 2269 Ecclesiam
635 2214 954 2285 proceditis,
987 2214 1442 2287 quemadmodum
1472 2230 1660 2285 pacem

80 2309 314 2379 episcopo
356 2309 682 2380 porrigatis;
716 2323 784 2365 ne
825 2308 971 2366 forte
1001 2309 1122 2381 ipso
1148 2310 1347 2380 spiritu
1372 2309 1544 2364 osculi
1574 2324 1665 2364 ve-

80 2401 165 2456 Sll‘i
191 2417 280 2456 vos
306 2402 594 2471 reprobat!
641 2401 795 2470 Quod
824 2405 869 2458 si
900 2403 1016 2458 ha-c
1042 2403 1182 2459 forte
1224 2417 1335 2457 non
1375 2402 1660 2474 cogitatis,

79 2498 281 2553 forsitan
303 2499 660 2555 vehementer
682 2498 919 2565 erratis;
945 2499 1087 2555 scire
1110 2498 1253 2554 enim
1279 2497 1510 2566 debetis,
1539 2513 1661 2554 cum

80 2593 125 2648 in
149 2593 562 2663 quadragesimae
587 2592 781 2650 diebus
804 2593 994 2664 jejuno
1021 2607 1252 2664 pransus
1277 2592 1536 2658 occurrit,
1555 2608 1660 2650 non

78 2687 200 2743 bene
225 2688 290 2744 de
316 2688 411 2743 illo
431 2687 642 2759 judicat
665 2729 681 2756 ,
712 2688 803 2758 qui
827 2687 1060 2759 jejunat.

137 2782 184 2836 3.
205 2781 309 2838 lloc
334 2782 481 2838 enim
507 2782 630 2838 ideo
649 2782 790 2849 dico,
811 2783 937 2854 quia
959 2781 1123 2838 audio
1151 2783 1486 2852 complures,
1517 2783 1661 2854 quod

78 2874 271 2943 gravius
301 2885 414 2941 est,
445 2875 634 2932 fideles
665 2877 892 2931 alternis
922 2876 975 2931 in
1011 2877 1429 2947 quadragesima
1459 2877 1665 2934 hebdo-

77 2967 230 3022 madis
251 2969 552 3036 abstinere,
572 2978 628 3025 et
651 2981 1031 3024 consecratum
1061 2969 1212 3024 illutn
1231 2969 1442 3025 dierum
1476 2986 1666 3025 nume-

79 3073 182 3114 rum
220 3060 354 3132 gulae
394 3061 815 3133 intemperantia
845 3061 1083 3127 violare;
1119 3062 1220 3118 hoc
1249 3070 1364 3128 est,
1395 3063 1664 3134 prandere

77 3164 266 3224 septem
303 3155 516 3212 dierum
559 3155 832 3212 curriculo
854 3198 869 3225 ,
900 3166 955 3212 et
985 3165 1194 3226 septem
1227 3155 1438 3212 dierum
1485 3157 1663 3227 spatio

75 3243 320 3315 jejunare.
352 3247 564 3317 Quibus
596 3247 702 3303 hoc
730 3247 888 3316 dico,
919 3265 1018 3305 cur
1055 3251 1219 3305 etiam
1245 3265 1343 3320 per
1383 3249 1510 3306 illos
1539 3266 1664 3321 sep-

1767 2029 1948 2089 cutor,
1977 2033 2205 2080 necatur
2235 2026 2464 2094 Saulus;
2512 2029 2823 2087 viviﬁcatur
2873 2034 3176 2104 apostolus,
3216 2039 3392 2094 viviti-

1767 2126 1923 2172 catur
1941 2118 2141 2189 justus,
2171 2121 2476 2178 viviﬁcatur
2495 2133 2548 2178 et
2576 2124 2798 2181 Paulus.
2826 2127 3010 2198 Usque
3034 2130 3172 2186 adeo
3202 2143 3408 2190 autem;

1767 2210 2003 2280 perdidit
2035 2223 2276 2269 veterem
2301 2231 2422 2269 cum
2452 2217 2666 2272 aclibus
2687 2219 2800 2273 suis
2825 2219 3135 2289 hominem,
3179 2235 3234 2279 ut
3262 2241 3384 2282 cum

1769 2305 2014 2360 moribus
2037 2318 2270 2363 mutaret
2299 2320 2352 2365 et
2375 2326 2596 2366 nomen.
2631 2312 2889 2382 Quisquis
2917 2330 3048 2386 ergo
3073 2318 3125 2371 in
3157 2317 3254 2372 hac
3285 2321 3383 2376 de-

1768 2400 1991 2456 votione
2015 2401 2447 2473 quadragesimae
2471 2404 2750 2460 Dominica
2775 2407 3025 2463 mandata
3058 2417 3384 2482 servaverit,

1767 2494 2056 2548 necabitur
2084 2494 2138 2549 in
2171 2510 2236 2550 eo
2267 2496 2541 2552 diabolica
2565 2497 2838 2568 impietas,
2872 2503 3173 2570 apostolica
3205 2520 3386 2564 autem

1766 2588 2142 2644 reservabitur
2182 2591 2390 2660 gratia;
2423 2600 2478 2647 et
2515 2593 2819 2650 succedens
2847 2599 3254 2668 quodammodo
3283 2604 3387 2660 sibi

1765 2679 1912 2752 ipse,
1948 2683 2181 2738 moritur
2203 2699 2269 2739 ex
2295 2699 2356 2739 ca
2385 2695 2563 2756 parte,
2595 2703 2697 2757 qua
2728 2699 2981 2758 peccator
3010 2702 3124 2760 est;
3151 2695 3390 2754 vivifica-

1768 2783 1854 2830 tur
1885 2791 1952 2831 ex
1981 2776 2073 2831 illa
2105 2786 2282 2848 parte,
2317 2794 2419 2849 qua
2448 2777 2630 2849 justus
2661 2791 2764 2836 est.

1837 2869 1893 2926 5.
1929 2868 2227 2926 Videamus
2267 2871 2432 2926 etiam
2460 2873 2504 2927 si
2533 2873 2662 2929 alibi
2687 2875 2742 2930 in
2765 2875 3065 2948 Scripturis
3100 2881 3241 2936 httnc
3269 2900 3386 2955 my-

1765 2965 1961 3020 sticum
1994 2965 2427 3037 quadragesimae
2476 2983 2764 3023 numerum
2791 2971 3066 3040 possimus
3111 2973 3382 3032 invenire.

1764 3057 2023 3130 Legimus
2049 3058 2192 3130 quod
2220 3068 2445 3115 sanctus
2475 3059 2691 3132 Moyses
2722 3062 2774 3117 in
2805 3079 2996 3120 eremo
3027 3068 3386 3138 quadraginta

1764 3167 2032 3208 annorum
2083 3153 2358 3209 curriculo
2405 3153 2548 3209 filios
2578 3154 2746 3210 Israel
2775 3157 2988 3213 caelesti
3038 3176 3235 3215 manna
3285 3178 3389 3216 nu-

1768 3249 1946 3304 trierit
1989 3246 2184 3319 (Exod.
2236 3265 2348 3317 xw,
2392 3249 2509 3322 55).
2559 3248 2740 3306 Bonus
2763 3267 2892 3323 ergo
2937 3269 3236 3323 nmnerus,
3289 3259 3381 3328 qui

81 3345 173 3394 lem
205 3340 317 3398 dies
353 3341 604 3398 fraudem
649 3341 753 3397 sibi
797 3342 996 3398 faciant
1040 3343 1371 3414 jejunando,
1406 3359 1528 3398 cum
1559 3344 1665 3399 illis
1690 3311 1736 3375 Ο
1768 3354 1983 3411 semper
2012 3343 2208 3396 caelum
2238 3344 2417 3412 aperit
2442 3360 2454 3396 :
2477 3343 2673 3410 bonus,
2706 3344 2945 3415 inquam,
2982 3364 3265 3419 numerus,
3287 3367 3386 3421 per

77 3431 316 3503 jejunium
365 3437 474 3492 tale
517 3452 624 3492 non
671 3437 886 3505 prosit?
916 3437 1175 3506 Quamvis
1201 3439 1348 3494 enim
1395 3439 1668 3494 abstineat

78 3527 182 3596 quis
196 3530 351 3586 certis
371 3531 590 3598 diebus,
617 3533 864 3604 quamvis
883 3532 1128 3589 ciborum
1148 3531 1389 3588 dulciora
1406 3532 1664 3588 alimenta

81 3633 174 3674 non
199 3634 402 3692 sumat;
427 3623 457 3663 ι)
489 3640 598 3680 non
631 3635 812 3680 tamen
837 3625 928 3695 rilli
959 3632 1182 3696 accepto
1226 3624 1402 3681 fertur
1429 3626 1665 3696 quadra-

77 3714 276 3782 gesima:
298 3716 604 3788 jejunium,
633 3720 722 3790 qui
765 3732 874 3773 non
903 3717 1100 3774 diebus
1132 3718 1489 3789 quadraginta
1524 3718 1665 3790 jeju-

77 3817 174 3858 nat.
205 3807 371 3866 Pudet
408 3811 621 3878 dicere,
653 3826 813 3867 senes
839 3821 895 3868 et
932 3811 1165 3867 aniculae
1190 3811 1662 3882 quadragesimatn

77 3899 301 3959 faciunt:
332 3917 354 3946 ο
378 3907 615 3978 juvenes
650 3915 705 3962 et
749 3907 1056 3977 juvencula:
1102 3923 1210 3962 non
1247 3905 1472 3962 faciunt.
1503 3906 1663 3962 Omni

78 3992 223 4063 igitur
267 3999 634 4056 sollicitudine
680 4009 892 4070 tempus
941 3999 1371 4056 sacratissimum
1420 4001 1664 4056 celebre—

82 4101 207 4158 mus,
235 4107 336 4149 non
364 4103 661 4165 praetereat
685 4109 785 4148 nos
809 4093 926 4150 dies
951 4094 1154 4163 absque
1173 4093 1404 4166 jejunio,
1430 4110 1538 4151 non
1566 4111 1663 4151 nos

77 4187 295 4240 transeat
323 4202 428 4242 una
478 4186 821 4244 hebdomada
870 4187 1078 4259 absque
1127 4188 1346 4258 vigiliis.
1387 4189 1488 4244 llle
1519 4191 1662 4245 enim

78 4272 189 4329 facit
235 4279 740 4352 quadragesimam,
786 4279 879 4352 qui
929 4280 1233 4352 jejunando
1288 4293 1344 4339 et
1388 4283 1666 4355 vigilando

79 4373 300 4428 ascendit
317 4376 544 4446 pascha.
567 4375 705 4431 Nam
721 4376 864 4432 sicut
884 4375 1094 4448 reliquo
1108 4392 1250 4432 anno
1259 4376 1371 4448 jeju
1381 4394 1509 4434 nare
1523 4394 1667 4449 prte—

77 4464 227 4521 mium
258 4478 339 4524 est
361 4513 377 4537 ,
411 4471 488 4526 ita
526 4470 580 4525 in
609 4469 1022 4541 quadragesima
1059 4485 1165 4526 non
1193 4470 1444 4541 jejunare
1477 4487 1667 4542 pecca-

78 4563 176 4609 tum
197 4568 306 4625 est;
333 4560 426 4616 illa
449 4561 596 4618 enim
617 4561 923 4618 voluntaria
948 4571 1074 4618 sunt
1094 4562 1326 4632 jejunia,
1351 4563 1452 4619 ista
1473 4580 1666 4621 neces-

77 4649 238 4704 saria:
269 4652 354 4708 illa
392 4654 461 4710 de
492 4655 725 4710 arbitrio
753 4655 1010 4724 veniunt,
1053 4656 1156 4712 ista
1184 4656 1251 4712 de
1281 4656 1400 4728 lege
1432 4675 1445 4712 :
1476 4656 1544 4714 ad
1573 4657 1664 4713 illa

77 4738 372 4816 invitamur,
399 4749 468 4804 ad
497 4750 600 4804 ista
630 4750 1031 4820 compellimur.

140 4839 188 4892 tl.
212 4840 315 4897 Sed
348 4843 633 4901 videamus
656 4844 760 4900 iste
795 4844 1153 4916 quadraginta
1174 4845 1386 4902 dierum
1410 4847 1669 4902 sacratis-

77 4932 232 4991 simus
255 4953 512 4995 numerus
541 4938 685 4994 unde
732 4939 936 4995 habere
967 4942 1196 5010 coeperit
1224 4941 1532 4997 exordium.
1563 4942 1662 4998 Le-

77 5024 238 5094 gimus
269 5031 500 5100 primum
549 5032 603 5087 in
653 5031 827 5088 veteri
866 5031 1216 5088 Testamento
1243 5032 1396 5105 (Gen.
1452 5051 1544 5102 vu,
1576 5033 1665 5107 l2)

77 5115 179 5175 Noe
205 5125 569 5194 temporibus,
618 5140 742 5180 cum
777 5140 940 5181 omne
966 5141 1138 5197 genus
1167 5127 1445 5181 hominum
1490 5129 1665 5184 scele-

78 5224 181 5269 rata
219 5214 475 5288 iniquitas
503 5228 868 5289 occupasset,
909 5229 988 5274 tot
1015 5219 1226 5274 dierum
1259 5234 1490 5275 numero
1517 5229 1669 5290 pate-

78 5302 223 5362 factis
261 5313 549 5367 cataractis
579 5311 706 5368 ctnli
732 5327 994 5382 aquarum
1021 5311 1228 5382 pluvias
1257 5311 1580 5378 deﬂuxisse,
1612 5325 1666 5371 et

79 5404 326 5471 mysterio
374 5406 606 5477 quodam
659 5403 1089 5477 quadragesima:
1135 5405 1491 5463 inundatione
1545 5408 1665 5464 orbi

80 5499 334 5553 terrarum
365 5500 524 5570 facta,
557 5516 664 5556 non
695 5511 802 5555 tam
851 5499 1116 5556 diluvium
1144 5515 1306 5572 quam
1333 5501 1664 5573 baptismum

80 5618 361 5753 przul‘l‘b‘est
385 5635 418 5676 a
442 5620 564 5677 cod.
600 5619 770 5691 Lugd.
805 5628 860 5676 et
894 5619 1155 5689 Vallisc|.,
1189 5621 1372 5689 Qualis
1399 5636 1588 5678 vero...
1619 5633 1673 5678 tu

82 5757 168 5882 tu:
198 5759 380 5887 Citdex
408 5763 678 5831 Valliscl.,
713 5781 818 5820 non
871 5777 1040 5820 tamen
1083 5764 1229 5821 illius
1274 5777 1543 5840 acceptum
1574 5771 1675 5840 {er-

164 5869 179 5887 .
208 5847 237 5887 e
261 5847 311 5887 c.

164 5869 179 5895 ,
208 5847 311 5888 etc.

148 5911 168 5939 ο
191 5900 269 5961 Ita
281 5905 438 5984 edi_t.;
465 5907 589 5962 eod.
605 5908 931 5984 vero_l_.ugd.
959 5919 1011 5965 et
1037 5908 1315 5984 Valliscl.,
1335 5910 1518 5968 divites
1530 5913 1680 5984 juve-

345 5977 627 6047 Puaon.
676 5981 880 6045 XVII.

1767 3449 1931 3503 quem
1954 3435 2166 3505 justitia
2198 3435 2313 3491 Noe
2336 3436 2585 3491 salvatur
2605 3480 2618 3505 ,
2645 3446 2700 3493 et
2726 3436 2891 3494 Israel
2923 3440 3015 3494 filii
3039 3444 3380 3513 saginantur.

1768 3528 1924 3587 Unde
1949 3540 2001 3584 et
2029 3545 2129 3586 nos
2151 3529 2512 3586 observemus
2537 3531 2680 3587 hunc
2710 3548 3018 3600 numerum,
3043 3547 3101 3592 ut
3131 3540 3387 3608 aperian-

1767 3630 1857 3676 tur
1886 3622 2046 3678 nobis
2081 3623 2208 3679 cmli
2235 3664 2250 3688 ,
2275 3634 2544 3693 quatenus
2575 3633 2630 3679 et
2665 3625 2842 3696 pluvia
2872 3641 2970 3682 nos
3000 3630 3190 3697 gratiae
3219 3633 3379 3700 spiri-

1769 3713 1895 3769 talis
1924 3714 2157 3782 irroret,
2206 3723 2260 3768 et
2290 3714 2616 3784 spiritalium
2666 3730 3132 3774 sacramentorum
3179 3738 3385 3779 manna

1765 3806 2012 3872 reficiat;
2040 3809 2211 3863 instar
2238 3807 2382 3863 enim
2410 3808 2631 3866 Patrum
2660 3819 2969 3868 nostrorum
2998 3815 3098 3869 hac
3127 3816 3384 3873 observa-

1770 3904 1916 3960 tione
1954 3902 2389 3975 quadragesima:
2437 3912 2494 3959 et
2526 3904 2897 3973 justificamur
2941 3905 3105 3982 422
3121 3921 3175 3966 et
3209 3912 3384 3981 pasci-

1766 4010 1890 4050 mur
1923 4014 1935 4050 :
1963 3994 2325 4065 justiticamur
2352 3994 2599 4061 lavacro,
2629 3996 2909 4066 pascimur
2927 4003 3305 4058 sacramentis.
3377 4058 3386 4065 ,

1841 4088 1896 4144 6.
1939 4087 2045 4145 Sed
2074 4089 2219 4144 dicet
2247 4088 2471 4159 aliquis,
2508 4087 2651 4144 filios
2681 4091 2849 4148 Israel
2875 4091 2931 4148 in
2955 4110 3142 4151 eremo
3163 4101 3383 4168 quando

1766 4201 1964 4242 manna
1998 4185 2225 4241 saturati
2270 4193 2425 4253 sunt,
2477 4185 2700 4241 minime
2724 4186 3027 4258 jejunasse.
3061 4191 3171 4264 Ego
3197 4207 3379 4254 autem

1768 4279 1891 4336 dico
1921 4279 2044 4336 illos
2074 4296 2182 4336 non
2227 4279 2331 4334 nisi
2381 4278 2731 4336 abstinentia:
2760 4291 2890 4338 tunc
2922 4299 3144 4342 vacasse
3169 4330 3183 4356 ,
3217 4301 3381 4362 atque

1765 4375 1891 4432 ideo
1918 4373 2160 4433 caelestis
2191 4373 2464 4430 alimoniae
2504 4375 2732 4447 gratiam
2768 4378 3036 4434 meruisse
3065 4398 3077 4433 :
3120 4381 3380 4454 primum,

1767 4473 1894 4545 quia
1934 4472 2212 4527 desertum
2253 4487 2419 4527 onme
2460 4471 2726 4543 jejunium
2761 4482 2876 4541 est;
2910 4471 2937 4512 ἀ
2966 4478 3094 4547 quia
3135 4482 3383 4540 anxietas

1766 4564 2078 4620 solitudinis
2099 4563 2602 4635 concupiscentiam
2622 4565 2840 4635 repellit
2856 4581 3106 4624 escarum
3134 4589 3147 4624 :
3181 4573 3382 4632 deinde

1769 4657 1822 4712 in
1851 4673 2038 4713 eremo
2071 4657 2216 4713 unde
2241 4668 2511 4713 accuratae
2535 4658 2749 4728 epulae?
2783 4660 2924 4716 unde
2955 4663 3077 4718 vina
3101 4667 3383 4736 pretiosa?

1771 4749 1914 4806 unde
1957 4751 2314 4822 quadraginta
2364 4765 2627 4805 annorum
2677 4761 2921 4824 tempore
2971 4758 3387 4834 qualiscumque

1769 4844 2111 4901 substantia?
2154 4843 2512 4914 lntelligimus
2535 4860 2664 4916 ergo
2687 4845 2968 4917 jejunasse
2998 4852 3142 4908 filios
3181 4855 3380 4925 lsrael;

1771 4939 1896 5011 quia
1941 4937 2321 5008 cognoscimus
2353 4937 2458 4994 illis
2488 4954 2739 4995 escarum
2781 4943 2995 5012 copiam
3028 4946 3296 5011 defuisse.
3327 4963 3384 5008 et

1772 5039 1902 5088 tunc
1932 5031 2232 5101 sumpsisse
2259 5032 2462 5099 cibum,
2483 5034 2702 5103 quando
2732 5036 2981 5107 largienti
3011 5039 3240 5096 Domino
3263 5044 3381 5113 pla-

1773 5125 1997 5182 cuisset.
2027 5126 2174 5181 Satis
2200 5132 2379 5180 autem
2408 5124 2500 5181 diu
2523 5126 2764 5198 jejunat,
2790 5130 2882 5198 qui
2909 5145 3031 5185 cum
3056 5131 3258 5189 Christi
3290 5153 3380 5192 vo-

1772 5222 1984 5278 luntate
2004 5235 2064 5276 se
2100 5218 2295 5275 reficit.
2331 5219 2512 5292 Usque
2540 5221 2678 5276 adeo
2722 5237 2853 5277 vero
2881 5223 3206 5281 abstinentia
3239 5229 3381 5288 tilio-

1773 5333 1893 5374 rum
1920 5315 2086 5371 Israel
2112 5314 2162 5368 in
2191 5328 2378 5369 eremo
2404 5314 2609 5385 placuit
2627 5315 2915 5380 Salvatori,
2945 5325 3000 5370 ut
3019 5323 3382 5388 quorumdam

1774 5411 1940 5466 etiam
1987 5409 2126 5463 inter
2175 5407 2322 5477 ipsos
2364 5405 2782 5476 intemperantia
2831 5415 3142 5476 notaretur;
3201 5414 3271 5470 ita
3328 5428 3386 5475 ut

1774 5503 2020 5576 quisquis
2046 5499 2259 5557 avidior
2286 5499 2510 5570 duplum
2550 5514 2762 5555 manna:
2788 5500 2970 5558 cibum
3017 5505 3120 5562 sibi
3151 5511 3386 5586 college.

1779 5635 1968 5690 nasque
1994 5634 2096 5672 non
2121 5618 2340 5690 faciunt.

1852 5684 1892 5729 (ι’
1915 5689 2036 5747 Vet.
2068 5684 2200 5745 edit.
2233 5704 2355 5745 cum
2388 5702 2490 5759 m_s.
2518 5684 2793 5752 Valliscl.,
2816 5690 2906 5759 qui
2930 5692 3166 5759 anxietas
3192 5701 3390 5758 sollici-

1781 5764 1974 5891 tm‘ttinis
1991 5779 2011 5830 ;
2040 5762 2234 5818 melius
2261 5760 2392 5816 edit.
2419 5757 2577 5812 Rom.
2610 5773 2735 5813 cum
2765 5757 2889 5818 cod.
2918 5757 3215 5838 Lugd......
3258 5757 3385 5831 soli-

1786 5849 1839 5891 tu
1883 5852 2003 5891 mu.

1786 5849 2003 5893 ιααιηιε.

2778 5978 2847 6043 21
