3944 6310
577 255 677 318 65f

1508 255 1600 314 AD
1637 253 1868 320 OPERA
1909 252 2154 313 SANCTI
2195 254 2523 324 AMBROSII
2565 255 2931 324 APPENDIX.

3713 264 3787 324 652

571 384 692 441 rat,
729 374 814 430 hic
840 373 942 428 hac
968 370 1160 443 injuria
1192 369 1476 436 feriretur,
1502 378 1558 424 ut
1593 384 1698 425 non
1729 379 1836 430 tam
1860 369 2043 425 cibum
2073 366 2176 423 sibi
2205 371 2260 444 Α
2285 371 2486 426 vermis
2511 384 2619 432 non
2656 369 2944 435 morietur,
2966 377 3021 424 et
3046 366 3188 440 ignis
3211 380 3401 430 eorum
3434 381 3533 428 non
3553 371 3787 444 exstingue.

573 468 909 524 inveniretur
929 479 1178 520 servasse
1199 507 1214 532 ,
1247 479 1407 536 quam
1435 477 1647 518 vermes
1681 481 1692 516 :
1727 462 1940 518 scilicet
1971 468 2028 516 nt
2053 459 2178 532 quia

573 579 736 634 supra
765 560 1098 617 moderatam
1130 557 1486 615 refectionem
1519 558 1892 632 concupierat,
1914 557 2065 614 velut
2092 555 2178 611 sti-

574 656 735 711 mulis
781 653 1101 726 quibusdam
1157 653 1510 710 conscientia:
1556 653 1612 708 in
1662 668 1867 709 morem
1914 653 2179 708 vermium

573 757 878 819 urgeretur.

643 846 693 898 7.
731 843 895 914 Igitur
924 850 980 898 et
1010 855 1107 897 nos
1129 883 1143 907 ,
1178 841 1375 897 fratres
1405 883 1419 907 ,
1447 840 1806 898 observantes
1830 838 2182 914 quadragesi-

572 955 673 998 ma:
704 939 1020 1012 quotidiana
1051 947 1105 995 et
1147 937 1429 994 moderata
1457 937 1696 1009 jejunia,
1741 945 1796 994 et
1827 948 2099 1008 tamquam
2128 935 2181 991 in

571 1048 754 1090 eremo
782 1031 1100 1098 constituti,
1130 1031 1267 1085 nihil
1295 1030 1617 1086 deliciarum
1665 1031 2003 1090 saecularium
2037 1029 2184 1100 cogi-

570 1135 777 1191 temus,
809 1124 957 1179 nulla
1001 1138 1102 1179 nos
1152 1122 1507 1194 cupiditatum
1554 1113 1923 1194 corporalium
1955 1122 2184 1180 dulcedo

567 1219 848 1276 sollicitet.
880 1218 1063 1273 Simus
1095 1216 1294 1284 sobrii,
1348 1216 1518 1280 simus
1561 1218 1733 1284 casti;
1767 1217 2030 1274 habentes
2068 1216 2186 1288 qui-

563 1313 685 1371 dem
719 1314 1199 1370 conversationem
1231 1314 1281 1367 in
1304 1313 1528 1369 urbibus
1550 1354 1564 1380 ,
1591 1313 1970 1384 possideamus
2002 1321 2186 1370 mente

568 1407 875 1465 desertum.
905 1409 961 1463 Si
993 1409 1064 1464 ita
1099 1408 1439 1463 abstinentes
1465 1408 1770 1480 egerimus,
1802 1406 1910 1468 erit
1937 1419 1994 1461 ιιι
2021 1408 2187 1464 eccle-

565 1503 721 1560 lestis
749 1518 964 1558 manum
991 1501 1301 1558 reﬁciamur
1324 1501 1583 1557 alimonia
1606 1543 1621 1570 ,
1656 1509 1710 1558 et
1734 1501 1899 1558 nullis
1921 1501 2184 1568 vermium

568 1597 813 1655 stimulis
841 1612 1294 1674 compungamor.

1150 1691 1386 1748 SERMO
1421 1691 1618 1750 XXIV.

913 1787 990 1842 De
1014 1786 1214 1842 Sancta
1239 1785 1673 1856 Quadragesima
1707 1783 1847 1852 γιιι.

571 1879 836 1950 Quidquid
858 1896 888 1933 a
914 1880 1096 1950 primis
1117 1880 1269 1951 hujus
1293 1879 1543 1932 sermonis
1565 1878 1730 1933 verbis
1744 1892 1904 1948 usque
1923 1876 1992 1930 ad
2011 1891 2191 1950 nume-

589 1966 617 1984 ”
642 1959 758 2028 rum
786 1973 842 2038 2,
871 1973 1217 2042 interponitur
1237 2015 1250 2040 ,
1279 1973 1333 2028 in
1358 1971 1600 2042 Append.
1636 1971 1853 2043 August.
1884 1969 1970 2046 ubi
1996 1985 2192 2034 sermo-

643 2086 760 2123 nem
785 2069 886 2124 251
925 2069 1221 2133 constituit,
1254 2070 1535 2138 reperitur.
1563 2065 1645 2121 Ea;
1675 2066 1851 2138 eodem
1880 2067 2030 2132 etiam
2061 2082 2193 2120 non-

645 2161 794 2216 nulla
821 2162 1149 2232 reperiuntur
1170 2162 1224 2214 in
1252 2162 1484 2231 ejusdem
1512 2158 1833 2229 Appendicis
1872 2159 1998 2216 256.
2038 2157 2194 2214 Unde

647 2260 1002 2330 cognoscimus
1030 2265 1080 2312 et
1107 2253 1393 2312 Cwsarium
1413 2298 1434 2330 ,_
1459 2255 1504 2308 si
1533 2265 1702 2308 tamen
1727 2254 1770 2307 is
1797 2263 1979 2315 auctor
2009 2254 2195 2318 horum

647 2368 945 2406 sermonum
975 2354 1101 2425 jure
1127 2351 1356 2418 dicatur,
1405 2350 1606 2424 easdem
1656 2351 1934 2414 sententias
1979 2347 2197 2425 subinde

643 2448 888 2514 iterasse,
919 2458 964 2502 et
989 2456 1223 2501 nostrum
1249 2445 1388 2498 hunc
1420 2461 1707 2512 sermonem
1735 2445 1944 2516 plenum
1977 2459 2085 2498 esse
2113 2451 2198 2506 at-

647 2556 746 2611 que
779 2543 1089 2610 perfectum,
1126 2555 1241 2592 cum
1271 2537 1444 2591 dictus
1487 2553 1658 2604 sermo
1688 2537 1787 2603 251
1827 2535 1968 2597 illius
1997 2545 2197 2605 tantum

647 2635 841 2689 lacinia
865 2634 954 2688 sit.
983 2632 1138 2705 Apud
1169 2631 1445 2686 Rabanum
1475 2631 1694 2698 homilia
1725 2628 2029 2696 inscribitur
2058 2627 2198 2684 Con-

653 2741 733 2784 tra
792 2730 1088 2800 paganieos
1117 2742 1340 2782 errores
1361 2769 1375 2792 ,
1414 2726 1467 2779 in
1496 2743 1598 2797 qua
1624 2725 1758 2778 sicut
1788 2734 1840 2790 et,
1880 2725 1940 2790 in,
1972 2721 2201 2791 sequenti

651 2824 892 2897 quadam
915 2824 1082 2895 tegere
1109 2831 1211 2889 est,
1243 2837 1358 2894 qua:
1382 2837 1445 2876 ex
1475 2822 1570 2874 hoc
1600 2835 1839 2882 sermone,
1861 2818 2063 2888 videtur
2091 2834 2204 2876 mu-

653 2931 862 2986 tuatus;
895 2918 994 2972 nisi
1031 2917 1279 2971 malueris
1312 2916 1551 2969 eumdem
1593 2929 1877 2968 sermonem
1923 2911 2112 2984 partim
2142 2926 2205 2976 ea;

651 3011 878 3067 Cccsario
902 3052 917 3078 ,
953 3009 1145 3081 partim
1175 3025 1235 3062 ea:
1263 3005 1509 3082 Rabano,
1550 3005 1740 3076 partim
1772 3022 1833 3060 ea:
1881 3005 1999 3072 aliis
2040 3004 2203 3058 colle-

658 3117 797 3160 ctum
822 3119 953 3157 ϐεδε.

2280 473 2387 520 tur.
2414 464 2473 520 In
2495 464 2685 534 quibus
2732 464 2878 520 nulla
2912 479 3014 527 vox
3046 463 3149 518 nisi
3182 464 3418 534 gemitus
3439 504 3451 526 ,
3483 463 3611 518 nulla
3635 468 3789 536 requies

2283 559 2385 614 nisi
2419 560 2560 632 ignis
2586 599 2602 625 ,
2627 559 2831 614 nullum
2857 557 3196 630 refrigerium
3218 557 3319 612 nisi
3346 555 3576 628 flamma,
3595 560 3710 620 nulla
3731 563 3791 618 lux

2284 667 2540 723 umquam
2564 651 2668 708 nisi
2699 651 2973 708 tenebrm:
3000 659 3055 710 et
3083 650 3219 708 tales
3244 667 3350 706 nou
3378 653 3584 708 venient
3603 669 3793 725 umquam

2283 748 2337 803 in
2369 745 2688 806 metum-iam
2715 745 2857 818 apud
2903 747 3074 812 Deum
3094 788 3110 812 ,
3140 763 3373 826 quorum
3422 746 3566 812 cibus
3591 753 3794 814 crucians

2284 849 2408 908 est,
2438 850 2492 900 et
2540 840 2752 898 mansio
2779 855 2970 916 eorum
3020 855 3144 900 cum
3175 840 3398 912 diabolo
3425 841 3524 902 erit
3544 883 3561 916 η
3599 842 3671 904 ubi
3697 845 3797 902 nulla

2286 941 2532 1000 suavitas
2561 940 2662 1004 nisi
2696 939 2857 998 fetor.

2359 1031 2522 1112 423
2546 1031 2600 1088 2.
2634 1033 2678 1088 0
2712 1033 2904 1104 horna,
2935 1032 3028 1108 qui
3057 1048 3279 1114 regnum
3311 1032 3408 1096 Dei
3429 1033 3681 1106 possidere
3699 1033 3798 1090 desi-

2287 1123 2470 1192 deras,
2495 1125 2635 1195 quod
2662 1124 2836 1187 fecisti
2865 1124 3088 1191 malum,
3106 1124 3240 1188 dum
3263 1133 3439 1196 potes,
3465 1125 3666 1192 emenda
3685 1144 3694 1176 :
3714 1127 3799 1182 dum

2290 1230 2502 1290 tempus
2533 1218 2701 1275 babes
2721 1261 2735 1283 ,
2768 1219 2940 1274 clama
2964 1218 3030 1274 ad
3058 1221 3487 1294 omnipatentem
3516 1219 3664 1275 Deum
3687 1237 3697 1272 :
3717 1221 3802 1276 dum

2293 1324 2507 1384 tempus
2533 1312 2699 1378 habes
2726 1314 2974 1385 lugendi,
3001 1313 3128 1370 dum
3159 1313 3340 1378 adhuc
3380 1315 3554 1372 anima
3581 1325 3652 1386 tua
3681 1332 3803 1376 tersa-

2294 1417 2378 1464 tur
2407 1408 2456 1462 in
2489 1421 2718 1486 corpore
2748 1416 2840 1470 tuo
2862 1448 2877 1474 ,
2906 1405 3034 1472 dum
3064 1406 3241 1472 adhuc
3272 1407 3437 1472 vivis,
3469 1406 3724 1468 remedium
3746 1408 3805 1463 :ilti

2291 1501 2531 1568 futurum
2562 1502 2813 1574 acquire,
2847 1503 3156 1580 priusquam
3185 1502 3241 1562 in
3263 1500 3586 1574 profundum
3609 1511 3654 1558 te
3673 1504 3806 1558 Inertis

2292 1595 2582 1656 absorbent
2611 1596 2836 1668 laqueus
2867 1609 3148 1666 poenarum
3168 1638 3182 1661 ,
3222 1595 3540 1666 priusquam
3564 1593 3807 1652 teiufernus

2293 1689 2492 1760 Capiul;
2517 1690 2604 1745 ubi
2628 1691 2773 1745 nulla
2793 1698 2877 1748 est
2899 1690 3260 1762 indulgentia,
3276 1689 3374 1750 ubi
3393 1689 3567 1752 uultus
3579 1688 3636 1745 ad
3654 1689 3804 1748 confes-

2219 1787 2266 1847 B
2295 1783 2500 1846 sionem
2527 1799 2804 1854 recursus,
2831 1784 2922 1840 ubi
2947 1783 3126 1839 nullus
3147 1783 3317 1843 estad
3347 1782 3560 1848 veniam
3587 1796 3806 1856 regressus

2365 1881 2417 1937 5.
2453 1879 2520 1936 Et
2551 1893 2686 1946 nos,
2719 1879 2916 1940 fratres
2944 1878 3285 1952 charissimi,
3314 1893 3540 1957 agimus
3567 1892 3714 1934 veram
3736 1892 3808 1948 pta-

2295 1973 2578 2038 niteutiam
2607 2016 2621 2040 ,
2665 1983 2720 2028 ut
2742 1989 2841 2028 nos
2874 1973 3134 2036 Dominus
3171 1972 3242 2029 ab
3273 1973 3370 2028 illa
3397 1987 3552 2047 pana
3572 2014 3587 2038 ,
3610 1987 3734 2044 quam
3754 1987 3810 2028 su-

2299 2069 2482 2137 perius
2511 2065 2780 2134 diximus,
2809 2068 3024 2136 eripere
3051 2067 3325 2146 dignetur.
3353 2065 3478 2136 Non
3502 2064 3642 2140 nobis
3661 2063 3807 2126 sut‘ticit,

2297 2162 2440 2234 quod
2465 2178 2662 2222 nomen
2685 2161 3044 2226 christianum
3067 2162 3452 2234 praeferamus,
3469 2163 3518 2218 si
3535 2175 3679 2232 opera
3713 2161 3809 2214 clui-

2299 2257 2474 2328 stiaua
2507 2271 2614 2316 non
2647 2257 2875 2326 facimus
2905 2276 2920 2313 :
2965 2257 3208 2326 decimas
3238 2267 3458 2322 nostras
3498 2256 3642 2324 annis.
3661 2253 3811 2325 singulis

2300 2351 2601 2415 decunctis
2635 2352 2880 2430 frugibus
2905 2395 2918 2418 ,
2953 2353 3250 2424 pecoribus
3270 2395 3286 2419 ,
3319 2363 3376 2407 et
3420 2351 3626 2414 caeteris
3649 2350 3812 2420 pracipit

2303 2445 2608 2522 erogandas
2641 2446 2918 2510 Dominus.
2953 2444 3234 2518 Scriptum
3259 2461 3478 2522 quoque
3501 2455 3579 2510 cst
3597 2443 3735 2518 (Deut.
3754 2457 3811 2508 ut,

2302 2539 2334 2594 6
2365 2551 2409 2604 et
2441 2542 2571 2622 seu.)
2607 2558 2616 2591 ε
2657 2540 2788 2602 Date
2817 2539 3063 2602 decimas
3102 2540 3170 2598 de
3201 2541 3355 2614 omni
3385 2540 3571 2604 labore
3597 2545 3760 2600 vestro,
3779 2547 3815 2594 et

2304 2631 2370 2686 de
2401 2632 2657 2687 omnibus
2689 2633 2980 2702 pecoribus
3009 2635 3239 2696 vestris.
3273 2643 3328 2688 et
3357 2648 3464 2710 ego
3492 2633 3698 2703 aperiam
3717 2631 3816 2686 vulta

2305 2735 2608 2790 cataractas
2631 2727 2752 2796 coeli
2771 2768 2794 2792 ,,
2821 2735 2875 2788 et
2915 2726 3424 2804 multiplicabwttun
3451 2742 3640 2796 messes
3657 2767 3670 2794 ,
3690 2726 3814 2784 ctrin-

2307 2819 2502 2874 detnitc
2527 2826 2726 2882 vestra:
2757 2831 2918 2879 erunt
2955 2820 3114 2876 vobis
3143 2820 3194 2880 iu
3227 2820 3611 2882 abundantiam
3631 2860 3646 2886 ,
3671 2820 3816 2885 unum:

2309 2921 2361 2965 et
2390 2912 2662 2978 sanitates,
2703 2912 2752 2966 in
2787 2911 3040 2974 domibus
3069 2913 3291 2982 vestris.
3331 2912 3401 2972 At
3433 2912 3480 2973 si
3521 2927 3618 2968 non
3639 2909 3816 2966 dederitis

2309 3004 2554 3074 decimas,
2573 3046 2586 3070 ,
2615 3004 2748 3072 dicit
2771 3004 3069 3072 Dominus,
3099 3005 3318 3074 auitam
3335 3003 3640 3082 grandinem
3658 3009 3702 3058 et
3722 3001 3816 3070 prui-

2313 3115 2434 3154 nam
2469 3109 2523 3154 et
2575 3107 2938 3170 tempestates,
2976 3115 3142 3182 super
3189 3116 3325 3166 vos,
3377 3111 3434 3162 et
3468 3100 3636 3172 tollam
3676 3109 3817 3151 omnem

658 3200 711 3253 1.
744 3196 918 3262 Quam
955 3192 1231 3249 timendus
1281 3201 1366 3248 est
1388 3235 1403 3260 ,
1436 3191 1638 3248 fratres
1681 3190 1993 3258 cliarissiuti
2019 3232 2033 3254 ,
2083 3189 2201 3246 dies
2232 3195 2278 3258 C
2313 3191 2554 3260 laborem
2585 3208 2850 3274 vestrum.
2888 3193 3098 3274 Novem
3129 3203 3318 3268 partes
3343 3194 3502 3256 uobis
3528 3194 3817 3252 tributzesum,

581 3287 928 3361 illejudicii,
965 3287 1017 3342 iu
1053 3301 1164 3358 quo
1196 3285 1456 3340 Dominus
1497 3295 1686 3340 noster
1713 3284 1887 3358 Jesus.
1911 3279 2202 3354 Christus,

585 3401 651 3442 ac
677 3384 997 3451 redemptor
1025 3379 1268 3448 omnium
1300 3380 1593 3449 preposuit
1621 3381 1810 3446 venire
1837 3393 1960 3432 cum
1986 3377 2203 3430 ﬂamma

583 3479 760 3550 ignis.
787 3491 909 3547 qua:
935 3483 1335 3544 consumptum
1360 3482 1442 3526 est
1473 3471 1820 3526 adversarios
1848 3484 2001 3536 suos,
2034 3477 2090 3522 et
2110 3482 2207 3526 eos

583 3560 680 3647 qui
711 3575 914 3627 faciunt
946 3551 1328 3640 iniquitatem!
1359 3566 1415 3622 In
1463 3567 1552 3620 illa
1603 3566 1692 3634 die
1723 3565 1986 3648 plangent
2013 3577 2205 3620 omnes

591 3668 768 3725 tribus
801 3677 980 3722 terrae.
1017 3663 1082 3718 Et
1111 3661 1386 3717 videbunt
1433 3657 1633 3713 Filium
1689 3653 1930 3726 hotniuis
1979 3657 2206 3711 venien-

586 3771 697 3818 tem
729 3764 780 3815 in
811 3759 1045 3814 nubibus
1067 3757 1192 3813 cteli
1225 3769 1348 3810 cum
1375 3754 1582 3821 virtute
1605 3767 1822 3832 magna,
1844 3761 1900 3806 et
1921 3750 2210 3820 majestate

589 3857 807 3913 excelsa
835 3869 846 3903 ε
879 3863 942 3928 et,
973 3849 1471 3908 cornmovebuntur
1512 3856 1636 3901 ante
1669 3860 1795 3914 eum
1829 3860 2024 3900 omnes
2074 3843 2212 3898 fines

591 3957 756 4006 terrae
779 3989 792 4013 ,
823 3955 880 4003 et
916 3953 1235 4023 peccatores
1267 3942 1527 4028 peribunt
1556 3942 1608 3996 in
1645 3957 1708 3997 ea
1742 3952 1834 3996 :et
1877 3941 2080 3997 malum
2109 3939 2214 4009 pli-

593 4043 829 4107 cabitur,
868 4053 922 4096 et
969 4055 1118 4095 mare
1164 4038 1498 4103 siccabitur,
1531 4045 1587 4092 et
1632 4043 1850 4104 montes
1897 4036 2040 4104 sicut
2088 4047 2213 4088 cera

599 4136 867 4192 ardebunt
899 4149 1070 4205 usuue
1101 4132 1168 4188 ad
1199 4130 1404 4187 inferos
1431 4149 1443 4185 :
1471 4141 1524 4185 et
1555 4129 1635 4184 sol
1665 4138 2018 4183 convertetur
2051 4127 2104 4181 in
2139 4134 2218 4181 te-

603 4232 837 4295 nebras,
870 4236 927 4284 et
955 4229 1081 4282 luna
1109 4242 1215 4281 non
1242 4224 1393 4280 dabit
1417 4225 1604 4290 lumen
1628 4238 1784 4278 suum
1805 4264 1820 4289 ,
1853 4232 1908 4277 et
1929 4221 2100 4276 stella:
2122 4235 2216 4276 ea-

605 4326 737 4381 dent
758 4324 824 4379 dc
852 4321 990 4379 cmlo
1013 4363 1029 4389 ,
1053 4329 1109 4377 et
1133 4319 1367 4374 virtutes
1394 4319 1656 4373 eoelorum
1687 4316 2178 4386 commovebuntur
2203 4332 2215 4368 :

611 4429 668 4478 et
696 4433 822 4475 tunc
844 4415 1132 4492 apparebit
1153 4415 1362 4484 sginum
1393 4411 1512 4488 Filii
1538 4412 1781 4467 hominis
1807 4412 1860 4465 in
1886 4413 2048 4480 coelo,
2077 4409 2220 4484 quod

613 4516 719 4572 erit
749 4529 881 4569 crux
912 4509 1116 4566 Christi
1148 4507 1361 4564 Domini
1397 4509 1570 4562 nostri
1595 4550 1608 4570 ,
1638 4508 1690 4572 in
1720 4506 1876 4578 cujus
1906 4507 2112 4572 lumine
2143 4514 2224 4560 te-

2304 3286 2407 3360 sed.
2432 3287 2528 3364 qui,
2552 3285 2794 3350 decimas
2843 3286 2976 3346 dare
3025 3287 3322 3358 noluistis,
3346 3288 3423 3346 ad
3445 3289 3609 3352 solam
3636 3286 3818 3350 decimam

2307 3383 2594 3436 rcvcrtctis
2629 3399 2641 3435 :
2674 3381 2897 3452 insuper
2923 3392 2978 3439 et
3001 3384 3366 3450 mortalitates.
3388 3384 3602 3452 venient
3630 3380 3819 3440 indotatis

2308 3487 2542 3534 vestras.
2580 3475 2899 3543 Frumenti,
2935 3477 3044 3538 vini
3092 3487 3150 3542 ct.
3175 3477 3294 3540 olei
3329 3490 3538 3554 partem
3583 3475 3821 3541 ofﬁrmtu-

2311 3584 2458 3622 mum
2505 3570 2558 3634 in
2613 3569 2947 3635 Ecclesiam;
2978 3569 3244 3648 reliquam
3278 3588 3375 3642 per
3421 3566 3819 3642 ςποςλριξμόοε.

2311 3663 2549 3729 debiles,
2585 3663 2860 3742 leprosos,
2896 3673 2955 3726 et
2995 3663 3308 3739 orphanosi,
3344 3675 3398 3719 et
3431 3679 3526 3736 per
3561 3663 3821 3726 viduas.p£-

2314 3758 2564 3830 regriuos
2596 3767 2653 3814 et
2679 3759 2926 3822 advenas.
2948 3758 3189 3822 dividere
3206 3759 3443 3828 debetis.
3476 3758 3710 3828 Similiter.
3725 3751 3823 3806 facite
3853 3827 3856 3834 Ι

2315 3851 2382 3908 de
2405 3852 2552 3910 omni
2577 3852 2794 3930 peculio
2822 3863 3008 3909 vestro
3031 3853 3144 3922 καις.
3165 3855 3328 3928 omni,
3346 3845 3716 3916 fruetu'vestto.
3734 3847 3824 3912 (λων

2319 3945 2419 4001 ties
2450 3961 2649 4008 novum
2679 3946 2812 4002 facis
2844 3962 3035 4018 panem
3075 3946 3151 4012 de,
3171 3962 3360 4012 messe.
3380 3957 3468 4020 tua
3482 3988 3506 4018 ,ὁ
3531 3946 3728 4020 primum
3744 3937 3824 3994 aﬁr‘f

2320 4037 2384 4092 ad
2410 4037 2722 4104 Ecclesiae),
2741 4055 2837 4109 pro
2861 4039 3272 4108 benedictione:
3299 4039 3564 4112 reliquum
3589 4051 3694 4096 veto
3713 4043 3824 4088 tecum

2319 4133 2566 4187 retinere
2609 4133 2817 4202 poteris
2847 4147 2953 4202 pro
3004 4144 3088 4200 te,
3121 4143 3176 4187 et
3209 4133 3530 4209 tuatainitia
3564 4150 3576 4185 :
3617 4132 3680 4192 sic
3711 4122 3826 4183 facile

2323 4242 2455 4292 uva,
2487 4227 2630 4284 etde
2661 4229 2810 4290 omni
2841 4228 3031 4284 labore
3057 4238 3170 4285 tuo.

2395 4318 2451 4372 4.
2487 4318 2542 4386 In
2567 4319 2798 4386 ecclesia
2822 4327 3035 4390 stantes
3059 4320 3225 4380 nolite
3249 4319 3585 4392 obstnepere,
3613 4315 3690 4372 sed
3708 4310 3830 4370 lectio-

2325 4425 2424 4465 nes
2451 4394 2662 4483 divinas
2684 4410 2975 4488 diligenter
3002 4412 3204 4476 audite.
3240 4411 3356 4486 Qui.
3379 4413 3566 4488 otiosis
3585 4406 3752 4472 νει-ως,
3771 4415 3829 4456 εί·

2326 4503 2544 4577 ehinnis
2587 4485 2907 4570 clamorosis
2924 4548 2947 4584 ,Ι
2969 4485 3506 4584 deambulationihus
3527 4500 3782 4578 importunis
3799 4497 3829 4548 tu

616 4609 945 4667 nebreseent
971 4603 1136 4660 totius
1160 4603 1347 4664 mundi
1378 4583 1786 4668 inminuaTuuc,
1807 4585 1982 4654 Sancti
2008 4600 2225 4682 rapien—
2251 4602 2305 4662 D
2329 4595 2564 4656 ecclesia
2601 4600 2896 4669 perstrepit
2922 4583 2947 4667 ,7
2969 4607 3026 4654 et
3057 4614 3155 4676 pro
3174 4614 3233 4657 se
3265 4609 3322 4656 et
3353 4614 3452 4672 pro
3478 4600 3586 4654 aliis
3608 4593 3830 4654 redditurus

617 4715 706 4760 tur
727 4703 942 4757 obviam
971 4699 1194 4753 Christo
1227 4696 1280 4750 in
1323 4710 1483 4761 aera,
1515 4702 1570 4748 et
1601 4693 1679 4748 sic
1721 4709 1938 4764 semper
1967 4708 2088 4746 eum
2122 4694 2226 4747 Do-

620 4797 770 4853 mino
796 4802 956 4851 erunt
985 4809 996 4844 :
1031 4799 1348 4862 peccatores
1377 4798 1557 4842 autem
1583 4784 1988 4840 confunduntur
2018 4793 2072 4839 et
2101 4799 2222 4855 per-

621 4892 796 4949 ibunt.
827 4888 894 4952 Et
929 4896 1056 4941 tunc
1078 4884 1343 4939 Dominus
1375 4893 1561 4936 noster
1587 4879 1750 4935 Jesus
1766 4879 2020 4933 Christus
2049 4881 2228 4934 mittet

621 4985 844 5056 angelos
874 4997 1002 5058 suos
1029 4978 1094 5033 ad
1123 4985 1355 5050 quatuor
1380 4975 1604 5046 angulos
1636 4984 1816 5039 terrm,
1848 4983 1902 5026 et
1930 4989 2228 5050 congrega-

622 5080 757 5135 bunt
779 5077 983 5132 electos
1016 5072 1132 5143 ejus
1160 5085 1191 5124 a
1217 5082 1432 5123 summo
1459 5067 1721 5148 (telorum
1751 5081 1922 5138 usque
1945 5067 2008 5120 ad
2039 5069 2227 5121 termi-

625 5189 726 5230 nos
757 5184 943 5226 eormn
969 5185 982 5232 ;
1015 5151 1222 5220 et'tune
1252 5161 1532 5232 separabit
1557 5171 1772 5228 sanctos
1803 5175 1932 5228 suos
1969 5161 2229 5226 Dominus

628 5265 695 5321 de
739 5262 922 5318 medio
954 5245 1302 5330 peccatorum
1383 5263 1437 5307 et
1485 5254 1664 5320 mittet
1693 5267 1787 5307 eos
1832 5255 1880 5306 in
1917 5255 2231 5330 mansiones

629 5359 884 5415 emiestes
916 5372 929 5408 :
963 5333 1282 5423 peceatores
1323 5358 1504 5422 autem
1539 5347 1823 5418 mittentur
1871 5348 2229 5426 ianaminum

630 5452 800 5522 ignis,
829 5449 920 5519 qui
950 5429 1277 5522 paratusest
1302 5440 1526 5495 diabolo
1554 5449 1605 5494 et
1628 5442 1840 5512 angelis
1870 5442 1986 5522 ejus
2011 5441 2230 5513 (Matth.

631 5535 874 5609 xitv,‘29
902 5551 948 5595 et
992 5537 1146 5609 seq.).
1181 5537 1254 5592 lbi
1303 5536 1409 5591 erit
1456 5535 1614 5589 ﬂetus
1651 5546 1702 5588 et
1743 5537 1945 5589 stridor
1986 5535 2230 5591 dentium

635 5634 851 5705 (Matth.
893 5647 1005 5692 VIII,
1040 5629 1155 5698 1'2).
1179 5628 1273 5684 Va:
1305 5628 1412 5682 illis
1462 5626 1773 5701 hominibus
1795 5669 1807 5690 ,
1841 5628 1928 5706 qui
1960 5643 2082 5690 cum
2117 5629 2232 5700 dia-

630 5729 764 5794 bolo
790 5726 1076 5792 habebunt,
1095 5721 1408 5793 mansiones
1424 5739 1454 5788 ;,
1472 5718 1598 5790 quia
1619 5719 1887 5788 ascendet.
1911 5719 2094 5794 fumus.
2121 5734 2231 5796 tor-

625 5826 938 5878 tneutorum
992 5826 1179 5869 eorum
1230 5811 1285 5868 in
1335 5811 1533 5867 saecula
1564 5809 1934 5868 smculorum:
1994 5827 2226 5883 quorum

2329 4701 2411 4746 est
2443 4681 2708 4747 rationem
2742 4694 2795 4746 in
2851 4692 2938 4747 die
2982 4692 3209 4762 judicii;
3263 4694 3640 4765 qui-.i.V,erbuni
3685 4684 3830 4741 Deitttzc

2329 4784 2445 4854 ipse
2475 4784 2626 4838 alldit
2651 4825 2665 4849 ,
2701 4798 2799 4852 nec
2825 4784 2963 4848 alios
2990 4784 3183 4843 audire
3212 4765 3497 4855 permittit.
3523 4785 3592 4840 Ad
3615 4776 3830 4838 Ecclesiae

2331 4894 2454 4932 cum
2485 4879 2680 4933 venitis
2707 4921 2721 4946 ,
2747 4878 2916 4932 nolite
2957 4877 3169 4954 litigare
3187 4895 3216 4944 ;_
3232 4861 3433 4942 causas
3459 4895 3610 4937 vanas
3636 4875 3765 4931 nolite
3785 4868 3833 4921 tlt-

2333 4988 2461 5034 cere
2485 5017 2498 5041 ,
2535 4973 2846 5052 audirevel
2885 4973 3135 5044 judicare
3153 4989 3180 5052 ἦ
3205 4985 3303 5038 aut
3354 4976 3552 5038 rixari,
3584 4981 3663 5026 aut
3689 4964 3830 5038 jocari-

2338 5068 2425 5140 vel
2454 5068 2663 5134 alienas
2693 5069 2914 5130 fabulas,
2934 5068 3174 5135 referre;
3207 5071 3463 5140 quoniam
3490 5065 3710 5140 quitalia
3727 5059 3834 5126 θὸωη

2335 5161 2452 5231 sine
2481 5161 2656 5232 fructu
2686 5163 2960 5228 orationes
2986 5179 3180 5244 eorum.
3215 5173 3584 5237 evanescunt;
3601 5159 3738 5218 humo
3758 5163 3831 5206 cum

2340 5274 2504 5328 parvo
2534 5269 2756 5334 peccato
2777 5260 2843 5322 ad
2870 5260 3184 5324 Ecclesium.
3213 5261 3466 5337 veniunt,
3498 5268 3556 5324 et,
3582 5271 3686 5314 cum
3712 5258 3835 5321 Pcw"

2343 5353 2410 5417 “.5
2455 5353 2650 5420 multis
2673 5353 2739 5422 de
2787 5352 3030 5416 Ecclesia
3063 5352 3358 5430 recedunt,
3385 5347 3726 5426 quibu5.\a]tit3
3755 5352 3835 5392 ron-

2338 5453 2518 5524 grult,
2552 5448 2708 5522 quod.
2728 5448 3014 5520 Propheta,
3046 5447 3178 5502 dicit
3228 5458 3298 5504 et.
3322 5447 3690 5508 comminatur:
3724 5434 3832 5492 Haec

2346 5544 2560 5597 vanitati
2590 5544 2773 5614 similis
2803 5543 2970 5613 factus
2994 5551 3094 5607 est,
3124 5543 3231 5608 dies
3259 5543 3517 5618 ejussicut
3544 5538 3832 5615 umbrarum-

2343 5645 2464 5689 eunt
2496 5619 2679 5708 (Prol.
2699 5652 2880 5703 cxun,
2910 5633 2989 5706 4).

2414 5728 2468 5783 5-
2498 5727 2726 5800 Iudices
2745 5728 3214 5799 mmtuuieausas.
3229 5716 3832 5795 audiMJmmJudircnl.

2339 5829 2398 5874 et
2425 5835 2656 5898 munera
2685 5835 2853 5902 super
2879 5821 3196 5898 innocentes
3233 5833 3338 5902 non
3367 5814 3650 5890 accipi-Illi;
3675 5803 3832 5890 item“
