  <div class='ocr_page' id='page_1' title='image "/cluster/home/n/w/nwhite01/storage/ocr_20150623/17/hvd.32044015471329/333.png"; bbox 0 0 3944 6310; ppageno 0'>
   <div class='ocr_carea' id='block_1_1' title="bbox 584 275 692 333">
    <p class='ocr_par' dir='ltr' id='par_1_1' title="bbox 584 275 692 333">
     <span class='ocr_line' id='line_1_1' title="bbox 584 275 692 333; baseline 0.009 -1"><span class='ocrx_word' id='word_1_1' title='bbox 584 275 692 333; x_wconf 78' lang='lat'><strong>653</strong></span> 
     </span>
    </p>
   </div>
   <div class='ocr_carea' id='block_1_2' title="bbox 1510 259 3786 324">
    <p class='ocr_par' dir='ltr' id='par_1_2' title="bbox 1510 259 3786 324">
     <span class='ocr_line' id='line_1_2' title="bbox 1510 259 3786 324; baseline -0.003 0"><span class='ocrx_word' id='word_1_2' title='bbox 1510 268 1604 324; x_wconf 81' lang='lat' dir='ltr'><strong>AD</strong></span> <span class='ocrx_word' id='word_1_3' title='bbox 1641 264 1873 323; x_wconf 69' lang='lat' dir='ltr'><strong>OPERA</strong></span> <span class='ocrx_word' id='word_1_4' title='bbox 1913 262 2161 321; x_wconf 75' lang='lat' dir='ltr'><strong>SANCTI</strong></span> <span class='ocrx_word' id='word_1_5' title='bbox 2203 260 2538 320; x_wconf 77' lang='lat' dir='ltr'><strong>AMBROSII</strong></span> <span class='ocrx_word' id='word_1_6' title='bbox 2579 259 2941 318; x_wconf 76' lang='lat' dir='ltr'><strong>APPENDIX.</strong></span> <span class='ocrx_word' id='word_1_7' title='bbox 3718 263 3786 318; x_wconf 69' lang='lat'><strong>656</strong></span> 
     </span>
    </p>
   </div>
   <div class='ocr_carea' id='block_1_3' title="bbox 578 347 3881 450">
    <p class='ocr_par' dir='ltr' id='par_1_3' title="bbox 578 347 3881 450">
     <span class='ocr_line' id='line_1_3' title="bbox 578 347 3881 450; baseline -0.003 -8"><span class='ocrx_word' id='word_1_8' title='bbox 578 395 760 443; x_wconf 82' lang='lat' dir='ltr'><strong>vestra</strong></span> <span class='ocrx_word' id='word_1_9' title='bbox 791 383 1039 441; x_wconf 81' lang='lat' dir='ltr'><strong>confiteri</strong></span> <span class='ocrx_word' id='word_1_10' title='bbox 1084 383 1198 439; x_wconf 90' lang='lat' dir='ltr'><strong>Deo</strong></span> <span class='ocrx_word' id='word_1_11' title='bbox 1227 390 1282 439; x_wconf 92' lang='lat' dir='ltr'><strong>et</strong></span> <span class='ocrx_word' id='word_1_12' title='bbox 1312 379 1620 447; x_wconf 90' lang='lat' dir='ltr'><strong>sacerdoti,</strong></span> <span class='ocrx_word' id='word_1_13' title='bbox 1665 388 1721 436; x_wconf 89' lang='lat' dir='ltr'><strong>et</strong></span> <span class='ocrx_word' id='word_1_14' title='bbox 1765 395 1864 450; x_wconf 89' lang='lat' dir='ltr'><strong>per</strong></span> <span class='ocrx_word' id='word_1_15' title='bbox 1895 378 2105 450; x_wconf 86' lang='lat' dir='ltr'><strong>jejunia</strong></span> <span class='ocrx_word' id='word_1_16' title='bbox 2137 388 2191 434; x_wconf 93' lang='lat' dir='ltr'><strong>et</strong></span> <span class='ocrx_word' id='word_1_17' title='bbox 2217 383 2271 444; x_wconf 78' lang='grc' dir='ltr'><strong>Α</strong></span> <span class='ocrx_word' id='word_1_18' title='bbox 2293 378 2482 450; x_wconf 80' lang='lat' dir='ltr'><strong>grandi</strong></span> <span class='ocrx_word' id='word_1_19' title='bbox 2503 393 2719 448; x_wconf 85' lang='lat' dir='ltr'><strong>quoque</strong></span> <span class='ocrx_word' id='word_1_20' title='bbox 2741 375 2920 432; x_wconf 91' lang='lat' dir='ltr'><strong>studio</strong></span> <span class='ocrx_word' id='word_1_21' title='bbox 2947 384 3004 431; x_wconf 93' lang='lat' dir='ltr'><strong>et</strong></span> <span class='ocrx_word' id='word_1_22' title='bbox 3031 388 3154 430; x_wconf 91' lang='lat' dir='ltr'><strong>cum</strong></span> <span class='ocrx_word' id='word_1_23' title='bbox 3183 373 3387 445; x_wconf 81' lang='lat' dir='ltr'><strong>ingenti</strong></span> <span class='ocrx_word' id='word_1_24' title='bbox 3409 374 3790 434; x_wconf 81' lang='lat' dir='ltr'><strong>aviditatedcbcnt</strong></span> <span class='ocrx_word' id='word_1_25' title='bbox 3880 347 3881 362; x_wconf 12' lang='grc' dir='ltr'>χ</span> 
     </span>
    </p>
   </div>
   <div class='ocr_carea' id='block_1_4' title="bbox 575 475 2190 549">
    <p class='ocr_par' dir='ltr' id='par_1_4' title="bbox 575 475 2190 549">
     <span class='ocr_line' id='line_1_4' title="bbox 575 475 2190 549; baseline -0.006 -10"><span class='ocrx_word' id='word_1_26' title='bbox 575 483 857 539; x_wconf 83' lang='lat' dir='ltr'><strong>orationes</strong></span> <span class='ocrx_word' id='word_1_27' title='bbox 887 489 941 533; x_wconf 90' lang='lat' dir='ltr'><strong>et</strong></span> <span class='ocrx_word' id='word_1_28' title='bbox 974 483 1238 549; x_wconf 83' lang='lat' dir='ltr'><strong>tacrytnas</strong></span> <span class='ocrx_word' id='word_1_29' title='bbox 1278 486 1442 548; x_wconf 90' lang='lat' dir='ltr'><strong>atque</strong></span> <span class='ocrx_word' id='word_1_30' title='bbox 1464 477 1844 548; x_wconf 86' lang='lat' dir='ltr'><strong>eleemosynas</strong></span> <span class='ocrx_word' id='word_1_31' title='bbox 1873 475 2060 530; x_wconf 90' lang='lat' dir='ltr'><strong>delere</strong></span> <span class='ocrx_word' id='word_1_32' title='bbox 2092 475 2190 530; x_wconf 64' lang='lat' dir='ltr'><strong>dco</strong></span> 
     </span>
    </p>
   </div>
   <div class='ocr_carea' id='block_1_5' title="bbox 577 569 2191 644">
    <p class='ocr_par' dir='ltr' id='par_1_5' title="bbox 577 569 2191 644">
     <span class='ocr_line' id='line_1_5' title="bbox 577 569 2191 644; baseline -0.004 -14"><span class='ocrx_word' id='word_1_33' title='bbox 577 574 724 630; x_wconf 85' lang='lat' dir='ltr'><strong>betis</strong></span> <span class='ocrx_word' id='word_1_34' title='bbox 751 571 852 644; x_wconf 84' lang='lat' dir='ltr'><strong>(De</strong></span> <span class='ocrx_word' id='word_1_35' title='bbox 879 569 1096 635; x_wconf 74' lang='lat' dir='ltr'><strong>Pwnit.,</strong></span> <span class='ocrx_word' id='word_1_36' title='bbox 1121 571 1244 625; x_wconf 88' lang='lat' dir='ltr'><strong>dist.</strong></span> <span class='ocrx_word' id='word_1_37' title='bbox 1274 572 1324 637; x_wconf 81' lang='lat' dir='ltr'><strong>l,</strong></span> <span class='ocrx_word' id='word_1_38' title='bbox 1354 586 1469 642; x_wconf 86' lang='lat' dir='ltr'><strong>cap.</strong></span> <span class='ocrx_word' id='word_1_39' title='bbox 1500 569 1676 639; x_wconf 79' lang='lat' dir='ltr'><strong>Ecce).</strong></span> <span class='ocrx_word' id='word_1_40' title='bbox 1706 569 1887 636; x_wconf 82' lang='lat' dir='ltr'><strong>Quare</strong></span> <span class='ocrx_word' id='word_1_41' title='bbox 1915 569 2191 625; x_wconf 86' lang='lat' dir='ltr'><strong>erubescit</strong></span> 
     </span>
    </p>
   </div>
   <div class='ocr_carea' id='block_1_6' title="bbox 577 662 2192 737">
    <p class='ocr_par' dir='ltr' id='par_1_6' title="bbox 577 662 2192 737">
     <span class='ocr_line' id='line_1_6' title="bbox 577 662 2192 737; baseline -0.005 -15"><span class='ocrx_word' id='word_1_42' title='bbox 577 676 835 737; x_wconf 72' lang='lat' dir='ltr'><strong>peccator</strong></span> <span class='ocrx_word' id='word_1_43' title='bbox 881 662 1230 718; x_wconf 87' lang='lat' dir='ltr'><strong>manifestare</strong></span> <span class='ocrx_word' id='word_1_44' title='bbox 1285 673 1506 732; x_wconf 84' lang='lat' dir='ltr'><strong>peccata</strong></span> <span class='ocrx_word' id='word_1_45' title='bbox 1561 676 1696 727; x_wconf 84' lang='lat' dir='ltr'><strong>sua,</strong></span> <span class='ocrx_word' id='word_1_46' title='bbox 1744 676 1866 731; x_wconf 73' lang='lat' dir='ltr'><strong>qua:</strong></span> <span class='ocrx_word' id='word_1_47' title='bbox 1897 671 1952 716; x_wconf 77' lang='lat' dir='ltr'><strong>et.</strong></span> <span class='ocrx_word' id='word_1_48' title='bbox 2000 662 2109 716; x_wconf 87' lang='lat' dir='ltr'><strong>Deo</strong></span> <span class='ocrx_word' id='word_1_49' title='bbox 2137 669 2192 716; x_wconf 92' lang='lat' dir='ltr'><strong>et</strong></span> 
     </span>
    </p>
   </div>
   <div class='ocr_carea' id='block_1_7' title="bbox 580 755 2190 832">
    <p class='ocr_par' dir='ltr' id='par_1_7' title="bbox 580 755 2190 832">
     <span class='ocr_line' id='line_1_7' title="bbox 580 755 2190 832; baseline -0.001 -23"><span class='ocrx_word' id='word_1_50' title='bbox 580 757 744 832; x_wconf 64' lang='grc'><strong>425</strong></span> <span class='ocrx_word' id='word_1_51' title='bbox 767 756 973 825; x_wconf 78' lang='lat' dir='ltr'><strong>angelis</strong></span> <span class='ocrx_word' id='word_1_52' title='bbox 1005 756 1256 812; x_wconf 73' lang='lat' dir='ltr'><strong>(minibus</strong></span> <span class='ocrx_word' id='word_1_53' title='bbox 1279 798 1293 821; x_wconf 95' lang='lat'><strong>,</strong></span> <span class='ocrx_word' id='word_1_54' title='bbox 1324 765 1487 825; x_wconf 89' lang='lat' dir='ltr'><strong>atque</strong></span> <span class='ocrx_word' id='word_1_55' title='bbox 1518 755 1730 810; x_wconf 85' lang='lat' dir='ltr'><strong>cunctis</strong></span> <span class='ocrx_word' id='word_1_56' title='bbox 1759 755 1949 809; x_wconf 84' lang='lat' dir='ltr'><strong>electis</strong></span> <span class='ocrx_word' id='word_1_57' title='bbox 1985 755 2190 808; x_wconf 82' lang='lat' dir='ltr'><strong>anima-</strong></span> 
     </span>
    </p>
   </div>
   <div class='ocr_carea' id='block_1_8' title="bbox 573 846 2188 905">
    <p class='ocr_par' dir='ltr' id='par_1_8' title="bbox 573 846 2188 905">
     <span class='ocr_line' id='line_1_8' title="bbox 573 846 2188 905; baseline -0.003 0"><span class='ocrx_word' id='word_1_58' title='bbox 573 851 678 905; x_wconf 89' lang='lat' dir='ltr'><strong>bus</strong></span> <span class='ocrx_word' id='word_1_59' title='bbox 705 859 833 904; x_wconf 87' lang='lat' dir='ltr'><strong>sunt</strong></span> <span class='ocrx_word' id='word_1_60' title='bbox 861 858 987 903; x_wconf 91' lang='lat' dir='ltr'><strong>nota</strong></span> <span class='ocrx_word' id='word_1_61' title='bbox 1020 857 1076 903; x_wconf 90' lang='lat' dir='ltr'><strong>et</strong></span> <span class='ocrx_word' id='word_1_62' title='bbox 1116 849 1398 902; x_wconf 82' lang='lat' dir='ltr'><strong>manifesta</strong></span> <span class='ocrx_word' id='word_1_63' title='bbox 1425 846 1758 902; x_wconf 76' lang='lat' dir='ltr'><strong>‘tConfessio</strong></span> <span class='ocrx_word' id='word_1_64' title='bbox 1785 861 1813 899; x_wconf 88' lang='lat' dir='ltr'><strong>a</strong></span> <span class='ocrx_word' id='word_1_65' title='bbox 1856 855 2031 901; x_wconf 92' lang='lat' dir='ltr'><strong>morte</strong></span> <span class='ocrx_word' id='word_1_66' title='bbox 2067 846 2188 901; x_wconf 91' lang='lat' dir='ltr'><strong>ani-</strong></span> 
     </span>
    </p>
   </div>
   <div class='ocr_carea' id='block_1_9' title="bbox 575 941 2191 1012">
    <p class='ocr_par' dir='ltr' id='par_1_9' title="bbox 575 941 2191 1012">
     <span class='ocr_line' id='line_1_9' title="bbox 575 941 2191 1012; baseline 0.001 -14"><span class='ocrx_word' id='word_1_67' title='bbox 575 958 722 998; x_wconf 88' lang='lat' dir='ltr'><strong>mam</strong></span> <span class='ocrx_word' id='word_1_68' title='bbox 756 942 953 997; x_wconf 81' lang='lat' dir='ltr'><strong>liberat</strong></span> <span class='ocrx_word' id='word_1_69' title='bbox 979 982 996 1009; x_wconf 90' lang='lat'><strong>,</strong></span> <span class='ocrx_word' id='word_1_70' title='bbox 1028 941 1304 997; x_wconf 82' lang='lat' dir='ltr'><strong>confessio</strong></span> <span class='ocrx_word' id='word_1_71' title='bbox 1332 942 1642 1012; x_wconf 79' lang='lat' dir='ltr'><strong>paradisum</strong></span> <span class='ocrx_word' id='word_1_72' title='bbox 1675 944 1852 1011; x_wconf 87' lang='lat' dir='ltr'><strong>aperit</strong></span> <span class='ocrx_word' id='word_1_73' title='bbox 1874 983 1888 1005; x_wconf 83' lang='lat'><strong>,</strong></span> <span class='ocrx_word' id='word_1_74' title='bbox 1916 941 2191 999; x_wconf 83' lang='lat' dir='ltr'><strong>confessio</strong></span> 
     </span>
    </p>
   </div>
   <div class='ocr_carea' id='block_1_10' title="bbox 572 1033 2191 1106">
    <p class='ocr_par' dir='ltr' id='par_1_10' title="bbox 572 1033 2191 1106">
     <span class='ocr_line' id='line_1_10' title="bbox 572 1033 2191 1106; baseline -0.001 -16"><span class='ocrx_word' id='word_1_75' title='bbox 572 1049 732 1106; x_wconf 81' lang='lat' dir='ltr'><strong>Spem</strong></span> <span class='ocrx_word' id='word_1_76' title='bbox 761 1033 1008 1090; x_wconf 83' lang='lat' dir='ltr'><strong>salvandi</strong></span> <span class='ocrx_word' id='word_1_77' title='bbox 1053 1033 1262 1088; x_wconf 87' lang='lat' dir='ltr'><strong>tribuit.</strong></span> <span class='ocrx_word' id='word_1_78' title='bbox 1296 1033 1451 1090; x_wconf 89' lang='lat' dir='ltr'><strong>Unde</strong></span> <span class='ocrx_word' id='word_1_79' title='bbox 1479 1033 1765 1104; x_wconf 86' lang='lat' dir='ltr'><strong>Scriptura</strong></span> <span class='ocrx_word' id='word_1_80' title='bbox 1807 1034 1978 1088; x_wconf 83' lang='lat' dir='ltr'><strong>dicit:</strong></span> <span class='ocrx_word' id='word_1_81' title='bbox 2014 1033 2111 1088; x_wconf 83' lang='lat' dir='ltr'><strong>Dic</strong></span> <span class='ocrx_word' id='word_1_82' title='bbox 2136 1043 2191 1089; x_wconf 84' lang='lat' dir='ltr'><strong>tu</strong></span> 
     </span>
    </p>
   </div>
   <div class='ocr_carea' id='block_1_11' title="bbox 570 1127 2186 1202">
    <p class='ocr_par' dir='ltr' id='par_1_11' title="bbox 570 1127 2186 1202">
     <span class='ocr_line' id='line_1_11' title="bbox 570 1127 2186 1202; baseline 0.001 -19"><span class='ocrx_word' id='word_1_83' title='bbox 570 1130 872 1201; x_wconf 86' lang='lat' dir='ltr'><strong>iniquitates</strong></span> <span class='ocrx_word' id='word_1_84' title='bbox 894 1138 1010 1183; x_wconf 85' lang='lat' dir='ltr'><strong>tuas</strong></span> <span class='ocrx_word' id='word_1_85' title='bbox 1035 1131 1257 1200; x_wconf 86' lang='lat' dir='ltr'><strong>primus,</strong></span> <span class='ocrx_word' id='word_1_86' title='bbox 1284 1138 1340 1182; x_wconf 85' lang='lat' dir='ltr'><strong>ut</strong></span> <span class='ocrx_word' id='word_1_87' title='bbox 1357 1129 1667 1202; x_wconf 80' lang='lat' dir='ltr'><strong>justiﬁceris</strong></span> <span class='ocrx_word' id='word_1_88' title='bbox 1697 1127 1868 1201; x_wconf 84' lang='lat' dir='ltr'><strong>(Esai.</strong></span> <span class='ocrx_word' id='word_1_89' title='bbox 1895 1145 2046 1196; x_wconf 79' lang='lat' dir='ltr'><strong>xutt,</strong></span> <span class='ocrx_word' id='word_1_90' title='bbox 2068 1130 2186 1202; x_wconf 73' lang='lat'><strong>‘26).</strong></span> 
     </span>
    </p>
   </div>
   <div class='ocr_carea' id='block_1_12' title="bbox 574 1221 2187 1296">
    <p class='ocr_par' dir='ltr' id='par_1_12' title="bbox 574 1221 2187 1296">
     <span class='ocr_line' id='line_1_12' title="bbox 574 1221 2187 1296; baseline 0.001 -17"><span class='ocrx_word' id='word_1_91' title='bbox 574 1221 677 1280; x_wconf 86' lang='lat' dir='ltr'><strong>Hic</strong></span> <span class='ocrx_word' id='word_1_92' title='bbox 704 1224 771 1279; x_wconf 90' lang='lat' dir='ltr'><strong>iis</strong></span> <span class='ocrx_word' id='word_1_93' title='bbox 801 1224 985 1279; x_wconf 76' lang='lat' dir='ltr'><strong>verbis</strong></span> <span class='ocrx_word' id='word_1_94' title='bbox 1007 1224 1317 1280; x_wconf 88' lang='lat' dir='ltr'><strong>ostenditur</strong></span> <span class='ocrx_word' id='word_1_95' title='bbox 1338 1226 1463 1295; x_wconf 87' lang='lat' dir='ltr'><strong>quia</strong></span> <span class='ocrx_word' id='word_1_96' title='bbox 1484 1241 1591 1280; x_wconf 91' lang='lat' dir='ltr'><strong>non</strong></span> <span class='ocrx_word' id='word_1_97' title='bbox 1616 1235 1859 1280; x_wconf 90' lang='lat' dir='ltr'><strong>meretur</strong></span> <span class='ocrx_word' id='word_1_98' title='bbox 1876 1225 2187 1296; x_wconf 83' lang='lat' dir='ltr'><strong>justiticari,</strong></span> 
     </span>
    </p>
   </div>
   <div class='ocr_carea' id='block_1_13' title="bbox 570 1319 2190 1392">
    <p class='ocr_par' dir='ltr' id='par_1_13' title="bbox 570 1319 2190 1392">
     <span class='ocr_line' id='line_1_13' title="bbox 570 1319 2190 1392; baseline -0.001 -16"><span class='ocrx_word' id='word_1_99' title='bbox 570 1320 743 1392; x_wconf 90' lang='lat' dir='ltr'><strong>quiin</strong></span> <span class='ocrx_word' id='word_1_100' title='bbox 789 1320 895 1375; x_wconf 91' lang='lat' dir='ltr'><strong>vita</strong></span> <span class='ocrx_word' id='word_1_101' title='bbox 929 1335 1025 1376; x_wconf 87' lang='lat' dir='ltr'><strong>sua</strong></span> <span class='ocrx_word' id='word_1_102' title='bbox 1065 1335 1287 1390; x_wconf 86' lang='lat' dir='ltr'><strong>peccata</strong></span> <span class='ocrx_word' id='word_1_103' title='bbox 1335 1335 1443 1374; x_wconf 93' lang='lat' dir='ltr'><strong>non</strong></span> <span class='ocrx_word' id='word_1_104' title='bbox 1478 1321 1597 1374; x_wconf 89' lang='lat' dir='ltr'><strong>vult</strong></span> <span class='ocrx_word' id='word_1_105' title='bbox 1621 1319 1894 1376; x_wconf 83' lang='lat' dir='ltr'><strong>confiteri.</strong></span> <span class='ocrx_word' id='word_1_106' title='bbox 1936 1321 2030 1375; x_wconf 88' lang='lat' dir='ltr'><strong>Illa</strong></span> <span class='ocrx_word' id='word_1_107' title='bbox 2062 1335 2190 1376; x_wconf 92' lang='lat' dir='ltr'><strong>vero</strong></span> 
     </span>
    </p>
   </div>
   <div class='ocr_carea' id='block_1_14' title="bbox 574 1415 2186 1485">
    <p class='ocr_par' dir='ltr' id='par_1_14' title="bbox 574 1415 2186 1485">
     <span class='ocr_line' id='line_1_14' title="bbox 574 1415 2186 1485; baseline -0.001 -15"><span class='ocrx_word' id='word_1_108' title='bbox 574 1415 853 1470; x_wconf 79' lang='lat' dir='ltr'><strong>confessio</strong></span> <span class='ocrx_word' id='word_1_109' title='bbox 897 1432 1006 1470; x_wconf 88' lang='lat' dir='ltr'><strong>non</strong></span> <span class='ocrx_word' id='word_1_110' title='bbox 1037 1415 1268 1480; x_wconf 89' lang='lat' dir='ltr'><strong>liberat,</strong></span> <span class='ocrx_word' id='word_1_111' title='bbox 1301 1432 1421 1485; x_wconf 63' lang='lat' dir='ltr'><strong>quae</strong></span> <span class='ocrx_word' id='word_1_112' title='bbox 1451 1430 1558 1470; x_wconf 89' lang='lat' dir='ltr'><strong>non</strong></span> <span class='ocrx_word' id='word_1_113' title='bbox 1605 1417 1662 1470; x_wconf 90' lang='lat' dir='ltr'><strong>lit</strong></span> <span class='ocrx_word' id='word_1_114' title='bbox 1689 1431 1812 1470; x_wconf 92' lang='lat' dir='ltr'><strong>cum</strong></span> <span class='ocrx_word' id='word_1_115' title='bbox 1846 1415 2186 1485; x_wconf 69' lang='lat' dir='ltr'><strong>paenitentia.</strong></span> 
     </span>
    </p>
   </div>
   <div class='ocr_carea' id='block_1_15' title="bbox 575 1507 2191 1574">
    <p class='ocr_par' dir='ltr' id='par_1_15' title="bbox 575 1507 2191 1574">
     <span class='ocr_line' id='line_1_15' title="bbox 575 1507 2191 1574; baseline 0.001 -11"><span class='ocrx_word' id='word_1_116' title='bbox 575 1507 904 1564; x_wconf 75' lang='lat' dir='ltr'><strong>Ptenitentia</strong></span> <span class='ocrx_word' id='word_1_117' title='bbox 932 1523 1060 1562; x_wconf 86' lang='lat' dir='ltr'><strong>vera</strong></span> <span class='ocrx_word' id='word_1_118' title='bbox 1089 1516 1176 1564; x_wconf 89' lang='lat' dir='ltr'><strong>est</strong></span> <span class='ocrx_word' id='word_1_119' title='bbox 1204 1507 1362 1563; x_wconf 91' lang='lat' dir='ltr'><strong>dolor</strong></span> <span class='ocrx_word' id='word_1_120' title='bbox 1389 1508 1575 1564; x_wconf 84' lang='lat' dir='ltr'><strong>cordis</strong></span> <span class='ocrx_word' id='word_1_121' title='bbox 1599 1549 1614 1574; x_wconf 84' lang='lat'><strong>,</strong></span> <span class='ocrx_word' id='word_1_122' title='bbox 1649 1518 1703 1563; x_wconf 92' lang='lat' dir='ltr'><strong>et</strong></span> <span class='ocrx_word' id='word_1_123' title='bbox 1741 1509 2052 1564; x_wconf 84' lang='lat' dir='ltr'><strong>amaritudo</strong></span> <span class='ocrx_word' id='word_1_124' title='bbox 2075 1511 2191 1565; x_wconf 90' lang='lat' dir='ltr'><strong>ani-</strong></span> 
     </span>
    </p>
   </div>
   <div class='ocr_carea' id='block_1_16' title="bbox 574 1599 2187 1673">
    <p class='ocr_par' dir='ltr' id='par_1_16' title="bbox 574 1599 2187 1673">
     <span class='ocr_line' id='line_1_16' title="bbox 574 1599 2187 1673; baseline -0.001 -18"><span class='ocrx_word' id='word_1_125' title='bbox 574 1617 682 1656; x_wconf 76' lang='lat' dir='ltr'><strong>ma:</strong></span> <span class='ocrx_word' id='word_1_126' title='bbox 729 1616 826 1670; x_wconf 89' lang='lat' dir='ltr'><strong>pro</strong></span> <span class='ocrx_word' id='word_1_127' title='bbox 873 1600 1030 1655; x_wconf 90' lang='lat' dir='ltr'><strong>malis</strong></span> <span class='ocrx_word' id='word_1_128' title='bbox 1069 1615 1192 1671; x_wconf 71' lang='lat' dir='ltr'><strong>qua:</strong></span> <span class='ocrx_word' id='word_1_129' title='bbox 1232 1599 1462 1672; x_wconf 89' lang='lat' dir='ltr'><strong>quisque</strong></span> <span class='ocrx_word' id='word_1_130' title='bbox 1497 1601 1774 1656; x_wconf 84' lang='lat' dir='ltr'><strong>commisit</strong></span> <span class='ocrx_word' id='word_1_131' title='bbox 1816 1600 1921 1673; x_wconf 86' lang='lat' dir='ltr'><strong>(De</strong></span> <span class='ocrx_word' id='word_1_132' title='bbox 1973 1600 2187 1670; x_wconf 59' lang='lat' dir='ltr'><strong>Poenin,</strong></span> 
     </span>
    </p>
   </div>
   <div class='ocr_carea' id='block_1_17' title="bbox 576 1695 2191 1771">
    <p class='ocr_par' dir='ltr' id='par_1_17' title="bbox 576 1695 2191 1771">
     <span class='ocr_line' id='line_1_17' title="bbox 576 1695 2191 1771; baseline 0.001 -20"><span class='ocrx_word' id='word_1_133' title='bbox 576 1698 700 1752; x_wconf 86' lang='lat' dir='ltr'><strong>dist.</strong></span> <span class='ocrx_word' id='word_1_134' title='bbox 733 1697 788 1771; x_wconf 63' lang='grc' dir='ltr'><strong>ὅ,</strong></span> <span class='ocrx_word' id='word_1_135' title='bbox 821 1713 868 1751; x_wconf 86' lang='lat' dir='ltr'><strong>c.</strong></span> <span class='ocrx_word' id='word_1_136' title='bbox 909 1697 1272 1768; x_wconf 72' lang='lat' dir='ltr'><strong>Pmnitentia).</strong></span> <span class='ocrx_word' id='word_1_137' title='bbox 1305 1695 1630 1752; x_wconf 56' lang='lat' dir='ltr'><strong>Paenitentia</strong></span> <span class='ocrx_word' id='word_1_138' title='bbox 1665 1708 1748 1752; x_wconf 91' lang='lat' dir='ltr'><strong>est</strong></span> <span class='ocrx_word' id='word_1_139' title='bbox 1779 1705 1836 1751; x_wconf 89' lang='lat' dir='ltr'><strong>et</strong></span> <span class='ocrx_word' id='word_1_140' title='bbox 1876 1699 2017 1751; x_wconf 87' lang='lat' dir='ltr'><strong>mala</strong></span> <span class='ocrx_word' id='word_1_141' title='bbox 2052 1713 2191 1768; x_wconf 63' lang='lat' dir='ltr'><strong>prae-</strong></span> 
     </span>
    </p>
   </div>
   <div class='ocr_carea' id='block_1_18' title="bbox 2293 467 3791 541">
    <p class='ocr_par' dir='ltr' id='par_1_18' title="bbox 2293 467 3791 541">
     <span class='ocr_line' id='line_1_18' title="bbox 2293 467 3791 541; baseline 0.001 -15"><span class='ocrx_word' id='word_1_142' title='bbox 2293 471 2575 526; x_wconf 84' lang='lat' dir='ltr'><strong>christiani</strong></span> <span class='ocrx_word' id='word_1_143' title='bbox 2597 474 2974 541; x_wconf 86' lang='lat' dir='ltr'><strong>eleemosynas</strong></span> <span class='ocrx_word' id='word_1_144' title='bbox 2997 467 3212 532; x_wconf 89' lang='lat' dir='ltr'><strong>facere;</strong></span> <span class='ocrx_word' id='word_1_145' title='bbox 3251 476 3308 522; x_wconf 93' lang='lat' dir='ltr'><strong>ut</strong></span> <span class='ocrx_word' id='word_1_146' title='bbox 3350 478 3631 524; x_wconf 87' lang='lat' dir='ltr'><strong>mereantur</strong></span> <span class='ocrx_word' id='word_1_147' title='bbox 3661 471 3702 525; x_wconf 88' lang='lat' dir='ltr'><strong>in</strong></span> <span class='ocrx_word' id='word_1_148' title='bbox 3735 473 3791 528; x_wconf 80' lang='lat' dir='ltr'><strong>die</strong></span> 
     </span>
    </p>
   </div>
   <div class='ocr_carea' id='block_1_19' title="bbox 2288 563 3883 638">
    <p class='ocr_par' dir='ltr' id='par_1_19' title="bbox 2288 563 3883 638">
     <span class='ocr_line' id='line_1_19' title="bbox 2288 563 3883 638; baseline 0.001 -18"><span class='ocrx_word' id='word_1_149' title='bbox 2288 566 2478 638; x_wconf 87' lang='lat' dir='ltr'><strong>judicii</strong></span> <span class='ocrx_word' id='word_1_150' title='bbox 2507 566 2746 622; x_wconf 89' lang='lat' dir='ltr'><strong>audirea</strong></span> <span class='ocrx_word' id='word_1_151' title='bbox 2789 565 3014 620; x_wconf 81' lang='lat' dir='ltr'><strong>Domino</strong></span> <span class='ocrx_word' id='word_1_152' title='bbox 3068 581 3082 618; x_wconf 90' lang='lat'><strong>:</strong></span> <span class='ocrx_word' id='word_1_153' title='bbox 3140 563 3368 628; x_wconf 79' lang='lat' dir='ltr'><strong>Esurivi,</strong></span> <span class='ocrx_word' id='word_1_154' title='bbox 3415 574 3460 618; x_wconf 87' lang='lat' dir='ltr'><strong>et</strong></span> <span class='ocrx_word' id='word_1_155' title='bbox 3505 564 3685 620; x_wconf 79' lang='lat' dir='ltr'><strong>dedistis</strong></span> <span class='ocrx_word' id='word_1_156' title='bbox 3711 569 3792 621; x_wconf 77' lang='lat' dir='ltr'><strong>mihi</strong></span> <span class='ocrx_word' id='word_1_157' title='bbox 3882 568 3883 638; x_wconf 50' lang='grc' dir='ltr'><strong>ι</strong></span> 
     </span>
    </p>
   </div>
   <div class='ocr_carea' id='block_1_20' title="bbox 2294 649 3883 728">
    <p class='ocr_par' dir='ltr' id='par_1_20' title="bbox 2294 649 3883 728">
     <span class='ocr_line' id='line_1_20' title="bbox 2294 649 3883 728; baseline -0.001 -16"><span class='ocrx_word' id='word_1_158' title='bbox 2294 659 2608 714; x_wconf 87' lang='lat' dir='ltr'><strong>manducare</strong></span> <span class='ocrx_word' id='word_1_159' title='bbox 2657 659 2856 724; x_wconf 70' lang='grc' dir='ltr'><strong>εεὶιὲι·ἱ,</strong></span> <span class='ocrx_word' id='word_1_160' title='bbox 2889 668 2937 712; x_wconf 89' lang='lat' dir='ltr'><strong>et</strong></span> <span class='ocrx_word' id='word_1_161' title='bbox 2986 657 3203 712; x_wconf 72' lang='lat' dir='ltr'><strong>dedistis</strong></span> <span class='ocrx_word' id='word_1_162' title='bbox 3255 657 3384 710; x_wconf 80' lang='lat' dir='ltr'><strong>mihi</strong></span> <span class='ocrx_word' id='word_1_163' title='bbox 3424 657 3578 711; x_wconf 72' lang='lat' dir='ltr'><strong>bibere</strong></span> <span class='ocrx_word' id='word_1_164' title='bbox 3617 673 3633 710; x_wconf 93' lang='lat'><strong><em>:</em></strong></span> <span class='ocrx_word' id='word_1_165' title='bbox 3670 656 3795 728; x_wconf 74' lang='grc' dir='ltr'>Ιιοιρει</span> <span class='ocrx_word' id='word_1_166' title='bbox 3882 649 3883 682; x_wconf 33' lang='grc' dir='ltr'>ξ</span> 
     </span>
    </p>
   </div>
   <div class='ocr_carea' id='block_1_21' title="bbox 2294 751 3795 823">
    <p class='ocr_par' dir='ltr' id='par_1_21' title="bbox 2294 751 3795 823">
     <span class='ocr_line' id='line_1_21' title="bbox 2294 751 3795 823; baseline -0.001 -17"><span class='ocrx_word' id='word_1_167' title='bbox 2294 767 2452 818; x_wconf 82' lang='lat' dir='ltr'><strong>eram,</strong></span> <span class='ocrx_word' id='word_1_168' title='bbox 2481 762 2529 806; x_wconf 88' lang='lat' dir='ltr'><strong>et</strong></span> <span class='ocrx_word' id='word_1_169' title='bbox 2552 751 2833 823; x_wconf 82' lang='lat' dir='ltr'><strong>coilegistis</strong></span> <span class='ocrx_word' id='word_1_170' title='bbox 2864 767 2945 805; x_wconf 87' lang='lat' dir='ltr'><strong>me</strong></span> <span class='ocrx_word' id='word_1_171' title='bbox 2986 765 3003 804; x_wconf 92' lang='lat'><em>:</em></span> <span class='ocrx_word' id='word_1_172' title='bbox 3033 751 3206 804; x_wconf 89' lang='lat' dir='ltr'><strong>nudus</strong></span> <span class='ocrx_word' id='word_1_173' title='bbox 3234 765 3398 816; x_wconf 87' lang='lat' dir='ltr'><strong>eram,</strong></span> <span class='ocrx_word' id='word_1_174' title='bbox 3434 759 3478 804; x_wconf 86' lang='lat' dir='ltr'><strong>et</strong></span> <span class='ocrx_word' id='word_1_175' title='bbox 3509 751 3693 805; x_wconf 74' lang='lat' dir='ltr'><strong>vestistis</strong></span> <span class='ocrx_word' id='word_1_176' title='bbox 3708 769 3760 805; x_wconf 76' lang='lat' dir='ltr'><strong>me</strong></span> <span class='ocrx_word' id='word_1_177' title='bbox 3785 770 3795 805; x_wconf 84' lang='lat'><strong><em>:</em></strong></span> 
     </span>
    </p>
   </div>
   <div class='ocr_carea' id='block_1_22' title="bbox 2293 845 3798 916">
    <p class='ocr_par' dir='ltr' id='par_1_22' title="bbox 2293 845 3798 916">
     <span class='ocr_line' id='line_1_22' title="bbox 2293 845 3798 916; baseline -0.002 -16"><span class='ocrx_word' id='word_1_178' title='bbox 2293 847 2553 916; x_wconf 77' lang='lat' dir='ltr'><strong>inﬁrmus,</strong></span> <span class='ocrx_word' id='word_1_179' title='bbox 2582 857 2632 901; x_wconf 89' lang='lat' dir='ltr'><strong>et</strong></span> <span class='ocrx_word' id='word_1_180' title='bbox 2659 845 2904 901; x_wconf 81' lang='lat' dir='ltr'><strong>uisitastis</strong></span> <span class='ocrx_word' id='word_1_181' title='bbox 2927 861 3005 898; x_wconf 85' lang='lat' dir='ltr'><strong>me</strong></span> <span class='ocrx_word' id='word_1_182' title='bbox 3040 860 3060 899; x_wconf 91' lang='lat'><strong><em>:</em></strong></span> <span class='ocrx_word' id='word_1_183' title='bbox 3100 845 3152 898; x_wconf 89' lang='lat' dir='ltr'><strong>in</strong></span> <span class='ocrx_word' id='word_1_184' title='bbox 3186 860 3395 899; x_wconf 83' lang='lat' dir='ltr'><strong>carcere</strong></span> <span class='ocrx_word' id='word_1_185' title='bbox 3431 859 3579 908; x_wconf 84' lang='lat' dir='ltr'><strong>erant,</strong></span> <span class='ocrx_word' id='word_1_186' title='bbox 3600 855 3638 897; x_wconf 86' lang='lat' dir='ltr'><strong>et</strong></span> <span class='ocrx_word' id='word_1_187' title='bbox 3656 845 3798 898; x_wconf 75' lang='lat' dir='ltr'><strong>renittis</strong></span> 
     </span>
    </p>
   </div>
   <div class='ocr_carea' id='block_1_23' title="bbox 2295 936 3885 1042">
    <p class='ocr_par' dir='ltr' id='par_1_23' title="bbox 2295 936 3885 1042">
     <span class='ocr_line' id='line_1_23' title="bbox 2295 936 3885 1042; baseline -0.002 -48"><span class='ocrx_word' id='word_1_188' title='bbox 2295 941 2365 994; x_wconf 84' lang='lat' dir='ltr'><strong>ad</strong></span> <span class='ocrx_word' id='word_1_189' title='bbox 2399 958 2498 995; x_wconf 82' lang='lat' dir='ltr'><strong>nte.</strong></span> <span class='ocrx_word' id='word_1_190' title='bbox 2535 939 2715 996; x_wconf 84' lang='lat' dir='ltr'><strong>Venite</strong></span> <span class='ocrx_word' id='word_1_191' title='bbox 2735 956 2881 1012; x_wconf 85' lang='lat' dir='ltr'><strong>ergo,</strong></span> <span class='ocrx_word' id='word_1_192' title='bbox 2914 939 3169 995; x_wconf 80' lang='lat' dir='ltr'><strong>benedicti</strong></span> <span class='ocrx_word' id='word_1_193' title='bbox 3196 937 3374 993; x_wconf 86' lang='lat' dir='ltr'><strong>Patris</strong></span> <span class='ocrx_word' id='word_1_194' title='bbox 3402 938 3495 994; x_wconf 85' lang='lat' dir='ltr'><strong>mei</strong></span> <span class='ocrx_word' id='word_1_195' title='bbox 3517 937 3802 1010; x_wconf 60' lang='lat' dir='ltr'><strong>(Mettium,</strong></span> <span class='ocrx_word' id='word_1_196' title='bbox 3883 936 3885 1042; x_wconf 31' lang='grc' dir='ltr'>χ</span> 
     </span>
    </p>
   </div>
   <div class='ocr_carea' id='block_1_24' title="bbox 2295 1030 3800 1104">
    <p class='ocr_par' dir='ltr' id='par_1_24' title="bbox 2295 1030 3800 1104">
     <span class='ocr_line' id='line_1_24' title="bbox 2295 1030 3800 1104; baseline -0.003 -14"><span class='ocrx_word' id='word_1_197' title='bbox 2295 1034 2410 1104; x_wconf 79' lang='grc'><strong>55).</strong></span> <span class='ocrx_word' id='word_1_198' title='bbox 2433 1030 2460 1070; x_wconf 75' lang='grc' dir='ltr'>ἀ</span> <span class='ocrx_word' id='word_1_199' title='bbox 2487 1034 2543 1088; x_wconf 92' lang='lat' dir='ltr'><strong>Si</strong></span> <span class='ocrx_word' id='word_1_200' title='bbox 2593 1033 2692 1089; x_wconf 90' lang='lat' dir='ltr'><strong>ista</strong></span> <span class='ocrx_word' id='word_1_201' title='bbox 2721 1048 2818 1089; x_wconf 90' lang='lat' dir='ltr'><strong>vos</strong></span> <span class='ocrx_word' id='word_1_202' title='bbox 2845 1048 3013 1103; x_wconf 84' lang='lat' dir='ltr'><strong>opera</strong></span> <span class='ocrx_word' id='word_1_203' title='bbox 3047 1031 3441 1087; x_wconf 67' lang='lat' dir='ltr'><strong>misericordia:</strong></span> <span class='ocrx_word' id='word_1_204' title='bbox 3481 1046 3581 1087; x_wconf 92' lang='lat' dir='ltr'><strong>non</strong></span> <span class='ocrx_word' id='word_1_205' title='bbox 3617 1031 3800 1094; x_wconf 82' lang='lat' dir='ltr'><strong>feceritis.</strong></span> 
     </span>
    </p>
   </div>
   <div class='ocr_carea' id='block_1_25' title="bbox 2294 1115 3800 1196">
    <p class='ocr_par' dir='ltr' id='par_1_25' title="bbox 2294 1115 3800 1196">
     <span class='ocr_line' id='line_1_25' title="bbox 2294 1115 3800 1196; baseline -0.001 -15"><span class='ocrx_word' id='word_1_206' title='bbox 2294 1142 2416 1196; x_wconf 80' lang='lat' dir='ltr'><strong>quae</strong></span> <span class='ocrx_word' id='word_1_207' title='bbox 2440 1127 2602 1181; x_wconf 89' lang='lat' dir='ltr'><strong>modo</strong></span> <span class='ocrx_word' id='word_1_208' title='bbox 2627 1125 3077 1191; x_wconf 84' lang='lat' dir='ltr'><strong>commemoravi,</strong></span> <span class='ocrx_word' id='word_1_209' title='bbox 3106 1115 3356 1181; x_wconf 75' lang='lat' dir='ltr'><strong>audietis</strong></span> <span class='ocrx_word' id='word_1_210' title='bbox 3397 1124 3449 1180; x_wconf 91' lang='lat' dir='ltr'><strong>in</strong></span> <span class='ocrx_word' id='word_1_211' title='bbox 3500 1125 3583 1180; x_wconf 90' lang='lat' dir='ltr'><strong>die</strong></span> <span class='ocrx_word' id='word_1_212' title='bbox 3622 1123 3763 1195; x_wconf 86' lang='lat' dir='ltr'><strong>judicii</strong></span> <span class='ocrx_word' id='word_1_213' title='bbox 3792 1147 3800 1180; x_wconf 87' lang='lat'><strong>:</strong></span> 
     </span>
    </p>
   </div>
   <div class='ocr_carea' id='block_1_26' title="bbox 2294 1215 3292 1290">
    <p class='ocr_par' dir='ltr' id='par_1_26' title="bbox 2294 1215 3292 1290">
     <span class='ocr_line' id='line_1_26' title="bbox 2294 1215 3292 1290; baseline 0.002 -19"><span class='ocrx_word' id='word_1_214' title='bbox 2294 1217 2376 1273; x_wconf 80' lang='lat' dir='ltr'><strong>Ite</strong></span> <span class='ocrx_word' id='word_1_215' title='bbox 2397 1219 2450 1272; x_wconf 88' lang='lat' dir='ltr'><strong>in</strong></span> <span class='ocrx_word' id='word_1_216' title='bbox 2472 1221 2642 1290; x_wconf 86' lang='lat' dir='ltr'><strong>ignem</strong></span> <span class='ocrx_word' id='word_1_217' title='bbox 2674 1229 2927 1274; x_wconf 69' lang='lat' dir='ltr'><strong>retentum</strong></span> <span class='ocrx_word' id='word_1_218' title='bbox 2958 1217 3150 1290; x_wconf 86' lang='lat' dir='ltr'><strong>(Ibid.,</strong></span> <span class='ocrx_word' id='word_1_219' title='bbox 3173 1215 3292 1289; x_wconf 73' lang='grc'><strong>41).</strong></span> 
     </span>
    </p>
   </div>
   <div class='ocr_carea' id='block_1_27' title="bbox 2369 1302 3887 1383">
    <p class='ocr_par' dir='ltr' id='par_1_27' title="bbox 2369 1302 3887 1383">
     <span class='ocr_line' id='line_1_27' title="bbox 2369 1302 3887 1383; baseline 0.001 -15"><span class='ocrx_word' id='word_1_220' title='bbox 2369 1314 2422 1368; x_wconf 73' lang='grc'><strong>4.</strong></span> <span class='ocrx_word' id='word_1_221' title='bbox 2464 1311 2582 1368; x_wconf 85' lang='lat' dir='ltr'><strong>Jam</strong></span> <span class='ocrx_word' id='word_1_222' title='bbox 2629 1314 2751 1383; x_wconf 88' lang='lat' dir='ltr'><strong>quia</strong></span> <span class='ocrx_word' id='word_1_223' title='bbox 2799 1314 2935 1370; x_wconf 86' lang='lat' dir='ltr'><strong>tales</strong></span> <span class='ocrx_word' id='word_1_224' title='bbox 2963 1313 3082 1369; x_wconf 92' lang='lat' dir='ltr'><strong>dies</strong></span> <span class='ocrx_word' id='word_1_225' title='bbox 3108 1323 3258 1377; x_wconf 89' lang='lat' dir='ltr'><strong>sunt,</strong></span> <span class='ocrx_word' id='word_1_226' title='bbox 3295 1329 3405 1367; x_wconf 90' lang='lat' dir='ltr'><strong>non</strong></span> <span class='ocrx_word' id='word_1_227' title='bbox 3443 1311 3622 1378; x_wconf 86' lang='lat' dir='ltr'><strong>audeo,</strong></span> <span class='ocrx_word' id='word_1_228' title='bbox 3665 1323 3801 1369; x_wconf 82' lang='lat' dir='ltr'><strong>utnon</strong></span> 
     </span>
    </p>
   </div>
   <div class='ocr_carea' id='block_1_28' title="bbox 2293 1406 3801 1478">
    <p class='ocr_par' dir='ltr' id='par_1_28' title="bbox 2293 1406 3801 1478">
     <span class='ocr_line' id='line_1_28' title="bbox 2293 1406 3801 1478; baseline -0.001 -16"><span class='ocrx_word' id='word_1_229' title='bbox 2293 1407 2470 1462; x_wconf 79' lang='lat' dir='ltr'><strong>dicam</strong></span> <span class='ocrx_word' id='word_1_230' title='bbox 2500 1407 2799 1478; x_wconf 92' lang='lat' dir='ltr'><strong>periculum</strong></span> <span class='ocrx_word' id='word_1_231' title='bbox 2836 1417 2894 1462; x_wconf 91' lang='lat' dir='ltr'><strong>et</strong></span> <span class='ocrx_word' id='word_1_232' title='bbox 2928 1406 3136 1478; x_wconf 91' lang='lat' dir='ltr'><strong>grande</strong></span> <span class='ocrx_word' id='word_1_233' title='bbox 3172 1407 3399 1472; x_wconf 89' lang='lat' dir='ltr'><strong>malum,</strong></span> <span class='ocrx_word' id='word_1_234' title='bbox 3439 1407 3575 1478; x_wconf 90' lang='lat' dir='ltr'><strong>quod</strong></span> <span class='ocrx_word' id='word_1_235' title='bbox 3600 1408 3723 1462; x_wconf 85' lang='lat' dir='ltr'><strong>estin</strong></span> <span class='ocrx_word' id='word_1_236' title='bbox 3745 1423 3801 1476; x_wconf 65' lang='lat' dir='ltr'><strong>pe</strong></span> 
     </span>
    </p>
   </div>
   <div class='ocr_carea' id='block_1_29' title="bbox 2294 1497 3802 1570">
    <p class='ocr_par' dir='ltr' id='par_1_29' title="bbox 2294 1497 3802 1570">
     <span class='ocr_line' id='line_1_29' title="bbox 2294 1497 3802 1570; baseline 0 -16"><span class='ocrx_word' id='word_1_237' title='bbox 2294 1501 2424 1570; x_wconf 93' lang='lat' dir='ltr'><strong>pulo</strong></span> <span class='ocrx_word' id='word_1_238' title='bbox 2455 1502 2592 1554; x_wconf 90' lang='lat' dir='ltr'><strong>isto:</strong></span> <span class='ocrx_word' id='word_1_239' title='bbox 2615 1499 2760 1570; x_wconf 91' lang='lat' dir='ltr'><strong>quod</strong></span> <span class='ocrx_word' id='word_1_240' title='bbox 2791 1500 2838 1554; x_wconf 88' lang='lat' dir='ltr'><strong>si</strong></span> <span class='ocrx_word' id='word_1_241' title='bbox 2879 1515 2942 1556; x_wconf 91' lang='lat' dir='ltr'><strong>ea</strong></span> <span class='ocrx_word' id='word_1_242' title='bbox 2966 1499 3231 1565; x_wconf 83' lang='lat' dir='ltr'><strong>feceritis,</strong></span> <span class='ocrx_word' id='word_1_243' title='bbox 3253 1500 3402 1555; x_wconf 87' lang='lat' dir='ltr'><strong>dicet</strong></span> <span class='ocrx_word' id='word_1_244' title='bbox 3433 1499 3582 1554; x_wconf 81' lang='lat' dir='ltr'><strong>vobis</strong></span> <span class='ocrx_word' id='word_1_245' title='bbox 3623 1517 3635 1555; x_wconf 93' lang='lat'><strong>:</strong></span> <span class='ocrx_word' id='word_1_246' title='bbox 3666 1497 3802 1562; x_wconf 71' lang='lat' dir='ltr'><strong>Venite,</strong></span> 
     </span>
    </p>
   </div>
   <div class='ocr_carea' id='block_1_30' title="bbox 2294 1595 3804 1665">
    <p class='ocr_par' dir='ltr' id='par_1_30' title="bbox 2294 1595 3804 1665">
     <span class='ocr_line' id='line_1_30' title="bbox 2294 1595 3804 1665; baseline 0.001 -16"><span class='ocrx_word' id='word_1_247' title='bbox 2294 1595 2548 1650; x_wconf 85' lang='lat' dir='ltr'><strong>benedicti</strong></span> <span class='ocrx_word' id='word_1_248' title='bbox 2582 1595 2761 1650; x_wconf 85' lang='lat' dir='ltr'><strong>Patris</strong></span> <span class='ocrx_word' id='word_1_249' title='bbox 2787 1597 2906 1650; x_wconf 88' lang='lat' dir='ltr'><strong>mei.</strong></span> <span class='ocrx_word' id='word_1_250' title='bbox 2933 1595 3125 1664; x_wconf 82' lang='lat' dir='ltr'><strong>Qualis</strong></span> <span class='ocrx_word' id='word_1_251' title='bbox 3154 1595 3490 1651; x_wconf 79' lang='lat' dir='ltr'><strong>Christianus</strong></span> <span class='ocrx_word' id='word_1_252' title='bbox 3517 1605 3613 1662; x_wconf 86' lang='lat' dir='ltr'><strong>est,</strong></span> <span class='ocrx_word' id='word_1_253' title='bbox 3647 1597 3717 1665; x_wconf 85' lang='lat' dir='ltr'><strong>qui</strong></span> <span class='ocrx_word' id='word_1_254' title='bbox 3748 1596 3804 1650; x_wconf 78' lang='lat' dir='ltr'><strong>tali</strong></span> 
     </span>
    </p>
   </div>
   <div class='ocr_carea' id='block_1_31' title="bbox 2295 1668 3889 1770">
    <p class='ocr_par' dir='ltr' id='par_1_31' title="bbox 2295 1668 3889 1770">
     <span class='ocr_line' id='line_1_31' title="bbox 2295 1668 3889 1770; baseline 0.001 -25"><span class='ocrx_word' id='word_1_255' title='bbox 2295 1699 2543 1761; x_wconf 90' lang='lat' dir='ltr'><strong>tempore</strong></span> <span class='ocrx_word' id='word_1_256' title='bbox 2572 1707 2677 1746; x_wconf 94' lang='lat' dir='ltr'><strong>non</strong></span> <span class='ocrx_word' id='word_1_257' title='bbox 2705 1691 2938 1761; x_wconf 87' lang='lat' dir='ltr'><strong>jejunet,</strong></span> <span class='ocrx_word' id='word_1_258' title='bbox 2966 1691 3052 1747; x_wconf 85' lang='lat' dir='ltr'><strong>vel</strong></span> <span class='ocrx_word' id='word_1_259' title='bbox 3081 1707 3256 1762; x_wconf 89' lang='lat' dir='ltr'><strong>usque</strong></span> <span class='ocrx_word' id='word_1_260' title='bbox 3282 1691 3349 1746; x_wconf 84' lang='lat' dir='ltr'><strong>ad</strong></span> <span class='ocrx_word' id='word_1_261' title='bbox 3382 1691 3736 1746; x_wconf 69' lang='lat' dir='ltr'><strong>nonamiEcce</strong></span> <span class='ocrx_word' id='word_1_262' title='bbox 3751 1690 3806 1745; x_wconf 75' lang='lat' dir='ltr'><strong>Ni-</strong></span> 
     </span>
    </p>
   </div>
   <div class='ocr_carea' id='block_1_32' title="bbox 575 1784 3808 1862">
    <p class='ocr_par' dir='ltr' id='par_1_32' title="bbox 575 1784 3808 1862">
     <span class='ocr_line' id='line_1_32' title="bbox 575 1784 3808 1862; baseline -0.003 -16"><span class='ocrx_word' id='word_1_263' title='bbox 575 1791 738 1848; x_wconf 88' lang='lat' dir='ltr'><strong>terita</strong></span> <span class='ocrx_word' id='word_1_264' title='bbox 762 1793 1036 1862; x_wconf 86' lang='lat' dir='ltr'><strong>plangere,</strong></span> <span class='ocrx_word' id='word_1_265' title='bbox 1061 1800 1117 1848; x_wconf 92' lang='lat' dir='ltr'><strong>et</strong></span> <span class='ocrx_word' id='word_1_266' title='bbox 1141 1791 1445 1862; x_wconf 83' lang='lat' dir='ltr'><strong>plangentia</strong></span> <span class='ocrx_word' id='word_1_267' title='bbox 1468 1792 1668 1846; x_wconf 91' lang='lat' dir='ltr'><strong>iterum</strong></span> <span class='ocrx_word' id='word_1_268' title='bbox 1693 1808 1800 1846; x_wconf 92' lang='lat' dir='ltr'><strong>non</strong></span> <span class='ocrx_word' id='word_1_269' title='bbox 1819 1792 2184 1848; x_wconf 89' lang='lat' dir='ltr'><strong>committere.</strong></span> <span class='ocrx_word' id='word_1_270' title='bbox 2220 1803 2267 1862; x_wconf 73' lang='grc' dir='ltr'>Β</span> <span class='ocrx_word' id='word_1_271' title='bbox 2296 1784 2479 1838; x_wconf 69' lang='grc' dir='ltr'>ηἰνὶιω</span> <span class='ocrx_word' id='word_1_272' title='bbox 2510 1785 2765 1854; x_wconf 72' lang='grc' dir='ltr'><strong>ρειτνυιοε</strong></span> <span class='ocrx_word' id='word_1_273' title='bbox 2793 1784 2957 1840; x_wconf 62' lang='lat' dir='ltr'><strong>ﬁliam</strong></span> <span class='ocrx_word' id='word_1_274' title='bbox 2989 1785 3272 1848; x_wconf 79' lang='lat' dir='ltr'><strong>lactantes.</strong></span> <span class='ocrx_word' id='word_1_275' title='bbox 3312 1795 3368 1839; x_wconf 87' lang='lat' dir='ltr'><strong>et</strong></span> <span class='ocrx_word' id='word_1_276' title='bbox 3406 1799 3594 1856; x_wconf 84' lang='lat' dir='ltr'><strong>pecora</strong></span> <span class='ocrx_word' id='word_1_277' title='bbox 3619 1786 3808 1855; x_wconf 76' lang='lat' dir='ltr'><strong>atqueju-</strong></span> 
     </span>
    </p>
   </div>
   <div class='ocr_carea' id='block_1_33' title="bbox 646 1883 2186 1955">
    <p class='ocr_par' dir='ltr' id='par_1_33' title="bbox 646 1883 2186 1955">
     <span class='ocr_line' id='line_1_33' title="bbox 646 1883 2186 1955; baseline 0.001 -17"><span class='ocrx_word' id='word_1_278' title='bbox 646 1885 702 1939; x_wconf 73' lang='lat'><strong>2.</strong></span> <span class='ocrx_word' id='word_1_279' title='bbox 749 1884 817 1938; x_wconf 85' lang='lat' dir='ltr'><strong>Et</strong></span> <span class='ocrx_word' id='word_1_280' title='bbox 865 1884 1117 1955; x_wconf 86' lang='lat' dir='ltr'><strong>quamvis</strong></span> <span class='ocrx_word' id='word_1_281' title='bbox 1154 1899 1349 1938; x_wconf 89' lang='lat' dir='ltr'><strong>omnes</strong></span> <span class='ocrx_word' id='word_1_282' title='bbox 1388 1883 1529 1950; x_wconf 89' lang='lat' dir='ltr'><strong>dies,</strong></span> <span class='ocrx_word' id='word_1_283' title='bbox 1577 1884 1779 1954; x_wconf 88' lang='lat' dir='ltr'><strong>quibus</strong></span> <span class='ocrx_word' id='word_1_284' title='bbox 1831 1885 2079 1941; x_wconf 84' lang='lat' dir='ltr'><strong>homines</strong></span> <span class='ocrx_word' id='word_1_285' title='bbox 2104 1887 2186 1940; x_wconf 87' lang='lat' dir='ltr'><strong>vi-</strong></span> 
     </span>
    </p>
   </div>
   <div class='ocr_carea' id='block_1_34' title="bbox 576 1979 2189 2052">
    <p class='ocr_par' dir='ltr' id='par_1_34' title="bbox 576 1979 2189 2052">
     <span class='ocr_line' id='line_1_34' title="bbox 576 1979 2189 2052; baseline 0.002 -19"><span class='ocrx_word' id='word_1_286' title='bbox 576 1987 735 2047; x_wconf 86' lang='lat' dir='ltr'><strong>vunt,</strong></span> <span class='ocrx_word' id='word_1_287' title='bbox 769 1979 879 2048; x_wconf 84' lang='lat' dir='ltr'><strong>apti</strong></span> <span class='ocrx_word' id='word_1_288' title='bbox 910 1980 1020 2034; x_wconf 90' lang='lat' dir='ltr'><strong>sint</strong></span> <span class='ocrx_word' id='word_1_289' title='bbox 1047 1979 1417 2050; x_wconf 73' lang='lat' dir='ltr'><strong>ptenitentiae,</strong></span> <span class='ocrx_word' id='word_1_290' title='bbox 1447 1988 1630 2034; x_wconf 91' lang='lat' dir='ltr'><strong>tamen</strong></span> <span class='ocrx_word' id='word_1_291' title='bbox 1655 1979 1744 2035; x_wconf 91' lang='lat' dir='ltr'><strong>isti</strong></span> <span class='ocrx_word' id='word_1_292' title='bbox 1771 1980 1888 2035; x_wconf 91' lang='lat' dir='ltr'><strong>dies</strong></span> <span class='ocrx_word' id='word_1_293' title='bbox 1913 1990 2038 2036; x_wconf 88' lang='lat' dir='ltr'><strong>sunt</strong></span> <span class='ocrx_word' id='word_1_294' title='bbox 2069 1981 2189 2052; x_wconf 89' lang='lat' dir='ltr'><strong>plus</strong></span> 
     </span>
    </p>
   </div>
   <div class='ocr_carea' id='block_1_35' title="bbox 579 2071 2186 2143">
    <p class='ocr_par' dir='ltr' id='par_1_35' title="bbox 579 2071 2186 2143">
     <span class='ocr_line' id='line_1_35' title="bbox 579 2071 2186 2143; baseline 0.001 -17"><span class='ocrx_word' id='word_1_295' title='bbox 579 2073 692 2143; x_wconf 85' lang='lat' dir='ltr'><strong>apti</strong></span> <span class='ocrx_word' id='word_1_296' title='bbox 726 2083 782 2128; x_wconf 85' lang='lat' dir='ltr'><strong>et</strong></span> <span class='ocrx_word' id='word_1_297' title='bbox 811 2073 1038 2142; x_wconf 88' lang='lat' dir='ltr'><strong>congrui</strong></span> <span class='ocrx_word' id='word_1_298' title='bbox 1081 2073 1146 2127; x_wconf 90' lang='lat' dir='ltr'><strong>ad</strong></span> <span class='ocrx_word' id='word_1_299' title='bbox 1174 2071 1569 2137; x_wconf 80' lang='lat' dir='ltr'><strong>c0nﬁtcttdum,</strong></span> <span class='ocrx_word' id='word_1_300' title='bbox 1610 2081 1664 2127; x_wconf 85' lang='lat' dir='ltr'><strong>et</strong></span> <span class='ocrx_word' id='word_1_301' title='bbox 1704 2073 1769 2127; x_wconf 90' lang='lat' dir='ltr'><strong>ad</strong></span> <span class='ocrx_word' id='word_1_302' title='bbox 1806 2072 2186 2142; x_wconf 86' lang='lat' dir='ltr'><strong>jejunandum,</strong></span> 
     </span>
    </p>
   </div>
   <div class='ocr_carea' id='block_1_36' title="bbox 580 2165 2189 2238">
    <p class='ocr_par' dir='ltr' id='par_1_36' title="bbox 580 2165 2189 2238">
     <span class='ocr_line' id='line_1_36' title="bbox 580 2165 2189 2238; baseline 0.001 -17"><span class='ocrx_word' id='word_1_303' title='bbox 580 2178 746 2238; x_wconf 87' lang='lat' dir='ltr'><strong>atque</strong></span> <span class='ocrx_word' id='word_1_304' title='bbox 803 2167 1179 2237; x_wconf 85' lang='lat' dir='ltr'><strong>cleemosynas</strong></span> <span class='ocrx_word' id='word_1_305' title='bbox 1237 2165 1515 2222; x_wconf 85' lang='lat' dir='ltr'><strong>faciendas</strong></span> <span class='ocrx_word' id='word_1_306' title='bbox 1579 2185 1592 2220; x_wconf 87' lang='lat'><strong>:</strong></span> <span class='ocrx_word' id='word_1_307' title='bbox 1647 2167 1902 2238; x_wconf 87' lang='lat' dir='ltr'><strong>quoniam</strong></span> <span class='ocrx_word' id='word_1_308' title='bbox 1969 2178 2189 2238; x_wconf 88' lang='lat' dir='ltr'><strong>peccata</strong></span> 
     </span>
    </p>
   </div>
   <div class='ocr_carea' id='block_1_37' title="bbox 583 2258 2190 2331">
    <p class='ocr_par' dir='ltr' id='par_1_37' title="bbox 583 2258 2190 2331">
     <span class='ocr_line' id='line_1_37' title="bbox 583 2258 2190 2331; baseline 0 -15"><span class='ocrx_word' id='word_1_309' title='bbox 583 2261 754 2316; x_wconf 91' lang='lat' dir='ltr'><strong>totius</strong></span> <span class='ocrx_word' id='word_1_310' title='bbox 801 2260 928 2313; x_wconf 89' lang='lat' dir='ltr'><strong>anni</strong></span> <span class='ocrx_word' id='word_1_311' title='bbox 976 2258 1094 2314; x_wconf 90' lang='lat' dir='ltr'><strong>istis</strong></span> <span class='ocrx_word' id='word_1_312' title='bbox 1133 2259 1324 2315; x_wconf 86' lang='lat' dir='ltr'><strong>diebus</strong></span> <span class='ocrx_word' id='word_1_313' title='bbox 1381 2259 1607 2331; x_wconf 84' lang='lat' dir='ltr'><strong>potestis</strong></span> <span class='ocrx_word' id='word_1_314' title='bbox 1665 2259 1893 2315; x_wconf 89' lang='lat' dir='ltr'><strong>diluere.</strong></span> <span class='ocrx_word' id='word_1_315' title='bbox 1956 2260 2190 2331; x_wconf 85' lang='lat' dir='ltr'><strong>Ideoque</strong></span> 
     </span>
    </p>
   </div>
   <div class='ocr_carea' id='block_1_38' title="bbox 582 2353 2190 2424">
    <p class='ocr_par' dir='ltr' id='par_1_38' title="bbox 582 2353 2190 2424">
     <span class='ocr_line' id='line_1_38' title="bbox 582 2353 2190 2424; baseline 0 -15"><span class='ocrx_word' id='word_1_316' title='bbox 582 2369 784 2410; x_wconf 90' lang='lat' dir='ltr'><strong>monco</strong></span> <span class='ocrx_word' id='word_1_317' title='bbox 827 2368 1036 2422; x_wconf 90' lang='lat' dir='ltr'><strong>omnes,</strong></span> <span class='ocrx_word' id='word_1_318' title='bbox 1094 2361 1150 2409; x_wconf 92' lang='lat' dir='ltr'><strong>et</strong></span> <span class='ocrx_word' id='word_1_319' title='bbox 1193 2353 1384 2408; x_wconf 90' lang='lat' dir='ltr'><strong>hortor</strong></span> <span class='ocrx_word' id='word_1_320' title='bbox 1429 2353 1696 2423; x_wconf 87' lang='lat' dir='ltr'><strong>singulos,</strong></span> <span class='ocrx_word' id='word_1_321' title='bbox 1747 2363 1804 2408; x_wconf 94' lang='lat' dir='ltr'><strong>ut</strong></span> <span class='ocrx_word' id='word_1_322' title='bbox 1834 2353 2093 2424; x_wconf 89' lang='lat' dir='ltr'><strong>quidquid</strong></span> <span class='ocrx_word' id='word_1_323' title='bbox 2136 2355 2190 2409; x_wconf 93' lang='lat' dir='ltr'><strong>in</strong></span> 
     </span>
    </p>
   </div>
   <div class='ocr_carea' id='block_1_39' title="bbox 581 2447 2193 2518">
    <p class='ocr_par' dir='ltr' id='par_1_39' title="bbox 581 2447 2193 2518">
     <span class='ocr_line' id='line_1_39' title="bbox 581 2447 2193 2518; baseline 0 -16"><span class='ocrx_word' id='word_1_324' title='bbox 581 2448 745 2505; x_wconf 85' lang='lat' dir='ltr'><strong>vobis</strong></span> <span class='ocrx_word' id='word_1_325' title='bbox 797 2447 1228 2516; x_wconf 80' lang='lat' dir='ltr'><strong>reprehensibile</strong></span> <span class='ocrx_word' id='word_1_326' title='bbox 1285 2447 1640 2518; x_wconf 82' lang='lat' dir='ltr'><strong>cognoscitis,</strong></span> <span class='ocrx_word' id='word_1_327' title='bbox 1691 2447 2017 2503; x_wconf 89' lang='lat' dir='ltr'><strong>emendetis.</strong></span> <span class='ocrx_word' id='word_1_328' title='bbox 2062 2447 2193 2515; x_wconf 82' lang='lat' dir='ltr'><strong>Qui-</strong></span> 
     </span>
    </p>
   </div>
   <div class='ocr_carea' id='block_1_40' title="bbox 580 2539 2188 2612">
    <p class='ocr_par' dir='ltr' id='par_1_40' title="bbox 580 2539 2188 2612">
     <span class='ocr_line' id='line_1_40' title="bbox 580 2539 2188 2612; baseline -0.002 -15"><span class='ocrx_word' id='word_1_329' title='bbox 580 2556 821 2611; x_wconf 88' lang='lat' dir='ltr'><strong>cumque</strong></span> <span class='ocrx_word' id='word_1_330' title='bbox 847 2541 1191 2612; x_wconf 83' lang='lat' dir='ltr'><strong>recognoscit</strong></span> <span class='ocrx_word' id='word_1_331' title='bbox 1223 2541 1274 2594; x_wconf 92' lang='lat' dir='ltr'><strong>in</strong></span> <span class='ocrx_word' id='word_1_332' title='bbox 1307 2555 1368 2594; x_wconf 92' lang='lat' dir='ltr'><strong>se</strong></span> <span class='ocrx_word' id='word_1_333' title='bbox 1397 2539 1423 2567; x_wconf 79' lang='grc'><strong><em>⁸</em></strong></span> <span class='ocrx_word' id='word_1_334' title='bbox 1445 2539 1589 2610; x_wconf 89' lang='lat' dir='ltr'><strong>quod</strong></span> <span class='ocrx_word' id='word_1_335' title='bbox 1621 2540 1835 2596; x_wconf 82' lang='lat' dir='ltr'><strong>lidelem</strong></span> <span class='ocrx_word' id='word_1_336' title='bbox 1869 2557 1974 2595; x_wconf 92' lang='lat' dir='ltr'><strong>non</strong></span> <span class='ocrx_word' id='word_1_337' title='bbox 2007 2539 2188 2606; x_wconf 88' lang='lat' dir='ltr'><strong>decet,</strong></span> 
     </span>
    </p>
   </div>
   <div class='ocr_carea' id='block_1_41' title="bbox 581 2631 2191 2702">
    <p class='ocr_par' dir='ltr' id='par_1_41' title="bbox 581 2631 2191 2702">
     <span class='ocr_line' id='line_1_41' title="bbox 581 2631 2191 2702; baseline -0.001 -12"><span class='ocrx_word' id='word_1_338' title='bbox 581 2633 877 2690; x_wconf 89' lang='lat' dir='ltr'><strong>emendet:</strong></span> <span class='ocrx_word' id='word_1_339' title='bbox 907 2633 1048 2702; x_wconf 91' lang='lat' dir='ltr'><strong>quod</strong></span> <span class='ocrx_word' id='word_1_340' title='bbox 1082 2632 1264 2687; x_wconf 91' lang='lat' dir='ltr'><strong>minus</strong></span> <span class='ocrx_word' id='word_1_341' title='bbox 1291 2631 1444 2696; x_wconf 88' lang='lat' dir='ltr'><strong>fecit,</strong></span> <span class='ocrx_word' id='word_1_342' title='bbox 1478 2633 1522 2686; x_wconf 90' lang='lat' dir='ltr'><strong>si</strong></span> <span class='ocrx_word' id='word_1_343' title='bbox 1557 2632 1790 2686; x_wconf 79' lang='lat' dir='ltr'><strong>fideliter</strong></span> <span class='ocrx_word' id='word_1_344' title='bbox 1821 2633 2060 2688; x_wconf 84' lang='lat' dir='ltr'><strong>decimas</strong></span> <span class='ocrx_word' id='word_1_345' title='bbox 2084 2649 2191 2689; x_wconf 85' lang='lat' dir='ltr'><strong>non</strong></span> 
     </span>
    </p>
   </div>
   <div class='ocr_carea' id='block_1_42' title="bbox 584 2725 2192 2795">
    <p class='ocr_par' dir='ltr' id='par_1_42' title="bbox 584 2725 2192 2795">
     <span class='ocr_line' id='line_1_42' title="bbox 584 2725 2192 2795; baseline 0.001 -13"><span class='ocrx_word' id='word_1_346' title='bbox 584 2726 820 2784; x_wconf 83' lang='lat' dir='ltr'><strong>dederit.</strong></span> <span class='ocrx_word' id='word_1_347' title='bbox 853 2727 994 2795; x_wconf 86' lang='lat' dir='ltr'><strong>Quid</strong></span> <span class='ocrx_word' id='word_1_348' title='bbox 1017 2735 1102 2782; x_wconf 91' lang='lat' dir='ltr'><strong>est</strong></span> <span class='ocrx_word' id='word_1_349' title='bbox 1131 2726 1364 2782; x_wconf 80' lang='lat' dir='ltr'><strong>fideliter</strong></span> <span class='ocrx_word' id='word_1_350' title='bbox 1391 2725 1635 2782; x_wconf 88' lang='lat' dir='ltr'><strong>decimas</strong></span> <span class='ocrx_word' id='word_1_351' title='bbox 1663 2727 1818 2794; x_wconf 89' lang='lat' dir='ltr'><strong>dare,</strong></span> <span class='ocrx_word' id='word_1_352' title='bbox 1860 2729 1961 2783; x_wconf 91' lang='lat' dir='ltr'><strong>nisi</strong></span> <span class='ocrx_word' id='word_1_353' title='bbox 1995 2739 2052 2784; x_wconf 92' lang='lat' dir='ltr'><strong>ut</strong></span> <span class='ocrx_word' id='word_1_354' title='bbox 2092 2743 2192 2785; x_wconf 91' lang='lat' dir='ltr'><strong>nec</strong></span> 
     </span>
    </p>
   </div>
   <div class='ocr_carea' id='block_1_43' title="bbox 583 2819 2194 2892">
    <p class='ocr_par' dir='ltr' id='par_1_43' title="bbox 583 2819 2194 2892">
     <span class='ocr_line' id='line_1_43' title="bbox 583 2819 2194 2892; baseline 0.002 -18"><span class='ocrx_word' id='word_1_355' title='bbox 583 2822 768 2892; x_wconf 79' lang='lat' dir='ltr'><strong>pejus,</strong></span> <span class='ocrx_word' id='word_1_356' title='bbox 792 2835 894 2874; x_wconf 93' lang='lat' dir='ltr'><strong>nec</strong></span> <span class='ocrx_word' id='word_1_357' title='bbox 920 2819 1100 2874; x_wconf 89' lang='lat' dir='ltr'><strong>minus</strong></span> <span class='ocrx_word' id='word_1_358' title='bbox 1127 2819 1422 2885; x_wconf 84' lang='lat' dir='ltr'><strong>aliquando</strong></span> <span class='ocrx_word' id='word_1_359' title='bbox 1451 2821 1561 2876; x_wconf 91' lang='lat' dir='ltr'><strong>Deo</strong></span> <span class='ocrx_word' id='word_1_360' title='bbox 1593 2820 1785 2876; x_wconf 62' lang='lat' dir='ltr'><strong>oﬂ‘erat</strong></span> <span class='ocrx_word' id='word_1_361' title='bbox 1811 2831 1905 2876; x_wconf 90' lang='lat' dir='ltr'><strong>aut</strong></span> <span class='ocrx_word' id='word_1_362' title='bbox 1933 2822 2000 2877; x_wconf 89' lang='lat' dir='ltr'><strong>de</strong></span> <span class='ocrx_word' id='word_1_363' title='bbox 2025 2837 2194 2892; x_wconf 89' lang='lat' dir='ltr'><strong>grano</strong></span> 
     </span>
    </p>
   </div>
   <div class='ocr_carea' id='block_1_44' title="bbox 584 2912 2198 2981">
    <p class='ocr_par' dir='ltr' id='par_1_44' title="bbox 584 2912 2198 2981">
     <span class='ocr_line' id='line_1_44' title="bbox 584 2912 2198 2981; baseline 0.001 -12"><span class='ocrx_word' id='word_1_364' title='bbox 584 2929 709 2981; x_wconf 86' lang='lat' dir='ltr'><strong>suo,</strong></span> <span class='ocrx_word' id='word_1_365' title='bbox 741 2922 835 2968; x_wconf 91' lang='lat' dir='ltr'><strong>aut</strong></span> <span class='ocrx_word' id='word_1_366' title='bbox 855 2914 922 2968; x_wconf 92' lang='lat' dir='ltr'><strong>de</strong></span> <span class='ocrx_word' id='word_1_367' title='bbox 945 2913 1070 2967; x_wconf 86' lang='lat' dir='ltr'><strong>vino</strong></span> <span class='ocrx_word' id='word_1_368' title='bbox 1091 2928 1212 2978; x_wconf 87' lang='lat' dir='ltr'><strong>suo,</strong></span> <span class='ocrx_word' id='word_1_369' title='bbox 1246 2921 1340 2966; x_wconf 90' lang='lat' dir='ltr'><strong>aut</strong></span> <span class='ocrx_word' id='word_1_370' title='bbox 1378 2912 1446 2968; x_wconf 91' lang='lat' dir='ltr'><strong>de</strong></span> <span class='ocrx_word' id='word_1_371' title='bbox 1477 2913 1746 2970; x_wconf 84' lang='lat' dir='ltr'><strong>fructibus</strong></span> <span class='ocrx_word' id='word_1_372' title='bbox 1775 2916 2055 2981; x_wconf 89' lang='lat' dir='ltr'><strong>arborum,</strong></span> <span class='ocrx_word' id='word_1_373' title='bbox 2101 2926 2198 2971; x_wconf 88' lang='lat' dir='ltr'><strong>aut</strong></span> 
     </span>
    </p>
   </div>
   <div class='ocr_carea' id='block_1_45' title="bbox 589 3005 2195 3079">
    <p class='ocr_par' dir='ltr' id='par_1_45' title="bbox 589 3005 2195 3079">
     <span class='ocr_line' id='line_1_45' title="bbox 589 3005 2195 3079; baseline 0.002 -17"><span class='ocrx_word' id='word_1_374' title='bbox 589 3007 658 3063; x_wconf 91' lang='lat' dir='ltr'><strong>de</strong></span> <span class='ocrx_word' id='word_1_375' title='bbox 687 3006 1001 3078; x_wconf 88' lang='lat' dir='ltr'><strong>pecoribus,</strong></span> <span class='ocrx_word' id='word_1_376' title='bbox 1029 3015 1122 3060; x_wconf 91' lang='lat' dir='ltr'><strong>aut</strong></span> <span class='ocrx_word' id='word_1_377' title='bbox 1149 3005 1217 3061; x_wconf 91' lang='lat' dir='ltr'><strong>de</strong></span> <span class='ocrx_word' id='word_1_378' title='bbox 1256 3005 1443 3072; x_wconf 89' lang='lat' dir='ltr'><strong>horto,</strong></span> <span class='ocrx_word' id='word_1_379' title='bbox 1485 3020 1578 3062; x_wconf 89' lang='lat' dir='ltr'><strong>aut</strong></span> <span class='ocrx_word' id='word_1_380' title='bbox 1609 3007 1678 3063; x_wconf 92' lang='lat' dir='ltr'><strong>de</strong></span> <span class='ocrx_word' id='word_1_381' title='bbox 1710 3009 1963 3079; x_wconf 81' lang='lat' dir='ltr'><strong>negotiis,</strong></span> <span class='ocrx_word' id='word_1_382' title='bbox 1999 3018 2092 3064; x_wconf 90' lang='lat' dir='ltr'><strong>aut</strong></span> <span class='ocrx_word' id='word_1_383' title='bbox 2127 3009 2195 3065; x_wconf 89' lang='lat' dir='ltr'><strong>de</strong></span> 
     </span>
    </p>
   </div>
   <div class='ocr_carea' id='block_1_46' title="bbox 589 3101 2193 3176">
    <p class='ocr_par' dir='ltr' id='par_1_46' title="bbox 589 3101 2193 3176">
     <span class='ocr_line' id='line_1_46' title="bbox 589 3101 2193 3176; baseline 0.002 -21"><span class='ocrx_word' id='word_1_384' title='bbox 589 3103 711 3171; x_wconf 87' lang='lat' dir='ltr'><strong>ipsa</strong></span> <span class='ocrx_word' id='word_1_385' title='bbox 736 3102 1028 3157; x_wconf 85' lang='lat' dir='ltr'><strong>venatione</strong></span> <span class='ocrx_word' id='word_1_386' title='bbox 1057 3101 1191 3155; x_wconf 90' lang='lat' dir='ltr'><strong>sua?</strong></span> <span class='ocrx_word' id='word_1_387' title='bbox 1213 3101 1350 3170; x_wconf 87' lang='lat' dir='ltr'><strong>Quia</strong></span> <span class='ocrx_word' id='word_1_388' title='bbox 1380 3101 1446 3156; x_wconf 91' lang='lat' dir='ltr'><strong>de</strong></span> <span class='ocrx_word' id='word_1_389' title='bbox 1477 3102 1626 3156; x_wconf 88' lang='lat' dir='ltr'><strong>omni</strong></span> <span class='ocrx_word' id='word_1_390' title='bbox 1666 3103 1988 3171; x_wconf 88' lang='lat' dir='ltr'><strong>substantia,</strong></span> <span class='ocrx_word' id='word_1_391' title='bbox 2031 3120 2193 3176; x_wconf 89' lang='lat' dir='ltr'><strong>quam</strong></span> 
     </span>
    </p>
   </div>
   <div class='ocr_carea' id='block_1_47' title="bbox 2297 1879 3805 1950">
    <p class='ocr_par' dir='ltr' id='par_1_47' title="bbox 2297 1879 3805 1950">
     <span class='ocr_line' id='line_1_47' title="bbox 2297 1879 3805 1950; baseline 0 -18"><span class='ocrx_word' id='word_1_392' title='bbox 2297 1890 2501 1945; x_wconf 91' lang='lat' dir='ltr'><strong>menta,</strong></span> <span class='ocrx_word' id='word_1_393' title='bbox 2532 1888 2592 1933; x_wconf 90' lang='lat' dir='ltr'><strong>ut</strong></span> <span class='ocrx_word' id='word_1_394' title='bbox 2625 1880 2922 1948; x_wconf 82' lang='lat' dir='ltr'><strong>periculum</strong></span> <span class='ocrx_word' id='word_1_395' title='bbox 2972 1880 3163 1935; x_wconf 87' lang='lat' dir='ltr'><strong>mortis</strong></span> <span class='ocrx_word' id='word_1_396' title='bbox 3201 1880 3441 1935; x_wconf 83' lang='lat' dir='ltr'><strong>evadere</strong></span> <span class='ocrx_word' id='word_1_397' title='bbox 3478 1892 3692 1950; x_wconf 85' lang='lat' dir='ltr'><strong>possent,</strong></span> <span class='ocrx_word' id='word_1_398' title='bbox 3718 1879 3805 1949; x_wconf 75' lang='lat' dir='ltr'><strong>jeju-</strong></span> 
     </span>
    </p>
   </div>
   <div class='ocr_carea' id='block_1_48' title="bbox 2294 1971 3803 2044">
    <p class='ocr_par' dir='ltr' id='par_1_48' title="bbox 2294 1971 3803 2044">
     <span class='ocr_line' id='line_1_48' title="bbox 2294 1971 3803 2044; baseline 0 -20"><span class='ocrx_word' id='word_1_399' title='bbox 2294 1987 2427 2026; x_wconf 89' lang='lat' dir='ltr'><strong>nare</strong></span> <span class='ocrx_word' id='word_1_400' title='bbox 2457 1971 2725 2027; x_wconf 89' lang='lat' dir='ltr'><strong>fecerunt.</strong></span> <span class='ocrx_word' id='word_1_401' title='bbox 2756 1972 2956 2041; x_wconf 87' lang='lat' dir='ltr'><strong>Quales</strong></span> <span class='ocrx_word' id='word_1_402' title='bbox 2991 1989 3121 2044; x_wconf 89' lang='lat' dir='ltr'><strong>ergo</strong></span> <span class='ocrx_word' id='word_1_403' title='bbox 3158 1973 3447 2029; x_wconf 87' lang='lat' dir='ltr'><strong>christiani</strong></span> <span class='ocrx_word' id='word_1_404' title='bbox 3485 1988 3596 2028; x_wconf 86' lang='lat' dir='ltr'><strong>esse</strong></span> <span class='ocrx_word' id='word_1_405' title='bbox 3638 1983 3803 2042; x_wconf 74' lang='lat' dir='ltr'><strong>possunt,</strong></span> 
     </span>
    </p>
   </div>
   <div class='ocr_carea' id='block_1_49' title="bbox 2294 2036 3891 2150">
    <p class='ocr_par' dir='ltr' id='par_1_49' title="bbox 2294 2036 3891 2150">
     <span class='ocr_line' id='line_1_49' title="bbox 2294 2036 3891 2150; baseline 0.002 -28"><span class='ocrx_word' id='word_1_406' title='bbox 2294 2069 2382 2137; x_wconf 93' lang='lat' dir='ltr'><strong>qui</strong></span> <span class='ocrx_word' id='word_1_407' title='bbox 2407 2077 2464 2124; x_wconf 90' lang='lat' dir='ltr'><strong>et</strong></span> <span class='ocrx_word' id='word_1_408' title='bbox 2489 2070 2606 2124; x_wconf 87' lang='lat' dir='ltr'><strong>sani</strong></span> <span class='ocrx_word' id='word_1_409' title='bbox 2632 2079 2782 2137; x_wconf 90' lang='lat' dir='ltr'><strong>sunt,</strong></span> <span class='ocrx_word' id='word_1_410' title='bbox 2811 2080 2866 2126; x_wconf 92' lang='lat' dir='ltr'><strong>et</strong></span> <span class='ocrx_word' id='word_1_411' title='bbox 2906 2070 3159 2140; x_wconf 90' lang='lat' dir='ltr'><strong>jejunare</strong></span> <span class='ocrx_word' id='word_1_412' title='bbox 3184 2087 3308 2126; x_wconf 90' lang='lat' dir='ltr'><strong>cum</strong></span> <span class='ocrx_word' id='word_1_413' title='bbox 3345 2070 3553 2142; x_wconf 68' lang='lat' dir='ltr'><strong>Moyse,</strong></span> <span class='ocrx_word' id='word_1_414' title='bbox 3591 2080 3638 2126; x_wconf 91' lang='lat' dir='ltr'><strong>et</strong></span> <span class='ocrx_word' id='word_1_415' title='bbox 3659 2069 3756 2134; x_wconf 83' lang='lat' dir='ltr'><strong>Elia,</strong></span> <span class='ocrx_word' id='word_1_416' title='bbox 3775 2079 3806 2125; x_wconf 76' lang='lat' dir='ltr'><strong>et</strong></span> 
     </span>
    </p>
   </div>
   <div class='ocr_carea' id='block_1_50' title="bbox 2293 2159 3804 2219">
    <p class='ocr_par' dir='ltr' id='par_1_50' title="bbox 2293 2159 3804 2219">
     <span class='ocr_line' id='line_1_50' title="bbox 2293 2159 3804 2219; baseline -0.001 -3"><span class='ocrx_word' id='word_1_417' title='bbox 2293 2159 2573 2217; x_wconf 86' lang='lat' dir='ltr'><strong>Salvatore</strong></span> <span class='ocrx_word' id='word_1_418' title='bbox 2604 2173 2794 2218; x_wconf 89' lang='lat' dir='ltr'><strong>nostro</strong></span> <span class='ocrx_word' id='word_1_419' title='bbox 2825 2161 3059 2218; x_wconf 83' lang='lat' dir='ltr'><strong>nolunt?</strong></span> <span class='ocrx_word' id='word_1_420' title='bbox 3100 2163 3293 2219; x_wconf 89' lang='lat' dir='ltr'><strong>Solent</strong></span> <span class='ocrx_word' id='word_1_421' title='bbox 3326 2164 3472 2217; x_wconf 86' lang='lat' dir='ltr'><strong>cnim</strong></span> <span class='ocrx_word' id='word_1_422' title='bbox 3508 2163 3672 2219; x_wconf 88' lang='lat' dir='ltr'><strong>dicere</strong></span> <span class='ocrx_word' id='word_1_423' title='bbox 3705 2179 3804 2216; x_wconf 56' lang='grc' dir='ltr'><strong>πιθα</strong></span> 
     </span>
    </p>
   </div>
   <div class='ocr_carea' id='block_1_51' title="bbox 2294 2258 3804 2329">
    <p class='ocr_par' dir='ltr' id='par_1_51' title="bbox 2294 2258 3804 2329">
     <span class='ocr_line' id='line_1_51' title="bbox 2294 2258 3804 2329; baseline 0.001 -19"><span class='ocrx_word' id='word_1_424' title='bbox 2294 2270 2585 2326; x_wconf 90' lang='lat' dir='ltr'><strong>possumus</strong></span> <span class='ocrx_word' id='word_1_425' title='bbox 2624 2258 2894 2322; x_wconf 87' lang='lat' dir='ltr'><strong>laborare,</strong></span> <span class='ocrx_word' id='word_1_426' title='bbox 2937 2267 2993 2314; x_wconf 90' lang='lat' dir='ltr'><strong>et</strong></span> <span class='ocrx_word' id='word_1_427' title='bbox 3033 2258 3305 2329; x_wconf 67' lang='lat' dir='ltr'><strong>jejunare.</strong></span> <span class='ocrx_word' id='word_1_428' title='bbox 3334 2259 3441 2314; x_wconf 90' lang='lat' dir='ltr'><strong>Sed</strong></span> <span class='ocrx_word' id='word_1_429' title='bbox 3473 2259 3589 2314; x_wconf 91' lang='lat' dir='ltr'><strong>ideo</strong></span> <span class='ocrx_word' id='word_1_430' title='bbox 3617 2273 3701 2314; x_wconf 90' lang='lat' dir='ltr'><strong>non</strong></span> <span class='ocrx_word' id='word_1_431' title='bbox 3730 2273 3804 2327; x_wconf 71' lang='lat' dir='ltr'><strong>pos</strong></span> 
     </span>
    </p>
   </div>
   <div class='ocr_carea' id='block_1_52' title="bbox 2301 2349 3810 2420">
    <p class='ocr_par' dir='ltr' id='par_1_52' title="bbox 2301 2349 3810 2420">
     <span class='ocr_line' id='line_1_52' title="bbox 2301 2349 3810 2420; baseline 0 -16"><span class='ocrx_word' id='word_1_432' title='bbox 2301 2357 2448 2414; x_wconf 91' lang='lat' dir='ltr'><strong>sunt,</strong></span> <span class='ocrx_word' id='word_1_433' title='bbox 2497 2349 2619 2419; x_wconf 90' lang='lat' dir='ltr'><strong>quia</strong></span> <span class='ocrx_word' id='word_1_434' title='bbox 2650 2351 2866 2406; x_wconf 90' lang='lat' dir='ltr'><strong>nolunt.</strong></span> <span class='ocrx_word' id='word_1_435' title='bbox 2901 2351 3106 2408; x_wconf 86' lang='lat' dir='ltr'><strong>Saltem</strong></span> <span class='ocrx_word' id='word_1_436' title='bbox 3147 2352 3401 2407; x_wconf 84' lang='lat' dir='ltr'><strong>laborent</strong></span> <span class='ocrx_word' id='word_1_437' title='bbox 3431 2353 3621 2419; x_wconf 90' lang='lat' dir='ltr'><strong>minus,</strong></span> <span class='ocrx_word' id='word_1_438' title='bbox 3656 2360 3700 2406; x_wconf 90' lang='lat' dir='ltr'><strong>ut</strong></span> <span class='ocrx_word' id='word_1_439' title='bbox 3723 2352 3810 2420; x_wconf 45' lang='lat' dir='ltr'><strong>jeju.</strong></span> 
     </span>
    </p>
   </div>
   <div class='ocr_carea' id='block_1_53' title="bbox 2294 2446 3807 2518">
    <p class='ocr_par' dir='ltr' id='par_1_53' title="bbox 2294 2446 3807 2518">
     <span class='ocr_line' id='line_1_53' title="bbox 2294 2446 3807 2518; baseline 0 -18"><span class='ocrx_word' id='word_1_440' title='bbox 2294 2460 2425 2500; x_wconf 87' lang='lat' dir='ltr'><strong>nare</strong></span> <span class='ocrx_word' id='word_1_441' title='bbox 2450 2446 2681 2515; x_wconf 88' lang='lat' dir='ltr'><strong>possint.</strong></span> <span class='ocrx_word' id='word_1_442' title='bbox 2714 2447 2915 2502; x_wconf 83' lang='lat' dir='ltr'><strong>Moneo</strong></span> <span class='ocrx_word' id='word_1_443' title='bbox 2943 2458 3299 2518; x_wconf 87' lang='lat' dir='ltr'><strong>quapropter,</strong></span> <span class='ocrx_word' id='word_1_444' title='bbox 3325 2457 3381 2504; x_wconf 90' lang='lat' dir='ltr'><strong>et</strong></span> <span class='ocrx_word' id='word_1_445' title='bbox 3417 2457 3674 2503; x_wconf 88' lang='lat' dir='ltr'><strong>contestor</strong></span> <span class='ocrx_word' id='word_1_446' title='bbox 3699 2462 3762 2501; x_wconf 83' lang='lat' dir='ltr'><strong>ros</strong></span> <span class='ocrx_word' id='word_1_447' title='bbox 3777 2447 3807 2500; x_wconf 76' lang='lat' dir='ltr'><strong>in</strong></span> 
     </span>
    </p>
   </div>
   <div class='ocr_carea' id='block_1_54' title="bbox 2295 2539 3806 2607">
    <p class='ocr_par' dir='ltr' id='par_1_54' title="bbox 2295 2539 3806 2607">
     <span class='ocr_line' id='line_1_54' title="bbox 2295 2539 3806 2607; baseline -0.001 -14"><span class='ocrx_word' id='word_1_448' title='bbox 2295 2539 2550 2603; x_wconf 84' lang='lat' dir='ltr'><strong>Domino.</strong></span> <span class='ocrx_word' id='word_1_449' title='bbox 2583 2551 2639 2595; x_wconf 88' lang='lat' dir='ltr'><strong>ut</strong></span> <span class='ocrx_word' id='word_1_450' title='bbox 2671 2542 2854 2597; x_wconf 90' lang='lat' dir='ltr'><strong>nullus</strong></span> <span class='ocrx_word' id='word_1_451' title='bbox 2893 2550 3160 2607; x_wconf 86' lang='lat' dir='ltr'><strong>vestrum,</strong></span> <span class='ocrx_word' id='word_1_452' title='bbox 3203 2543 3310 2596; x_wconf 84' lang='lat' dir='ltr'><strong>nisi</strong></span> <span class='ocrx_word' id='word_1_453' title='bbox 3356 2541 3506 2597; x_wconf 90' lang='lat' dir='ltr'><strong>forte</strong></span> <span class='ocrx_word' id='word_1_454' title='bbox 3531 2541 3595 2596; x_wconf 87' lang='lat' dir='ltr'><strong>sit</strong></span> <span class='ocrx_word' id='word_1_455' title='bbox 3619 2539 3806 2601; x_wconf 80' lang='lat' dir='ltr'><strong>inﬁmus,</strong></span> 
     </span>
    </p>
   </div>
   <div class='ocr_carea' id='block_1_55' title="bbox 2293 2632 3808 2706">
    <p class='ocr_par' dir='ltr' id='par_1_55' title="bbox 2293 2632 3808 2706">
     <span class='ocr_line' id='line_1_55' title="bbox 2293 2632 3808 2706; baseline -0.001 -19"><span class='ocrx_word' id='word_1_456' title='bbox 2293 2644 2385 2688; x_wconf 90' lang='lat' dir='ltr'><strong>aut</strong></span> <span class='ocrx_word' id='word_1_457' title='bbox 2442 2633 2640 2700; x_wconf 90' lang='lat' dir='ltr'><strong>infans,</strong></span> <span class='ocrx_word' id='word_1_458' title='bbox 2701 2650 2872 2706; x_wconf 92' lang='lat' dir='ltr'><strong>usque</strong></span> <span class='ocrx_word' id='word_1_459' title='bbox 2918 2635 2984 2690; x_wconf 90' lang='lat' dir='ltr'><strong>ad</strong></span> <span class='ocrx_word' id='word_1_460' title='bbox 3024 2637 3245 2706; x_wconf 88' lang='lat' dir='ltr'><strong>pascha,</strong></span> <span class='ocrx_word' id='word_1_461' title='bbox 3273 2645 3330 2692; x_wconf 92' lang='lat' dir='ltr'><strong>et</strong></span> <span class='ocrx_word' id='word_1_462' title='bbox 3361 2636 3468 2690; x_wconf 91' lang='lat' dir='ltr'><strong>nisi</strong></span> <span class='ocrx_word' id='word_1_463' title='bbox 3517 2636 3567 2691; x_wconf 91' lang='lat' dir='ltr'><strong>in</strong></span> <span class='ocrx_word' id='word_1_464' title='bbox 3603 2632 3808 2690; x_wconf 62' lang='lat' dir='ltr'><strong>dominicis</strong></span> 
     </span>
    </p>
   </div>
   <div class='ocr_carea' id='block_1_56' title="bbox 2294 2724 3544 2794">
    <p class='ocr_par' dir='ltr' id='par_1_56' title="bbox 2294 2724 3544 2794">
     <span class='ocr_line' id='line_1_56' title="bbox 2294 2724 3544 2794; baseline 0.003 -14"><span class='ocrx_word' id='word_1_465' title='bbox 2294 2724 2508 2794; x_wconf 89' lang='lat' dir='ltr'><strong>diebus,</strong></span> <span class='ocrx_word' id='word_1_466' title='bbox 2535 2738 2659 2784; x_wconf 89' lang='lat' dir='ltr'><strong>ante</strong></span> <span class='ocrx_word' id='word_1_467' title='bbox 2687 2743 2882 2784; x_wconf 88' lang='lat' dir='ltr'><strong>nonam</strong></span> <span class='ocrx_word' id='word_1_468' title='bbox 2918 2729 3228 2793; x_wconf 84' lang='lat' dir='ltr'><strong>manducet,</strong></span> <span class='ocrx_word' id='word_1_469' title='bbox 3253 2740 3348 2784; x_wconf 88' lang='lat' dir='ltr'><strong>aut</strong></span> <span class='ocrx_word' id='word_1_470' title='bbox 3374 2730 3544 2786; x_wconf 87' lang='lat' dir='ltr'><strong>bibat.</strong></span> 
     </span>
    </p>
   </div>
   <div class='ocr_carea' id='block_1_57' title="bbox 2367 2819 3809 2895">
    <p class='ocr_par' dir='ltr' id='par_1_57' title="bbox 2367 2819 3809 2895">
     <span class='ocr_line' id='line_1_57' title="bbox 2367 2819 3809 2895; baseline -0.001 -21"><span class='ocrx_word' id='word_1_471' title='bbox 2367 2819 2421 2875; x_wconf 75' lang='lat'><strong>5.</strong></span> <span class='ocrx_word' id='word_1_472' title='bbox 2456 2821 2648 2876; x_wconf 81' lang='lat' dir='ltr'><strong>Moneo</strong></span> <span class='ocrx_word' id='word_1_473' title='bbox 2670 2823 2835 2877; x_wconf 90' lang='lat' dir='ltr'><strong>etiam</strong></span> <span class='ocrx_word' id='word_1_474' title='bbox 2867 2825 2939 2877; x_wconf 87' lang='grc' dir='ltr'><strong>ἰιι</strong></span> <span class='ocrx_word' id='word_1_475' title='bbox 2985 2823 3075 2893; x_wconf 93' lang='lat' dir='ltr'><strong>qui</strong></span> <span class='ocrx_word' id='word_1_476' title='bbox 3114 2823 3268 2895; x_wconf 81' lang='lat' dir='ltr'><strong>juxta</strong></span> <span class='ocrx_word' id='word_1_477' title='bbox 3312 2822 3608 2879; x_wconf 83' lang='lat' dir='ltr'><strong>Ecclesiam</strong></span> <span class='ocrx_word' id='word_1_478' title='bbox 3641 2823 3809 2887; x_wconf 71' lang='lat' dir='ltr'><strong>est,°et</strong></span> 
     </span>
    </p>
   </div>
   <div class='ocr_carea' id='block_1_58' title="bbox 2295 2915 3895 2988">
    <p class='ocr_par' dir='ltr' id='par_1_58' title="bbox 2295 2915 3895 2988">
     <span class='ocr_line' id='line_1_58' title="bbox 2295 2915 3895 2988; baseline -0.001 -19"><span class='ocrx_word' id='word_1_479' title='bbox 2295 2929 2586 2972; x_wconf 88' lang='lat' dir='ltr'><strong>occurrere</strong></span> <span class='ocrx_word' id='word_1_480' title='bbox 2615 2926 2813 2986; x_wconf 90' lang='lat' dir='ltr'><strong>potest,</strong></span> <span class='ocrx_word' id='word_1_481' title='bbox 2843 2917 3091 2988; x_wconf 91' lang='lat' dir='ltr'><strong>quotidie</strong></span> <span class='ocrx_word' id='word_1_482' title='bbox 3136 2917 3326 2973; x_wconf 82' lang='lat' dir='ltr'><strong>audiat</strong></span> <span class='ocrx_word' id='word_1_483' title='bbox 3368 2919 3587 2973; x_wconf 86' lang='lat' dir='ltr'><strong>missam</strong></span> <span class='ocrx_word' id='word_1_484' title='bbox 3634 2935 3646 2971; x_wconf 90' lang='lat'><strong>:</strong></span> <span class='ocrx_word' id='word_1_485' title='bbox 3686 2925 3726 2972; x_wconf 89' lang='lat' dir='ltr'><strong>et</strong></span> <span class='ocrx_word' id='word_1_486' title='bbox 3754 2915 3810 2984; x_wconf 85' lang='lat' dir='ltr'><strong>qui</strong></span> <span class='ocrx_word' id='word_1_487' title='bbox 3894 2915 3895 2952; x_wconf 45' lang='grc' dir='ltr'><strong>ἰ</strong></span> 
     </span>
    </p>
   </div>
   <div class='ocr_carea' id='block_1_59' title="bbox 2295 3010 3808 3083">
    <p class='ocr_par' dir='ltr' id='par_1_59' title="bbox 2295 3010 3808 3083">
     <span class='ocr_line' id='line_1_59' title="bbox 2295 3010 3808 3083; baseline -0.003 -18"><span class='ocrx_word' id='word_1_488' title='bbox 2295 3020 2498 3083; x_wconf 88' lang='lat' dir='ltr'><strong>potest,</strong></span> <span class='ocrx_word' id='word_1_489' title='bbox 2530 3013 2677 3067; x_wconf 92' lang='lat' dir='ltr'><strong>omni</strong></span> <span class='ocrx_word' id='word_1_490' title='bbox 2716 3021 2876 3068; x_wconf 90' lang='lat' dir='ltr'><strong>nocte</strong></span> <span class='ocrx_word' id='word_1_491' title='bbox 2919 3013 2987 3068; x_wconf 88' lang='lat' dir='ltr'><strong>ad</strong></span> <span class='ocrx_word' id='word_1_492' title='bbox 3036 3014 3366 3068; x_wconf 88' lang='lat' dir='ltr'><strong>matutinum</strong></span> <span class='ocrx_word' id='word_1_493' title='bbox 3407 3012 3634 3068; x_wconf 79' lang='lat' dir='ltr'><strong>officium</strong></span> <span class='ocrx_word' id='word_1_494' title='bbox 3672 3010 3808 3065; x_wconf 72' lang='lat' dir='ltr'><strong>veniat.</strong></span> 
     </span>
    </p>
   </div>
   <div class='ocr_carea' id='block_1_60' title="bbox 2296 3104 3810 3178">
    <p class='ocr_par' dir='ltr' id='par_1_60' title="bbox 2296 3104 3810 3178">
     <span class='ocr_line' id='line_1_60' title="bbox 2296 3104 3810 3178; baseline -0.001 -22"><span class='ocrx_word' id='word_1_495' title='bbox 2296 3104 2398 3172; x_wconf 85' lang='lat' dir='ltr'><strong>Qui</strong></span> <span class='ocrx_word' id='word_1_496' title='bbox 2431 3121 2562 3162; x_wconf 91' lang='lat' dir='ltr'><strong>vero</strong></span> <span class='ocrx_word' id='word_1_497' title='bbox 2591 3106 2752 3178; x_wconf 86' lang='lat' dir='ltr'><strong>longe</strong></span> <span class='ocrx_word' id='word_1_498' title='bbox 2793 3107 2862 3162; x_wconf 89' lang='lat' dir='ltr'><strong>ab</strong></span> <span class='ocrx_word' id='word_1_499' title='bbox 2899 3107 3141 3163; x_wconf 90' lang='lat' dir='ltr'><strong>Ecclesia</strong></span> <span class='ocrx_word' id='word_1_500' title='bbox 3174 3117 3422 3173; x_wconf 83' lang='lat' dir='ltr'><strong>manent,</strong></span> <span class='ocrx_word' id='word_1_501' title='bbox 3455 3108 3594 3162; x_wconf 87' lang='lat' dir='ltr'><strong>omni</strong></span> <span class='ocrx_word' id='word_1_502' title='bbox 3616 3104 3810 3162; x_wconf 74' lang='lat' dir='ltr'><strong>Dominica</strong></span> 
     </span>
    </p>
   </div>
   <div class='ocr_carea' id='block_1_61' title="bbox 589 3193 3811 3267">
    <p class='ocr_par' dir='ltr' id='par_1_61' title="bbox 589 3193 3811 3267">
     <span class='ocr_line' id='line_1_61' title="bbox 589 3193 3811 3267; baseline -0 -17"><span class='ocrx_word' id='word_1_503' title='bbox 589 3193 738 3250; x_wconf 86' lang='lat' dir='ltr'><strong>Deus</strong></span> <span class='ocrx_word' id='word_1_504' title='bbox 771 3193 977 3248; x_wconf 87' lang='lat' dir='ltr'><strong>homini</strong></span> <span class='ocrx_word' id='word_1_505' title='bbox 1009 3194 1197 3262; x_wconf 86' lang='lat' dir='ltr'><strong>donat,</strong></span> <span class='ocrx_word' id='word_1_506' title='bbox 1225 3193 1492 3250; x_wconf 89' lang='lat' dir='ltr'><strong>decimam</strong></span> <span class='ocrx_word' id='word_1_507' title='bbox 1528 3206 1734 3265; x_wconf 86' lang='lat' dir='ltr'><strong>partem</strong></span> <span class='ocrx_word' id='word_1_508' title='bbox 1778 3198 1884 3253; x_wconf 89' lang='lat' dir='ltr'><strong>sibi</strong></span> <span class='ocrx_word' id='word_1_509' title='bbox 1930 3201 2194 3266; x_wconf 86' lang='lat' dir='ltr'><strong>servavit;</strong></span> <span class='ocrx_word' id='word_1_510' title='bbox 2225 3199 2271 3263; x_wconf 85' lang='lat' dir='ltr'><strong><em>C</em></strong></span> <span class='ocrx_word' id='word_1_511' title='bbox 2302 3198 2557 3254; x_wconf 85' lang='lat' dir='ltr'><strong>studeant</strong></span> <span class='ocrx_word' id='word_1_512' title='bbox 2605 3199 2671 3254; x_wconf 87' lang='lat' dir='ltr'><strong>ad</strong></span> <span class='ocrx_word' id='word_1_513' title='bbox 2713 3200 3037 3255; x_wconf 89' lang='lat' dir='ltr'><strong>matutinum</strong></span> <span class='ocrx_word' id='word_1_514' title='bbox 3087 3200 3276 3256; x_wconf 91' lang='lat' dir='ltr'><strong>venire</strong></span> <span class='ocrx_word' id='word_1_515' title='bbox 3308 3218 3323 3255; x_wconf 91' lang='lat'>:</span> <span class='ocrx_word' id='word_1_516' title='bbox 3359 3199 3415 3256; x_wconf 91' lang='lat' dir='ltr'><strong>id</strong></span> <span class='ocrx_word' id='word_1_517' title='bbox 3448 3211 3551 3267; x_wconf 90' lang='lat' dir='ltr'><strong>est,</strong></span> <span class='ocrx_word' id='word_1_518' title='bbox 3588 3199 3689 3264; x_wconf 87' lang='lat' dir='ltr'><strong>viri,</strong></span> <span class='ocrx_word' id='word_1_519' title='bbox 3711 3194 3811 3252; x_wconf 80' lang='lat' dir='ltr'><strong>etfe-</strong></span> 
     </span>
    </p>
   </div>
   <div class='ocr_carea' id='block_1_62' title="bbox 593 3287 2196 3362">
    <p class='ocr_par' dir='ltr' id='par_1_62' title="bbox 593 3287 2196 3362">
     <span class='ocr_line' id='line_1_62' title="bbox 593 3287 2196 3362; baseline 0.002 -17"><span class='ocrx_word' id='word_1_520' title='bbox 593 3297 652 3345; x_wconf 86' lang='lat' dir='ltr'><strong>et</strong></span> <span class='ocrx_word' id='word_1_521' title='bbox 681 3287 802 3344; x_wconf 91' lang='lat' dir='ltr'><strong>ideo</strong></span> <span class='ocrx_word' id='word_1_522' title='bbox 833 3302 940 3342; x_wconf 91' lang='lat' dir='ltr'><strong>non</strong></span> <span class='ocrx_word' id='word_1_523' title='bbox 987 3287 1115 3344; x_wconf 90' lang='lat' dir='ltr'><strong>licet</strong></span> <span class='ocrx_word' id='word_1_524' title='bbox 1153 3288 1361 3342; x_wconf 88' lang='lat' dir='ltr'><strong>homini</strong></span> <span class='ocrx_word' id='word_1_525' title='bbox 1394 3287 1635 3345; x_wconf 91' lang='lat' dir='ltr'><strong>retinere</strong></span> <span class='ocrx_word' id='word_1_526' title='bbox 1677 3289 1829 3358; x_wconf 90' lang='lat' dir='ltr'><strong>illud,</strong></span> <span class='ocrx_word' id='word_1_527' title='bbox 1855 3293 1999 3362; x_wconf 92' lang='lat' dir='ltr'><strong>quod</strong></span> <span class='ocrx_word' id='word_1_528' title='bbox 2051 3293 2196 3348; x_wconf 88' lang='lat' dir='ltr'><strong>Deus</strong></span> 
     </span>
    </p>
   </div>
   <div class='ocr_carea' id='block_1_63' title="bbox 593 3383 2199 3457">
    <p class='ocr_par' dir='ltr' id='par_1_63' title="bbox 593 3383 2199 3457">
     <span class='ocr_line' id='line_1_63' title="bbox 593 3383 2199 3457; baseline 0.002 -17"><span class='ocrx_word' id='word_1_529' title='bbox 593 3385 698 3440; x_wconf 89' lang='lat' dir='ltr'><strong>sibi</strong></span> <span class='ocrx_word' id='word_1_530' title='bbox 732 3385 1052 3440; x_wconf 78' lang='lat' dir='ltr'><strong>reservavit.</strong></span> <span class='ocrx_word' id='word_1_531' title='bbox 1097 3383 1217 3438; x_wconf 78' lang='lat' dir='ltr'><strong>Tibi</strong></span> <span class='ocrx_word' id='word_1_532' title='bbox 1265 3383 1416 3439; x_wconf 91' lang='lat' dir='ltr'><strong>dedit</strong></span> <span class='ocrx_word' id='word_1_533' title='bbox 1456 3400 1646 3440; x_wconf 91' lang='lat' dir='ltr'><strong>novem</strong></span> <span class='ocrx_word' id='word_1_534' title='bbox 1695 3396 1900 3457; x_wconf 87' lang='lat' dir='ltr'><strong>partes,</strong></span> <span class='ocrx_word' id='word_1_535' title='bbox 1939 3387 2040 3442; x_wconf 90' lang='lat' dir='ltr'><strong>sibi</strong></span> <span class='ocrx_word' id='word_1_536' title='bbox 2069 3404 2199 3444; x_wconf 86' lang='lat' dir='ltr'><strong>vero</strong></span> 
     </span>
    </p>
   </div>
   <div class='ocr_carea' id='block_1_64' title="bbox 594 3476 2200 3547">
    <p class='ocr_par' dir='ltr' id='par_1_64' title="bbox 594 3476 2200 3547">
     <span class='ocr_line' id='line_1_64' title="bbox 594 3476 2200 3547; baseline 0.002 -14"><span class='ocrx_word' id='word_1_537' title='bbox 594 3477 900 3534; x_wconf 83' lang='lat' dir='ltr'><strong>reservavit</strong></span> <span class='ocrx_word' id='word_1_538' title='bbox 944 3476 1210 3531; x_wconf 89' lang='lat' dir='ltr'><strong>decimam</strong></span> <span class='ocrx_word' id='word_1_539' title='bbox 1241 3486 1448 3547; x_wconf 85' lang='lat' dir='ltr'><strong>partem</strong></span> <span class='ocrx_word' id='word_1_540' title='bbox 1486 3495 1498 3531; x_wconf 92' lang='lat'><strong>:</strong></span> <span class='ocrx_word' id='word_1_541' title='bbox 1530 3487 1585 3533; x_wconf 92' lang='lat' dir='ltr'><strong>et</strong></span> <span class='ocrx_word' id='word_1_542' title='bbox 1627 3479 1671 3532; x_wconf 92' lang='lat' dir='ltr'><strong>si</strong></span> <span class='ocrx_word' id='word_1_543' title='bbox 1720 3487 1775 3532; x_wconf 92' lang='lat' dir='ltr'><strong>tu</strong></span> <span class='ocrx_word' id='word_1_544' title='bbox 1829 3495 1936 3534; x_wconf 74' lang='lat' dir='ltr'><strong>non</strong></span> <span class='ocrx_word' id='word_1_545' title='bbox 1981 3479 2200 3536; x_wconf 82' lang='lat' dir='ltr'><strong>dederis</strong></span> 
     </span>
    </p>
   </div>
   <div class='ocr_carea' id='block_1_65' title="bbox 597 3569 2197 3642">
    <p class='ocr_par' dir='ltr' id='par_1_65' title="bbox 597 3569 2197 3642">
     <span class='ocr_line' id='line_1_65' title="bbox 597 3569 2197 3642; baseline 0 -16"><span class='ocrx_word' id='word_1_546' title='bbox 597 3569 712 3626; x_wconf 89' lang='lat' dir='ltr'><strong>Deo</strong></span> <span class='ocrx_word' id='word_1_547' title='bbox 735 3571 1002 3626; x_wconf 87' lang='lat' dir='ltr'><strong>decimam</strong></span> <span class='ocrx_word' id='word_1_548' title='bbox 1030 3576 1260 3640; x_wconf 89' lang='lat' dir='ltr'><strong>partem,</strong></span> <span class='ocrx_word' id='word_1_549' title='bbox 1297 3570 1439 3624; x_wconf 91' lang='lat' dir='ltr'><strong>Deus</strong></span> <span class='ocrx_word' id='word_1_550' title='bbox 1465 3570 1615 3624; x_wconf 77' lang='lat' dir='ltr'><strong>tollet</strong></span> <span class='ocrx_word' id='word_1_551' title='bbox 1635 3587 1664 3625; x_wconf 88' lang='lat' dir='ltr'><strong>a</strong></span> <span class='ocrx_word' id='word_1_552' title='bbox 1691 3581 1742 3626; x_wconf 92' lang='lat' dir='ltr'><strong>te</strong></span> <span class='ocrx_word' id='word_1_553' title='bbox 1768 3587 1960 3627; x_wconf 86' lang='lat' dir='ltr'><strong>novem</strong></span> <span class='ocrx_word' id='word_1_554' title='bbox 1997 3584 2197 3642; x_wconf 90' lang='lat' dir='ltr'><strong>partes.</strong></span> 
     </span>
    </p>
   </div>
   <div class='ocr_carea' id='block_1_66' title="bbox 592 3663 2206 3737">
    <p class='ocr_par' dir='ltr' id='par_1_66' title="bbox 592 3663 2206 3737">
     <span class='ocr_line' id='line_1_66' title="bbox 592 3663 2206 3737; baseline 0.002 -17"><span class='ocrx_word' id='word_1_555' title='bbox 592 3663 730 3721; x_wconf 86' lang='lat' dir='ltr'><strong>Item</strong></span> <span class='ocrx_word' id='word_1_556' title='bbox 773 3664 821 3719; x_wconf 90' lang='lat' dir='ltr'><strong>si</strong></span> <span class='ocrx_word' id='word_1_557' title='bbox 847 3665 966 3735; x_wconf 90' lang='lat' dir='ltr'><strong>quis</strong></span> <span class='ocrx_word' id='word_1_558' title='bbox 1004 3664 1352 3734; x_wconf 78' lang='lat' dir='ltr'><strong>recognOscit</strong></span> <span class='ocrx_word' id='word_1_559' title='bbox 1377 3664 1429 3718; x_wconf 89' lang='lat' dir='ltr'><strong>in</strong></span> <span class='ocrx_word' id='word_1_560' title='bbox 1459 3679 1542 3730; x_wconf 90' lang='lat' dir='ltr'><strong>se,</strong></span> <span class='ocrx_word' id='word_1_561' title='bbox 1570 3665 1715 3735; x_wconf 92' lang='lat' dir='ltr'><strong>quod</strong></span> <span class='ocrx_word' id='word_1_562' title='bbox 1745 3665 1816 3720; x_wconf 89' lang='lat' dir='ltr'><strong>ab</strong></span> <span class='ocrx_word' id='word_1_563' title='bbox 1857 3667 2043 3737; x_wconf 89' lang='lat' dir='ltr'><strong>aliquo</strong></span> <span class='ocrx_word' id='word_1_564' title='bbox 2086 3666 2206 3724; x_wconf 91' lang='lat' dir='ltr'><strong>tulit</strong></span> 
     </span>
    </p>
   </div>
   <div class='ocr_carea' id='block_1_67' title="bbox 595 3758 2204 3833">
    <p class='ocr_par' dir='ltr' id='par_1_67' title="bbox 595 3758 2204 3833">
     <span class='ocr_line' id='line_1_67' title="bbox 595 3758 2204 3833; baseline -0.001 -16"><span class='ocrx_word' id='word_1_565' title='bbox 595 3759 804 3833; x_wconf 87' lang='lat' dir='ltr'><strong>aliquid</strong></span> <span class='ocrx_word' id='word_1_566' title='bbox 846 3759 1047 3830; x_wconf 90' lang='lat' dir='ltr'><strong>injuste</strong></span> <span class='ocrx_word' id='word_1_567' title='bbox 1067 3801 1081 3823; x_wconf 86' lang='lat'><strong>,</strong></span> <span class='ocrx_word' id='word_1_568' title='bbox 1115 3759 1376 3815; x_wconf 89' lang='lat' dir='ltr'><strong>emendet</strong></span> <span class='ocrx_word' id='word_1_569' title='bbox 1406 3758 1688 3814; x_wconf 89' lang='lat' dir='ltr'><strong>reddendo</strong></span> <span class='ocrx_word' id='word_1_570' title='bbox 1712 3760 1854 3830; x_wconf 89' lang='lat' dir='ltr'><strong>quod</strong></span> <span class='ocrx_word' id='word_1_571' title='bbox 1886 3760 2091 3831; x_wconf 83' lang='lat' dir='ltr'><strong>injuste</strong></span> <span class='ocrx_word' id='word_1_572' title='bbox 2115 3773 2204 3816; x_wconf 85' lang='lat' dir='ltr'><strong>tu-</strong></span> 
     </span>
    </p>
   </div>
   <div class='ocr_carea' id='block_1_68' title="bbox 591 3851 2204 3924">
    <p class='ocr_par' dir='ltr' id='par_1_68' title="bbox 591 3851 2204 3924">
     <span class='ocr_line' id='line_1_68' title="bbox 591 3851 2204 3924; baseline -0.001 -14"><span class='ocrx_word' id='word_1_573' title='bbox 591 3855 678 3910; x_wconf 90' lang='lat' dir='ltr'><strong>lit.</strong></span> <span class='ocrx_word' id='word_1_574' title='bbox 712 3852 846 3910; x_wconf 85' lang='lat' dir='ltr'><strong>Nam</strong></span> <span class='ocrx_word' id='word_1_575' title='bbox 874 3852 969 3923; x_wconf 90' lang='lat' dir='ltr'><strong>qui</strong></span> <span class='ocrx_word' id='word_1_576' title='bbox 1000 3867 1108 3907; x_wconf 93' lang='lat' dir='ltr'><strong>non</strong></span> <span class='ocrx_word' id='word_1_577' title='bbox 1160 3851 1276 3907; x_wconf 91' lang='lat' dir='ltr'><strong>vult</strong></span> <span class='ocrx_word' id='word_1_578' title='bbox 1322 3851 1437 3906; x_wconf 81' lang='lat' dir='ltr'><strong>Deo</strong></span> <span class='ocrx_word' id='word_1_579' title='bbox 1482 3851 1714 3907; x_wconf 86' lang='lat' dir='ltr'><strong>reddere</strong></span> <span class='ocrx_word' id='word_1_580' title='bbox 1749 3852 2016 3920; x_wconf 90' lang='lat' dir='ltr'><strong>decimas,</strong></span> <span class='ocrx_word' id='word_1_581' title='bbox 2069 3869 2204 3924; x_wconf 92' lang='lat' dir='ltr'><strong>quas</strong></span> 
     </span>
    </p>
   </div>
   <div class='ocr_carea' id='block_1_69' title="bbox 597 3943 2208 4016">
    <p class='ocr_par' dir='ltr' id='par_1_69' title="bbox 597 3943 2208 4016">
     <span class='ocr_line' id='line_1_69' title="bbox 597 3943 2208 4016; baseline -0.001 -12"><span class='ocrx_word' id='word_1_582' title='bbox 597 3948 823 4004; x_wconf 88' lang='lat' dir='ltr'><strong>retinuit</strong></span> <span class='ocrx_word' id='word_1_583' title='bbox 857 3965 869 4001; x_wconf 94' lang='lat'>:</span> <span class='ocrx_word' id='word_1_584' title='bbox 904 3954 958 4001; x_wconf 88' lang='lat' dir='ltr'><strong>et</strong></span> <span class='ocrx_word' id='word_1_585' title='bbox 987 3945 1194 4000; x_wconf 88' lang='lat' dir='ltr'><strong>homini</strong></span> <span class='ocrx_word' id='word_1_586' title='bbox 1220 3961 1327 4000; x_wconf 94' lang='lat' dir='ltr'><strong>non</strong></span> <span class='ocrx_word' id='word_1_587' title='bbox 1353 3943 1534 4000; x_wconf 89' lang='lat' dir='ltr'><strong>studet</strong></span> <span class='ocrx_word' id='word_1_588' title='bbox 1559 3944 1808 4012; x_wconf 86' lang='lat' dir='ltr'><strong>reddere,</strong></span> <span class='ocrx_word' id='word_1_589' title='bbox 1837 3945 1978 4016; x_wconf 89' lang='lat' dir='ltr'><strong>quod</strong></span> <span class='ocrx_word' id='word_1_590' title='bbox 2007 3945 2208 4016; x_wconf 87' lang='lat' dir='ltr'><strong>injuste</strong></span> 
     </span>
    </p>
   </div>
   <div class='ocr_carea' id='block_1_70' title="bbox 603 4038 2210 4112">
    <p class='ocr_par' dir='ltr' id='par_1_70' title="bbox 603 4038 2210 4112">
     <span class='ocr_line' id='line_1_70' title="bbox 603 4038 2210 4112; baseline -0.001 -15"><span class='ocrx_word' id='word_1_591' title='bbox 603 4042 672 4096; x_wconf 89' lang='lat' dir='ltr'><strong>ab</strong></span> <span class='ocrx_word' id='word_1_592' title='bbox 699 4057 765 4097; x_wconf 94' lang='lat' dir='ltr'><strong>co</strong></span> <span class='ocrx_word' id='word_1_593' title='bbox 806 4039 1066 4106; x_wconf 87' lang='lat' dir='ltr'><strong>abstulit;</strong></span> <span class='ocrx_word' id='word_1_594' title='bbox 1119 4055 1227 4094; x_wconf 90' lang='lat' dir='ltr'><strong>non</strong></span> <span class='ocrx_word' id='word_1_595' title='bbox 1277 4040 1432 4096; x_wconf 89' lang='lat' dir='ltr'><strong>timet</strong></span> <span class='ocrx_word' id='word_1_596' title='bbox 1474 4038 1650 4094; x_wconf 91' lang='lat' dir='ltr'><strong>adhuc</strong></span> <span class='ocrx_word' id='word_1_597' title='bbox 1689 4039 1886 4105; x_wconf 88' lang='lat' dir='ltr'><strong>Deum,</strong></span> <span class='ocrx_word' id='word_1_598' title='bbox 1917 4049 1972 4096; x_wconf 90' lang='lat' dir='ltr'><strong>et</strong></span> <span class='ocrx_word' id='word_1_599' title='bbox 2000 4041 2210 4112; x_wconf 84' lang='lat' dir='ltr'><strong>ignorat</strong></span> 
     </span>
    </p>
   </div>
   <div class='ocr_carea' id='block_1_71' title="bbox 598 4133 2206 4207">
    <p class='ocr_par' dir='ltr' id='par_1_71' title="bbox 598 4133 2206 4207">
     <span class='ocr_line' id='line_1_71' title="bbox 598 4133 2206 4207; baseline -0.001 -18"><span class='ocrx_word' id='word_1_600' title='bbox 598 4135 736 4204; x_wconf 85' lang='lat' dir='ltr'><strong>quid</strong></span> <span class='ocrx_word' id='word_1_601' title='bbox 767 4135 838 4188; x_wconf 92' lang='lat' dir='ltr'><strong>sit</strong></span> <span class='ocrx_word' id='word_1_602' title='bbox 861 4148 989 4189; x_wconf 89' lang='lat' dir='ltr'><strong>vera</strong></span> <span class='ocrx_word' id='word_1_603' title='bbox 1021 4133 1364 4204; x_wconf 85' lang='lat' dir='ltr'><strong>poenitentia,</strong></span> <span class='ocrx_word' id='word_1_604' title='bbox 1400 4149 1634 4204; x_wconf 81' lang='lat' dir='ltr'><strong>veraque</strong></span> <span class='ocrx_word' id='word_1_605' title='bbox 1671 4133 1946 4189; x_wconf 92' lang='lat' dir='ltr'><strong>confessio</strong></span> <span class='ocrx_word' id='word_1_606' title='bbox 1992 4134 2104 4207; x_wconf 80' lang='lat' dir='ltr'><strong>(l6,</strong></span> <span class='ocrx_word' id='word_1_607' title='bbox 2154 4152 2206 4206; x_wconf 88' lang='lat' dir='ltr'><strong>q.</strong></span> 
     </span>
    </p>
   </div>
   <div class='ocr_carea' id='block_1_72' title="bbox 608 4223 1226 4296">
    <p class='ocr_par' dir='ltr' id='par_1_72' title="bbox 608 4223 1226 4296">
     <span class='ocr_line' id='line_1_72' title="bbox 608 4223 1226 4296; baseline 0 -18"><span class='ocrx_word' id='word_1_608' title='bbox 608 4227 666 4291; x_wconf 69' lang='lat'><strong>9,</strong></span> <span class='ocrx_word' id='word_1_609' title='bbox 701 4241 748 4279; x_wconf 87' lang='lat' dir='ltr'><strong>c.</strong></span> <span class='ocrx_word' id='word_1_610' title='bbox 785 4223 926 4278; x_wconf 79' lang='lat' dir='ltr'><strong>Nam</strong></span> <span class='ocrx_word' id='word_1_611' title='bbox 961 4225 1048 4294; x_wconf 86' lang='lat' dir='ltr'><strong>qui</strong></span> <span class='ocrx_word' id='word_1_612' title='bbox 1070 4223 1226 4296; x_wconf 89' lang='lat' dir='ltr'><strong>Deo).</strong></span> 
     </span>
    </p>
   </div>
   <div class='ocr_carea' id='block_1_73' title="bbox 688 4317 2210 4392">
    <p class='ocr_par' dir='ltr' id='par_1_73' title="bbox 688 4317 2210 4392">
     <span class='ocr_line' id='line_1_73' title="bbox 688 4317 2210 4392; baseline 0.001 -19"><span class='ocrx_word' id='word_1_613' title='bbox 688 4319 740 4373; x_wconf 79' lang='lat'><strong>5.</strong></span> <span class='ocrx_word' id='word_1_614' title='bbox 778 4317 888 4374; x_wconf 87' lang='lat' dir='ltr'><strong>[ste</strong></span> <span class='ocrx_word' id='word_1_615' title='bbox 913 4318 1038 4372; x_wconf 91' lang='lat' dir='ltr'><strong>talis</strong></span> <span class='ocrx_word' id='word_1_616' title='bbox 1082 4318 1248 4372; x_wconf 90' lang='lat' dir='ltr'><strong>homo</strong></span> <span class='ocrx_word' id='word_1_617' title='bbox 1285 4333 1394 4372; x_wconf 91' lang='lat' dir='ltr'><strong>non</strong></span> <span class='ocrx_word' id='word_1_618' title='bbox 1450 4327 1626 4388; x_wconf 72' lang='lat' dir='ltr'><strong>potest</strong></span> <span class='ocrx_word' id='word_1_619' title='bbox 1668 4318 1865 4373; x_wconf 89' lang='lat' dir='ltr'><strong>bonam</strong></span> <span class='ocrx_word' id='word_1_620' title='bbox 1909 4318 2210 4392; x_wconf 89' lang='lat' dir='ltr'><strong>eleemosy-</strong></span> 
     </span>
    </p>
   </div>
   <div class='ocr_carea' id='block_1_74' title="bbox 610 4411 2214 4482">
    <p class='ocr_par' dir='ltr' id='par_1_74' title="bbox 610 4411 2214 4482">
     <span class='ocr_line' id='line_1_74' title="bbox 610 4411 2214 4482; baseline -0.001 -13"><span class='ocrx_word' id='word_1_621' title='bbox 610 4429 738 4469; x_wconf 86' lang='lat' dir='ltr'><strong>nam</strong></span> <span class='ocrx_word' id='word_1_622' title='bbox 772 4412 974 4468; x_wconf 84' lang='lat' dir='ltr'><strong>facere.</strong></span> <span class='ocrx_word' id='word_1_623' title='bbox 1007 4411 1216 4467; x_wconf 87' lang='lat' dir='ltr'><strong>Bonum</strong></span> <span class='ocrx_word' id='word_1_624' title='bbox 1259 4422 1347 4466; x_wconf 90' lang='lat' dir='ltr'><strong>est</strong></span> <span class='ocrx_word' id='word_1_625' title='bbox 1386 4421 1698 4482; x_wconf 81' lang='lat' dir='ltr'><strong>prOpterea,</strong></span> <span class='ocrx_word' id='word_1_626' title='bbox 1740 4411 1962 4479; x_wconf 87' lang='lat' dir='ltr'><strong>fratres,</strong></span> <span class='ocrx_word' id='word_1_627' title='bbox 2006 4422 2064 4467; x_wconf 91' lang='lat' dir='ltr'><strong>ut</strong></span> <span class='ocrx_word' id='word_1_628' title='bbox 2101 4413 2214 4468; x_wconf 92' lang='lat' dir='ltr'><strong>Deo</strong></span> 
     </span>
    </p>
   </div>
   <div class='ocr_carea' id='block_1_75' title="bbox 612 4505 2216 4577">
    <p class='ocr_par' dir='ltr' id='par_1_75' title="bbox 612 4505 2216 4577">
     <span class='ocr_line' id='line_1_75' title="bbox 612 4505 2216 4577; baseline 0.001 -15"><span class='ocrx_word' id='word_1_629' title='bbox 612 4505 859 4562; x_wconf 86' lang='lat' dir='ltr'><strong>reddatis</strong></span> <span class='ocrx_word' id='word_1_630' title='bbox 887 4521 1008 4576; x_wconf 75' lang='lat' dir='ltr'><strong>qua:</strong></span> <span class='ocrx_word' id='word_1_631' title='bbox 1030 4520 1130 4560; x_wconf 89' lang='lat' dir='ltr'><strong>sua</strong></span> <span class='ocrx_word' id='word_1_632' title='bbox 1162 4515 1309 4572; x_wconf 89' lang='lat' dir='ltr'><strong>sunt,</strong></span> <span class='ocrx_word' id='word_1_633' title='bbox 1351 4514 1408 4560; x_wconf 88' lang='lat' dir='ltr'><strong>et</strong></span> <span class='ocrx_word' id='word_1_634' title='bbox 1446 4506 1699 4577; x_wconf 79' lang='lat' dir='ltr'><strong>proximo</strong></span> <span class='ocrx_word' id='word_1_635' title='bbox 1743 4522 1864 4577; x_wconf 85' lang='lat' dir='ltr'><strong>quae</strong></span> <span class='ocrx_word' id='word_1_636' title='bbox 1913 4506 2058 4562; x_wconf 91' lang='lat' dir='ltr'><strong>illius</strong></span> <span class='ocrx_word' id='word_1_637' title='bbox 2103 4507 2216 4564; x_wconf 86' lang='lat' dir='ltr'><strong>fne-</strong></span> 
     </span>
    </p>
   </div>
   <div class='ocr_carea' id='block_1_76' title="bbox 2299 3283 3897 3365">
    <p class='ocr_par' dir='ltr' id='par_1_76' title="bbox 2299 3283 3897 3365">
     <span class='ocr_line' id='line_1_76' title="bbox 2299 3283 3897 3365; baseline -0.002 -18"><span class='ocrx_word' id='word_1_638' title='bbox 2299 3293 2480 3357; x_wconf 80' lang='lat' dir='ltr'><strong>mime.</strong></span> <span class='ocrx_word' id='word_1_639' title='bbox 2519 3303 2574 3348; x_wconf 89' lang='lat' dir='ltr'><strong>et</strong></span> <span class='ocrx_word' id='word_1_640' title='bbox 2609 3293 2860 3363; x_wconf 86' lang='lat' dir='ltr'><strong>juvenes,</strong></span> <span class='ocrx_word' id='word_1_641' title='bbox 2894 3305 2948 3350; x_wconf 92' lang='lat' dir='ltr'><strong>et</strong></span> <span class='ocrx_word' id='word_1_642' title='bbox 2996 3311 3158 3350; x_wconf 89' lang='lat' dir='ltr'><strong>senes</strong></span> <span class='ocrx_word' id='word_1_643' title='bbox 3200 3306 3403 3365; x_wconf 68' lang='lat' dir='ltr'><strong>praeter</strong></span> <span class='ocrx_word' id='word_1_644' title='bbox 3434 3295 3689 3358; x_wconf 80' lang='lat' dir='ltr'><strong>inﬁrmos;</strong></span> <span class='ocrx_word' id='word_1_645' title='bbox 3724 3305 3812 3346; x_wconf 61' lang='lat' dir='ltr'><strong>unius</strong></span> <span class='ocrx_word' id='word_1_646' title='bbox 3896 3283 3897 3296; x_wconf 20' lang='grc' dir='ltr'>ξ</span> 
     </span>
    </p>
   </div>
   <div class='ocr_carea' id='block_1_77' title="bbox 2301 3385 3768 3460">
    <p class='ocr_par' dir='ltr' id='par_1_77' title="bbox 2301 3385 3768 3460">
     <span class='ocr_line' id='line_1_77' title="bbox 2301 3385 3768 3460; baseline 0.001 -19"><span class='ocrx_word' id='word_1_647' title='bbox 2301 3394 2481 3441; x_wconf 84' lang='lat' dir='ltr'><strong>tamen</strong></span> <span class='ocrx_word' id='word_1_648' title='bbox 2509 3396 2601 3441; x_wconf 91' lang='lat' dir='ltr'><strong>aut</strong></span> <span class='ocrx_word' id='word_1_649' title='bbox 2624 3385 2732 3441; x_wconf 91' lang='lat' dir='ltr'><strong>duo</strong></span> <span class='ocrx_word' id='word_1_650' title='bbox 2757 3398 3096 3456; x_wconf 76' lang='lat' dir='ltr'><strong>remaneant,</strong></span> <span class='ocrx_word' id='word_1_651' title='bbox 3121 3389 3213 3460; x_wconf 87' lang='lat' dir='ltr'><strong>qui</strong></span> <span class='ocrx_word' id='word_1_652' title='bbox 3237 3391 3468 3444; x_wconf 90' lang='lat' dir='ltr'><strong>domum</strong></span> <span class='ocrx_word' id='word_1_653' title='bbox 3501 3387 3768 3445; x_wconf 75' lang='lat' dir='ltr'><strong>Custodiam.</strong></span> 
     </span>
    </p>
   </div>
   <div class='ocr_carea' id='block_1_78' title="bbox 2373 3478 3813 3554">
    <p class='ocr_par' dir='ltr' id='par_1_78' title="bbox 2373 3478 3813 3554">
     <span class='ocr_line' id='line_1_78' title="bbox 2373 3478 3813 3554; baseline -0.003 -21"><span class='ocrx_word' id='word_1_654' title='bbox 2373 3478 2426 3533; x_wconf 90' lang='lat'><strong>6.</strong></span> <span class='ocrx_word' id='word_1_655' title='bbox 2470 3478 2661 3535; x_wconf 75' lang='lat' dir='ltr'><strong>Nullus</strong></span> <span class='ocrx_word' id='word_1_656' title='bbox 2686 3481 2913 3536; x_wconf 91' lang='lat' dir='ltr'><strong>omnino</strong></span> <span class='ocrx_word' id='word_1_657' title='bbox 2944 3482 3100 3536; x_wconf 80' lang='lat' dir='ltr'><strong>uxori</strong></span> <span class='ocrx_word' id='word_1_658' title='bbox 3133 3497 3248 3537; x_wconf 74' lang='lat' dir='ltr'><strong>stne</strong></span> <span class='ocrx_word' id='word_1_659' title='bbox 3287 3481 3549 3554; x_wconf 85' lang='lat' dir='ltr'><strong>jungatur</strong></span> <span class='ocrx_word' id='word_1_660' title='bbox 3585 3491 3692 3535; x_wconf 86' lang='lat' dir='ltr'><strong>ante</strong></span> <span class='ocrx_word' id='word_1_661' title='bbox 3721 3488 3813 3532; x_wconf 81' lang='lat' dir='ltr'><strong>octa-</strong></span> 
     </span>
    </p>
   </div>
   <div class='ocr_carea' id='block_1_79' title="bbox 2304 3570 3816 3646">
    <p class='ocr_par' dir='ltr' id='par_1_79' title="bbox 2304 3570 3816 3646">
     <span class='ocr_line' id='line_1_79' title="bbox 2304 3570 3816 3646; baseline -0.001 -19"><span class='ocrx_word' id='word_1_662' title='bbox 2304 3589 2425 3628; x_wconf 86' lang='lat' dir='ltr'><strong>vam</strong></span> <span class='ocrx_word' id='word_1_663' title='bbox 2453 3575 2687 3643; x_wconf 72' lang='lat' dir='ltr'><strong>paschze.</strong></span> <span class='ocrx_word' id='word_1_664' title='bbox 2717 3574 3058 3646; x_wconf 85' lang='lat' dir='ltr'><strong>Quicumque</strong></span> <span class='ocrx_word' id='word_1_665' title='bbox 3089 3576 3243 3643; x_wconf 90' lang='lat' dir='ltr'><strong>iram,</strong></span> <span class='ocrx_word' id='word_1_666' title='bbox 3271 3585 3367 3631; x_wconf 87' lang='lat' dir='ltr'><strong>aut</strong></span> <span class='ocrx_word' id='word_1_667' title='bbox 3392 3576 3572 3632; x_wconf 89' lang='lat' dir='ltr'><strong>odium</strong></span> <span class='ocrx_word' id='word_1_668' title='bbox 3611 3582 3753 3631; x_wconf 82' lang='lat' dir='ltr'><strong>contra</strong></span> <span class='ocrx_word' id='word_1_669' title='bbox 3769 3570 3816 3622; x_wconf 68' lang='lat' dir='ltr'><strong>al-</strong></span> 
     </span>
    </p>
   </div>
   <div class='ocr_carea' id='block_1_80' title="bbox 2304 3667 3815 3743">
    <p class='ocr_par' dir='ltr' id='par_1_80' title="bbox 2304 3667 3815 3743">
     <span class='ocr_line' id='line_1_80' title="bbox 2304 3667 3815 3743; baseline -0.001 -20"><span class='ocrx_word' id='word_1_670' title='bbox 2304 3676 2479 3724; x_wconf 87' lang='lat' dir='ltr'><strong>termn</strong></span> <span class='ocrx_word' id='word_1_671' title='bbox 2537 3678 2704 3737; x_wconf 91' lang='lat' dir='ltr'><strong>tenet,</strong></span> <span class='ocrx_word' id='word_1_672' title='bbox 2751 3669 2919 3743; x_wconf 67' lang='grc'><strong>426</strong></span> <span class='ocrx_word' id='word_1_673' title='bbox 2944 3670 3182 3726; x_wconf 89' lang='lat' dir='ltr'><strong>dimittat</strong></span> <span class='ocrx_word' id='word_1_674' title='bbox 3232 3671 3313 3726; x_wconf 93' lang='lat' dir='ltr'><strong>illi</strong></span> <span class='ocrx_word' id='word_1_675' title='bbox 3343 3688 3411 3726; x_wconf 76' lang='lat' dir='ltr'><strong>ex</strong></span> <span class='ocrx_word' id='word_1_676' title='bbox 3462 3681 3574 3727; x_wconf 90' lang='lat' dir='ltr'><strong>toto</strong></span> <span class='ocrx_word' id='word_1_677' title='bbox 3615 3669 3758 3730; x_wconf 84' lang='lat' dir='ltr'><strong>corde,</strong></span> <span class='ocrx_word' id='word_1_678' title='bbox 3789 3667 3815 3717; x_wconf 80' lang='lat' dir='ltr'><strong>si</strong></span> 
     </span>
    </p>
   </div>
   <div class='ocr_carea' id='block_1_81' title="bbox 2305 3758 3818 3837">
    <p class='ocr_par' dir='ltr' id='par_1_81' title="bbox 2305 3758 3818 3837">
     <span class='ocr_line' id='line_1_81' title="bbox 2305 3758 3818 3837; baseline -0.001 -19"><span class='ocrx_word' id='word_1_679' title='bbox 2305 3763 2505 3818; x_wconf 90' lang='lat' dir='ltr'><strong>salvari</strong></span> <span class='ocrx_word' id='word_1_680' title='bbox 2531 3763 2808 3820; x_wconf 86' lang='lat' dir='ltr'><strong>desiderat</strong></span> <span class='ocrx_word' id='word_1_681' title='bbox 2839 3784 2851 3818; x_wconf 90' lang='lat'><strong>:</strong></span> <span class='ocrx_word' id='word_1_682' title='bbox 2888 3774 2944 3820; x_wconf 95' lang='lat' dir='ltr'><strong>et</strong></span> <span class='ocrx_word' id='word_1_683' title='bbox 2972 3765 3220 3836; x_wconf 76' lang='lat' dir='ltr'><strong>exceptis</strong></span> <span class='ocrx_word' id='word_1_684' title='bbox 3260 3765 3389 3830; x_wconf 87' lang='lat' dir='ltr'><strong>illis,</strong></span> <span class='ocrx_word' id='word_1_685' title='bbox 3426 3765 3616 3837; x_wconf 91' lang='lat' dir='ltr'><strong>quibus</strong></span> <span class='ocrx_word' id='word_1_686' title='bbox 3645 3758 3818 3817; x_wconf 69' lang='lat' dir='ltr'><strong>sacerdos</strong></span> 
     </span>
    </p>
   </div>
   <div class='ocr_carea' id='block_1_82' title="bbox 2307 3851 3818 3926">
    <p class='ocr_par' dir='ltr' id='par_1_82' title="bbox 2307 3851 3818 3926">
     <span class='ocr_line' id='line_1_82' title="bbox 2307 3851 3818 3926; baseline -0.005 -15"><span class='ocrx_word' id='word_1_687' title='bbox 2307 3856 2592 3911; x_wconf 83' lang='lat' dir='ltr'><strong>ccusilium</strong></span> <span class='ocrx_word' id='word_1_688' title='bbox 2625 3857 2740 3925; x_wconf 83' lang='lat' dir='ltr'><strong>dat,</strong></span> <span class='ocrx_word' id='word_1_689' title='bbox 2780 3867 2842 3913; x_wconf 93' lang='lat' dir='ltr'><strong>ut</strong></span> <span class='ocrx_word' id='word_1_690' title='bbox 2892 3874 2998 3913; x_wconf 90' lang='lat' dir='ltr'><strong>non</strong></span> <span class='ocrx_word' id='word_1_691' title='bbox 3048 3858 3486 3926; x_wconf 88' lang='lat' dir='ltr'><strong>communicent,</strong></span> <span class='ocrx_word' id='word_1_692' title='bbox 3537 3870 3701 3913; x_wconf 86' lang='lat' dir='ltr'><strong>omnes</strong></span> <span class='ocrx_word' id='word_1_693' title='bbox 3727 3851 3818 3908; x_wconf 83' lang='lat' dir='ltr'><strong>chri-</strong></span> 
     </span>
    </p>
   </div>
   <div class='ocr_carea' id='block_1_83' title="bbox 2309 3948 3818 4008">
    <p class='ocr_par' dir='ltr' id='par_1_83' title="bbox 2309 3948 3818 4008">
     <span class='ocr_line' id='line_1_83' title="bbox 2309 3948 3818 4008; baseline -0.004 -5"><span class='ocrx_word' id='word_1_694' title='bbox 2309 3948 2470 4003; x_wconf 91' lang='lat' dir='ltr'><strong>stiani</strong></span> <span class='ocrx_word' id='word_1_695' title='bbox 2493 3950 2638 4004; x_wconf 90' lang='lat' dir='ltr'><strong>omni</strong></span> <span class='ocrx_word' id='word_1_696' title='bbox 2660 3951 2942 4006; x_wconf 89' lang='lat' dir='ltr'><strong>Dominica</strong></span> <span class='ocrx_word' id='word_1_697' title='bbox 2961 3951 3166 4007; x_wconf 91' lang='lat' dir='ltr'><strong>debent</strong></span> <span class='ocrx_word' id='word_1_698' title='bbox 3185 3950 3391 4008; x_wconf 69' lang='lat' dir='ltr'><strong>offerre</strong></span> <span class='ocrx_word' id='word_1_699' title='bbox 3414 3963 3470 4008; x_wconf 90' lang='lat' dir='ltr'><strong>et</strong></span> <span class='ocrx_word' id='word_1_700' title='bbox 3491 3948 3818 4007; x_wconf 78' lang='lat' dir='ltr'><strong>communicare.</strong></span> 
     </span>
    </p>
   </div>
   <div class='ocr_carea' id='block_1_84' title="bbox 2309 4033 3824 4113">
    <p class='ocr_par' dir='ltr' id='par_1_84' title="bbox 2309 4033 3824 4113">
     <span class='ocr_line' id='line_1_84' title="bbox 2309 4033 3824 4113; baseline -0.005 -16"><span class='ocrx_word' id='word_1_701' title='bbox 2309 4041 2366 4097; x_wconf 88' lang='lat' dir='ltr'><strong>In</strong></span> <span class='ocrx_word' id='word_1_702' title='bbox 2395 4041 2816 4113; x_wconf 86' lang='lat' dir='ltr'><strong>quadragesima</strong></span> <span class='ocrx_word' id='word_1_703' title='bbox 2846 4059 2980 4100; x_wconf 89' lang='lat' dir='ltr'><strong>vero</strong></span> <span class='ocrx_word' id='word_1_704' title='bbox 3006 4058 3206 4099; x_wconf 89' lang='lat' dir='ltr'><strong>moneo</strong></span> <span class='ocrx_word' id='word_1_705' title='bbox 3238 4052 3296 4099; x_wconf 93' lang='lat' dir='ltr'><strong>ut</strong></span> <span class='ocrx_word' id='word_1_706' title='bbox 3338 4045 3431 4100; x_wconf 93' lang='lat' dir='ltr'><strong>die</strong></span> <span class='ocrx_word' id='word_1_707' title='bbox 3467 4044 3627 4108; x_wconf 88' lang='lat' dir='ltr'><strong>omni,</strong></span> <span class='ocrx_word' id='word_1_708' title='bbox 3662 4049 3731 4095; x_wconf 84' lang='lat' dir='ltr'><strong>aut</strong></span> <span class='ocrx_word' id='word_1_709' title='bbox 3759 4033 3824 4090; x_wconf 78' lang='lat' dir='ltr'><strong>sal-</strong></span> 
     </span>
    </p>
   </div>
   <div class='ocr_carea' id='block_1_85' title="bbox 2313 4129 3823 4206">
    <p class='ocr_par' dir='ltr' id='par_1_85' title="bbox 2313 4129 3823 4206">
     <span class='ocr_line' id='line_1_85' title="bbox 2313 4129 3823 4206; baseline -0.007 -14"><span class='ocrx_word' id='word_1_710' title='bbox 2313 4145 2445 4203; x_wconf 89' lang='lat' dir='ltr'><strong>tem,</strong></span> <span class='ocrx_word' id='word_1_711' title='bbox 2479 4147 2535 4192; x_wconf 90' lang='lat' dir='ltr'><strong>ut</strong></span> <span class='ocrx_word' id='word_1_712' title='bbox 2563 4137 2696 4206; x_wconf 84' lang='lat' dir='ltr'><strong>dixi,</strong></span> <span class='ocrx_word' id='word_1_713' title='bbox 2731 4139 2883 4194; x_wconf 90' lang='lat' dir='ltr'><strong>omni</strong></span> <span class='ocrx_word' id='word_1_714' title='bbox 2933 4139 3212 4195; x_wconf 90' lang='lat' dir='ltr'><strong>Dominica</strong></span> <span class='ocrx_word' id='word_1_715' title='bbox 3251 4139 3500 4195; x_wconf 74' lang='lat' dir='ltr'><strong>offeratis</strong></span> <span class='ocrx_word' id='word_1_716' title='bbox 3534 4149 3586 4195; x_wconf 90' lang='lat' dir='ltr'><strong>et</strong></span> <span class='ocrx_word' id='word_1_717' title='bbox 3609 4129 3823 4193; x_wconf 54' lang='lat' dir='ltr'><strong>communio</strong></span> 
     </span>
    </p>
   </div>
   <div class='ocr_carea' id='block_1_86' title="bbox 2313 4229 3825 4302">
    <p class='ocr_par' dir='ltr' id='par_1_86' title="bbox 2313 4229 3825 4302">
     <span class='ocr_line' id='line_1_86' title="bbox 2313 4229 3825 4302; baseline -0.007 -17"><span class='ocrx_word' id='word_1_718' title='bbox 2313 4231 2470 4285; x_wconf 90' lang='lat' dir='ltr'><strong>cetis.</strong></span> <span class='ocrx_word' id='word_1_719' title='bbox 2507 4231 2572 4285; x_wconf 80' lang='lat' dir='ltr'><strong>Et</strong></span> <span class='ocrx_word' id='word_1_720' title='bbox 2601 4231 2810 4287; x_wconf 89' lang='lat' dir='ltr'><strong>idcirco</strong></span> <span class='ocrx_word' id='word_1_721' title='bbox 2841 4247 3032 4302; x_wconf 91' lang='lat' dir='ltr'><strong>puram</strong></span> <span class='ocrx_word' id='word_1_722' title='bbox 3061 4241 3116 4287; x_wconf 87' lang='lat' dir='ltr'><strong>et</strong></span> <span class='ocrx_word' id='word_1_723' title='bbox 3141 4231 3405 4288; x_wconf 89' lang='lat' dir='ltr'><strong>mundam</strong></span> <span class='ocrx_word' id='word_1_724' title='bbox 3437 4232 3596 4287; x_wconf 87' lang='lat' dir='ltr'><strong>vitam</strong></span> <span class='ocrx_word' id='word_1_725' title='bbox 3619 4229 3770 4286; x_wconf 85' lang='lat' dir='ltr'><strong>ducite.</strong></span> <span class='ocrx_word' id='word_1_726' title='bbox 3793 4230 3825 4274; x_wconf 85' lang='lat' dir='ltr'><strong>ut</strong></span> 
     </span>
    </p>
   </div>
   <div class='ocr_carea' id='block_1_87' title="bbox 2313 4311 3825 4394">
    <p class='ocr_par' dir='ltr' id='par_1_87' title="bbox 2313 4311 3825 4394">
     <span class='ocr_line' id='line_1_87' title="bbox 2313 4311 3825 4394; baseline -0.003 -16"><span class='ocrx_word' id='word_1_727' title='bbox 2313 4322 2465 4394; x_wconf 90' lang='lat' dir='ltr'><strong>digni</strong></span> <span class='ocrx_word' id='word_1_728' title='bbox 2490 4324 2612 4379; x_wconf 91' lang='lat' dir='ltr'><strong>sitis</strong></span> <span class='ocrx_word' id='word_1_729' title='bbox 2637 4324 2904 4381; x_wconf 89' lang='lat' dir='ltr'><strong>accedere</strong></span> <span class='ocrx_word' id='word_1_730' title='bbox 2945 4324 3014 4380; x_wconf 92' lang='lat' dir='ltr'><strong>ad</strong></span> <span class='ocrx_word' id='word_1_731' title='bbox 3056 4335 3305 4381; x_wconf 90' lang='lat' dir='ltr'><strong>sanctam</strong></span> <span class='ocrx_word' id='word_1_732' title='bbox 3347 4325 3758 4381; x_wconf 87' lang='lat' dir='ltr'><strong>communionem.</strong></span> <span class='ocrx_word' id='word_1_733' title='bbox 3786 4311 3825 4367; x_wconf 71' lang='grc' dir='ltr'><strong>Εἰ</strong></span> 
     </span>
    </p>
   </div>
   <div class='ocr_carea' id='block_1_88' title="bbox 2315 4404 3825 4489">
    <p class='ocr_par' dir='ltr' id='par_1_88' title="bbox 2315 4404 3825 4489">
     <span class='ocr_line' id='line_1_88' title="bbox 2315 4404 3825 4489; baseline -0.003 -19"><span class='ocrx_word' id='word_1_734' title='bbox 2315 4415 2434 4471; x_wconf 76' lang='lat' dir='ltr'><strong>inec</strong></span> <span class='ocrx_word' id='word_1_735' title='bbox 2465 4417 2608 4472; x_wconf 90' lang='lat' dir='ltr'><strong>scire</strong></span> <span class='ocrx_word' id='word_1_736' title='bbox 2643 4416 2880 4485; x_wconf 89' lang='lat' dir='ltr'><strong>debetis,</strong></span> <span class='ocrx_word' id='word_1_737' title='bbox 2911 4417 3036 4487; x_wconf 90' lang='lat' dir='ltr'><strong>quia</strong></span> <span class='ocrx_word' id='word_1_738' title='bbox 3075 4417 3342 4489; x_wconf 87' lang='lat' dir='ltr'><strong>quidquid</strong></span> <span class='ocrx_word' id='word_1_739' title='bbox 3367 4415 3666 4474; x_wconf 85' lang='lat' dir='ltr'><strong>subtrahitis</strong></span> <span class='ocrx_word' id='word_1_740' title='bbox 3682 4404 3825 4476; x_wconf 81' lang='lat' dir='ltr'><strong>corpori</strong></span> 
     </span>
    </p>
   </div>
   <div class='ocr_carea' id='block_1_89' title="bbox 2318 4509 3826 4583">
    <p class='ocr_par' dir='ltr' id='par_1_89' title="bbox 2318 4509 3826 4583">
     <span class='ocr_line' id='line_1_89' title="bbox 2318 4509 3826 4583; baseline -0.004 -19"><span class='ocrx_word' id='word_1_741' title='bbox 2318 4510 2371 4565; x_wconf 91' lang='lat' dir='ltr'><strong>in</strong></span> <span class='ocrx_word' id='word_1_742' title='bbox 2405 4509 2722 4580; x_wconf 89' lang='lat' dir='ltr'><strong>jejunando,</strong></span> <span class='ocrx_word' id='word_1_743' title='bbox 2762 4521 2936 4566; x_wconf 89' lang='lat' dir='ltr'><strong>totum</strong></span> <span class='ocrx_word' id='word_1_744' title='bbox 2965 4510 3177 4568; x_wconf 89' lang='lat' dir='ltr'><strong>debetis</strong></span> <span class='ocrx_word' id='word_1_745' title='bbox 3205 4511 3540 4583; x_wconf 84' lang='lat' dir='ltr'><strong>pauperibus</strong></span> <span class='ocrx_word' id='word_1_746' title='bbox 3558 4509 3741 4569; x_wconf 82' lang='lat' dir='ltr'><strong>donare,</strong></span> <span class='ocrx_word' id='word_1_747' title='bbox 3758 4513 3826 4553; x_wconf 83' lang='lat' dir='ltr'><strong>non</strong></span> 
     </span>
    </p>
   </div>
   <div class='ocr_carea' id='block_1_90' title="bbox 615 4596 2960 4674">
    <p class='ocr_par' dir='ltr' id='par_1_90' title="bbox 615 4596 2960 4674">
     <span class='ocr_line' id='line_1_90' title="bbox 615 4596 2960 4674; baseline 0.003 -21"><span class='ocrx_word' id='word_1_748' title='bbox 615 4609 744 4653; x_wconf 81' lang='lat' dir='ltr'><strong>runt</strong></span> <span class='ocrx_word' id='word_1_749' title='bbox 769 4613 783 4660; x_wconf 89' lang='lat'><strong>;</strong></span> <span class='ocrx_word' id='word_1_750' title='bbox 813 4607 870 4652; x_wconf 93' lang='lat' dir='ltr'><strong>ut</strong></span> <span class='ocrx_word' id='word_1_751' title='bbox 897 4597 964 4652; x_wconf 91' lang='lat' dir='ltr'><strong>de</strong></span> <span class='ocrx_word' id='word_1_752' title='bbox 985 4597 1184 4652; x_wconf 89' lang='lat' dir='ltr'><strong>vestris</strong></span> <span class='ocrx_word' id='word_1_753' title='bbox 1211 4596 1376 4666; x_wconf 85' lang='lat' dir='ltr'><strong>justis</strong></span> <span class='ocrx_word' id='word_1_754' title='bbox 1403 4597 1683 4651; x_wconf 88' lang='lat' dir='ltr'><strong>laboribus</strong></span> <span class='ocrx_word' id='word_1_755' title='bbox 1715 4598 2094 4667; x_wconf 83' lang='lat' dir='ltr'><strong>eleemosynas</strong></span> <span class='ocrx_word' id='word_1_756' title='bbox 2137 4597 2216 4653; x_wconf 85' lang='lat' dir='ltr'><strong>fa-</strong></span> <span class='ocrx_word' id='word_1_757' title='bbox 2239 4603 2292 4663; x_wconf 91' lang='lat' dir='ltr'><strong>D</strong></span> <span class='ocrx_word' id='word_1_758' title='bbox 2319 4602 2471 4658; x_wconf 90' lang='lat' dir='ltr'><strong>vobis</strong></span> <span class='ocrx_word' id='word_1_759' title='bbox 2491 4602 2624 4674; x_wconf 89' lang='lat' dir='ltr'><strong>ipsis</strong></span> <span class='ocrx_word' id='word_1_760' title='bbox 2654 4620 2960 4661; x_wconf 89' lang='lat' dir='ltr'><strong>reservare.</strong></span> 
     </span>
    </p>
   </div>
   <div class='ocr_carea' id='block_1_91' title="bbox 616 4691 2214 4762">
    <p class='ocr_par' dir='ltr' id='par_1_91' title="bbox 616 4691 2214 4762">
     <span class='ocr_line' id='line_1_91' title="bbox 616 4691 2214 4762; baseline -0.001 -15"><span class='ocrx_word' id='word_1_761' title='bbox 616 4691 832 4756; x_wconf 87' lang='lat' dir='ltr'><strong>ciendo,</strong></span> <span class='ocrx_word' id='word_1_762' title='bbox 863 4700 1086 4762; x_wconf 87' lang='lat' dir='ltr'><strong>peccata</strong></span> <span class='ocrx_word' id='word_1_763' title='bbox 1117 4701 1294 4747; x_wconf 85' lang='lat' dir='ltr'><strong>vestra</strong></span> <span class='ocrx_word' id='word_1_764' title='bbox 1325 4691 1545 4762; x_wconf 84' lang='lat' dir='ltr'><strong>possitis</strong></span> <span class='ocrx_word' id='word_1_765' title='bbox 1584 4691 1879 4758; x_wconf 85' lang='lat' dir='ltr'><strong>redimere,</strong></span> <span class='ocrx_word' id='word_1_766' title='bbox 1917 4692 2214 4748; x_wconf 81' lang='lat' dir='ltr'><strong>secundum</strong></span> 
     </span>
    </p>
   </div>
   <div class='ocr_carea' id='block_1_92' title="bbox 615 4783 2216 4859">
    <p class='ocr_par' dir='ltr' id='par_1_92' title="bbox 615 4783 2216 4859">
     <span class='ocr_line' id='line_1_92' title="bbox 615 4783 2216 4859; baseline -0.002 -16"><span class='ocrx_word' id='word_1_767' title='bbox 615 4783 804 4859; x_wconf 80' lang='lat' dir='ltr'><strong>quodb</strong></span> <span class='ocrx_word' id='word_1_768' title='bbox 831 4785 1095 4856; x_wconf 88' lang='lat' dir='ltr'><strong>scriptum</strong></span> <span class='ocrx_word' id='word_1_769' title='bbox 1130 4792 1214 4839; x_wconf 84' lang='lat' dir='ltr'><strong>est</strong></span> <span class='ocrx_word' id='word_1_770' title='bbox 1246 4802 1258 4838; x_wconf 92' lang='lat'>:</span> <span class='ocrx_word' id='word_1_771' title='bbox 1294 4786 1444 4840; x_wconf 85' lang='lat' dir='ltr'><strong>Sicut</strong></span> <span class='ocrx_word' id='word_1_772' title='bbox 1467 4800 1600 4852; x_wconf 84' lang='lat' dir='ltr'><strong>aqua</strong></span> <span class='ocrx_word' id='word_1_773' title='bbox 1627 4786 1906 4857; x_wconf 77' lang='lat' dir='ltr'><strong>exstinguit</strong></span> <span class='ocrx_word' id='word_1_774' title='bbox 1929 4786 2119 4856; x_wconf 87' lang='lat' dir='ltr'><strong>ignem.</strong></span> <span class='ocrx_word' id='word_1_775' title='bbox 2144 4787 2216 4840; x_wconf 88' lang='lat' dir='ltr'><strong>ita</strong></span> 
     </span>
    </p>
   </div>
   <div class='ocr_carea' id='block_1_93' title="bbox 615 4875 2219 4950">
    <p class='ocr_par' dir='ltr' id='par_1_93' title="bbox 615 4875 2219 4950">
     <span class='ocr_line' id='line_1_93' title="bbox 615 4875 2219 4950; baseline -0.001 -13"><span class='ocrx_word' id='word_1_776' title='bbox 615 4882 942 4950; x_wconf 83' lang='lat' dir='ltr'><strong>eleemosyna</strong></span> <span class='ocrx_word' id='word_1_777' title='bbox 972 4877 1255 4950; x_wconf 76' lang='lat' dir='ltr'><strong>exstinguit</strong></span> <span class='ocrx_word' id='word_1_778' title='bbox 1280 4886 1544 4949; x_wconf 81' lang='lat' dir='ltr'><strong>peccatum</strong></span> <span class='ocrx_word' id='word_1_779' title='bbox 1571 4875 1737 4948; x_wconf 90' lang='lat' dir='ltr'><strong>(Dan.</strong></span> <span class='ocrx_word' id='word_1_780' title='bbox 1768 4893 1841 4944; x_wconf 86' lang='lat' dir='ltr'><strong>tv,</strong></span> <span class='ocrx_word' id='word_1_781' title='bbox 1868 4877 1985 4948; x_wconf 67' lang='grc'><strong>24).</strong></span> <span class='ocrx_word' id='word_1_782' title='bbox 2018 4879 2084 4933; x_wconf 85' lang='grc' dir='ltr'>Ει</span> <span class='ocrx_word' id='word_1_783' title='bbox 2115 4879 2219 4936; x_wconf 92' lang='lat' dir='ltr'><strong>hoc</strong></span> 
     </span>
    </p>
   </div>
   <div class='ocr_carea' id='block_1_94' title="bbox 610 4970 2218 5042">
    <p class='ocr_par' dir='ltr' id='par_1_94' title="bbox 610 4970 2218 5042">
     <span class='ocr_line' id='line_1_94' title="bbox 610 4970 2218 5042; baseline -0.002 -11"><span class='ocrx_word' id='word_1_784' title='bbox 610 4975 800 5033; x_wconf 83' lang='lat' dir='ltr'><strong>facere</strong></span> <span class='ocrx_word' id='word_1_785' title='bbox 843 4971 1077 5034; x_wconf 90' lang='lat' dir='ltr'><strong>debetis,</strong></span> <span class='ocrx_word' id='word_1_786' title='bbox 1140 4971 1266 5042; x_wconf 90' lang='lat' dir='ltr'><strong>quia</strong></span> <span class='ocrx_word' id='word_1_787' title='bbox 1308 4970 1680 5040; x_wconf 81' lang='lat' dir='ltr'><strong>unusquisth</strong></span> <span class='ocrx_word' id='word_1_788' title='bbox 1729 4970 2027 5026; x_wconf 86' lang='lat' dir='ltr'><strong>secundum</strong></span> <span class='ocrx_word' id='word_1_789' title='bbox 2073 4972 2218 5042; x_wconf 83' lang='lat' dir='ltr'><strong>quod</strong></span> 
     </span>
    </p>
   </div>
   <div class='ocr_carea' id='block_1_95' title="bbox 614 5062 2217 5134">
    <p class='ocr_par' dir='ltr' id='par_1_95' title="bbox 614 5062 2217 5134">
     <span class='ocr_line' id='line_1_95' title="bbox 614 5062 2217 5134; baseline -0.004 -10"><span class='ocrx_word' id='word_1_790' title='bbox 614 5069 804 5134; x_wconf 87' lang='lat' dir='ltr'><strong>habet,</strong></span> <span class='ocrx_word' id='word_1_791' title='bbox 836 5067 1002 5122; x_wconf 90' lang='lat' dir='ltr'><strong>debet</strong></span> <span class='ocrx_word' id='word_1_792' title='bbox 1031 5064 1272 5119; x_wconf 90' lang='lat' dir='ltr'><strong>tribuere</strong></span> <span class='ocrx_word' id='word_1_793' title='bbox 1310 5062 1680 5132; x_wconf 83' lang='lat' dir='ltr'><strong>indigentibus</strong></span> <span class='ocrx_word' id='word_1_794' title='bbox 1717 5081 1728 5116; x_wconf 93' lang='lat'>:</span> <span class='ocrx_word' id='word_1_795' title='bbox 1765 5062 1816 5116; x_wconf 92' lang='lat' dir='ltr'><strong>id</strong></span> <span class='ocrx_word' id='word_1_796' title='bbox 1849 5072 1950 5129; x_wconf 87' lang='lat' dir='ltr'><strong>est,</strong></span> <span class='ocrx_word' id='word_1_797' title='bbox 1989 5064 2078 5134; x_wconf 92' lang='lat' dir='ltr'><strong>qui</strong></span> <span class='ocrx_word' id='word_1_798' title='bbox 2119 5064 2217 5119; x_wconf 85' lang='lat' dir='ltr'><strong>ha-</strong></span> 
     </span>
    </p>
   </div>
   <div class='ocr_carea' id='block_1_96' title="bbox 614 5155 2215 5226">
    <p class='ocr_par' dir='ltr' id='par_1_96' title="bbox 614 5155 2215 5226">
     <span class='ocr_line' id='line_1_96' title="bbox 614 5155 2215 5226; baseline -0.004 -8"><span class='ocrx_word' id='word_1_799' title='bbox 614 5162 706 5218; x_wconf 87' lang='lat' dir='ltr'><strong>bet</strong></span> <span class='ocrx_word' id='word_1_800' title='bbox 729 5161 981 5222; x_wconf 83' lang='lat' dir='ltr'><strong>multum,</strong></span> <span class='ocrx_word' id='word_1_801' title='bbox 1015 5156 1180 5212; x_wconf 84' lang='lat' dir='ltr'><strong>debet</strong></span> <span class='ocrx_word' id='word_1_802' title='bbox 1200 5155 1438 5210; x_wconf 89' lang='lat' dir='ltr'><strong>tribuere</strong></span> <span class='ocrx_word' id='word_1_803' title='bbox 1468 5155 1634 5209; x_wconf 82' lang='lat' dir='ltr'><strong>multa</strong></span> <span class='ocrx_word' id='word_1_804' title='bbox 1666 5165 1760 5210; x_wconf 90' lang='lat' dir='ltr'><strong>:et</strong></span> <span class='ocrx_word' id='word_1_805' title='bbox 1783 5155 1877 5226; x_wconf 87' lang='lat' dir='ltr'><strong>qui</strong></span> <span class='ocrx_word' id='word_1_806' title='bbox 1900 5172 2086 5226; x_wconf 83' lang='lat' dir='ltr'><strong>parum</strong></span> <span class='ocrx_word' id='word_1_807' title='bbox 2117 5159 2215 5212; x_wconf 84' lang='lat' dir='ltr'><strong>ha-</strong></span> 
     </span>
    </p>
   </div>
   <div class='ocr_carea' id='block_1_97' title="bbox 618 5247 2220 5320">
    <p class='ocr_par' dir='ltr' id='par_1_97' title="bbox 618 5247 2220 5320">
     <span class='ocr_line' id='line_1_97' title="bbox 618 5247 2220 5320; baseline 0.003 -16"><span class='ocrx_word' id='word_1_808' title='bbox 618 5252 734 5317; x_wconf 86' lang='lat' dir='ltr'><strong>bet,</strong></span> <span class='ocrx_word' id='word_1_809' title='bbox 771 5251 984 5307; x_wconf 89' lang='lat' dir='ltr'><strong>cdebet</strong></span> <span class='ocrx_word' id='word_1_810' title='bbox 1030 5264 1217 5320; x_wconf 82' lang='lat' dir='ltr'><strong>parum</strong></span> <span class='ocrx_word' id='word_1_811' title='bbox 1263 5247 1416 5314; x_wconf 89' lang='lat' dir='ltr'><strong>dare,</strong></span> <span class='ocrx_word' id='word_1_812' title='bbox 1475 5249 1775 5302; x_wconf 88' lang='lat' dir='ltr'><strong>secundum</strong></span> <span class='ocrx_word' id='word_1_813' title='bbox 1824 5249 1968 5320; x_wconf 90' lang='lat' dir='ltr'><strong>quod</strong></span> <span class='ocrx_word' id='word_1_814' title='bbox 2001 5261 2220 5308; x_wconf 88' lang='lat' dir='ltr'><strong>sanctus</strong></span> 
     </span>
    </p>
   </div>
   <div class='ocr_carea' id='block_1_98' title="bbox 617 5340 2216 5416">
    <p class='ocr_par' dir='ltr' id='par_1_98' title="bbox 617 5340 2216 5416">
     <span class='ocr_line' id='line_1_98' title="bbox 617 5340 2216 5416; baseline 0.001 -14"><span class='ocrx_word' id='word_1_815' title='bbox 617 5346 818 5403; x_wconf 85' lang='lat' dir='ltr'><strong>Tobias</strong></span> <span class='ocrx_word' id='word_1_816' title='bbox 845 5360 1008 5416; x_wconf 87' lang='lat' dir='ltr'><strong>agere</strong></span> <span class='ocrx_word' id='word_1_817' title='bbox 1037 5343 1226 5400; x_wconf 91' lang='lat' dir='ltr'><strong>docuit</strong></span> <span class='ocrx_word' id='word_1_818' title='bbox 1256 5343 1427 5397; x_wconf 88' lang='lat' dir='ltr'><strong>filium</strong></span> <span class='ocrx_word' id='word_1_819' title='bbox 1461 5357 1619 5396; x_wconf 91' lang='lat' dir='ltr'><strong>suum</strong></span> <span class='ocrx_word' id='word_1_820' title='bbox 1659 5340 1808 5412; x_wconf 86' lang='lat' dir='ltr'><strong>(Tob.</strong></span> <span class='ocrx_word' id='word_1_821' title='bbox 1860 5359 1932 5411; x_wconf 82' lang='lat' dir='ltr'><strong>tv,</strong></span> <span class='ocrx_word' id='word_1_822' title='bbox 1966 5343 2039 5415; x_wconf 88' lang='lat'><strong>7).</strong></span> <span class='ocrx_word' id='word_1_823' title='bbox 2083 5345 2216 5403; x_wconf 91' lang='lat' dir='ltr'><strong>Cum</strong></span> 
     </span>
    </p>
   </div>
   <div class='ocr_carea' id='block_1_99' title="bbox 696 5453 2224 5525">
    <p class='ocr_par' dir='ltr' id='par_1_99' title="bbox 696 5453 2224 5525">
     <span class='ocr_line' id='line_1_99' title="bbox 696 5453 2224 5525; baseline 0.002 -14"><span class='ocrx_word' id='word_1_824' title='bbox 696 5468 723 5496; x_wconf 73' lang='grc' dir='ltr'>ει</span> <span class='ocrx_word' id='word_1_825' title='bbox 762 5458 919 5511; x_wconf 79' lang='lat' dir='ltr'><strong>Rom.</strong></span> <span class='ocrx_word' id='word_1_826' title='bbox 951 5458 1109 5518; x_wconf 89' lang='lat' dir='ltr'><strong>edit.,</strong></span> <span class='ocrx_word' id='word_1_827' title='bbox 1157 5456 1294 5525; x_wconf 87' lang='lat' dir='ltr'><strong>quod</strong></span> <span class='ocrx_word' id='word_1_828' title='bbox 1333 5454 1555 5517; x_wconf 78' lang='lat' dir='ltr'><strong>ﬁdeliter</strong></span> <span class='ocrx_word' id='word_1_829' title='bbox 1605 5470 1706 5505; x_wconf 87' lang='lat' dir='ltr'><strong>non</strong></span> <span class='ocrx_word' id='word_1_830' title='bbox 1764 5453 1959 5506; x_wconf 82' lang='lat' dir='ltr'><strong>dederit</strong></span> <span class='ocrx_word' id='word_1_831' title='bbox 2001 5456 2224 5514; x_wconf 80' lang='lat' dir='ltr'><strong>decimas</strong></span> 
     </span>
    </p>
   </div>
   <div class='ocr_carea' id='block_1_100' title="bbox 627 5525 2180 5592">
    <p class='ocr_par' dir='ltr' id='par_1_100' title="bbox 627 5525 2180 5592">
     <span class='ocr_line' id='line_1_100' title="bbox 627 5525 2180 5592; baseline 0.003 -13"><span class='ocrx_word' id='word_1_832' title='bbox 627 5544 766 5588; x_wconf 87' lang='lat' dir='ltr'><strong>suas,</strong></span> <span class='ocrx_word' id='word_1_833' title='bbox 791 5527 942 5580; x_wconf 90' lang='lat' dir='ltr'><strong>modo</strong></span> <span class='ocrx_word' id='word_1_834' title='bbox 969 5529 1224 5590; x_wconf 88' lang='lat' dir='ltr'><strong>emendet,</strong></span> <span class='ocrx_word' id='word_1_835' title='bbox 1246 5527 1383 5592; x_wconf 86' lang='lat' dir='ltr'><strong>quod</strong></span> <span class='ocrx_word' id='word_1_836' title='bbox 1415 5527 1586 5576; x_wconf 85' lang='lat' dir='ltr'><strong>minus</strong></span> <span class='ocrx_word' id='word_1_837' title='bbox 1619 5525 1758 5592; x_wconf 76' lang='lat' dir='ltr'><strong>fecit.</strong></span> <span class='ocrx_word' id='word_1_838' title='bbox 1787 5525 1924 5590; x_wconf 83' lang='lat' dir='ltr'><strong>Quid</strong></span> <span class='ocrx_word' id='word_1_839' title='bbox 1947 5536 2042 5585; x_wconf 87' lang='lat' dir='ltr'><strong>est.</strong></span> <span class='ocrx_word' id='word_1_840' title='bbox 2077 5539 2180 5584; x_wconf 87' lang='lat' dir='ltr'><strong>etc.</strong></span> 
     </span>
    </p>
   </div>
   <div class='ocr_carea' id='block_1_101' title="bbox 698 5593 2220 5668">
    <p class='ocr_par' dir='ltr' id='par_1_101' title="bbox 698 5593 2220 5668">
     <span class='ocr_line' id='line_1_101' title="bbox 698 5593 2220 5668; baseline 0.003 -19"><span class='ocrx_word' id='word_1_841' title='bbox 698 5597 724 5634; x_wconf 76' lang='grc'><strong>1)</strong></span> <span class='ocrx_word' id='word_1_842' title='bbox 768 5597 966 5668; x_wconf 76' lang='lat' dir='ltr'><strong>Eadem</strong></span> <span class='ocrx_word' id='word_1_843' title='bbox 995 5599 1152 5664; x_wconf 88' lang='lat' dir='ltr'><strong>edit.,</strong></span> <span class='ocrx_word' id='word_1_844' title='bbox 1190 5600 1437 5668; x_wconf 83' lang='lat' dir='ltr'><strong>scriptum</strong></span> <span class='ocrx_word' id='word_1_845' title='bbox 1467 5606 1539 5648; x_wconf 81' lang='lat' dir='ltr'><strong>est</strong></span> <span class='ocrx_word' id='word_1_846' title='bbox 1565 5611 1582 5668; x_wconf 66' lang='grc' dir='ltr'>ς</span> <span class='ocrx_word' id='word_1_847' title='bbox 1612 5593 1832 5668; x_wconf 78' lang='lat' dir='ltr'><strong>I’eccuta</strong></span> <span class='ocrx_word' id='word_1_848' title='bbox 1872 5605 1962 5649; x_wconf 90' lang='lat' dir='ltr'><strong>tua</strong></span> <span class='ocrx_word' id='word_1_849' title='bbox 2005 5599 2220 5656; x_wconf 81' lang='lat' dir='ltr'><strong>eleemo-</strong></span> 
     </span>
    </p>
   </div>
   <div class='ocr_carea' id='block_1_102' title="bbox 629 5667 1712 5738">
    <p class='ocr_par' dir='ltr' id='par_1_102' title="bbox 629 5667 1712 5738">
     <span class='ocr_line' id='line_1_102' title="bbox 629 5667 1712 5738; baseline 0 -19"><span class='ocrx_word' id='word_1_850' title='bbox 629 5667 789 5738; x_wconf 78' lang='lat' dir='ltr'><strong>synis_</strong></span> <span class='ocrx_word' id='word_1_851' title='bbox 803 5667 1010 5721; x_wconf 85' lang='lat' dir='ltr'><strong>redime.</strong></span> <span class='ocrx_word' id='word_1_852' title='bbox 1050 5668 1112 5721; x_wconf 81' lang='lat' dir='ltr'><strong>Et</strong></span> <span class='ocrx_word' id='word_1_853' title='bbox 1143 5667 1312 5721; x_wconf 82' lang='lat' dir='ltr'><strong>adhuc</strong></span> <span class='ocrx_word' id='word_1_854' title='bbox 1339 5669 1469 5720; x_wconf 87' lang='lat' dir='ltr'><strong>scire</strong></span> <span class='ocrx_word' id='word_1_855' title='bbox 1500 5667 1712 5722; x_wconf 82' lang='lat' dir='ltr'><strong>debetis.</strong></span> 
     </span>
    </p>
   </div>
   <div class='ocr_carea' id='block_1_103' title="bbox 704 5736 2219 5812">
    <p class='ocr_par' dir='ltr' id='par_1_103' title="bbox 704 5736 2219 5812">
     <span class='ocr_line' id='line_1_103' title="bbox 704 5736 2219 5812; baseline 0.005 -24"><span class='ocrx_word' id='word_1_856' title='bbox 704 5749 726 5775; x_wconf 79' lang='grc' dir='ltr'><em>ε</em></span> <span class='ocrx_word' id='word_1_857' title='bbox 770 5736 927 5812; x_wconf 53' lang='lat' dir='ltr'><strong>[ton].</strong></span> <span class='ocrx_word' id='word_1_858' title='bbox 955 5738 1108 5804; x_wconf 84' lang='lat' dir='ltr'><strong>edit.,</strong></span> <span class='ocrx_word' id='word_1_859' title='bbox 1135 5741 1289 5812; x_wconf 80' lang='lat' dir='ltr'><strong>juxta</strong></span> <span class='ocrx_word' id='word_1_860' title='bbox 1317 5754 1538 5812; x_wconf 77' lang='lat' dir='ltr'><strong>paucam</strong></span> <span class='ocrx_word' id='word_1_861' title='bbox 1562 5755 1661 5792; x_wconf 89' lang='lat' dir='ltr'><strong>non</strong></span> <span class='ocrx_word' id='word_1_862' title='bbox 1721 5738 1893 5792; x_wconf 82' lang='lat' dir='ltr'><strong>timeat</strong></span> <span class='ocrx_word' id='word_1_863' title='bbox 1940 5740 2219 5812; x_wconf 82' lang='lat' dir='ltr'><strong>eleemosy-</strong></span> 
     </span>
    </p>
   </div>
   <div class='ocr_carea' id='block_1_104' title="bbox 629 5807 1588 5878">
    <p class='ocr_par' dir='ltr' id='par_1_104' title="bbox 629 5807 1588 5878">
     <span class='ocr_line' id='line_1_104' title="bbox 629 5807 1588 5878; baseline 0.002 -16"><span class='ocrx_word' id='word_1_864' title='bbox 629 5824 743 5862; x_wconf 85' lang='lat' dir='ltr'><strong>nam</strong></span> <span class='ocrx_word' id='word_1_865' title='bbox 775 5807 964 5878; x_wconf 76' lang='lat' dir='ltr'><strong>facere,</strong></span> <span class='ocrx_word' id='word_1_866' title='bbox 991 5807 1268 5863; x_wconf 84' lang='lat' dir='ltr'><strong>secundum</strong></span> <span class='ocrx_word' id='word_1_867' title='bbox 1295 5809 1454 5878; x_wconf 85' lang='lat' dir='ltr'><strong>quod,</strong></span> <span class='ocrx_word' id='word_1_868' title='bbox 1485 5821 1588 5865; x_wconf 85' lang='lat' dir='ltr'><strong>etc.</strong></span> 
     </span>
    </p>
   </div>
   <div class='ocr_carea' id='block_1_105' title="bbox 2394 4696 3828 4772">
    <p class='ocr_par' dir='ltr' id='par_1_105' title="bbox 2394 4696 3828 4772">
     <span class='ocr_line' id='line_1_105' title="bbox 2394 4696 3828 4772; baseline -0.007 -18"><span class='ocrx_word' id='word_1_869' title='bbox 2394 4699 2444 4753; x_wconf 93' lang='lat'><strong>7.</strong></span> <span class='ocrx_word' id='word_1_870' title='bbox 2489 4699 2850 4770; x_wconf 87' lang='lat' dir='ltr'><strong>Omnipotens</strong></span> <span class='ocrx_word' id='word_1_871' title='bbox 2884 4701 3026 4756; x_wconf 90' lang='lat' dir='ltr'><strong>Deus</strong></span> <span class='ocrx_word' id='word_1_872' title='bbox 3056 4701 3223 4757; x_wconf 89' lang='lat' dir='ltr'><strong>donet</strong></span> <span class='ocrx_word' id='word_1_873' title='bbox 3245 4701 3585 4772; x_wconf 82' lang='lat' dir='ltr'><strong>utista,qu:c</strong></span> <span class='ocrx_word' id='word_1_874' title='bbox 3603 4696 3828 4754; x_wconf 82' lang='lat' dir='ltr'><strong>dictasunt.</strong></span> 
     </span>
    </p>
   </div>
   <div class='ocr_carea' id='block_1_106' title="bbox 2319 4787 3826 4869">
    <p class='ocr_par' dir='ltr' id='par_1_106' title="bbox 2319 4787 3826 4869">
     <span class='ocr_line' id='line_1_106' title="bbox 2319 4787 3826 4869; baseline -0.008 -20"><span class='ocrx_word' id='word_1_875' title='bbox 2319 4795 2630 4862; x_wconf 83' lang='lat' dir='ltr'><strong>retineatis,</strong></span> <span class='ocrx_word' id='word_1_876' title='bbox 2658 4805 2713 4850; x_wconf 90' lang='lat' dir='ltr'><strong>et</strong></span> <span class='ocrx_word' id='word_1_877' title='bbox 2737 4811 2906 4865; x_wconf 88' lang='lat' dir='ltr'><strong>opere</strong></span> <span class='ocrx_word' id='word_1_878' title='bbox 2927 4797 3253 4868; x_wconf 72' lang='lat' dir='ltr'><strong>complestis</strong></span> <span class='ocrx_word' id='word_1_879' title='bbox 3277 4815 3292 4864; x_wconf 90' lang='lat'><strong>;</strong></span> <span class='ocrx_word' id='word_1_880' title='bbox 3318 4808 3580 4869; x_wconf 87' lang='lat' dir='ltr'><strong>quatenus</strong></span> <span class='ocrx_word' id='word_1_881' title='bbox 3597 4799 3701 4866; x_wconf 87' lang='lat' dir='ltr'><strong>post</strong></span> <span class='ocrx_word' id='word_1_882' title='bbox 3722 4787 3826 4841; x_wconf 77' lang='lat' dir='ltr'><strong>tian</strong></span> 
     </span>
    </p>
   </div>
   <div class='ocr_carea' id='block_1_107' title="bbox 2323 4881 3828 4960">
    <p class='ocr_par' dir='ltr' id='par_1_107' title="bbox 2323 4881 3828 4960">
     <span class='ocr_line' id='line_1_107' title="bbox 2323 4881 3828 4960; baseline -0.003 -17"><span class='ocrx_word' id='word_1_883' title='bbox 2323 4888 2482 4959; x_wconf 88' lang='lat' dir='ltr'><strong>hujus</strong></span> <span class='ocrx_word' id='word_1_884' title='bbox 2527 4890 2673 4957; x_wconf 74' lang='lat' dir='ltr'><strong>vitte,</strong></span> <span class='ocrx_word' id='word_1_885' title='bbox 2724 4900 2778 4945; x_wconf 81' lang='lat' dir='ltr'><strong>et</strong></span> <span class='ocrx_word' id='word_1_886' title='bbox 2825 4901 2948 4960; x_wconf 88' lang='lat' dir='ltr'><strong>post</strong></span> <span class='ocrx_word' id='word_1_887' title='bbox 2997 4893 3298 4948; x_wconf 90' lang='lat' dir='ltr'><strong>terminum</strong></span> <span class='ocrx_word' id='word_1_888' title='bbox 3339 4890 3542 4950; x_wconf 87' lang='lat' dir='ltr'><strong>laboris</strong></span> <span class='ocrx_word' id='word_1_889' title='bbox 3577 4888 3636 4944; x_wconf 89' lang='lat' dir='ltr'><strong>ad</strong></span> <span class='ocrx_word' id='word_1_890' title='bbox 3661 4881 3828 4954; x_wconf 77' lang='lat' dir='ltr'><strong>requiem</strong></span> 
     </span>
    </p>
   </div>
   <div class='ocr_carea' id='block_1_108' title="bbox 2320 4967 3828 5059">
    <p class='ocr_par' dir='ltr' id='par_1_108' title="bbox 2320 4967 3828 5059">
     <span class='ocr_line' id='line_1_108' title="bbox 2320 4967 3828 5059; baseline 0.002 -20"><span class='ocrx_word' id='word_1_891' title='bbox 2320 4984 2710 5053; x_wconf 86' lang='lat' dir='ltr'><strong>sempiternam</strong></span> <span class='ocrx_word' id='word_1_892' title='bbox 2741 4986 3034 5057; x_wconf 89' lang='lat' dir='ltr'><strong>pervenire</strong></span> <span class='ocrx_word' id='word_1_893' title='bbox 3069 4987 3296 5056; x_wconf 88' lang='lat' dir='ltr'><strong>possitis</strong></span> <span class='ocrx_word' id='word_1_894' title='bbox 3336 5004 3350 5040; x_wconf 90' lang='lat'>:</span> <span class='ocrx_word' id='word_1_895' title='bbox 3387 4989 3503 5059; x_wconf 91' lang='lat' dir='ltr'><strong>ipso</strong></span> <span class='ocrx_word' id='word_1_896' title='bbox 3537 4967 3828 5042; x_wconf 53' lang='lat' dir='ltr'><strong>donanteﬂl&#39;li</strong></span> 
     </span>
    </p>
   </div>
   <div class='ocr_carea' id='block_1_109' title="bbox 2323 5075 3832 5152">
    <p class='ocr_par' dir='ltr' id='par_1_109' title="bbox 2323 5075 3832 5152">
     <span class='ocr_line' id='line_1_109' title="bbox 2323 5075 3832 5152; baseline -0.004 -23"><span class='ocrx_word' id='word_1_897' title='bbox 2323 5091 2422 5130; x_wconf 87' lang='lat' dir='ltr'><strong>vos</strong></span> <span class='ocrx_word' id='word_1_898' title='bbox 2447 5086 2501 5132; x_wconf 91' lang='lat' dir='ltr'><strong>et</strong></span> <span class='ocrx_word' id='word_1_899' title='bbox 2526 5079 2754 5143; x_wconf 85' lang='lat' dir='ltr'><strong>creavit,</strong></span> <span class='ocrx_word' id='word_1_900' title='bbox 2783 5087 2838 5134; x_wconf 92' lang='lat' dir='ltr'><strong>et</strong></span> <span class='ocrx_word' id='word_1_901' title='bbox 2874 5080 3054 5150; x_wconf 91' lang='lat' dir='ltr'><strong>pretio</strong></span> <span class='ocrx_word' id='word_1_902' title='bbox 3090 5080 3176 5134; x_wconf 93' lang='lat' dir='ltr'><strong>sui</strong></span> <span class='ocrx_word' id='word_1_903' title='bbox 3215 5080 3496 5152; x_wconf 89' lang='lat' dir='ltr'><strong>sanguinis</strong></span> <span class='ocrx_word' id='word_1_904' title='bbox 3525 5075 3752 5133; x_wconf 85' lang='lat' dir='ltr'><strong>redimere</strong></span> <span class='ocrx_word' id='word_1_905' title='bbox 3772 5078 3832 5116; x_wconf 80' lang='lat' dir='ltr'><strong>t0-</strong></span> 
     </span>
    </p>
   </div>
   <div class='ocr_carea' id='block_1_110' title="bbox 2325 5168 3832 5244">
    <p class='ocr_par' dir='ltr' id='par_1_110' title="bbox 2325 5168 3832 5244">
     <span class='ocr_line' id='line_1_110' title="bbox 2325 5168 3832 5244; baseline -0.003 -21"><span class='ocrx_word' id='word_1_906' title='bbox 2325 5168 2463 5226; x_wconf 88' lang='lat' dir='ltr'><strong>luit:</strong></span> <span class='ocrx_word' id='word_1_907' title='bbox 2497 5172 2586 5240; x_wconf 89' lang='lat' dir='ltr'><strong>qui</strong></span> <span class='ocrx_word' id='word_1_908' title='bbox 2628 5171 2764 5226; x_wconf 88' lang='lat' dir='ltr'><strong>vivit</strong></span> <span class='ocrx_word' id='word_1_909' title='bbox 2790 5182 2846 5228; x_wconf 91' lang='lat' dir='ltr'><strong>et</strong></span> <span class='ocrx_word' id='word_1_910' title='bbox 2869 5181 3063 5243; x_wconf 87' lang='lat' dir='ltr'><strong>regnat</strong></span> <span class='ocrx_word' id='word_1_911' title='bbox 3087 5187 3187 5244; x_wconf 89' lang='lat' dir='ltr'><strong>per</strong></span> <span class='ocrx_word' id='word_1_912' title='bbox 3223 5173 3444 5229; x_wconf 83' lang='lat' dir='ltr'><strong>inﬁnita</strong></span> <span class='ocrx_word' id='word_1_913' title='bbox 3469 5169 3745 5230; x_wconf 58' lang='lat' dir='ltr'><strong>seculorum</strong></span> <span class='ocrx_word' id='word_1_914' title='bbox 3771 5171 3832 5212; x_wconf 65' lang='grc' dir='ltr'><strong>επ·</strong></span> 
     </span>
    </p>
   </div>
   <div class='ocr_carea' id='block_1_111' title="bbox 2324 5262 2696 5319">
    <p class='ocr_par' dir='ltr' id='par_1_111' title="bbox 2324 5262 2696 5319">
     <span class='ocr_line' id='line_1_111' title="bbox 2324 5262 2696 5319; baseline 0.003 -1"><span class='ocrx_word' id='word_1_915' title='bbox 2324 5262 2468 5318; x_wconf 82' lang='lat' dir='ltr'><strong>cuia.</strong></span> <span class='ocrx_word' id='word_1_916' title='bbox 2502 5263 2696 5319; x_wconf 84' lang='lat' dir='ltr'><strong>Amen.</strong></span> 
     </span>
    </p>
   </div>
   <div class='ocr_carea' id='block_1_112' title="bbox 2400 5463 3830 5540">
    <p class='ocr_par' dir='ltr' id='par_1_112' title="bbox 2400 5463 3830 5540">
     <span class='ocr_line' id='line_1_112' title="bbox 2400 5463 3830 5540; baseline 0.013 -18"><span class='ocrx_word' id='word_1_917' title='bbox 2400 5465 2426 5504; x_wconf 74' lang='grc'><strong>(³</strong></span> <span class='ocrx_word' id='word_1_918' title='bbox 2466 5467 2624 5524; x_wconf 83' lang='lat' dir='ltr'><strong>Rom.</strong></span> <span class='ocrx_word' id='word_1_919' title='bbox 2655 5469 2811 5538; x_wconf 91' lang='lat' dir='ltr'><strong>edit.,</strong></span> <span class='ocrx_word' id='word_1_920' title='bbox 2845 5471 2908 5527; x_wconf 88' lang='lat' dir='ltr'><strong>Si</strong></span> <span class='ocrx_word' id='word_1_921' title='bbox 2937 5487 3028 5540; x_wconf 83' lang='lat' dir='ltr'><strong>per</strong></span> <span class='ocrx_word' id='word_1_922' title='bbox 3057 5471 3190 5526; x_wconf 84' lang='lat' dir='ltr'><strong>hanc</strong></span> <span class='ocrx_word' id='word_1_923' title='bbox 3220 5487 3396 5525; x_wconf 85' lang='lat' dir='ltr'><strong>uocem</strong></span> <span class='ocrx_word' id='word_1_924' title='bbox 3439 5485 3581 5540; x_wconf 73' lang='lat' dir='ltr'><strong>opera</strong></span> <span class='ocrx_word' id='word_1_925' title='bbox 3620 5463 3830 5540; x_wconf 46' lang='grc' dir='ltr'><strong>ἠξξσῗῗπῖ</strong></span> 
     </span>
    </p>
   </div>
   <div class='ocr_carea' id='block_1_113' title="bbox 2327 5534 3830 5610">
    <p class='ocr_par' dir='ltr' id='par_1_113' title="bbox 2327 5534 3830 5610">
     <span class='ocr_line' id='line_1_113' title="bbox 2327 5534 3830 5610; baseline 0 -21"><span class='ocrx_word' id='word_1_926' title='bbox 2327 5537 2496 5610; x_wconf 75' lang='lat' dir='ltr'><strong>dite...</strong></span> <span class='ocrx_word' id='word_1_927' title='bbox 2521 5534 2903 5610; x_wconf 41' lang='lat' dir='ltr'><strong>a’ternunt,&#39;qui</strong></span> <span class='ocrx_word' id='word_1_928' title='bbox 2928 5534 3139 5607; x_wconf 70' lang='lat' dir='ltr'><strong>paratus</strong></span> <span class='ocrx_word' id='word_1_929' title='bbox 3167 5553 3242 5598; x_wconf 88' lang='lat' dir='ltr'><strong>est</strong></span> <span class='ocrx_word' id='word_1_930' title='bbox 3264 5534 3533 5597; x_wconf 39' lang='lat' dir='ltr'><strong>diabolo&#39;et</strong></span> <span class='ocrx_word' id='word_1_931' title='bbox 3550 5534 3717 5610; x_wconf 79' lang='lat' dir='ltr'><strong>angelis</strong></span> <span class='ocrx_word' id='word_1_932' title='bbox 3733 5534 3830 5609; x_wconf 53' lang='lat' dir='ltr'><strong>ei”:</strong></span> 
     </span>
    </p>
   </div>
   <div class='ocr_carea' id='block_1_114' title="bbox 2323 5607 3829 5685">
    <p class='ocr_par' dir='ltr' id='par_1_114' title="bbox 2323 5607 3829 5685">
     <span class='ocr_line' id='line_1_114' title="bbox 2323 5607 3829 5685; baseline 0.007 -25"><span class='ocrx_word' id='word_1_933' title='bbox 2323 5607 2446 5685; x_wconf 54' lang='lat' dir='ltr'><strong>{am</strong></span> <span class='ocrx_word' id='word_1_934' title='bbox 2471 5612 2658 5682; x_wconf 84' lang='lat' dir='ltr'><strong>quia...</strong></span> <span class='ocrx_word' id='word_1_935' title='bbox 2692 5630 2794 5668; x_wconf 82' lang='lat' dir='ltr'><strong>non</strong></span> <span class='ocrx_word' id='word_1_936' title='bbox 2827 5607 3002 5669; x_wconf 75' lang='lat' dir='ltr'><strong>audeo</strong></span> <span class='ocrx_word' id='word_1_937' title='bbox 3035 5627 3221 5675; x_wconf 84' lang='lat' dir='ltr'><strong>tacere.</strong></span> <span class='ocrx_word' id='word_1_938' title='bbox 3270 5626 3444 5669; x_wconf 86' lang='lat' dir='ltr'><strong>utnon</strong></span> <span class='ocrx_word' id='word_1_939' title='bbox 3486 5607 3669 5669; x_wconf 68' lang='lat' dir='ltr'><strong>reeelém</strong></span> 
     </span>
    </p>
   </div>
   <div class='ocr_carea' id='block_1_115' title="bbox 2324 5680 3826 5756">
    <p class='ocr_par' dir='ltr' id='par_1_115' title="bbox 2324 5680 3826 5756">
     <span class='ocr_line' id='line_1_115' title="bbox 2324 5680 3826 5756; baseline 0 -23"><span class='ocrx_word' id='word_1_940' title='bbox 2324 5680 2430 5734; x_wconf 88' lang='lat' dir='ltr'><strong>lum</strong></span> <span class='ocrx_word' id='word_1_941' title='bbox 2452 5680 2686 5738; x_wconf 80' lang='lat' dir='ltr'><strong>uestrum.</strong></span> <span class='ocrx_word' id='word_1_942' title='bbox 2702 5724 2739 5738; x_wconf 89' lang='lat'><strong>..</strong></span> <span class='ocrx_word' id='word_1_943' title='bbox 2764 5687 2900 5756; x_wconf 85' lang='lat' dir='ltr'><strong>quod</strong></span> <span class='ocrx_word' id='word_1_944' title='bbox 2923 5686 3086 5752; x_wconf 74' lang='lat' dir='ltr'><strong>vobis,</strong></span> <span class='ocrx_word' id='word_1_945' title='bbox 3115 5688 3219 5740; x_wconf 86' lang='lat' dir='ltr'><strong>nisi</strong></span> <span class='ocrx_word' id='word_1_946' title='bbox 3244 5687 3519 5740; x_wconf 86' lang='lat' dir='ltr'><strong>emendetis</strong></span> <span class='ocrx_word' id='word_1_947' title='bbox 3540 5685 3692 5741; x_wconf 74' lang='lat' dir='ltr'><strong>vitam,</strong></span> <span class='ocrx_word' id='word_1_948' title='bbox 3712 5680 3826 5727; x_wconf 66' lang='lat' dir='ltr'><strong>5W&quot;</strong></span> 
     </span>
    </p>
   </div>
   <div class='ocr_carea' id='block_1_116' title="bbox 2323 5757 2776 5823">
    <p class='ocr_par' dir='ltr' id='par_1_116' title="bbox 2323 5757 2776 5823">
     <span class='ocr_line' id='line_1_116' title="bbox 2323 5757 2776 5823; baseline 0.013 -18"><span class='ocrx_word' id='word_1_949' title='bbox 2323 5764 2428 5820; x_wconf 86' lang='lat' dir='ltr'><strong>net,</strong></span> <span class='ocrx_word' id='word_1_950' title='bbox 2455 5757 2644 5823; x_wconf 86' lang='lat' dir='ltr'><strong>qualis.</strong></span> <span class='ocrx_word' id='word_1_951' title='bbox 2669 5768 2776 5812; x_wconf 90' lang='lat' dir='ltr'><strong>etc.</strong></span> 
     </span>
    </p>
   </div>
   <div class='ocr_carea' id='block_1_117' title="bbox 2397 5825 3767 5904">
    <p class='ocr_par' dir='ltr' id='par_1_117' title="bbox 2397 5825 3767 5904">
     <span class='ocr_line' id='line_1_117' title="bbox 2397 5825 3767 5904; baseline -0.007 -24"><span class='ocrx_word' id='word_1_952' title='bbox 2397 5835 2420 5862; x_wconf 73' lang='grc' dir='ltr'><strong>ο</strong></span> <span class='ocrx_word' id='word_1_953' title='bbox 2463 5826 2666 5885; x_wconf 87' lang='lat' dir='ltr'><strong>Eadem</strong></span> <span class='ocrx_word' id='word_1_954' title='bbox 2689 5829 2845 5899; x_wconf 88' lang='lat' dir='ltr'><strong>edit.,</strong></span> <span class='ocrx_word' id='word_1_955' title='bbox 2873 5839 2918 5884; x_wconf 88' lang='lat' dir='ltr'><strong>et</strong></span> <span class='ocrx_word' id='word_1_956' title='bbox 2957 5830 3068 5886; x_wconf 85' lang='lat' dir='ltr'><strong>sine</strong></span> <span class='ocrx_word' id='word_1_957' title='bbox 3087 5832 3232 5904; x_wconf 76' lang='lat' dir='ltr'><strong>graui</strong></span> <span class='ocrx_word' id='word_1_958' title='bbox 3263 5829 3607 5903; x_wconf 76' lang='lat' dir='ltr'><strong>impedimenta</strong></span> <span class='ocrx_word' id='word_1_959' title='bbox 3628 5825 3767 5893; x_wconf 68' lang='lat' dir='ltr'><strong>potest.</strong></span> 
     </span>
    </p>
   </div>
  </div>
