3944 6310
93 354 182 410 657

626 464 859 522 SERMO
897 465 1088 520 XXVI.

449 560 524 616 De
547 572 728 616 sancta
753 561 1175 631 Quatlragesima
1203 560 1270 615 Χ.

96 650 180 707 Hic
205 666 364 706 sermo
388 668 448 706 ea:
465 668 637 706 eorum
665 663 737 706 est
766 669 996 719 numero,
1030 669 1157 724 quos
1187 652 1338 707 Rom.
1369 652 1527 708 editio
1551 651 1660 722 pri-

151 761 276 798 mum
320 744 585 815 evolgavit.
635 743 820 800 Eidem
850 746 1074 816 prie/icit
1117 745 1266 799 illum
1306 745 1506 798 titulum
1537 760 1554 797 :
1584 745 1657 800 De

153 838 298 894 tundo
327 854 452 894 vere
481 840 670 909 agendi
717 841 1114 911 ptenitentiam.
1157 839 1265 895 Sed
1299 856 1450 909 quam
1480 840 1658 894 imme-

151 934 244 987 rito
283 948 461 987 nomen
492 933 746 987 Ambrosii
792 934 894 1004 ipsi
934 935 1244 1006 ascripserit,
1286 949 1432 987 nemo
1476 932 1553 986 vel
1596 949 1660 986 ea:

151 1025 302 1096 prium
331 1025 540 1080 lectione
571 1041 672 1080 non
702 1025 1070 1093 deprehendat.
1110 1025 1417 1098 Suspectum
1446 1040 1563 1079 vero
1602 1025 1658 1078 id

148 1120 287 1174 etiam
314 1120 457 1174 nobis
488 1129 598 1185 est,
631 1119 849 1190 quodin
875 1121 986 1189 ipso
1031 1121 1206 1173 limine
1247 1128 1560 1172 memoratur
1594 1118 1658 1172 de

151 1213 419 1279 Ninivitis;
447 1215 637 1283 quippe
663 1231 777 1268 cum
805 1216 858 1269 in
882 1223 986 1268 toto
1014 1213 1212 1276 reliquo
1239 1229 1474 1267 sermone
1498 1228 1658 1283 neque

147 1309 207 1362 de
231 1309 350 1374 illis,
379 1325 538 1376 neque
565 1308 629 1362 de
653 1308 864 1364 illorum
883 1309 1179 1381 paenitentia
1200 1309 1482 1379 quidquam
1512 1309 1655 1360 dica-

145 1411 238 1456 tur.
278 1400 425 1466 Quod
452 1410 620 1456 autem
655 1402 923 1468 asseritur,
956 1402 1042 1472 qui
1072 1417 1223 1454 unam
1251 1412 1446 1454 tantum
1463 1401 1658 1474 jejunii

147 1495 271 1548 diem
309 1494 710 1563 pra’termiserit,
761 1496 1013 1565 integram
1063 1495 1280 1548 violasse
1326 1493 1658 1564 quadragesi-

147 1603 290 1654 mum,
315 1588 528 1642 habetur
549 1588 702 1642 etiam
731 1605 966 1644 sermone
993 1587 1084 1656 22,
1104 1589 1236 1642 sicut
1266 1598 1313 1642 et
1343 1589 1478 1653 quod
1502 1604 1655 1642 occa-

144 1685 279 1738 sione
300 1683 482 1737 hiemis
505 1683 557 1738 in
579 1684 843 1738 meliorem
873 1693 1220 1754 tempestatem
1240 1699 1292 1736 se
1319 1683 1656 1738 convertentis

145 1777 221 1829 hic
247 1776 531 1839 disseritur,
555 1793 671 1830 cum
695 1777 872 1832 eodem
889 1793 1120 1831 sermone
1141 1777 1451 1846 afﬁnitatem
1476 1793 1657 1846 quam-

889 350 1258 408 SERMONES
1296 351 1354 408 S.
1387 347 1738 407 AMBROSIO
1779 351 2148 411 HACTENUS
2190 354 2526 413 ASCRIPTI.

3255 360 3360 417 658

1680 464 1733 528 Α
1757 464 1933 539 (Psat.
1962 484 2149 534 xxxvr,
2183 469 2260 541 7).
2298 470 2402 526 Ora
2436 472 2723 528 Dominum
2750 473 2996 545 quotidie
3023 489 3145 530 cum
3188 476 3366 548 lacry-

1761 560 1886 624 mis,
1911 562 1954 615 si
1985 562 2120 617 forte
2144 572 2360 632 peccata
2389 575 2474 619 tua
2507 567 2820 632 solvantur;
2853 582 2977 621 cum
3003 566 3144 623 Deus
3175 582 3361 637 super-

1761 652 1847 707 bis
1888 655 2127 720 resistat,
2192 655 2488 712 humilibus
2529 667 2708 713 autem
2741 658 2832 714 det
2868 659 3095 728 gratiam
3141 658 3183 729 (I
3219 657 3364 714 Petr.

1761 761 1816 814 v,
1850 744 1928 816 5).
1977 747 2282 802 Memorare
2325 749 2493 803 lilium
2531 750 2583 803 in
2635 751 2930 822 longinquo
2964 753 3220 820 positum,
3271 753 3364 822 qui

1761 841 2040 897 luxuriose
2064 842 2299 897 vivendo
2327 845 2684 899 substantiam
2714 861 2866 901 suam
2897 861 3018 900 cum
3056 847 3367 902 meretrici-

1761 934 1863 990 bus
1887 935 2168 1005 dissipavit
2187 953 2200 998 ;
2219 935 2382 1009 427
2415 947 2604 1008 anIea
2623 939 2846 994 humilis
2874 941 3069 1001 lactus.
3088 950 3140 994 et
3170 940 3235 994 ad
3263 955 3360 995 cor

1762 1044 2036 1096 reversus,
2069 1032 2256 1086 dit-ens
2297 1050 2308 1085 :
2344 1032 2541 1100 Quanti
2580 1035 2888 1088 mercenarii
2927 1035 2980 1088 in
3013 1035 3166 1088 domo
3197 1035 3364 1107 patris

1761 1123 1857 1174 mei
1877 1123 2142 1178 abundant
2162 1125 2402 1193 panibus,
2421 1142 2513 1196 ego
2535 1135 2707 1179 autem
2733 1125 2818 1179 hic
2848 1130 2986 1196 fame
3012 1128 3202 1196 pereo?
3231 1126 3359 1182 Sur-

1761 1233 1875 1286 gam
1894 1233 2036 1287 ergo,
2055 1227 2101 1271 et
2119 1217 2308 1270 vadum
2330 1217 2398 1270 ad
2418 1227 2614 1289 patrem
2636 1234 2826 1282 meum,
2847 1227 2893 1271 et
2913 1219 3083 1272 dicam
3106 1234 3123 1272 :
3149 1216 3259 1272 Fac
3278 1235 3360 1272 me

1761 1309 1890 1363 sicut
1915 1327 2072 1363 unum
2090 1327 2154 1364 ex
2171 1312 2501 1366 mercenariis
2525 1311 2625 1365 tuis
2645 1312 2664 1380 (
2675 1309 2800 1364 Luc.
2820 1327 2908 1376 xv,
2930 1311 3039 1382 17).
3058 1311 3136 1366 Ad
3155 1321 3360 1382 patrem

1760 1401 2044 1466 accedens,
2066 1413 2118 1456 et
2134 1418 2317 1458 coram
2336 1418 2402 1458 eo
2415 1419 2474 1459 se
2490 1412 2863 1474 prosternens,
2887 1403 2988 1458 fuit
3002 1404 3070 1457 ab
3097 1419 3162 1458 eo
3178 1404 3367 1458 lanati-

1763 1505 1844 1550 ter
1898 1507 2196 1567 acceptus;
2248 1498 2414 1553 immo
2456 1497 2655 1554 occidit
2699 1513 2797 1568 pro
2847 1511 2913 1553 eo
2956 1496 3184 1552 vitulum
3225 1497 3366 1567 sagi-

1762 1599 1970 1643 natum.

1830 1682 1886 1739 4.
1932 1686 2241 1740 Memorare
2272 1683 2456 1755 itaque
2477 1687 2600 1756 quia
2641 1695 2695 1741 et
2725 1702 2821 1757 pro
2851 1696 2903 1742 te
2929 1687 3180 1744 Christus
3209 1688 3356 1744 occi-

1759 1791 1854 1831 sus
1892 1787 1997 1844 est,
2045 1779 2135 1849 qui
2187 1787 2314 1834 ante
2341 1780 2436 1834 luit
2468 1781 2674 1836 vitulus
2709 1782 3012 1851 saginatus.
3053 1782 3191 1849 Quia
3226 1797 3361 1836 vero

144 1872 253 1925 dam
300 1870 484 1926 habere
530 1871 770 1938 videtur;
814 1871 950 1926 unde
988 1873 1242 1946 conjicere
1280 1875 1459 1943 forsan
1509 1873 1657 1926 liceat
1692 1871 1736 1932 Β
1763 1872 1902 1926 alter
1935 1872 2078 1927 [ilius
2117 1872 2234 1942 ejus
2261 1874 2618 1928 contristatus
2665 1885 2783 1939 est,
2827 1876 3087 1946 quoniam
3136 1877 3356 1932 occisus

142 1980 290 2018 unum
315 1981 372 2017 ac
399 1964 630 2018 eumdem
653 1966 836 2018 horum
857 1981 1142 2019 sermonum
1167 1974 1427 2020 auctorem
1457 1982 1585 2020 esse.

146 2061 194 2115 l.
234 2059 456 2115 Lccmm
498 2069 583 2115 est
613 2074 756 2115 nunc
788 2062 841 2115 in
880 2059 1216 2129 Evangelio:
1258 2058 1369 2114 Viri
1411 2058 1660 2114 Nion-itte

80 2163 268 2225 surgent
294 2155 349 2207 in
377 2153 581 2227 judicio
613 2169 728 2206 cum
758 2153 1083 2224 generatione
1108 2154 1225 2219 ista,
1261 2164 1310 2206 et
1345 2151 1656 2206 condemna-

80 2249 188 2302 bunt
238 2264 380 2308 eam,
430 2248 552 2319 quia
579 2248 926 2317 ptenitentiam
961 2255 1171 2317 egerunt
1209 2247 1262 2300 in
1293 2245 1660 2318 prtcdicatione

77 2342 213 2397 tome
235 2341 451 2416 (Matth.
487 2357 584 2408 xu,
606 2341 722 2413 M).
753 2340 1010 2396 Pharisrei
1038 2340 1410 2411 paenitentiam
1438 2339 1660 2393 simula-

79 2433 212 2500 bant,
257 2435 380 2489 ideo
419 2451 448 2488 a
493 2434 712 2489 Christo
756 2434 983 2488 Domino
1024 2433 1370 2504 appellantur
1400 2435 1659 2504 generatio

76 2526 201 2580 mala
225 2536 270 2580 et
300 2526 538 2582 adultera
577 2524 770 2600 (Ibid.,
804 2525 925 2597 '59);
959 2535 1013 2581 et
1043 2526 1190 2590 alibi,
1225 2527 1492 2598 progenies
1513 2527 1656 2595 vipe-

76 2635 233 2672 rarum
261 2618 475 2692 (Hatth.
507 2635 584 2687 ιιι,
625 2620 679 2690 7)
728 2639 740 2674 :
793 2635 898 2674 non
930 2627 1110 2675 autem
1139 2634 1266 2674 vere
1299 2619 1655 2690 ptenitehanl,

76 2713 184 2769 ideo
212 2716 403 2770 merito
425 2714 879 2770 condemnamur.

123 2808 173 2863 2.
212 2809 302 2866 Sic
345 2819 400 2866 et
451 2820 540 2875 tu,
570 2824 604 2866 ο
643 2809 976 2876 citriuiane,
1024 2825 1187 2880 quem
1231 2810 1347 2864 scio
1389 2824 1515 2864 esse
1566 2825 1658 2863 su-

75 2903 307 2973 perbum,
342 2903 612 2974 ptenitere
638 2913 690 2960 te
719 2903 1020 2970 asseris,et
1048 2903 1253 2958 diaboli
1279 2919 1443 2972 Opera
1476 2903 1659 2972 requi-

74 2995 159 3058 ris.
190 3006 242 3051 et
288 2996 502 3052 Domini
555 3005 823 3069 prmcepta
875 2997 1264 3067 praetermittis.
1322 2995 1475 3052 Scire
1524 3011 1552 3049 a
1606 3006 1657 3051 te

71 3086 312 3144 desidero
355 3090 483 3160 quid
525 3089 816 3162 pumileas,
859 3090 1043 3145 nescio
1072 3090 1199 3160 quid
1234 3091 1304 3144 sit
1341 3091 1657 3160 ptenitentia

73 3188 170 3234 tua.
223 3181 497 3238 Poenitere
543 3190 597 3237 te
643 3183 868 3248 asscris,
916 3183 1008 3252 qui
1055 3197 1176 3236 cum
1213 3182 1508 3252 iujustitia,
1551 3196 1654 3252 qua

1764 1975 1848 2020 est
1877 1963 2149 2031 Christus,
2183 1968 2280 2036 qui
2322 1976 2451 2023 ante
2493 1967 2595 2022 fuit
2636 1969 2839 2024 vitulus
2865 1969 3176 2040 saginatus,
3209 1981 3365 2041 pater

1760 2057 2087 2127 respondit:
2127 2058 2317 2114 dicens
2358 2077 2370 2113 :
2414 2056 2546 2122 Fili,
2592 2070 2646 2114 tu
2694 2077 2895 2114 mecum
2945 2078 3148 2132 semper
3173 2080 3260 2130 es,
3312 2071 3363 2117 et

1763 2153 1934 2206 omnia
1976 2168 2087 2205 mea
2134 2162 2223 2206 tua
2262 2164 2378 2206 sunt
2409 2169 2427 2208 :
2457 2154 2686 2226 gaudere
2731 2165 2901 2209 autem
2923 2164 2970 2209 te
2997 2166 3197 2224 opertet
3238 2159 3365 2225 quia

1762 2245 1845 2299 hic
1883 2246 2023 2315 ﬁlius
2046 2261 2187 2300 meus
2216 2256 2450 2300 mortuus
2478 2249 2667 2312 fuerat,
2701 2256 2748 2301 et
2778 2249 2961 2302 revixit
2991 2265 3010 2303 :
3039 2251 3281 2320 perierat,
3311 2261 3362 2304 et

1760 2340 1998 2393 inventus
2018 2350 2094 2393 est
2118 2340 2308 2412 (Ibid.,
2335 2341 2428 2405 51,
2452 2339 2569 2413 52).
2595 2341 2640 2396 Ο
2660 2357 2821 2410 quam
2843 2344 3055 2397 beatum
3078 2344 3364 2413 populum,

1763 2448 1862 2503 pro
1902 2449 2012 2504 quo
2039 2432 2296 2489 Christus
2337 2434 2641 2489 occiditur!
2690 2436 2854 2506 quale
2894 2435 3148 2506 gaudium
3182 2446 3366 2506 portat

1763 2528 1949 2594 Pater,
1991 2529 2211 2600 quando
2242 2530 2385 2600 quod
2441 2538 2723 2585 mortuum
2770 2530 2965 2595 fuerat,
3016 2531 3295 2586 reviviscit
3344 2549 3355 2583 :

1762 2632 1816 2678 et
1862 2623 2005 2693 quod
2054 2623 2309 2694 perierat,
2359 2625 2671 2680 invenitur!
2712 2623 2798 2680 cui
2841 2634 2974 2681 tunc
3019 2625 3245 2692 dicitur,
3297 2637 3360 2679 ut

1761 2716 2024 2785 scriptum
2045 2726 2130 2772 est
2161 2735 2172 2770 ε
2205 2716 2345 2771 Ecce
2368 2734 2528 2771 sanus
2546 2717 2714 2786 factus
2743 2735 2817 2783 es,
2841 2722 2956 2791 jam
2985 2719 3095 2772 noli
3121 2734 3356 2787 peccare,

1761 2827 1823 2865 ne
1854 2810 2184 2866 tibidetcrius
2213 2811 2414 2881 aliquid
2436 2813 2702 2885 contingat
2728 2810 2913 2884 (Joan.
2937 2830 2990 2879 v,
3027 2811 3139 2883 Μ).

1833 2903 1886 2958 5.
1918 2904 2158 2960 Attende
2183 2920 2314 2976 ergo
2365 2904 2509 2960 unde
2536 2906 2820 2961 excideras
2844 2947 2857 2971 ,
2905 2915 2959 2960 et
2993 2906 3216 2976 plange,
3247 2913 3364 2977 pa:-

1761 2999 2052 3053 nitenliam
2094 3015 2194 3069 age
2240 3017 2253 3054 :
2302 3001 2348 3053 si
2380 3001 2698 3070 quominus,
2751 3002 2937 3056 veniet
2968 3002 3063 3056 tibi
3097 3001 3363 3058 Dominus

1758 3091 1894 3156 cito,
1941 3099 1998 3147 et
2044 3093 2278 3148 movebit
2327 3093 2719 3149 candelabrum
2773 3104 2923 3148 tuum
2965 3095 3034 3151 de
3087 3097 3210 3151 loco
3237 3110 3359 3150 suo.

1763 3185 2097 3253 Memorare,
2153 3186 2249 3254 liti,
2298 3184 2574 3243 Christum
2618 3188 2904 3258 reliquisse
2956 3189 3250 3258 nonaginta
3303 3199 3361 3244 et

73 3273 382 3342 prmeinctus
406 3290 487 3338 es,
526 3272 957 3343 superinduxisﬁ
987 3274 1330 3343 superbiam?
1357 3273 1653 3329 .Ptenitere
1681 3265 1727 3328 C
1762 3293 1955 3333 novem
1985 3279 2185 3347 jnstos,
2218 3281 2557 3349 perquisisse
2589 3282 2865 3336 hominem
2896 3289 3260 3351 peccatorem,
3305 3290 3363 3336 et

73 3372 120 3417 te
147 3365 366 3432 asseris,
401 3366 491 3437 qui
517 3379 736 3421 carnem
757 3366 993 3421 alienam
1020 3366 1303 3436 sequeris?
1343 3365 1432 3422 Sic
1459 3365 1653 3434 fatiga-

73 3454 140 3509 ris
183 3472 480 3513 :reversus
509 3473 568 3514 es
598 3459 736 3514 sicut
762 3459 916 3512 canis
959 3458 1024 3512 ad
1058 3460 1340 3522 vomitum,
1382 3469 1475 3512 aut
1507 3459 1658 3512 velut

71 3563 154 3603 sus
179 3555 366 3607 calore
392 3551 608 3618 alTecta,
644 3553 696 3606 in
726 3553 856 3607 limo
887 3560 1045 3607 terra;
1075 3553 1378 3621 provoluta.
1418 3551 1556 3618 Quid
1581 3552 1652 3605 sit

74 3650 152 3698 tua
181 3646 520 3714 paenitentia,
552 3662 659 3701 non
701 3646 919 3701 invenio
973 3665 986 3700 :
1030 3647 1253 3702 circuivi
1297 3648 1658 3716 etperambu-

70 3735 163 3790 lavi
193 3738 370 3794 locum
412 3740 770 3810 poenitentiae,
813 3750 868 3795 et
909 3755 1016 3794 non
1052 3741 1238 3795 inveni
1281 3739 1655 3811 ptenitentiam

74 3838 229 3887 tuam.
261 3832 363 3901 Qui
397 3834 659 3888 saeculum
693 3833 1074 3900 destruxcras,
1113 3832 1310 3887 ibidem
1343 3833 1605 3888 inveniris
1641 3853 1654 3886 :

71 3925 153 3991 qui
177 3925 358 3980 carnis
387 3927 699 3996 superbiam
724 3927 1080 3996 deposueras,
1113 3927 1396 3982 humerum
1429 3927 1662 3981 submit-

74 4016 135 4066 tis
161 4015 381 4082 iterum,
413 4028 470 4072 ιιι
494 4018 713 4088 gravius
743 4030 929 4088 portes
955 4033 1092 4074 onus
1131 4037 1145 4072 :
1174 4018 1264 4089 qui
1294 4019 1533 4074 avaritia:
1561 4018 1660 4073 de-

71 4107 222 4164 deras
276 4113 522 4179 dorsum,
577 4113 756 4168 denuo
812 4114 887 4168 illi
933 4112 1146 4167 obviam
1202 4113 1448 4168 occurris
1499 4131 1512 4166 :
1571 4111 1662 4182 qui

71 4204 284 4259 vanitati
317 4204 598 4275 repudium
625 4205 876 4271 dederas,
912 4206 1104 4260 iterum
1137 4207 1432 4260 reverteris
1454 4206 1520 4258 ad
1544 4205 1662 4274 ejus

70 4296 290 4364 gratiam
319 4315 332 4350 :
365 4299 453 4368 qui
486 4313 710 4368 pompas
733 4298 918 4353 smculi
950 4296 1191 4368 ingeras,
1227 4299 1424 4352 iterum
1466 4299 1516 4350 in
1551 4312 1665 4350 ina-

72 4402 166 4440 nus
205 4388 356 4444 illius
407 4389 665 4445 incidisti.
709 4391 970 4446 Ambttlas
1000 4391 1343 4461 superelatus
1383 4392 1502 4446 sine
1538 4405 1662 4445 cer-

69 4481 202 4536 vice.
229 4482 420 4538 Nescis
443 4485 707 4555 scriptum
741 4499 896 4540 esse:
929 4483 1068 4549 Quid
1091 4486 1236 4538 nobis
1266 4485 1460 4556 profuit
1485 4498 1666 4555 super-

70 4574 167 4640 bia,
200 4578 408 4648 etquid
452 4580 644 4633 divitia:
685 4595 804 4632 cum
836 4580 1093 4648 jactautt'a
1141 4581 1465 4634 contulerunt
1520 4579 1665 4633 nobis

1758 3372 2036 3426 inventum
2062 3387 2184 3426 eum
2212 3372 2262 3425 in
2289 3371 2434 3426 invio
2455 3371 2701 3427 humeris
2724 3374 2838 3428 suis
2860 3381 3176 3443 reportasse
3198 3371 3356 3444 (Luc.

1759 3479 1850 3530 xv,
1882 3463 1942 3533 4)
1972 3483 1983 3516 :
2019 3465 2102 3519 vel
2133 3464 2279 3518 illam
2315 3464 2600 3519 mulierem
2636 3464 2787 3537 (an.
2821 3481 2926 3531 xv,
2971 3465 3051 3534 8),
3101 3465 3205 3518 hoc
3249 3475 3358 3531 est,

1755 3558 2092 3631 Ecclesiam,
2120 3575 2241 3629 qua:
2271 3559 2588 3630 perdiderat
2619 3558 2961 3624 drachmam,
2995 3560 3100 3614 hoc
3123 3569 3228 3624 est,
3264 3559 3362 3613 ho-

1762 3652 1963 3706 minem
2013 3662 2380 3722 peccatorem,
2413 3652 2732 3708 accendisse
2779 3653 3080 3717 lucernam,
3115 3651 3220 3706 hoc
3249 3662 3356 3716 est,

1760 3741 2035 3799 Christum
2062 3744 2152 3815 qui
2181 3753 2265 3799 est
2290 3745 2470 3800 lumen
2492 3745 2817 3814 justititezet
2845 3745 3061 3798 inventa
3082 3759 3143 3798 ea
3165 3744 3217 3797 in
3244 3743 3364 3812 pul-

1761 3852 1910 3902 vere,
1948 3851 2172 3891 vocasse
2215 3838 2420 3891 amicas
2463 3846 2520 3890 et
2565 3837 2776 3890 vicinas
2806 3835 3104 3901 Ecclesiae;
3137 3846 3194 3888 ut
3220 3850 3360 3890 con-

1761 3930 2176 4001 gratularentur
2194 3944 2358 3999 super
2381 3929 2660 3982 inventum
2683 3929 2958 3982 hominem
2981 3937 3326 3998 peccatorem
3350 3946 3363 3980 :

1763 4035 1816 4080 et
1838 4040 1865 4078 a
1893 4034 2138 4080 stercore
2157 4031 2397 4079 erectum
2418 4039 2540 4078 eum
2561 4024 2861 4079 collocasse
2879 4038 3004 4078 cum
3022 4024 3362 4093 principibus

1765 4120 1950 4190 pepuli
1981 4121 2090 4185 sui,
2117 4120 2221 4174 hoc
2242 4128 2347 4183 est,
2378 4133 2501 4172 cum
2525 4119 2791 4188 apostolis
2812 4128 2864 4172 et
2889 4117 3192 4187 prophetis.
3222 4116 3366 4171 Ecce

1764 4213 1891 4283 quid
1910 4211 2035 4268 facit
2050 4211 2364 4282 paenitentia
2381 4210 2590 4265 homini
2609 4213 2897 4280 peccatori,
2912 4210 3002 4280 qui
3017 4209 3143 4262 dum
3161 4209 3212 4263 in
3227 4218 3368 4263 ster~

1766 4321 1892 4362 core
1914 4307 2074 4376 iacet,
2098 4323 2219 4362 cum
2238 4307 2572 4377 principibus
2596 4306 2918 4360 sublimatur
2935 4302 3108 4373 (Psat.
3133 4318 3263 4367 cxn,
3288 4301 3371 4373 7).

1841 4397 1894 4455 6.
1928 4399 2290 4455 Peeuitentem
2327 4399 2606 4454 hominem
2637 4398 2761 4452 dico
2783 4439 2798 4464 ,
2831 4398 2919 4468 qui
2970 4397 3181 4468 plangit
3223 4396 3369 4466 quod

1771 4501 2126 4562 peccaverat,
2152 4503 2204 4546 et
2230 4502 2384 4562 rogat
2408 4492 2726 4557 Dominum,
2753 4502 2941 4544 utnon
2972 4489 3171 4544 iterum
3212 4487 3377 4542 faciat

1771 4585 1917 4656 quod
1943 4586 2263 4640 admiserat.
2325 4586 2686 4640 Pmnitentem
2748 4585 3022 4639 hominem
3074 4582 3221 4647 dico,
3278 4585 3372 4653 qui

73 4665 223 4738 (Sap.
255 4685 313 4734 v,
343 4670 435 4741 8)?
462 4672 521 4725 Et
542 4673 787 4740 sequitur
817 4689 828 4725 :
861 4670 1198 4726 Transierunt
1224 4673 1316 4726 illa
1339 4674 1511 4728 omnia
1535 4684 1668 4727 tam-
1691 4653 1746 4714 Ῑ)
1773 4653 1968 4736 diebus
1995 4695 2058 4733 ac
2090 4681 2340 4734 noctibus
2373 4680 2707 4748 ingemiscit,
2740 4688 2796 4733 et
2838 4693 2960 4732 cum
2992 4677 3267 4747 Propheta
3293 4675 3378 4730 di-

69 4776 216 4830 quam
238 4763 422 4817 umbra
445 4764 632 4836 (lbid.,
658 4764 736 4836 9).
769 4764 1014 4820 Fidelem
1055 4774 1113 4820 et
1153 4765 1410 4820 mundum
1445 4778 1495 4821 te
1517 4768 1670 4820 inve-

71 4856 216 4923 nisti,
245 4859 340 4930 qui
368 4877 461 4928 per
483 4876 678 4931 aquam
712 4861 965 4929 baptismi
988 4860 1170 4916 fueras
1194 4871 1506 4927 renovatus,
1527 4861 1670 4916 sicut

70 4950 330 5020 scriptum
363 4961 446 5007 est
477 4969 490 5006 :
525 4952 816 5020 Lavamini,
847 4954 1030 5006 mundi
1060 4962 1239 5017 estote,
1269 4953 1465 5021 auferte
1499 4954 1671 5020 nequi-

69 5047 164 5101 tias
204 5047 269 5101 ab
311 5047 586 5103 animabus
623 5048 799 5102 vestris
831 5047 1001 5121 (Esui.
1035 5064 1073 5115 ι,
1101 5048 1215 5116 16).
1249 5048 1376 5102 Illos
1407 5046 1670 5116 propheta

72 5143 132 5194 ad
165 5141 461 5196 lavandum
494 5141 780 5206 hortatur;
802 5150 857 5194 tu
885 5151 1066 5195 autem
1091 5157 1215 5194 cum
1241 5156 1391 5196 esses
1415 5141 1672 5208 mundus,

69 5236 329 5291 sordidus
363 5235 534 5291 factus
560 5251 642 5300 es,
675 5251 783 5290 non
814 5244 972 5306 potes
994 5235 1173 5289 denuo
1200 5234 1387 5289 lavari.

139 5331 193 5385 5.
236 5329 298 5386 Si
332 5330 414 5385 vis
443 5340 624 5386 autem
667 5343 726 5384 ut
757 5329 1037 5384 munderis
1080 5329 1304 5395 iterum,
1333 5328 1399 5383 da
1439 5329 1678 5384 eleemo-

73 5440 284 5496 syoam,
327 5431 388 5478 et
423 5425 602 5479 omnia
635 5432 724 5478 tua
779 5423 977 5477 munda
1027 5429 1154 5476 sunt
1209 5420 1364 5489 (Luc.
1418 5436 1514 5486 xu,
1557 5420 1675 5491 41).

143 5515 473 5571 Mundaudis
507 5518 642 5570 bona
676 5527 760 5571 est
787 5516 1160 5587 eleemosyua,
1192 5530 1310 5584 qua!
1347 5525 1541 5586 purgat
1567 5531 1681 5570 om-

74 5621 169 5662 nes
215 5607 438 5662 sordes.
479 5608 715 5663 Humilia
741 5619 922 5663 autem
958 5619 1011 5663 te
1038 5611 1091 5662 in
1120 5610 1393 5674 omnibus,
1419 5620 1471 5664 et
1499 5626 1679 5664 coram

77 5703 186 5758 Deo
217 5702 472 5759 invenies
514 5706 740 5774 gratiam
777 5721 795 5758 :
829 5704 1082 5757 Subditus
1109 5714 1216 5757 esto
1245 5703 1371 5769 Deo,
1398 5714 1443 5757 et
1474 5705 1682 5758 obsecra

79 5796 377 5853 Dominum
415 5798 580 5866 (Eccl.
609 5815 688 5866 ιιι,
717 5797 841 5868 90);
867 5809 923 5853 et
950 5815 963 5852 :
1009 5797 1092 5851 Ne
1121 5798 1396 5862 aunnleris,
1429 5809 1482 5850 ut
1511 5799 1685 5866 nequi-

83 5880 159 5944 ἔρι’
181 5909 340 5962 agas;
367 5891 602 5960 quoniam
628 5893 716 5962 qui
746 5893 976 5960 nequiter
998 5903 1180 5962 agunt,
1211 5893 1686 5946 exterminabuntur

1774 4774 1849 4828 cit
1881 4789 1894 4828 :
1925 4771 2131 4826 Lavabo
2159 4787 2247 4842 per
2271 4773 2504 4842 singulas
2523 4780 2697 4825 noctes
2721 4771 2908 4825 lectum
2930 4787 3103 4824 meum
3130 4770 3376 4840 lacrgmis

1774 4866 1901 4920 meis
1949 4865 2129 4937 (Psal.
2173 4880 2248 4927 v1,
2292 4864 2370 4935 τ).
2404 4864 2768 4919 Ptenitentem
2801 4864 3078 4918 hominem
3107 4863 3255 4926 dico,
3284 4862 3376 4931 qui

1776 4958 1993 5028 repellit
2043 4957 2186 5026 quod
2220 4957 2362 5011 male
2406 4958 2642 5021 iecerat,
2682 4965 2739 5012 et
2787 4965 2944 5026 rogat
2973 4955 3284 5018 Dominum,
3318 4959 3380 5005 ut

1777 5053 1995 5107 veniam
2047 5062 2436 5121 consequatur.
2486 5051 2853 5106 Poenitentem
2901 5050 3178 5105 hominem
3228 5047 3375 5112 dico,

1779 5150 1872 5220 qui
1905 5156 2026 5219 post
2054 5149 2558 5219 concupiscentiam
2587 5164 2742 5202 suam
2769 5161 2876 5202 non
2910 5143 3088 5208 vadit,
3119 5152 3174 5196 et
3222 5141 3377 5196 volu-

1784 5243 2021 5312 ptatibus
2056 5241 2172 5296 suis
2207 5256 2268 5297 se
2305 5242 2502 5312 privat.
2534 5241 2894 5297 Ptenitentcm
2921 5237 3192 5293 hominem
3234 5233 3379 5298 dico.

1784 5337 1873 5405 qui
1903 5335 2098 5404 diligit,
2125 5335 2266 5403 quod
2291 5342 2419 5389 ante
2442 5334 2709 5404 neglexit;
2742 5341 2797 5386 et
2820 5329 2966 5401 quod
2997 5329 3206 5384 fecerat
3226 5327 3382 5392 mali,

1783 5428 2006 5484 deserit.
2041 5427 2372 5483 Adhtereant
2408 5441 2541 5496 ergo
2569 5425 2664 5480 tibi
2696 5440 2819 5495 qua:
2843 5424 2982 5478 bona
3010 5431 3156 5487 sunt,
3183 5431 3381 5491 etquae

1788 5521 1926 5575 mala
1951 5519 2259 5575 deleantur.

1861 5615 1912 5669 7.
1963 5613 2020 5669 Si
2055 5614 2432 5683 paenitentiam
2487 5625 2592 5665 non
2622 5607 2824 5680 egeris,
2870 5607 3082 5662 incides
3107 5608 3162 5662 in
3194 5620 3391 5661 manus

1792 5709 2005 5764 Domini
2031 5707 2331 5763 secundum
2359 5703 2710 5761 severitatem
2740 5701 2932 5772 iudicii
2961 5703 3102 5773 ejus,
3132 5702 3276 5772 quod
3301 5716 3394 5756 ea—

1791 5816 1920 5855 vere
1966 5801 2260 5862 debemus;
2304 5814 2428 5851 nam
2476 5797 2608 5850 dicit
2657 5796 2952 5864 Apostolus
2993 5814 3006 5851 :
3056 5794 3392 5849 Horrendum

1795 5904 1866 5948 est
1899 5891 2125 5945 incidere
2166 5893 2219 5944 in
2255 5906 2438 5943 manus
2471 5888 2564 5943 Dei
2590 5887 2800 5940 uiuentis
2831 5886 3032 5956 (Hebr.
3066 5874 3126 5954 it,
3152 5884 3264 5944 31).
3305 5883 3402 5938 Dia
