3944 6310
123 316 215 388 661

914 294 1282 385 santiones
1320 324 1378 384 s.
1421 302 1777 385 Attenes‘to
1819 304 2191 387 "sortitos
2233 308 2573 389 ASCI’lll‘Tl.

3294 331 3402 390 669.

121 436 251 519 quod
284 445 439 513 dicit;
489 443 731 501 meminit
757 440 900 500 enim
936 434 989 498 in
1024 445 1191 499 vett-ri
1234 443 1587 500 Testamento
1616 443 1692 526 si-
1719 436 1766 510 Α
1796 442 1915 517 (μιτιὲ
1948 447 2301 526 perceptione
2331 449 2411 504 sui
2443 432 2815 506 ‘coul‘essoretii
2852 436 3033 516 iaciat,
3068 435 3175 506 noii
3220 432 3404 522 prodi-

122 543 370 599 tientibus
392 557 582 619 aquam
604 524 669 596 de
686 538 870 612 lapide
895 538 1212 610 proﬂuxisse
1229 536 1426 611 (Exod.
1452 534 1585 606 sint,
1608 524 1689 613 6),

120 638 226 693 vult
251 638 411 694 etiam
442 624 527 692 hic
553 636 812 692 esurienti
842 636 1021 691 cibum
1046 636 1115 692 de
1142 632 1320 707 lapide
1350 636 1690 701 ministrari;

116 732 307 790 retinet
334 728 475 786 enim
504 724 574 785 ibi
605 729 862 785 duritiam
891 738 1058 802 petrae
1085 726 1136 786 in
1161 728 1430 807 liquorem
1461 722 1691 785 fontium

122 818 430 889 resolutam,
465 825 611 893 eupit
639 823 799 878 etiam
828 821 914 879 hic
942 823 1290 894 asperitatem
1321 823 1434 879 saxi
1461 823 1512 878 in
1538 824 1695 896 panis

117 915 445 974 dulcedinem
478 912 876 971 transformari.
911 913 1303 987 Suspicabatur
1331 915 1477 973 enim
1518 902 1694 989 ipsum

116 1029 229 1071 esse
270 1011 567 1079 Christum,
614 1011 706 1083 qui
757 1010 873 1068 ha:c
924 1010 1137 1083 operari
1187 1011 1359 1068 soleat
1398 1009 1467 1067 de
1501 1021 1694 1067 natura

114 1122 360 1165 saxorum
388 1148 401 1173 ,
448 1106 586 1161 sicut
626 1107 696 1162 ait
740 1107 1025 1177 apostolus
1062 1104 1262 1161 Paulus
1304 1123 1317 1160 :
1360 1104 1606 1161 lz‘ibebant
1635 1106 1698 1162 de

112 1198 327 1272 spiritali
342 1199 667 1269 consequenti
686 1215 771 1254 eos
792 1209 961 1272 petra,
981 1210 1122 1271 petra
1141 1210 1312 1253 autem
1335 1210 1446 1255 erat
1465 1199 1697 1255 Christus

114 1291 285 1367 (lCar.
314 1308 370 1359 x,
394 1290 469 1364 6).
681 1292 1091 1363 Suspicabatur,
1111 1290 1354 1364 inquam,
1375 1293 1552 1365 ipsum
1576 1309 1697 1349 esse

112 1388 404 1455 Christum,
437 1405 561 1444 cum
594 1388 904 1461 postulabat
946 1399 1000 1444 ut
1029 1388 1096 1444 de
1128 1387 1311 1458 lapide
1343 1403 1508 1458 panes
1550 1387 1696 1444 face-

112 1493 189 1540 ret
218 1501 231 1537 :
265 1483 358 1539 sed
383 1483 605 1554 putabat
633 1480 1008 1539 tantummodo
1037 1482 1216 1539 solum
1249 1482 1692 1550 hominem,cum

111 1566 433 1634 esurientem
457 1576 686 1633 videret.

176 1671 228 1728 4.
257 1671 507 1726 Salvator
523 1678 703 1726 autem
728 1666 1022 1727 versutiam
1046 1669 1163 1742 ejus
1181 1670 1316 1726 mira
1340 1662 1699 1743 responsione

110 1765 422 1822 condemnat
454 1784 468 1820 :
521 1780 619 1821 nec
647 1765 780 1822 facit
818 1764 962 1835 quod
1013 1756 1143 1821 dicit
1173 1763 1456 1831 diabolus;
1492 1780 1560 1821 ne
1607 1764 1687 1820 vi-

112 1857 295 1914 deatur
325 1874 428 1929 pro
457 1857 687 1912 arbitrio
714 1857 1014 1914 adversarii
1065 1858 1276 1913 virtutis
1304 1873 1415 1913 sute
1467 1854 1693 1931 gloriam

111 1949 423 2007 declarare:
457 1966 555 2008 nec
606 1960 787 2008 tamen
843 1949 1143 2025 respondet
1190 1968 1299 2007 non
1347 1968 1507 2024 posse
1551 1950 1693 2020 ﬁeri,

110 2046 226 2117 quia
280 2060 481 2117 negare
530 2061 637 2101 non
670 2055 905 2116 poterat,
951 2044 1096 2118 qttod
1136 2061 1283 2117 saepe
1319 2045 1434 2117 jam
1468 2046 1695 2103 fecerat.

115 2136 274 2210 Igitur
298 2155 403 2195 nec
428 2137 731 2209 acquiescit
764 2139 992 2210 petenti,
1027 2154 1126 2195 nec
1148 2138 1378 2211 denegat
1406 2139 1698 2211 expleran-

114 2236 180 2301 ti;
209 2251 272 2291 ac
302 2251 399 2306 per
436 2235 539 2291 hoc
563 2244 616 2290 et
645 2236 948 2307 potentiam
979 2234 1199 2317 virtutis
1226 2252 1340 2290 sum
1368 2250 1470 2290 suo
1516 2250 1695 2317 reser-

111 2330 456 2398 vatarbitrio,
486 2340 542 2386 et
577 2330 871 2385 versutiam
904 2316 1204 2385 adversarii
1238 2322 1421 2384 divino
1456 2327 1702 2385 confutat

108 2423 334 2492 eloquio.
387 2422 689 2494 Respondit
718 2438 849 2495 ergo
886 2423 998 2481 illi:
1029 2421 1153 2478 Non
1181 2423 1235 2478 in
1266 2418 1377 2478 solo
1421 2440 1552 2493 pane
1580 2410 1698 2477 vivit’

107 2518 271 2585 homo,
297 2516 395 2573 sed
424 2518 477 2573 in
496 2518 635 2573 omni
664 2506 815 2572 verbo
848 2508 944 2572 Dei
973 2500 1195 2592 (Matth.
1226 2532 1301 2584 tv,
1332 2517 1387 2589 4)
1412 2534 1427 2584 ;
1459 2518 1561 2573 hoc
1590 2526 1697 2585 est,

108 2630 207 2671 non
247 2616 298 2671 in
342 2631 484 2687 pane
532 2626 775 2683 terreno,
827 2634 934 2672 non
969 2617 1021 2672 in
1073 2618 1198 2673 cibo
1255 2616 1540 2684 materiali,
1591 2633 1699 2688 quo

108 2709 269 2766 Adam
294 2706 536 2782 primum
566 2709 843 2767 hominem
874 2710 1137 2783 decepisti
1159 2728 1171 2764 :
1197 2710 1293 2767 sed
1312 2711 1368 2766 in
1390 2710 1557 2766 verbo
1580 2694 1695 2778 Dei,

108 2804 156 2859 in
178 2819 281 2874 quo
309 2812 443 2859 sunt
483 2805 611 2860 vitae
648 2804 907 2885 alimenta
947 2805 1206 2862 caelestis.
1239 2792 1479 2860 Verbum
1517 2791 1698 2860 autem

110 2898 198 2955 Dei
227 2899 483 2956 Christus
527 2910 611 2957 est
642 2901 933 2968 Dominus,
983 2902 1128 2960 sicut
1156 2902 1489 2973 evangelista
1525 2903 1656 2957 dicit
1685 2917 1699 2955 :

108 2989 169 3046 In
188 2994 447 3065 principio
475 3003 582 3048 erat
618 2993 863 3059 Verbum,
897 3006 941 3050 et
996 2978 1212 3050 Verbum
1237 3005 1346 3050 erat
1369 2992 1511 3067 apud
1532 2991 1703 3049 Deum

109 3084 280 3155 (Joan.
313 3102 353 3155 ι,
403 3086 478 3158 1).
508 3086 767 3158 Quisquis
795 3103 926 3160 ergo
972 3076 1145 3144 verbo
1197 3080 1398 3143 Christi
1435 3087 1698 3159 pascitur,

110 3184 384 3235 terrenum
432 3179 689 3252 pabulum
731 3197 839 3236 non
885 3172 1147 3253 requirit;
1188 3197 1291 3237 nec
1336 3172 1481 3237 enim
1521 3176 1704 3253 potest

1801 548 1994 593 torem.

1867 632 1920 689 6.
1953 626 2125 701 Quam
2159 636 2297 690 bene
2316 643 2496 721 autem
2522 632 2855 707 jejuniortuii
2888 624 3129 707 tcinpti'rc
3164 623 3400 694 Verbum

1801 726 1895 782 Dei
1928 726 2069 782 dixit
2114 743 2259 796 esse,
2306 729 2447 799 quod
2482 726 2691 786 reiicit!
2730 741 2786 784 ut
2834 731 3150 787 ostenderet
3191 722 3403 802 jejunis

1798 831 1987 877 nostra
2020 820 2129 878 nori
2178 820 2379 879 debere
2412 824 2596 879 .«a‘culi
2628 822 2841 879 actibus
2879 814 3157 896 occupari,
3191 824 3287 881 sed
3317 838 3406 881 sa-

1798 913 1905 970 cris
1934 914 2131 971 litteris
2158 917 2429 971 exerceri.
2474 916 2707 987 Negligit
2734 916 2878 971 enim
2914 906 3108 973 laniem
3130 918 3402 990 coiporis,

1798 1011 1889 1083 qui
1923 1010 2122 1082 pabulo
2154 1010 2409 1067 lectionis
2436 1009 2670 1066 intendit
2698 1030 2710 1064 :
2736 1014 2837 1066 nec
2863 1012 3071 1068 ventris
3097 1014 3285 1069 curam
3311 1012 3404 1069 ha-

1801 1104 1931 1161 bere
1956 1105 2185 1176 poterit,
2215 1105 2307 1177 qui
2338 1104 2661 1161 alimentum
2694 1088 2844 1161 verbi
2873 1104 3114 1162 etelestis
3144 1106 3400 1177 acquirit.

1800 1197 1920 1270 Ipsa
1972 1208 2056 1254 est
2107 1198 2255 1255 enim
2281 1197 2528 1264 refectio,
2561 1212 2681 1270 quae
2727 1190 2941 1269 saginat
2972 1197 3232 1267 animam,
3282 1216 3404 1271 quae

1801 1291 2105 1364 im'pinguat
2126 1292 2379 1362 viscera;
2411 1294 2537 1350 cum
2562 1293 2628 1351 de
2657 1278 2859 1351 divinis
2889 1292 3188 1365 Scripturis
3219 1288 3405 1349 cibum

1798 1386 2001 1458 eloquii
2032 1388 2619 1460 perennisaccipimus.
2651 1386 2772 1459 Ipsa
2799 1394 2883 1443 est
2912 1402 3058 1452 esca,
3087 1403 3206 1458 qua:
3238 1387 3403 1442 vitam

1800 1491 2059 1539 a-ternam
2093 1482 2308 1553 tribuit,
2337 1494 2392 1541 et
2444 1482 2673 1540 insidias
2703 1501 2732 1539 a
2762 1484 2923 1540 nobis
2964 1484 3249 1541 diabolica:
3288 1494 3407 1541 ten-

1802 1575 2025 1631 tationis
2048 1576 2311 1633 cicludit.
2344 1576 2503 1645 Quod
2550 1582 2733 1633 autem
2769 1592 3050 1633 sacrarum
3096 1577 3409 1633 litterarum

1801 1670 1967 1727 lectio
1991 1670 2097 1726 vita
2131 1672 2223 1740 sit,
2253 1671 2520 1728 Dominus
2564 1668 2799 1729 testatur
2822 1670 3012 1728 dicens
3040 1688 3053 1725 :
3107 1668 3273 1727 Verba
3298 1684 3415 1744 qum

1801 1781 1892 1839 ego
1913 1764 2111 1821 locutus
2128 1783 2240 1822 sum
2256 1764 2417 1833 vobis,
2443 1764 2658 1835 spiritus
2679 1774 2725 1821 et
2747 1766 2850 1821 vita
2866 1777 2985 1822 sunt
2999 1762 3056 1839 (1
3060 1784 3182 1823 οαη.
3197 1782 3273 1832 vt,
3290 1763 3406 1839 65).

2336 1858 2570 1917 SERllO
2619 1858 2862 1918 XXVIII.

2142 1946 2221 2014 De
2259 1967 2448 2012 sancta
2480 1955 2910 2030 Quadragesima
2942 1934 3060 2013 XII.

1803 2046 1890 2107 Ea:
1917 2050 2100 2124 primis
2123 2051 2288 2107 verbis
2309 2052 2563 2107 sermonis
2583 2050 2741 2125 hujus
2768 2052 2946 2125 colligi
2968 2052 3139 2127 potest
3171 2046 3286 2129 ejui
3313 2070 3414 2108 au-

1874 2156 2064 2200 ctorem
2090 2162 2192 2200 non
2217 2144 2382 2201 solum
2408 2144 2719 2213 Dominicis,
2744 2146 2835 2201 sed
2852 2156 2899 2201 et
2927 2147 3046 2202 aliis
3072 2163 3272 2218 quoque
3298 2146 3413 2202 die-

1875 2238 1968 2292 bus
1996 2241 2049 2293 in
2081 2238 2475 2315 quadragesima
2518 2236 2816 2295 concionari
2860 2239 3071 2295 solitum
3098 2255 3227 2294 esse.
3260 2236 3413 2306 Quod

1878 2344 2050 2389 autem
2072 2333 2134 2387 de
2154 2334 2403 2413 qualitate
2430 2333 2776 2409 tempestatis,
2822 2350 2925 2403 qua
2963 2334 3229 2409 jejunium
3277 2331 3412 2413 illud

1875 2425 2080 2491 incidit,
2104 2434 2153 2479 et
2179 2423 2243 2479 de
2286 2418 2424 2479 unici
2454 2422 2557 2479 diei
2587 2425 2867 2481 violatione
2897 2425 2982 2481 hic
3008 2424 3303 2492 disseritur,
3337 2425 3412 2479 vi-

1876 2514 2024 2572 detur
2053 2534 2168 2571 cum
2191 2517 2454 2572 nonnullis
2472 2518 2883 2573 antecedentium
2908 2518 3202 2574 sermonum
3225 2508 3414 2575 habere

1874 2611 2123 2682 quiddam
2164 2608 2537 2685 cognationis:
2568 2624 2619 2667 at
2652 2614 2749 2669 ltoc
2788 2631 2977 2689 parum
3023 2624 3119 2679 est,
3156 2624 3210 2669 ut
3253 2614 3409 2669 iidem

1875 2708 1955 2761 illi
1977 2705 2041 2761 ab
2068 2706 2247 2761 eodem
2277 2716 2491 2762 auctore
2517 2708 2699 2779 scripti
2727 2707 2993 2764 dicantur.
3025 2707 3188 2765 Forte
3215 2709 3270 2764 id
3302 2726 3414 2771 ma-

1865 2803 1957 2874 jus
1981 2794 2251 2869 habeatur,
2281 2810 2337 2853 ut
2362 2800 2447 2853 hic
2472 2799 2686 2856 ultimus
2725 2798 3059 2883 adjudicetur
3089 2811 3269 2857 sancto
3293 2788 3412 2857 Ma-

1873 2892 2034 2960 ximo,
2061 2892 2201 2965 quod
2241 2892 2353 2966 ejus
2382 2893 2592 2949 nomine
2631 2893 2685 2947 in
2710 2890 2828 2949 cod.
2873 2890 3079 2967 Remig.
3111 2902 3161 2951 et
3205 2893 3404 2952 duobus

1878 2968 2052 3042 Cerm.
2079 2972 2366 3060 inscriptus
2396 2984 2576 3058 fuerit.

1879 3066 1929 3136 ἰ.
1977 3078 2119 3137 Ante
2172 3078 2291 3136 ’dies
2336 3064 2681 3137 devotionem
2716 3091 2934 3161 sancta:
2974 3060 3413 3163 quadragesimae

1806 3162 2193 3257 prmdieantcs,
2221 3188 2497 3231 sacrarum
2544 3173 2852 3259 litterarum
2889 3164 3138 3252 esempla
3181 3170 3416 3250 protuli-

107 3273 286 3329 sarculi
317 3289 516 3345 panem
548 3292 773 3346 cupere,
810 3277 903 3348 qui
935 3293 1076 3346 pane
1104 3276 1348 3334 reﬁcitur
1376 3266 1697 3335 Salvatoris.
1806 3286 1948 3336 mus,
2006 3269 2207 3342 quibus
2249 3264 2686 3341 approbarcmus
2726 3270 2870 3327 hunc
2915 3262 3410 3345 Quadrageuarium

110 3365 270 3422 liabet
299 3369 449 3422 enim
477 3369 736 3425 Dominus
766 3385 923 3426 suum
955 3386 1178 3442 panem;
1210 3373 1376 3426 immo
1404 3372 1555 3440 panis
1585 3369 1702 3441 ipse

109 3459 355 3518 Salvator
381 3473 485 3529 est,
514 3465 652 3520 sicut
675 3465 858 3521 docuit
883 3466 1070 3521 dicens
1098 3484 1110 3520 :
1143 3464 1255 3536 Ego
1284 3482 1396 3519 sum
1419 3466 1587 3536 panis,
1613 3462 1700 3536 qui

107 3555 164 3608 de
181 3556 305 3611 ctelo
332 3554 579 3639 descendi
598 3557 777 3632 (Joan.
802 3576 875 3625 vr,
900 3540 1016 3629 λι).
1044 3557 1119 3615 De
1138 3576 1243 3630 quo
1267 3573 1405 3629 pane
1420 3557 1549 3614 dicit
1566 3557 1700 3613 Pro-

107 3647 257 3716 pheta
289 3667 301 3703 :
334 3648 405 3704 Et
421 3653 570 3721 panis
595 3668 683 3708 cor
710 3654 931 3708 hominis
958 3654 1229 3724 conﬁrmat
1252 3652 1421 3733 (Psal.
1446 3668 1559 3719 CIII,
1584 3652 1697 3723 15).

173 3742 223 3798 5.
260 3743 387 3814 Quo
414 3760 543 3819 ergo
586 3746 717 3802 mihi
760 3762 979 3818 panem,
1018 3762 1184 3819 quem
1226 3746 1387 3800 oll‘ert
1427 3745 1699 3811 diabolus,

106 3849 222 3892 cum
246 3818 499 3895 habeam
517 3840 732 3911 panem,
763 3858 926 3911 quem
968 3818 1226 3896 Christus
1258 3840 1537 3911 inipartit?
1582 3830 1703 3906 Quo

109 3932 234 3986 mihi
264 3934 475 4001 cibum,
524 3944 750 4007 propter
780 3950 943 4017 quem
990 3934 1384 4005 protOpIastnm
1414 3920 1700 4021 deiectum

108 4026 353 4095 memini,
384 4027 530 4083 Esau
561 4029 853 4099 primitivis
886 4010 1193 4085 fraudatum
1239 4030 1373 4103 vidi,
1404 4010 1595 4085 Iudam
1624 4014 1703 4084 ls-

108 4120 312 4177 cariotli
360 4120 686 4189 proditionis
716 4122 929 4178 scelere
960 4104 1321 4178 denotatumi
1349 4112 1522 4178 Adam
1553 4122 1698 4177 enini

110 4227 200 4282 per
229 4228 415 4269 escam
460 4214 767 4285 paradisum
802 4215 1058 4287 perdidit,
1091 4217 1234 4272 Esau
1263 4233 1359 4287 per
1390 4217 1589 4273 lentem
1613 4216 1705 4273 Iso-

109 4320 292 4360 norem
327 4306 596 4378 primatus
626 4309 831 4375 amisit,
861 4308 1028 4365 .Iudas
1058 4326 1153 4379 per
1185 4310 1451 4366 bucellam
1484 4321 1705 4380 aposto-

106 4396 244 4455 latus
273 4400 511 4456 sublime
541 4402 833 4472 deposuit;
864 4420 926 4458 ex
953 4418 1059 4474 quo
1081 4388 1225 4459 enim
1256 4386 1526 4460 bucellam
1556 4419 1705 4460 surn-

107 4491 236 4561 psit,
265 4508 374 4549 non
390 4493 986 4567 jamapostulnscmpit
1006 4512 1152 4568 esse,
1183 4496 1279 4553 sed
1311 4498 1575 4568 proditor.
1612 4497 1704 4554 Sic

107 4585 250 4640 enim
282 4588 552 4659 scriptum
584 4589 753 4645 habes
775 4632 791 4657 ,
831 4576 1050 4645 dicente
1106 4566 1340 4645 Domino
1378 4607 1389 4645 :
1421 4570 1515 4646 Cui
1544 4591 1704 4646 intin-

1808 3364 2096 3419 numerum
2130 3364 2239 3419 non
2281 3362 2405 3420 esse
2428 3363 2496 3420 ab
2523 3360 2842 3421 hominibus
2883 3365 3266 3433 constitutum,
3309 3352 3410 3425 sed

1805 3456 2065 3512 divinitus
2118 3454 2544 3512 consecratum:
2596 3472 2696 3513 nec
2747 3440 2965 3513 terrena
2998 3448 3023 3495 εί
3075 3459 3411 3531 cogitatione

1807 3550 2111 3619 inventum,
2151 3546 2245 3607 Sed
2269 3530 2484 3606 ctelesti
2526 3532 2813 3622 majestate
2844 3562 3209 3627 prmceptum.
3237 3537 3415 3625 Atque

1807 3643 1930 3700 ideo
1970 3644 2060 3715 qui
2095 3628 2456 3699 COIlSlilulUIll
2492 3642 2779 3699 numerum
2810 3659 2915 3698 una
2944 3628 3031 3698 die
3251 3638 3412 3700 man-

1805 3736 2054 3794 ducando
2084 3738 2346 3807 prieterit,
2377 3753 2483 3793 non
2516 3740 2573 3793 ut
2603 3718 2765 3793 unius
2789 3735 2895 3792 diei
2927 3734 3162 3793 violator
3191 3753 3414 3795 accusa-

1806 3841 1916 3899 tur,
1950 3814 2045 3887 sed
2071 3806 2128 3887 ut
2156 3831 2321 3887 totius
2344 3826 2771 3913 quadragesimae
2818 3826 3201 3913 transgressor
3224 3806 3411 3913 argiti-

1807 3936 1913 3981 tur.
1950 3924 2100 3981 Unde
2150 3925 2349 3979 bonum
2397 3922 2481 3978 est
2508 3904 2761 3999 hoiniirilt
2788 3914 2847 3977 ut
2874 3920 2942 3977 ad
2974 3920 3125 3999 dieﬁt
3172 3904 3291 3977 sine
3331 3904 3412 3975 lti-

1808 4017 1943 4073 bore
1965 4015 2202 4089 jejunet,
2246 4022 2301 4071 et
2347 4010 2516 4097 totib‘s
2565 3994 3001 4093 quadragesimae
3044 3994 3414 4087 consequatur

1805 4106 2010 4183 piriter
2038 4106 2411 4165 sanctitatem.
2618 4115 2800 4164 autetn
2843 4100 3090 4187 nontam
3146 4104 3411 4189 sacerdo-

1807 4180 1920 4262 tuin
1976 4198 2271 4277 prmcepta,
2299 4204 2459 4283 Quam
2491 4180 2583 4259 Dei
2612 4190 2759 4259 sunt.
2806 4196 2995 4283 Atque,
3016 4182 3141 4281 ideo
3168 4201 3260 4272 qui
3295 4180 3414 4283 haec

1806 4299 2040 4372 spernit,
2072 4314 2180 4353 non
2209 4278 2553 4353 sacerdotem
2582 4292 2819 4368 spernit,
2851 4278 2945 4351 sed
2982 4278 3283 4358 CbriStum,
3319 4280 3411 4365 qui

1806 4392 1989 4467 insuo
2019 4370 2262 4462 loquitur
2296 4376 2607 4467 sacerdote.
3052 4464 3057 4467 _
3142 4462 3151 4467 _
3282 4464 3285 4467 _

1876 4466 1931 4539 ἒ.
1964 4466 2261 4567 Videamus
2312 4462 2476 4553 igitur
2515 4498 2624 4553 quo
2658 4470 2903 4552 tempore
2933 4464 3074 4567 hanc
3102 4462 3409 4537 observan-

1810 4570 1937 4638 tiam
1963 4566 2121 4637 nobis
2145 4560 2399 4636 indixerit
2424 4566 2709 4645 Dominus,
2736 4576 2906 4633 Sinon
2932 4560 3100 4633 veluti
3130 4574 3226 4649 per
3252 4568 3415 4649 istam

106 4687 240 4732 ctum
271 4642 461 4752 pane-in
498 4681 712 4749 dedero,
747 4683 859 4755 ipse
891 4700 971 4737 me
1008 4668 1192 4739 tradet.
1232 4683 1295 4738 Et
1318 4684 1561 4739 οοηιεηιιο
1590 4694 1703 4758 ροσε
1729 4685 1781 4747 D
1808 4675 2155 4732 devotionem
2207 4680 2402 4758 cuncta
2433 4664 2705 4728 elementa
2734 4668 2973 4726 voluerit
3001 4654 3213 4758 habere
3237 4642 3416 4745 piole-

107 4768 357 4826 burellam
376 4773 583 4829 intravit
607 4776 658 4829 in
684 4775 837 4830 illum
862 4776 1087 4831 Satanas
1107 4773 1285 4848 (Joan.
1305 4792 1423 4844 xm,
1447 4775 1563 4847 26).
1586 4776 1701 4832 Non

106 4862 279 4920 bonus
306 4848 481 4929 cibus.
507 4880 628 4939 post
656 4885 818 4942 quem
851 4881 1077 4943 negatur
1096 4871 1381 4938 Dominus,
1398 4882 1520 4943 post
1541 4887 1703 4944 quem

110 4954 418 5027 ingreditur
465 4961 719 5018 inimicus
750 4979 764 5028 ;
791 4977 898 5018 non
945 4960 1124 5019 bonus
1162 4965 1340 5032 cibus,
1381 4960 1511 5035 post
1543 4980 1703 5035 quem

107 5040 363 5109 Christus
383 5057 684 5127 respuitur,
713 5057 1006 5113 devoratur
1033 5040 1424 5114 Antichristns.
1459 5057 1578 5114 Non
1614 5059 1708 5113 bo-

110 5162 212 5203 nus
241 5144 421 5215 cibus,
446 5152 536 5222 qui
558 5151 939 5209 benedictione
963 5163 1135 5215 caret.
1168 5152 1544 5210 tnaiedictione
1560 5169 1709 5209 com-

110 5243 313 5312 pletur.
348 5246 440 5302 Illa
467 5262 602 5319 ergo
632 5264 756 5305 esca
795 5250 956 5306 nobis
988 5250 1304 5307 necessaria
1338 5258 1445 5318 est,
1478 5242 1599 5321 quae
1629 5249 1710 5304 vi-

111 5344 218 5392 tam
239 5328 615 5412 priestat,qua2
644 5344 879 5397 animam
902 5343 1104 5413 pascit;
1136 5330 1439 5413 postquam
1468 5332 1716 5412 sequitur

112 5431 391 5502 Christus,
425 5434 684 5492 inimicus
709 5436 1043 5492 excluditur.
1078 5422 1229 5491 Illam
1253 5452 1437 5491 escam
1470 5436 1719 5507 accipere

111 5521 402 5595 debemus,
431 5543 594 5600 quam
622 5527 896 5595 Salvator,
920 5543 1026 5583 non
1054 5526 1305 5583 diabolus
1323 5527 1717 5599 subsequatur;

146 5711 212 5786 ,ι
247 5678 388 5788 ’ἓξ-(ξε
415 5721 571 5776 mss.,
618 5707 932 5782 cogitatione
976 5706 1272 5774 initiatum;
1305 5721 1470 5775 unus,
1519 5707 1720 5778 cogita-

117 5784 493 5834 tione.initum.

187 5822 577 5929 fﬁéil'éit'n.,
600 5861 655 5905 ut
685 5851 1070 5929 dictamnumer
1083 5871 1167 5929 um
1196 5855 1304 5929 sine
1331 5851 1544 5908 labore:
1570 5848 1728 5904 Rom.

124 5928 183 5978 ut
212 5918 421 5976 dictum
447 5938 716 5980 numerum
742 5924 810 5980 ad
840 5925 978 5979 diem
999 5922 1109 5980 sine
1148 5924 1321 5983 labore
1338 5941 1357 5992 ;
1388 5936 1583 5981 omnes
1608 5934 1737 5977 vero

1810 4770 1981 4837 ctum.
2006 4769 2149 4825 Ecce
2176 4766 2320 4824 eniin
2346 4756 2369 4797 δ
2396 4776 2452 4822 ιιι
2477 4764 2531 4821 in
2556 4758 2699 4845 diem
2720 4748 3162 4837 quadragesima,
3185 4754 3422 4853 έρηέῑτί-

1813 4876 1899 4920 cta
1934 4856 2154 4918 hiemali
2178 4860 2302 4934 gelu
2326 4860 2471 4917 terra
2492 4858 2809 4941 resolvitur,
2836 4870 2892 4917 et
2920 4877 3185 4933 aquarum
3215 4848 3417 4915 lluenta

1813 4957 2027 5015 meatus
2055 4970 2204 5023 suos,
2223 4954 2396 5025 glacie
2420 4942 2735 5026 liquefacta,
2768 4950 3072 5027 recipiunt;
3100 4955 3179 5013 sic
3202 4944 3419 5035 quoque

1812 5066 2104 5122 corporum
2136 5058 2452 5104 nostrorum
2478 5046 2585 5103 hoc
2615 5047 2807 5103 eodem
2842 5042 3091 5119 tempore
3135 5054 3419 5122 contracta

1814 5126 2116 5203 sceleribus
2146 5154 2368 5216 peccata
2410 5138 2720 5223 solvuntur,
2764 5138 2820 5221 et
2848 5143 2973 5197 vita:
3004 5132 3204 5196 nostra;
3231 5118 3420 5221 purior

1815 5255 2030 5306 cursus,
2067 5237 2359 5310 liquefacto
2388 5238 2569 5317 rigore
2599 5228 2829 5303 diaboli,
2863 5230 3283 5317 iiteatum‘suum
3312 5228 3422 5311 pri-

1816 5333 2018 5388 stinum
2052 5326 2415 5403 recognoscit.
2441 5310 2639 5397 Terra,
2672 5320 2916 5411 inquam,
2945 5302 2999 5382 In
3019 5308 3163 5381 dicta
3188 5318 3425 5411 quadra}

1817 5424 2024 5501 gesima
2076 5427 2434 5497 asperitatem
2488 5406 2712 5494 deponit
2767 5414 2996 5487 hiemis,
3046 5436 3149 5492 ego
3198 5406 3423 5477 indicati

1821 5520 2242 5597 quadragesima
2296 5519 2649 5592 asperitatem
2702 5513 2895 5586 rejicio
2922 5512 3273 5571 delictorum.
3328 5511 3425 5571 Illa

1825 5702 2219 5780 nissmdietum
2245 5693 2845 5780 numerumrej'iciunt.’
2966 5756 2999 5780 J
3180 5752 3214 5780 ζ.
3300 5750 3327 5780 ,ἶ

1910 5744 2328 5829 ἔ
2361 5744 2449 5824 hic
2476 5744 2699 5848 etidfra
2724 5756 3059 5848 coniunctim
3086 5750 3435 5848 scriliuntjn-

1837 5846 2014 5911 dicta;
2042 5858 2176 5912 mss.
2208 5851 2386 5897 autem
2420 5838 3018 5912 partiur_conjuugunt,
3068 5838 3268 5912 partim
3296 5838 3440 5898 divi-

1837 5917 1973 5974 dunt
2000 5911 2247 5974 eamdem
2272 5927 2481 5970 vocem.
