3944 6310
101 373 192 429 665

914 361 1284 419 SERMONES
1324 361 1382 418 S.
1419 360 1768 418 AMBROSIO
1811 362 2178 422 HACTENUS
2219 363 2562 421 ASCRIPTI.

3281 356 3390 414 666

104 491 372 563 requiritis
404 487 690 543 carnalem.
739 483 872 552 Quis
903 482 1064 538 modo
1095 484 1146 537 in
1196 490 1341 537 tanta
1374 481 1531 550 plebe
1573 488 1679 545 est,
1711 482 1761 542 Α
1789 481 2025 550 Patrem,
2059 484 2385 539 audierunt:
2414 483 2476 538 Si
2488 481 2631 538 Deus
2647 480 2808 536 Pater
2828 488 2992 535 vester
3016 489 3169 545 esset,
3199 478 3389 549 dilige-

102 585 183 656 qui
209 585 250 638 si
271 583 505 638 deberet
528 594 630 632 non
655 577 855 642 occidi,
885 575 978 630 sed
1007 575 1182 629 solum
1207 573 1398 629 oculos
1419 573 1650 643 perdere
1667 615 1683 638 ,

105 689 276 734 etnon
333 674 508 737 daret,
542 681 599 726 ut
629 668 928 741 periculum
964 667 1198 723 evadere
1247 675 1454 737 posset,
1502 664 1686 719 omnia

102 784 212 840 qua:
238 765 508 822 haberet?
536 764 601 818 Et
630 765 673 818 si
709 765 779 817 ita
807 761 1007 817 timetis
1034 772 1266 817 mortem
1291 761 1492 826 carnis,
1519 775 1686 829 quare

105 875 201 914 non
245 857 482 913 timeatis
510 856 706 911 anima:
754 864 1026 920 mortem;
1063 853 1298 908 maxime
1341 869 1463 909 cum
1497 852 1686 907 mortis

99 952 264 1020 dolor,
297 953 350 1008 id
388 961 491 1019 est,
531 950 732 1016 carnis,
787 965 892 1003 non
923 950 995 1002 sit
1039 949 1203 1002 unius
1235 947 1418 1012 horae;
1451 958 1503 1001 et
1535 962 1686 1001 mors

99 1049 306 1113 animm,
351 1047 401 1102 id
431 1056 535 1111 est,
577 1046 774 1110 luctus,
822 1055 872 1098 et
928 1057 1112 1112 paena,
1147 1055 1442 1111 numquam
1489 1041 1685 1096 habeat

98 1141 292 1196 ﬁnem?
340 1141 404 1195 Et
447 1141 490 1194 si
536 1140 606 1194 ita
635 1138 833 1192 amatis
869 1137 1060 1193 oculos
1095 1137 1364 1204 corporis,
1397 1152 1533 1207 quos
1573 1136 1683 1189 cito

96 1233 367 1289 moriendo
393 1233 618 1303 perditis
643 1275 657 1297 ,
689 1246 859 1304 quare
888 1246 994 1285 non
1026 1230 1267 1300 diligatis
1296 1229 1490 1283 oculos
1520 1227 1683 1298 spiri-

91 1326 240 1392 tales,
281 1326 479 1396 quibus
508 1327 675 1382 Deum
721 1340 786 1380 ac
817 1325 1108 1380 Dominum
1141 1330 1380 1379 vestrum
1409 1321 1528 1377 sine
1573 1322 1680 1376 fine

91 1419 268 1476 videre
297 1420 562 1475 valeatis?

152 1514 203 1567 4.
245 1514 556 1584 Operamini
588 1523 944 1584 quapropter.
975 1512 1162 1566 dilecti
1212 1511 1264 1565 in
1297 1510 1525 1565 Domino
1557 1508 1672 1575 filii,

85 1607 371 1676 operamini
394 1606 522 1661 dum
553 1605 671 1660 dies
699 1615 817 1670 cst;
844 1607 968 1676 quia
996 1617 1053 1659 ut
1075 1605 1202 1659 dicit
1223 1603 1473 1659 Christus
1493 1604 1678 1658 Domi-

84 1716 176 1756 nus
213 1711 438 1757 noster:
477 1701 623 1755 Venit
668 1717 794 1768 nox,
850 1703 900 1754 in
929 1717 1032 1770 qua
1082 1716 1230 1754 nemo
1259 1708 1420 1771 potest
1468 1697 1676 1767 Operari

83 1793 267 1865 (Joan.
295 1810 376 1860 ιχ,
409 1793 503 1864 4).
541 1792 670 1848 Dies
694 1803 777 1848 est
805 1793 914 1847 vita
943 1806 1211 1862 prtesens,
1243 1806 1346 1845 nox
1377 1800 1463 1845 est
1499 1805 1669 1854 mors,

1786 577 1909 631 retis
1932 578 2104 649 utique
2128 594 2208 632 me
2238 576 2433 648 (Ibid.,
2467 575 2593 646 49.).

1857 675 1914 729 2.
1949 673 2042 728 llis
2065 672 2243 726 verbis
2266 671 2610 743 apertissime
2641 669 3048 724 demonstratur
3073 665 3218 737 quod
3253 663 3387 720 mali

1787 778 1842 825 et
1873 767 2074 838 cupidi,
2106 780 2204 821 nec
2224 764 2483 827 Abrahae,
2513 778 2614 818 nec
2643 762 2741 818 Dei
2774 762 2868 816 filii
2907 762 3038 816 sint.
3068 760 3202 816 Nam
3232 757 3392 828 cujus

1788 861 1879 917 filii
1917 862 2047 925 sint,
2083 859 2364 929 sequentia
2412 856 2767 912 manifestant
2797 872 2812 921 ;
2845 856 2922 909 ait
2959 855 3102 910 enim
3135 869 3150 907 :
3191 856 3297 911 Vos
3325 867 3391 907 ea:

1786 966 1931 1026 patre
1975 954 2178 1009 diabolo
2206 953 2348 1008 'estis
2386 951 2596 1025 (lbid.,
2629 949 2699 1006 44
2723 949 2767 1019 ).
2822 950 2900 1005 Ac
2947 951 2992 1004 si
3045 949 3192 1004 dieat
3227 966 3241 1002 :
3273 945 3387 1002 Cur

1786 1060 1992 1121 patrem
2034 1047 2276 1111 mutatis,
2312 1061 2457 1100 nunc
2490 1043 2787 1109 Abraham,
2839 1057 2983 1097 nunc
3029 1041 3244 1097 Deum?
3271 1039 3386 1110 Ego

1784 1145 1935 1199 vobis
1964 1141 2247 1197 ostendam
2275 1149 2482 1210 patrem
2509 1147 2749 1194 vestrum
2775 1156 2786 1189 :
2811 1146 2966 1205 pater
2986 1147 3171 1192 vester
3194 1135 3389 1190 diabo-

1781 1237 1864 1292 lus
1881 1245 1962 1291 est
1980 1279 1995 1303 ,
2026 1251 2130 1288 non
2154 1233 2413 1300 creando,
2433 1233 2527 1289 sed
2547 1230 2893 1302 dccipiendo.
2910 1230 3126 1300 Fugite,
3151 1229 3348 1285 fratres
3365 1270 3383 1292 ,

1782 1330 1942 1383 talem
1985 1337 2194 1398 patrem
2223 1344 2235 1380 :
2268 1325 2459 1397 fugite,
2491 1325 2632 1379 sicut
2662 1323 2931 1394 Propheta
2979 1322 3275 1378 admonet:
3309 1321 3388 1376 ait

1779 1423 1963 1478 enim:
2001 1421 2309 1475 Obliviscere
2360 1418 2612 1491 papulunt
2659 1427 2825 1484 tuum,
2861 1424 2909 1470 et
2958 1416 3169 1470 domum
3220 1415 3384 1482 patris

1779 1516 1855 1570 tui
1905 1513 2097 1578 (Psal.
2147 1529 2314 1580 xtvtt,
2366 1513 2426 1569 il
2455 1513 2496 1582 ).
2535 1511 2800 1580 Populum
2851 1517 3010 1565 vocat
3040 1507 3166 1562 vitia
3214 1516 3380 1578 atque

1779 1620 1996 1680 peccata
2032 1627 2044 1662 :
2079 1608 2298 1663 domum
2332 1622 2459 1662 vero
2488 1605 2666 1660 Patris
2696 1605 2828 1659 dicit
2855 1603 3145 1668 mundum,
3191 1603 3242 1656 itt
3271 1615 3382 1670 quo

1778 1712 1965 1772 regnat
1991 1701 2259 1756 diabolus.
2295 1699 2388 1754 Ille
2417 1698 2756 1754 obliviscitur
2790 1696 3044 1766 populum
3075 1709 3255 1758 suum,
3285 1693 3381 1764 qui

1777 1795 2040 1863 relinquit
2071 1795 2195 1849 vitia
2221 1810 2315 1848 sua
2344 1810 2356 1847 :
2388 1802 2443 1849 et
2469 1793 2556 1846 ille
2589 1791 2931 1846 obliviscitur
2958 1790 3178 1846 domum
3201 1787 3382 1843 Patris

82 1897 131 1942 et
149 1896 358 1956 tempus
384 1895 506 1956 post
537 1897 794 1943 mortem.
826 1885 884 1942 Si
919 1895 1042 1956 post
1075 1887 1212 1940 hanc
1247 1887 1414 1939 vitam
1452 1900 1558 1939 non
1589 1895 1673 1940 est
1704 1876 1751 1936 B
1779 1893 1882 1953 sui,
1914 1890 2003 1958 qui
2045 1889 2226 1944 mundi
2280 1888 2439 1958 hujus
2468 1887 2633 1942 falsas
2660 1884 2882 1942 divitias
2909 1885 3232 1950 contemnit,
3283 1898 3383 1953 per

80 1981 328 2050 operandi
378 1981 620 2046 licentia,
666 1981 810 2036 sicut
855 1980 1072 2036 Veritas
1116 1979 1284 2043 dicit;
1336 1994 1504 2048 quare
1561 1993 1669 2032 non

80 2075 280 2128 laborat
310 2073 702 2145 unusquisque,
734 2075 861 2129 dum
887 2083 1101 2144 tempus
1124 2073 1307 2138 habet,
1335 2073 1386 2128 id
1412 2083 1514 2139 est,
1541 2074 1668 2127 dum

79 2168 202 2222 vivit
230 2169 281 2223 in
315 2167 416 2223 hoc
437 2170 645 2224 saeculo
671 2168 694 2222 ?
722 2168 932 2224 Timete
965 2170 1125 2222 istam
1161 2175 1414 2233 mortem,
1455 2167 1667 2231 fratres,

79 2259 140 2316 de
173 2275 275 2331 qua
303 2259 436 2317 dicit
466 2260 718 2316 Salvator
746 2279 760 2315 :
801 2260 947 2315 Venit
971 2277 1095 2326 nox,
1127 2260 1179 2313 in
1214 2277 1317 2330 qua
1338 2276 1484 2314 nemo
1509 2269 1669 2330 potest

79 2356 296 2425 aperari.
343 2354 547 2411 Omnes
578 2357 667 2425 qui
702 2356 907 2410 malum
963 2363 1280 2425 operantur,
1336 2370 1444 2409 non
1479 2356 1671 2409 timent

78 2450 226 2504 istam
249 2458 502 2516 mortem,
534 2459 587 2505 et
611 2450 680 2502 ob
705 2449 806 2504 hoc
828 2451 895 2504 ab
920 2451 1020 2504 hac
1047 2451 1152 2503 vita
1179 2451 1498 2521 migrantes,
1525 2466 1671 2503 mor-

81 2555 181 2599 tem
214 2545 500 2599 inveniunt
531 2545 946 2614 sempiternam.
979 2544 1273 2610 Laborate,
1295 2544 1426 2598 dum
1455 2543 1666 2610 vivitis,

77 2638 164 2693 sed
195 2639 426 2692 maxime
455 2637 541 2692 his
590 2638 804 2704 diebus,
835 2638 1132 2708 jejunantlo
1162 2653 1188 2690 a
1222 2637 1470 2692 delicatis
1496 2638 1664 2702 cibis,

78 2741 125 2785 et
150 2730 293 2784 omni
325 2739 575 2801 tempore
594 2730 920 2786 abstinendo
947 2746 974 2784 a
1008 2730 1173 2786 vitiis.
1207 2729 1484 2801 Siquidem
1508 2743 1558 2786 et
1591 2731 1668 2786 illi

79 2823 434 2892 quijejunant
485 2839 514 2877 a
561 2824 706 2890 cibo,
765 2833 819 2878 et
871 2838 976 2877 non
1027 2840 1087 2879 se
1135 2824 1470 2878 abstinente
1501 2824 1664 2890 malo,

75 2917 272 2972 siini'cs
301 2927 429 2972 sunt
450 2917 692 2985 diabolo,
728 2918 820 2989 qui
845 2933 950 2972 non
982 2919 1294 2984 manducat,
1334 2927 1390 2972 et
1422 2927 1598 2974 tamen
1637 2933 1667 2972 a

77 3011 209 3063 malo
241 3027 349 3064 non
380 3019 578 3065 cessat.
615 3011 857 3081 Denique
890 3013 1151 3066 noveritis
1183 3011 1310 3081 quia
1342 3010 1487 3080 quod
1512 3011 1671 3065 vobis

75 3104 725 3175 subtrahitisjejunando,
751 3105 803 3159 in
831 3105 1030 3161 cmlum
1055 3104 1267 3160 debetis
1295 3106 1666 3160 transmittere

78 3212 164 3266 per
194 3213 484 3267 pauperes.

1774 2001 1908 2055 quas
1935 2000 2059 2040 eum
2084 1983 2332 2039 diabolus
2350 1991 2497 2038 tenet
2519 1981 2817 2052 captivum.
2850 1981 3001 2036 Patet
3023 1978 3166 2051 quod
3189 1977 3383 2033 diabo-

1774 2080 1857 2136 lus
1882 2095 1988 2135 non
2010 2079 2181 2149 diligit
2203 2078 2338 2132 filios
2353 2092 2502 2143 suos,
2524 2077 2618 2131 sed
2637 2076 2786 2140 odit;
2806 2077 2926 2147 quia
2953 2089 3060 2130 non
3077 2081 3248 2138 amat,
3267 2072 3372 2126 nisi

1773 2187 1824 2231 ut
1861 2175 2091 2245 perdat;
2139 2174 2280 2228 sicut
2315 2182 2459 2227 amat
2489 2172 2634 2241 gluto
2664 2171 2980 2241 porcellum,
3016 2179 3069 2222 ut
3100 2166 3376 2225 comedat.

1845 2275 1898 2329 5.
1939 2273 2138 2328 Cavete
2163 2274 2180 2342 (
2207 2288 2413 2340 xxn,q.
2437 2271 2529 2335 55,
2555 2287 2602 2324 ε.
2631 2269 2890 2336 Cavete),
2916 2263 3378 2327 fratres.meudao

1770 2369 1958 2430 cium;
1986 2367 2110 2437 quia
2157 2379 2351 2419 omnes
2379 2363 2468 2433 qui
2515 2371 2699 2416 amant
2733 2359 3076 2416 mendacium
3108 2357 3201 2411 filii
3250 2364 3381 2410 sunt

1770 2463 2011 2527 diaboli;
2063 2461 2151 2532 qui
2201 2475 2309 2514 non
2360 2458 2534 2514 solum
2583 2455 2816 2510 mendax
2848 2464 2963 2518 est,
2997 2451 3091 2507 sed
3121 2451 3285 2506 etiam
3319 2456 3376 2501 et

1772 2565 1926 2626 pater
1957 2564 2013 2610 et
2042 2555 2293 2607 inventor
2325 2550 2496 2620 ipsius
2534 2547 2803 2603 mendacii
2840 2555 2952 2601 est:
2990 2543 3169 2598 omnis
3205 2541 3378 2595 simu-

1769 2649 1918 2709 latio,
1953 2659 2009 2704 et
2037 2647 2212 2702 omnis
2242 2644 2533 2714 duplicitas
2565 2641 2912 2698 mendacium
2945 2647 3030 2694 est
3059 2655 3070 2691 :
3105 2652 3236 2706 ergo
3265 2650 3375 2691 non

1774 2742 1950 2796 Solum
1983 2741 2036 2796 in
2071 2739 2221 2794 falsis
2250 2737 2453 2802 verbis,
2484 2738 2578 2792 sed
2604 2737 2770 2790 etiam
2803 2735 2856 2789 in
2885 2731 3158 2788 simulatis
3185 2729 3372 2800 operi-

1772 2835 1872 2890 bus
1906 2833 2246 2889 mendacium
2293 2830 2705 2899 comprobatur.
2756 2825 3098 2883 Mendacium
3143 2837 3378 2892 namque

1769 2939 1853 2986 est
1869 2928 2227 2984 christianum
2247 2939 2306 2980 se
2322 2924 2524 2986 dicere,
2548 2932 2603 2977 et
2625 2937 2788 2991 opera
2813 2918 3018 2975 Christi
3033 2932 3140 2973 non
3161 2918 3339 2972 facere
3361 2934 3375 2969 :

1771 3022 2111 3080 mendacium
2136 3028 2221 3077 est
2239 3018 2581 3075 sacerdotem
2611 3017 2697 3071 vel
2728 3015 2985 3070 clericum
3011 3029 3070 3068 se
3105 3011 3376 3081 profiteri.

1769 3127 1824 3174 et
1847 3116 2119 3174 contraria
2149 3115 2272 3169 huic
2294 3111 2472 3167 ordini
2500 3109 2740 3180 Operari.
2770 3104 3218 3162 Pertimesceuda
3251 3113 3380 3158 sunt

1771 3210 1910 3276 haec,
1934 3208 2057 3281 quia
2075 3209 2236 3263 verba
2266 3207 2357 3262 Dei
2377 3214 2499 3260 sunt
2527 3221 2543 3270 ;
2571 3201 2646 3256 ait
2669 3201 2812 3257 enim
2830 3199 3124 3268 Propheta.
3145 3197 3338 3252 dicens
3363 3213 3379 3247 :

139 3291 189 3345 5.
231 3289 776 3345 llodicrnisermonis
793 3291 1240 3358 admonitionem,
1262 3291 1479 3357 fratres,
1500 3309 1666 3363 opere
1694 3278 1738 3339 (ἶ
1778 3278 1972 3364 perde;
1997 3323 2170 3361 onmes
2199 3306 2286 3374 qui
2319 3304 2600 3372 loquuntur
2627 3301 2952 3356 mendacium
2975 3299 2993 3368 (
3017 3298 3164 3352 Psal.
3194 3313 3248 3364 v,
3279 3294 3373 3366 7).

75 3383 306 3452 perficite
330 3402 346 3451 ;
376 3401 443 3440 ne
471 3384 787 3441 Judteorum
819 3402 984 3457 super
1011 3402 1108 3440 vos
1128 3388 1308 3441 veniat
1331 3388 1661 3442 maledictio.

79 3476 326 3532 Dixerunt
371 3479 516 3532 enim
549 3493 695 3534 cmco
724 3495 738 3533 :
769 3479 850 3533 Tu
879 3479 1168 3551 discipulus
1201 3483 1313 3551 ejus
1349 3481 1419 3533 sis
1461 3478 1663 3552 (lbitl.,

74 3567 186 3640 28).
211 3570 350 3638 Quid
378 3580 462 3626 est
484 3570 808 3641 discipulum
824 3587 944 3626 esse
962 3571 1184 3636 Christi,
1216 3571 1318 3626 nisi
1339 3571 1664 3642 discipulum

74 3676 185 3717 esse
214 3663 432 3732 pictatis
455 3673 510 3718 et
535 3665 777 3720 veritatis
804 3677 859 3721 et
887 3667 1255 3721 humilitatis?
1286 3665 1368 3720 illi
1411 3665 1667 3720 dixerunt

74 3754 168 3810 hoc
218 3757 583 3813 maledicendi
619 3769 781 3823 voto;
815 3759 910 3814 sed
961 3777 1156 3831 magna
1200 3769 1281 3815 est
1329 3759 1664 3828 benedictio,

71 3866 220 3922 quam
253 3856 371 3926 ipse
397 3856 551 3911 vobis
571 3857 838 3913 concedat
863 3857 1100 3928 assequi,
1125 3856 1214 3927 qui
1245 3855 1376 3910 vivit
1395 3865 1448 3911 et
1479 3864 1666 3924 regnat

74 3960 162 4014 per
191 3947 406 4004 infinita
435 3951 634 4008 saecula
669 3951 1017 4007 smculorum.

546 4087 708 4162 432
741 4089 977 4146 SERMO
1006 4089 1178 4145 xxx.

399 4204 474 4260 De
513 4216 701 4263 sancta
733 4207 1160 4278 Quadragesima
1191 4206 1333 4262 XIV.

70 4317 406 4393 Evangelium
432 4323 567 4377 unde
610 4323 731 4377 huic
761 4325 983 4377 sermoni
1003 4323 1173 4378 thema
1201 4323 1504 4388 desumitur,
1533 4336 1666 4374 nunc

128 4413 180 4468 in
208 4414 486 4470 Dominica
541 4414 806 4470 Passionis
861 4417 1088 4486 legitur;
1135 4416 1187 4468 in
1233 4413 1440 4468 Missali
1490 4423 1665 4466 autem

133 4509 497 4573 Ambrosiano,
529 4519 576 4562 et
608 4513 740 4580 forte
766 4508 920 4562 etiam
951 4509 1002 4560 in
1026 4507 1320 4571 Gallicana,
1354 4505 1667 4559 recitabatur

133 4599 409 4657 Dominica
446 4603 675 4658 secunda
721 4600 1152 4670 quadragesima,
1191 4616 1343 4668 quant
1393 4608 1665 4670 prapterea

129 4693 461 4750 Dominicam
486 4696 553 4751 de
577 4693 848 4750 Abraham
864 4693 1118 4766 appellari
1139 4693 1191 4746 in
1213 4707 1352 4745 more
1381 4701 1512 4746 erat.
1542 4689 1664 4744 Non

131 4789 413 4845 habebatur
433 4792 486 4844 in
503 4788 855 4844 vetustisedit.
885 4788 966 4840 hic
990 4785 1125 4840 idem
1146 4801 1336 4852 sermo;
1357 4794 1401 4838 et
1430 4785 1662 4852 quamvis

135 4883 354 4937 editores
383 4879 594 4936 Decreti
620 4898 736 4935 eum
762 4881 814 4934 in
849 4878 1111 4933 Vaticanis
1141 4876 1406 4931 codicibus
1448 4876 1665 4928 inveniri

130 4975 491 5043 testi/icentur,
506 4974 584 5028 vel
595 4975 708 5028 sola
729 4973 969 5027 dictionis
984 4973 1250 5025 humilitas
1266 4969 1470 5023 abunde
1484 4969 1664 5038 probat

130 5067 276 5120 illum
308 5067 571 5120 Ambrosii
613 5081 892 5134 numquam
931 5063 1109 5135 fuisse.
1141 5061 1264 5116 Non
1301 5073 1501 5115 tantum
1548 5077 1665 5115 vero

129 5162 216 5214 ille
244 5161 441 5214 recedit
486 5177 519 5214 a
547 5160 681 5230 stylo
728 5158 962 5217 Ctesarii,
989 5158 1140 5222 cuius
1179 5157 1333 5210 etiam
1375 5157 1428 5209 in
1470 5172 1662 5209 sermo-

131 5254 279 5308 nibus
325 5270 492 5308 unum
513 5252 785 5316 habemus,
833 5253 922 5321 qui
967 5249 1148 5323 primis
1197 5249 1361 5303 verbis
1411 5265 1527 5302 cum
1567 5247 1664 5301 hoc

129 5355 399 5416 congruat.

132 5461 184 5513 t.
228 5459 462 5520 Scitote,
510 5458 727 5520 fratres,
761 5457 1018 5528 quoniam
1049 5456 1204 5526 cujus
1232 5471 1396 5526 Opera
1433 5461 1666 5528 quisque

65 5549 209 5616 facit,
227 5552 351 5622 ejus
382 5560 437 5606 et
463 5550 607 5606 filius
633 5561 876 5606 vocatur.
899 5549 1053 5606 Unde
1071 5558 1126 5604 et
1148 5550 1320 5605 Judaei
1349 5565 1474 5605 cum
1499 5551 1668 5606 dixis-

67 5653 185 5698 sent
206 5653 416 5712 patrem
436 5659 591 5699 suum
607 5660 729 5700 esse
745 5643 1041 5710 Abraham,
1063 5645 1391 5698 audierunta
1415 5645 1664 5711 Domino,

67 5735 206 5790 sicut
231 5745 359 5790 ante
389 5737 550 5789 verba
588 5737 863 5807 Evangelii
893 5736 1038 5807 quod
1087 5751 1230 5792 nunc
1257 5737 1504 5800 audistis,
1535 5737 1670 5808 legi-

71 5839 157 5882 tur
181 5846 195 5882 :
225 5828 288 5883 Si
314 5827 415 5896 ﬁlii
437 5828 657 5883 Abralue
682 5831 823 5896 estis,
854 5847 1010 5899 Opera
1039 5831 1257 5884 Abrahte
1286 5831 1438 5901 facite
1467 5827 1664 5901 (Joan,

71 5909 184 5990 but,
215 5921 285 5981 59
308 5919 350 5993 ὶ.
377 5922 479 5989 Qui
503 5938 624 5979 cum
650 5925 846 5979 iterum
877 5924 1148 5979 dixissent
1181 5922 1352 5979 Deum
1374 5939 1434 5978 se
1468 5924 1670 5979 habere

1770 3402 2116 3473 QuaprOpter
2146 3398 2396 3460 transite,
2443 3397 2659 3459 fratres,
2689 3411 2718 3449 a
2747 3393 3032 3449 mendacio
3072 3393 3138 3447 ad
3175 3392 3378 3446 verita-

1772 3507 1905 3560 tem,
1939 3497 1982 3550 si
2033 3511 2139 3550 non
2179 3493 2346 3548 vultis
2397 3492 2602 3546 habere
2647 3489 2924 3546 diabolum
2975 3496 3206 3556 patrem.
3240 3486 3377 3540 Nam

1769 3595 1913 3666 quod
1943 3594 2067 3649 alibi
2100 3594 2298 3663 legitur
2323 3611 2336 3646 :
2373 3592 2559 3647 Omnis
2590 3592 2744 3646 ltomo
2772 3587 2996 3641 mendax
3023 3584 3041 3656 (
3067 3581 3216 3636 Psal.
3248 3595 3374 3640 cxv,

1771 3689 1907 3752 Hi)
1937 3705 1950 3752 ;
1987 3686 2394 3756 intelligendum
2425 3693 2509 3739 est
2539 3684 2588 3738 in
2613 3689 2879 3752 quantum
2907 3677 3092 3740 homo,
3125 3674 3177 3728 in
3202 3687 3383 3743 quan-

1771 3789 1884 3834 tum
1915 3777 2172 3843 carnalis,
2204 3793 2308 3832 non
2341 3777 2394 3830 in
2425 3783 2688 3846 quantum
2721 3769 3008 3841 Spiritalis.

1840 3871 1894 3926 4.
1941 3871 2186 3939 Denique
2199 3879 2381 3924 monet
2397 3881 2494 3921 vos
2507 3864 2825 3934 evangelica
2841 3862 3024 3924 lectio,
3040 3867 3093 3911 ut
3111 3857 3380 3926 patientes

1769 3961 1908 4016 sitis.
1963 3961 2102 4016 Ecce
2131 3974 2254 4013 cum
2308 3958 2474 4012 multa
2506 3953 2752 4011 convicia
2788 3949 3048 4006 Dominus
3097 3961 3127 4000 a
3172 3943 3379 3999 Judwis

1769 4054 2036 4119 audisset,
2072 4053 2338 4121 patienter
2364 4065 2460 4104 eos
2493 4046 2768 4110 toleravit;
2803 4057 2850 4098 et
2883 4041 3154 4110 patienter
3193 4043 3380 4107 porta-

1770 4149 1867 4214 vit,
1899 4149 2168 4218 patienter
2191 4145 2428 4199 sustulit.
2462 4143 2531 4198 Et
2562 4142 2604 4196 si
2638 4139 2900 4195 Dominus
2938 4131 3255 4203 patientiam
3282 4129 3379 4184 ha-

1771 4240 1887 4294 buit
1915 4241 2056 4294 inter
2080 4238 2243 4293 verba
2272 4235 2650 4306 blasphemizc,
2682 4232 2774 4302 qui
2817 4243 2946 4284 suos
2983 4225 3236 4281 inimicos
3268 4239 3378 4277 ttno

1770 4334 1940 4388 verbo
1971 4342 2177 4402 poterat
2212 4332 2263 4386 in
2304 4330 2560 4402 abyssum
2593 4327 2917 4394 demergere
2944 4340 2958 4388 ;
2989 4334 3160 4392 quare
3190 4319 3377 4374 miseri

1773 4425 2044 4491 homines,
2102 4423 2244 4494 pleni
2305 4421 2564 4492 peccatis,
2597 4435 2704 4472 non
2763 4417 2967 4472 habent
3033 4414 3377 4487 patientiam,

1771 4521 1989 4592 quando
2017 4520 2150 4575 dura
2179 4517 2430 4581 audiunt,
2467 4517 2550 4569 vel
2585 4513 2806 4585 quando
2836 4527 2935 4582 pro
2971 4510 3086 4567 suis
3120 4509 3379 4580 iniquita-

1775 4615 1918 4669 tibus
1953 4611 2344 4679 corriguntur?

1696 4677 1743 4735 θ
1842 4708 1900 4763 5.
1943 4677 2151 4768 Videte,
2183 4703 2400 4766 fratres,
2433 4716 2501 4755 ue
2551 4715 2648 4770 per
2676 4714 2838 4768 opera
2885 4699 2968 4754 vel
3015 4693 3380 4766 cogitationes

1767 4801 1940 4856 malas
1988 4797 2238 4868 lapidetis
2293 4795 2502 4860 Jesum,
2559 4793 2812 4863 lapidetis
2864 4792 3211 4848 Salvatorem
3251 4803 3372 4840 cum

1765 4895 1970 4952 Judmis
1999 4892 2314 4954 incredulis,
2343 4891 2410 4945 de
2437 4889 2632 4959 quibus
2659 4888 2820 4943 hodie
2846 4887 3047 4941 dicitur
3076 4903 3088 4937 :
3123 4882 3375 4938 Tulerunt

1767 5007 1889 5061 ergo
1939 4988 2136 5060 lapides
2163 4985 2365 5052 Judaei,
2420 4996 2474 5039 ut
2497 4987 2736 5058 jacerent
2779 4984 2831 5036 in
2879 4997 2994 5035 eum
3027 4977 3221 5051 (Joan.
3256 4990 3374 5034 vttt,

1769 5085 1839 5142 59
1866 5086 1902 5153 ).
1936 5085 2101 5139 Forte
2129 5082 2311 5137 dicitis
2341 5099 2354 5135 :
2391 5079 2590 5135 Malunt
2624 5077 2874 5133 fecerunt
2899 5073 3096 5135 Judtei,
3127 5069 3219 5140 qui
3248 5081 3372 5122 eum

1766 5181 2009 5252 lapidare
2039 5177 2351 5240 voluerunt,
2380 5185 2433 5231 et
2460 5174 2553 5246 qui
2579 5190 2702 5229 eum
2730 5170 3140 5227 crucifixerunt.
3171 5163 3375 5218 Scitote

1768 5284 1823 5331 et
1852 5275 2079 5329 firmiter
2112 5270 2319 5327 credite
2347 5269 2471 5340 quia
2501 5271 2603 5323 hoc
2629 5268 2831 5321 faciunt
2875 5259 3156 5317 christiani
3213 5256 3375 5312 hodie

1771 5366 1911 5422 male
1940 5366 2208 5427 viventes,
2243 5377 2309 5418 eo
2337 5360 2482 5432 quod
2532 5369 2659 5414 tunc
2705 5355 2979 5412 Christum
3013 5351 3160 5405 vitiis
3192 5364 3378 5420 perse-

1771 5474 2032 5533 quuntur.
2062 5457 2203 5527 Quid
2235 5457 2380 5512 enim
2412 5463 2496 5510 est
2521 5453 2700 5513 Jesus,
2725 5450 2826 5504 nisi
2856 5447 3079 5511 veritas,
3113 5453 3170 5500 et
3198 5461 3296 5516 pax
3321 5454 3377 5500 et

1765 5554 2024 5625 justitia?
2059 5555 2199 5622 Ergo
2229 5550 2320 5620 qui
2349 5565 2446 5616 pro
2481 5547 2717 5600 falsitate
2762 5541 3022 5610 relinquit
3065 5541 3373 5605 veritatem,

1773 5659 1830 5704 et
1859 5663 1958 5717 pro
1986 5641 2562 5714 cupiditatedirnmpit
2585 5637 2929 5693 charitatcm.
2957 5645 3008 5688 et
3027 5635 3141 5689 odit
3165 5651 3379 5702 pacem,

1773 5747 1831 5796 et
1857 5753 1956 5808 pro
1987 5738 2167 5807 aliquo
2197 5735 2421 5806 prazmio
2454 5727 3011 5798 occultatju~titiam;
3063 5728 3200 5784 nihil
3228 5727 3374 5782 aliud

1775 5831 1955 5888 facere
1983 5829 2215 5894 videtur,
2252 5840 2414 5897 quam
2445 5821 2688 5892 lapidare
2712 5830 2765 5875 et
2793 5819 3112 5890 crucifigere
3151 5830 3206 5875 ct
3231 5817 3382 5873 occi-

1773 5921 2196 5980 dereChristum
2214 5933 2229 5986 ι
2248 5906 2375 5989 quia
2398 5914 2570 5986 ipsius
2589 5906 2732 5969 dona
2750 5907 3050 5984 exstinguit
3084 5909 3138 5967 iu
3167 5909 3374 5979 seipsd;
