3944 6310
127 348 227 406 6m

941 318 1307 401 SERMO'NES
1342 316 1406 401 ὲ.
1449 329 1800 397 Ait‘enosto
1842 318 2212 399 HACTENUS
2249 332 2588 399 AS‘CRIP‘I‘I.

3313 338 3419 397 670

127 458 481 534 ιντερ-ἰδῊῦξὶ
520 448 837 515 Sanctorum
884 470 1093 529 patrum
1140 448 1373 513 Virtutes
1431 444 1667 512 aman’d‘o
1693 499 1708 523 ,
1736 457 1786 517 Α
1817 456 1960 511 nulla
1998 448 2291 514 mundanis
2336 459 2500 514 rebus
2545 444 2781 530 desuper
2824 448 3129 530 pluviarum
3180 452 3416 513 stillaret

123 557 258 612 viam
286 555 354 609 ad
376 556 480 610 v‘os
511 548 765 609 ve'ni’en’di
806 548 1034 609 Dumin'o
1060 544 1411 622 prafpai'ati's.
1444 540 1588 617 Quid
1606 540 1714 604 fuit

125 647 393 708 Abraham
410 646 441 704 ’ἔ
471 639 599 720 quid
622 642 730 703 ’ft’ti‘t
754 635 992 718 JoSeph'i?
1030 645 1159 718 quid
1182 640 1399 701 'David?
1428 642 1560 717 quid
1586 644 1713 699 reli-

124 738 210 816 qui
235 737 371 814 justi
391 784 406 809 ,
432 736 869 798 hisi'fruetiie'rre
903 740 1129 797 arbores
1156 736 1417 795 Ecclesiae
1452 724 1580 793 Dei?
1620 734 1713 792 Di-

126 834 254 892 scite
275 834 347 890 ab
366 815 647 891 bbraha‘m
680 832 1072 901 obedientiam,
1100 848 1129 888 a
1146 831 1349 903 Ioseph
1377 830 1710 900 castitatem,

126 942 152 983 a
176 927 344 985 David
372 924 758 995 humilitatem,
778 924 832 982 ‘si
872 932 1187 998 perpetuam
1234 924 1563 983 desideratis
1594 923 1712 980 adit.

124 1023 251 1096 pisci
281 1023 539 1077 salutem.

190 1114 243 1173 ι.
269 1114 340 1174 Et
368 1116 496 1189 quia
533 1112 712 1189 palma
754 1115 1041 1172 Victoriam
1086 1114 1380 1187 significat,
1415 1106 1627 1185 palmas
1657 1116 1708 1170 in

122 1218 277 1269 manu
307 1208 457 1267 recte
488 1202 799 1281 portamus,
824 1210 879 1265 si
901 1202 981 1264 ita
1028 1209 1078 1265 ei
1126 1200 1319 1264 laudes
1348 1207 1589 1264 victoriae
1620 1192 1713 1265 tie-

122 1316 417 1372 cantamus,
446 1315 506 1361 ut
529 1305 694 1360 etiam
718 1303 856 1360 bene
884 1302 1146 1367 vivendo,
1178 1288 1457 1357 diabolum
1491 1300 1712 1358 vincere

123 1398 448 1457 studeatuns.
481 1397 739 1469 Ideoque,
760 1389 984 1464 Tratres,
1008 1399 1150 1452 scire
1177 1392 1413 1463 debetis,
1446 1393 1571 1466 quia
1591 1392 1712 1451 sine

121 1496 274 1553 causa
304 1490 517 1547 ramum
530 1490 695 1546 Μίνω
714 1488 923 1561 'p'orta‘t,
942 1499 1103 1560 quem
1123 1485 1375 1544 diabolus
1392 1485 1713 1557 decipiendo

121 1582 351 1656 superat.
368 1582 571 1641 Redite
588 1582 723 1654 ergo
752 1582 818 1639 ad
837 1578 1209 1640 coiiseientias
1234 1590 1477 1649 vestras,
1506 1572 1715 1643 charis-

120 1679 252 1747 sirni,
279 1688 335 1737 et
363 1672 551 1736 videte
572 1672 617 1735 si
637 1676 953 1750 spiritaliter
967 1674 1168 1743 facitis,
1184 1662 1328 1749 quod
1352 1675 1712 1749 corporaliter

121 1774 288 1847 agitis.

1822 540 2061 619 ubertas,
2091 550 2253 624 atque
2284 554 2466 609 omnia
2497 554 2674 626 longa:
2706 553 2969 610 siccitatis
2994 553 3251 626 squalore
3289 552 3414 609 lan—

1814 640 2063 716 gue'rent,
2096 654 2153 701 et
2183 654 2331 700 esset
2361 646 2535 703 fames
2572 644 2772 719 magna
2811 647 3070 703 universo
3099 646 3283 718 generi
3314 642 3419 699 hu—

1815 753 1979 793 mano
2004 780 2019 805 ,
2052 738 2307 811 Quoniam
2351 740 2494 796 enim
2532 740 2729 796 ctelum
2771 739 3013 811 pluviam
3059 754 3170 795 non
3210 724 3410 806 dabat,

1815 846 1915 887 nec
1934 832 2081 888 terra
2133 832 2384 904 pabulum
2421 833 2783 904 germinabat,
2819 844 2948 891 tunc
2994 820 3145 889 Elias
3189 841 3412 889 sanctus

1814 924 2074 982 reserath
2101 926 2325 999 jejuniis
2347 929 2459 983 suis
2488 930 2711 996 ccelum,
2743 939 2943 985 terram
2971 920 3309 985 orationibus
3336 927 3413 983 fe-

1814 1016 2088 1076 cundavit.
2119 1020 2269 1077 lilius
2290 1022 2434 1077 enim
2460 1022 2758 1078 siccitatem
2782 1023 3058 1079 convertit
3079 1023 3129 1077 in
3151 1022 3412 1093 pluviam,

1815 1110 1977 1181 hujus
2027 1113 2367 1169 sterilitatem
2418 1114 2647 1169 resolvit
2676 1114 2728 1169 in
2769 1123 3016 1186 partum;
3065 1122 3211 1169 tanta
3266 1113 3411 1169 enim

1815 1211 1934 1280 ejus
1967 1209 2217 1279 precibus
2250 1206 2435 1265 orbem
2464 1220 2731 1265 terrarum
2760 1208 3014 1266 imbrium
3045 1208 3265 1280 largitas
3294 1207 3418 1263 irri-

1814 1303 1982 1375 gavit,
2013 1310 2070 1357 ut
2098 1296 2247 1358 arida
2286 1304 2711 1370 revirescerent,
2760 1313 2973 1359 mortua
2996 1306 3369 1372 tresurgereut
3393 1342 3409 1369 ,

1815 1397 2122 1471 languentia
2156 1408 2504 1452 sanarentur.
2536 1396 2601 1451 Et
2633 1396 2702 1451 ita
2745 1396 2909 1451 rebus
2943 1392 3156 1450 eunetis
3183 1393 3409 1449 fontium

1813 1486 2030 1560 quidam
2061 1501 2271 1545 meatus
2298 1489 2506 1544 infusus
2531 1497 2634 1555 est,
2667 1497 2726 1543 ut
2748 1488 3126 1559 puriﬁcatione
3156 1486 3291 1541 facta
3319 1502 3415 1556 per

1817 1582 2079 1654 pluviam,
2108 1579 2137 1620 ι)
2162 1582 2402 1637 omnium
2425 1593 2805 1639 creaturarum
2830 1581 2954 1635 vitia
2976 1580 3310 1647 lavarentur,
3337 1587 3419 1634 at-

1815 1693 1919 1749 que
1951 1662 2322 1732 inundationis
2354 1676 2499 1732 illius
2538 1675 2806 1733 beneﬁcio
2849 1676 3015 1732 totius
3057 1674 3244 1730 mundi
3287 1688 3414 1746 spe-

1815 1775 1927 1830 cies
1957 1773 2213 1828 innovata
2243 1779 2621 1844 consurgeret.

182 1854 239 1925 5.
270 1866 520 1937 DetriQue
551 1862 869 1921 ﬁrmissime
894 1863 1211 1930 ‘credentes,
1244 1863 1535 1949 intelligite
1582 1850 1706 1935 quia
1739 1852 1788 1921 Β
1972 1864 2142 1938 Igitur
2170 1870 2225 1921 et
2258 1880 2354 1919 nos
2380 1865 2571 1921 eadem
2617 1879 2740 1936 qua:
2767 1846 2916 1919 Elias
2943 1862 3297 1919 observantes
3323 1862 3407 1933 je-
3444 1916 3451 1921 .

121 1964 351 2015 nostrum
382 1959 686 2028 periculum
713 1968 818 2027 εει,
843 1958 890 2014 si
914 1958 1173 2031 mySte'ria
1208 1957 1381 2013 nostri
1399 1946 1709 2015 Salvatoris
1805 1946 1979 2033 junia,
2003 1954 2262 2013 adhibitis
2293 1958 2545 2029 precibus
2562 1954 2804 2013 clausum
2819 1952 3016 2012 coelum
3046 1957 3247 2013 nostris
3263 1971 3415 2012 cout-

122 2052 263 2108 vobis
290 2067 398 2108 non
430 2052 825 2108 annuntiamus
854 2068 867 2105 :
900 2049 957 2107 et
979 2046 1220 2107 VBSii'IItti
1246 2062 1329 2107 est
1361 2040 1662 2122 periculum
1688 2092 1705 2119 ,

120 2148 159 2201 si
184 2156 245 2202 ea
271 2144 428 2216 parvi
450 2145 737 2217 pennatis.
755 2140 1039 2202 Monemus
1068 2140 1249 2216 itaque
1268 2146 1334 2199 ‘ut
1360 2151 1565 2214 quanto
1594 2158 1709 2198 nta-

120 2242 194 2310 gis
217 2238 539 2296 soliau’vnitas
563 2236 840 2312 paschalis
860 2230 1256 2311 appropinquat
1276 2280 1292 2307 ,
1332 2244 1488 2294 tanto
1537 2238 1707 2309 magis

120 2342 206 2390 vus
234 2330 547 2406 praeparare
574 2334 801 2402 curetis,
835 2334 1158 2391 mundantes
1184 2344 1280 2390 ros
1308 2332 1376 2389 ab
1397 2332 1546 2389 omni
1570 2332 1708 2388 invi-

123 2426 233 2497 dia,
274 2421 420 2496 odio,
444 2424 702 2484 convicio
725 2471 739 2495 ,
783 2422 1077 2486 maledicto
1104 2470 1120 2498 ,
1156 2440 1219 2484 ac
1246 2428 1619 2495 detractione;
1648 2436 1709 2483 ut

120 2518 267 2594 ngat
302 2520 449 2577 illam
473 2514 622 2577 diem
654 2513 937 2578 celebrare
964 2516 1206 2593 possili's.

180 2610 234 2670 6.
265 2602 538 2672 Dimittite
563 2614 672 2671 illis
701 2604 789 2686 qui
815 2614 870 2671 in
895 2631 989 2671 vos
1027 2623 1407 2686 peccaverunt,
1436 2621 1493 2670 ut
1524 2616 1702 2671 vestra

122 2704 268 2766 vobis
292 2706 568 2767 Damin'us
593 2698 835 2766 dimittai
868 2714 1121 2781 peccata;
1166 2708 1425 2781 quoniam
1478 2707 1567 2778 qui
1619 2707 1706 2763 vel

122 2808 297 2860 contra
312 2800 481 2860 unum
504 2804 782 2861 hominem
806 2802 1254 2859 odium‘autiratn
1277 2801 1535 2864 tenuerit,
1562 2792 1705 2855 malo

122 2908 211 2954 t-tto
252 2890 451 2970 pascha
490 2890 840 2956 celebrabit:
890 2898 1015 2969 q'uia
1066 2910 1172 2953 non
1202 2892 1553 2950 tuattducabit
1582 2907 1705 2947 cum

124 2988 273 3050 Petro
302 2997 495 3061 vitam,
530 2992 622 3050 sed
656 3009 775 3049 cum
804 2980 942 3049 .lu‘da
983 2996 1212 3046 mortem
1240 2989 1294 3045 iit
1329 2990 1515 3044 sancta
1558 3003 1708 3043 eom—

125 3082 362 3145 mitiﬁcae
392 3082 631 3160 accipiet
660 3104 674 3141 :
706 3074 852 3158 quod
876 3086 971 3141 ille
998 3095 1027 3139 a
1055 3084 1211 3140 vobis
1231 3091 1460 3147 avertat,
1493 3084 1582 3153 qui
1610 3098 1706 3137 vos

125 3174 374 3253 paiéstaté
404 3176 638 3245 creaVii,
691 3170 895 3250 pietate
944 3166 1205 3243 retlemii,
1252 3175 1413 3232 .l'esus
1457 3172 1706 3230 Christus

1813 2052 2122 2126 petentibus
2148 2067 2456 2107 reseremus
2484 2063 2498 2118 ;
2529 2063 2797 2123 quatenus
2825 2051 2951 2106 illos
2981 2051 3178 2106 lavacri
3210 2051 3413 2107 saluta-

1810 2150 1887 2205 ris
1912 2160 1934 2188 ο
1964 2145 2141 2203 imber
2168 2146 2461 2203 illumiuet.
2489 2145 2742 2203 Clausum
2767 2146 2912 2202 enim
2939 2146 3044 2203 illis
3074 2158 3157 2204 est
3184 2147 3412 2216 coelum,

1810 2240 2065 2313 quamdiu
2082 2238 2315 2294 nondum
2331 2238 2399 2295 de
2415 2238 2555 2295 cutio
2578 2238 2817 2311 Spiritus
2842 2250 3063 2296 sanctus
3089 2239 3408 2308 adveniens,

1809 2350 2000 2393 eorum
2027 2331 2193 2390 corda
2224 2331 2460 2388 viviﬁcat
2486 2350 2498 2387 :
2542 2330 2846 2389 siccitatem
2884 2332 3286 2405 quodammodo
3317 2349 3413 2404 pa-

1811 2424 2035 2498 littltlui',
2064 2432 2186 2503 quia
2214 2433 2451 2489 nondum
2493 2432 2661 2501 gratia
2700 2432 3040 2504 baptismatis
3088 2434 3406 2504 irrigantur.

1811 2520 2085 2582 Laboraut
2110 2528 2273 2583 etiaut
2298 2530 2437 2585 fante
2457 2544 2672 2600 magna,
2705 2529 2961 2599 quoniam
2992 2528 3143 2583 velut
3164 2527 3412 2584 esurien-

1810 2627 1913 2687 tes,
1932 2620 2173 2676 caalestia
2190 2633 2535 2678 sacramenta
2562 2620 2899 2679 desiderant.
2924 2612 3257 2678 lieseremus
3276 2636 3410 2709 ergo

1809 2714 1913 2769 illis
1943 2715 2164 2783 coelum,
2208 2726 2266 2773 ut
2301 2716 2622 2773 adveniente
2658 2717 2895 2787 desuper
2927 2716 3158 2787 spiritali
3193 2717 3407 2788 pluvia,

1808 2828 1997 2869 eorum
2038 2823 2182 2871 terra
2218 2806 2420 2870 lavacri
2460 2812 2666 2885 irriguo
2695 2812 2956 2881 satietur,
3002 2823 3051 2868 et
3088 2811 3412 2868 delictorum

1808 2906 2096 2964 sterilitate
2123 2894 2390 2978 deposita,
2428 2906 2688 2977 incipiant
2721 2905 2933 2962 fructus
2959 2907 3268 2977 germinare
3298 2907 3413 2961 vir-

1809 3011 2005 3058 tutum.
2043 3000 2258 3057 Etenim
2292 3000 2530 3057 caelestis
2569 3001 2741 3056 imber
2790 2998 2920 3054 vitia
2952 3009 3297 3069 peccatorum
3326 2997 3413 3053 di-

1809 3095 1930 3162 luit,
1970 3096 2195 3168 justitiac
2242 3097 2580 3151 incrementa
2628 3093 2900 3166 producit,
2946 3090 3156 3148 decutit
3200 3091 3413 3147 aridum

1810 3192 2268 3264 concupiscentiae
2295 3193 2575 3263 pulverem
2602 3233 2616 3258 ,
2663 3188 2909 3245 laetiﬁcat
2936 3176 3124 3244 utilem
3159 3189 3419 3242 castimo-

126 3275 367 3331 Dominus
400 3284 616 3342 uoster,
642 3264 732 3345 qui
761 3288 885 3330 cum
909 3260 1071 3328 Paire
1090 3276 1149 3328 “et
1181 3270 1385 3343 Spiritu
1415 3279 1607 3326 sancto
1628 3252 1708 3327 vi-

1816 3289 1917 3342 ni.e
1946 3286 2259 3358 puritatem,
2283 3286 2465 3342 obruit
2495 3286 2738 3342 avaritia:
2765 3274 3043 3341 sordidam
3077 3283 3288 3347 faecem,
3318 3298 3417 3337 nu-

125 3369 191 3422 vit
218 3382 307 3440 per
336 3376 534 3425 cu’ncta
560 3364 783 3435 Saecula,
808 3370 987 3423 amen.

644 3456 885 3520 SERMO
925 3440 1170 3519 χχχιιι.

407 3556 488 3615 De
513 3554 735 3629 ieiuniis
756 3550 1196 3629 'Quadra'gesimae
1230 3554 1396 3611 XVII.

133 3650 221 3706 Hic
244 3653 405 3708 sermo
430 3664 493 3707 eo
524 3651 608 3706 ‘die
630 3648 731 3723 fuit
760 3646 991 3719 habitus,
1034 3667 1134 3723 quo
1164 3648 1451 3723 symbolam
1499 3665 1706 3718 compe-

194 3742 409 3801 tentibus
440 3736 829 3813 t‘radisolebat,
880 3746 1021 3816 quod
1058 3745 1109 3799 in
1154 3743 1413 3817 plerisque
1465 3732 1709 3796 Ecclesiis

190 3837 453 3895 Dominica
501 3838 796 3908 palmarum
835 3836 951 3909 ﬁeri
999 3837 1322 3892 consueuisse
1350 3854 1379 3889 a
1427 3836 1571 3889 nobis
1605 3835 1711 3889 alio

189 3934 293 3987 loco
311 3930 639 3988 observatum
670 3930 764 3986 est.
799 3929 928 3986 Cum
974 3947 1128 4003 porro
1160 3932 1296 3985 inter
1337 3945 1593 3985 sermones
1628 3929 1710 3981 hic

188 4029 551 4094 pratermissos
568 4032 743 4081 sextus
764 4012 981 4098 incipiat
1007 4022 1070 4079 ab
1101 4024 1207 4079 illis
1232 4022 1397 4078 verbis
1421 4039 1440 4077 :
1470 4016 1709 4091 Propitia

188 4118 486 4186 divinitate,
517 4120 663 4188 isque
684 4119 738 4173 in
771 4117 1010 4190 Append.
1042 4116 1264 4189 August.
1296 4114 1523 4171 Cwsario
1552 4113 1712 4187 adju-

191 4211 421 4278 dicetur;
452 4208 574 4267 ltinc
602 4212 738 4283 forte
765 4212 1010 4282 conjiciat
1038 4211 1227 4281 aliquis
1253 4211 1489 4264 eumdem
1511 4205 1712 4279 quoque

192 4304 340 4385 hujus
366 4306 621 4367 set-inanis
647 4306 911 4365 auctorem
932 4320 1043 4365 esse
1066 4324 1085 4364 :
1105 4309 1195 4364 sed
1222 4324 1315 4363 nec
1340 4307 1507 4361 minus
1527 4303 1711 4379 proba-

193 4392 287 4461 nit
322 4400 395 4461 est
426 4398 546 4461 eum
574 4388 749 4459 deberi
785 4406 964 4459 sancto
988 4392 1037 4457 ti!
1045 4398 1237 4468 axinto,
1260 4403 1409 4475 cujus
1426 4411 1474 4456 et
1491 4387 1706 4473 stylum,

194 4494 313 4554 etin
343 4500 462 4555 cod.
506 4484 711 4574 hemig.
735 4498 889 4554 etiam
929 4500 1113 4554 nomen
1152 4498 1462 4553 noscendum
1495 4495 1705 4570 prwbet.

196 4580 243 4647 ἰ.
268 4581 506 4665 Propitia
534 4580 844 4661 divinitate,
872 4584 1002 4648 ecce
1027 4590 1139 4663 iam
1167 4596 1304 4662 pene
1337 4589 1709 4661 transegimus

1814 3381 1908 3435 trit
1949 3375 2210 3435 azternar'n
2255 3378 2645 3434 misericordia:
2694 3377 3021 3448 latgitatem.
3072 3375 3228 3432 Sicut
3270 3374 3416 3430 enim

1812 3474 2227 3545 superveniente
2254 3470 2387 3527 Elia:
2422 3471 2625 3541 pluvia,
2645 3486 2808 3526 omne
2834 3470 3088 3542 pabulum
3113 3479 3260 3523 terra
3293 3483 3418 3537 pro-

1814 3569 1966 3623 duxit
1992 3586 2008 3635 ;
2039 3567 2112 3624 ita
2142 3578 2197 3624 et
2227 3556 2647 3637 superveniente
2674 3558 2881 3621 Christi
2922 3565 3161 3630 lavacro,
3195 3577 3415 3618 omnem

1808 3663 2073 3733 justitiam
2104 3661 2285 3717 anima
2316 3660 2668 3732 germinavit.
2717 3656 2782 3713 Et
2807 3659 2947 3712 sicut
2976 3656 3085 3711 illic
3112 3656 3416 3724 pluviarum

1814 3757 1993 3813 fontes
2039 3759 2400 3828 irrigaverunt
2427 3755 2641 3820 orbem,
2684 3760 2742 3806 ut
2781 3752 3190 3806 vivilicarentur
3223 3749 3419 3803 herba-

1814 3866 1931 3908 rum
1959 3850 2281 3906 mortificata
2303 3851 2415 3921 jam
2445 3850 2651 3905 semina
2686 3864 2698 3901 :
2736 3847 2809 3901 ita
2842 3854 2896 3901 et
2925 3845 3046 3899 fons
3073 3843 3419 3914 baptismatis

1812 3948 2005 4019 irrigat
2029 3961 2201 4019 genus
2225 3946 2523 4010 hominum,
2553 3952 2611 3999 ut
2632 3942 2937 3998 animarum
2960 3939 3279 3995 mortiﬁcata
3298 3952 3419 3992 cor-

1813 4041 1880 4097 da
1913 4040 2169 4096 vivitieet.
2206 4039 2318 4094 lloc
2355 4053 2487 4108 ergo
2520 4035 2932 4091 observantium
2964 4035 3066 4089 ista
3092 4031 3300 4102 jejunio
3333 4039 3421 4087 est

1813 4134 2093 4201 meritum,
2118 4145 2176 4189 ut
2209 4131 2552 4187 orationibus
2579 4145 2768 4185 eorum
2798 4141 2889 4183 aut
2916 4126 3215 4184 innovetur
3258 4143 3417 4182 utuu~

1812 4230 1936 4295 dus,
1966 4238 2060 4285 aut
2084 4228 2283 4284 fratres
2310 4226 2491 4284 denuo
2516 4232 2896 4280 renascantur.

1880 4304 2310 4379 {Reserandum
2332 4321 2493 4391 igitur
2509 4316 2955 4390 competentibus
2974 4317 3178 4373 nostris
3196 4325 3278 4373 est
3303 4330 3414 4373 ete-

1814 4415 1947 4483 qut,
1962 4414 2216 4486 quoniam
2245 4412 2423 4468 adhuc
2450 4411 2696 4467 clausum
2713 4418 2800 4467 est
2818 4409 2962 4480 apud
2987 4409 3144 4477 illos;
3167 4410 3415 4466 clausum

1812 4512 1895 4566 est
1923 4509 2062 4564 enim
2093 4506 2292 4564 ctelum
2327 4490 2435 4561 illis
2465 4547 2480 4572 ,
2526 4506 2788 4577 quoniam
2819 4504 3140 4577 mysterium
3166 4503 3411 4559 nondum

1814 4602 2097 4674 pervident
2137 4602 2442 4658 Trinitatis.
2475 4601 2676 4658 Clausn
2713 4602 2859 4658 enim
2898 4602 3002 4657 sibi
3043 4600 3207 4669 caelo,
3251 4614 3418 4672 super

131 4676 551 4761 quadragesima:
581 4680 1045 4757 iudictajejunia,
1088 4678 1143 4740 et
1190 4686 1463 4756 priecepta
1505 4666 1708 4738 Christi

1815 4666 2009 4751 coelum
2036 4694 2162 4766 quid
2181 4703 2394 4767 agatur,
2414 4694 2669 4765 ignorant
2694 4712 2707 4750 :
2742 4708 2845 4750 nec
2873 4693 3015 4749 scire
3040 4666 3271 4765 pOssunt
3296 4666 3418 4763 quas

134 4770 332 4838 Domini
354 4774 703 4839 abstinentia:
730 4778 1033 4837 devotione
1056 4781 1473 4852 complevimus.
1502 4776 1707 4849 Sup’er-

133 4882 208 4929 est
248 4876 385 4932 hunc
435 4883 493 4931 ut
538 4876 995 4948 quemadmodum
1038 4883 1065 4913 λ
1102 4872 1287 4930 famuli
1329 4874 1452 4945 ejus
1496 4862 1710 4946 Moyses

137 4958 317 5040 (Exod.
349 4978 536 5038 x'xxw,
568 4954 664 5044 28)
694 4980 749 5027 et
777 4968 925 5026 Elias
954 4968 1045 5044 (Ill
1070 4968 1199 5043 Reg.
1222 4984 1335 5037 xu,
1362 4950 1419 5039 8)
1452 4950 1594 5023 hunc
1619 4984 1705 5023 sa-

134 5064 481 5121 cratissimum
513 5081 796 5121 numerum
820 5053 1190 5131 observando,
1228 5062 1456 5134 gratiam
1495 5079 1712 5121 merue-

134 5162 287 5213 runt:
319 5158 391 5214 ita
419 5164 473 5215 et
504 5173 606 5214 nos
636 5158 738 5213 hoc
769 5156 943 5229 ipsum
974 5168 1186 5229 tempus
1206 5138 1567 5213 custodiendo
1595 5172 1712 5213 tne-

136 5254 359 5320 reamur,
394 5253 570 5323 sitque
610 5251 808 5308 similis
844 5248 1212 5308 remuneratio
1257 5250 1310 5307 in
1355 5251 1712 5323 perceptione

139 5342 354 5411 praemii,
403 5361 633 5417 quorum
684 5336 882 5401 similis
922 5344 1076 5402 labor
1105 5356 1190 5403 est
1232 5346 1287 5401 itt
1331 5345 1716 5402 observatione

135 5438 332 5504 jejunii.

203 5530 355 5606 (.35
379 5533 432 5589 2.
464 5528 616 5591 Elias
644 5533 794 5592 enim
830 5512 939 5608 (ιιί
963 5534 1092 5607 Reg.
1153 5550 1304 5601 xvut,
1334 5532 1482 5588 teet
1530 5550 1635 5603 seq.
1672 5532 1714 5605 ),

1813 4789 1888 4844 sit
1914 4776 2035 4843 Filii
2070 4787 2356 4859 Patrisque
2384 4788 2690 4843 substantia
2718 4805 2733 4856 ;
2770 4789 2874 4844 nisi
2906 4789 3061 4859 prius
3092 4788 3279 4843 mundi
3305 4788 3421 4844 ele-

1818 4891 1997 4936 menta
2026 4879 2486 4935 transcenderint.
2515 4879 2668 4953 Tunc
2689 4881 2836 4937 enim
2862 4881 3062 4950 poterit
3093 4880 3211 4949 quis
3241 4878 3421 4934 Ttini-

1814 4971 1941 5028 tatis
1963 4974 2206 5044 aspicere
2229 4972 2407 5028 divina
2439 4952 2720 5046 mysteria,
2738 4988 2862 5029 eum
2895 4952 3067 5027 caelos
3085 4986 3181 5026 sua
3208 4971 3408 5026 virtute

1818 5066 2066 5124 habuerit
2097 5077 2339 5138 apertos,
2371 5069 2511 5123 sicut
2537 5068 2729 5123 beatus
2753 5066 3063 5137 Stephanus
3093 5073 3299 5136 martyr
3326 5078 3417 5119 reo

1817 5160 2019 5217 seravit
2045 5159 2150 5214 sibi
2181 5160 2442 5231 martyrio
2472 5176 2572 5215 suo
2597 5152 2784 5224 caelos,
2824 5168 2878 5214 et
2907 5166 3143 5212 stantem
3176 5155 3312 5211 vidit
3349 5155 3417 5213 ad

1818 5254 1996 5311 Patris
2033 5254 2310 5310 dexteram
2350 5253 2729 5321 Salvatorem,
2759 5250 3059 5308 secundum
3108 5248 3253 5320 quod
3304 5250 3419 5321 ipse

1819 5349 1894 5402 ait
1925 5367 1938 5403 :
1969 5347 2104 5401 Ecce
2134 5347 2282 5401 video
2306 5346 2457 5402 caelos
2488 5356 2720 5417 apertos,
2769 5352 2816 5399 et
2855 5352 3079 5397 stantem
3123 5340 3309 5398 Jesunt
3348 5342 3418 5396 ad

1819 5443 2082 5498 dexteram
2107 5444 2197 5497 Dei
2222 5442 2360 5515 (Act.
2386 5458 2480 5509 vu,
2514 5442 2627 5511 55).
2645 5439 2789 5509 Ergo
2810 5437 2896 5493 cui
2919 5436 3091 5493 clausi
3112 5446 3239 5492 sunt
3264 5438 3416 5507 cmli,

1818 5535 2085 5608 agendum
2115 5547 2198 5593 est
2226 5546 2285 5592 ut
2316 5535 2628 5606 aperiantur
2650 5532 2732 5587 illi
2755 5573 2771 5599 ,
2822 5540 3091 5603 quatenus
3113 5546 3277 5602 super
3309 5546 3424 5590 cat-

141 5624 250 5681 cuui
280 5639 418 5685 esset
436 5629 678 5687 clausum
710 5628 965 5687 humanis
996 5629 1371 5699 iniquitatibus
1397 5628 1621 5696 emtum,
1663 5638 1719 5685 et
1821 5629 1905 5686 los
1924 5629 2202 5687 Christum
2236 5628 2410 5701 possit
2435 5626 2720 5697 aspicere;
2766 5639 2892 5680 nam
2943 5624 3201 5695 quamdiu
3248 5624 3421 5680 clausi

210 5782 235 5825 "
444 5789 581 5850 Edii.
612 5794 751 5864 Sola,
798 5782 1029 5866 ﬁtinultl!
1072 5784 1187 5868 ejus
1219 5780 1459 5849 Elida...
1494 5786 1720 5867 graliam

147 5862 339 5915 meruit.

232 5928 258 5969 δ
274 5930 463 5994 Omnes
478 5937 634 6011 edit.,
648 5941 821 5998 omnia
840 5949 1196 6000 creaturarum
1219 5940 1366 6010 vitia;
1388 5937 1514 5998 cod.
1549 5937 1725 6012 Lugd.

1829 5800 1884 5853 et
1915 5782 2180 5859 Valliscl..
2206 5793 2455 5859 omnium,
2487 5794 2594 5847 etc.

1914 5876 1935 5907 ο
1970 5867 2159 5924 Codex
2184 5863 2449 5935 Valliscl.,
2479 5862 2639 5919 ttnber
2659 5860 2886 5921 inundet.
