4016 6316
459 300 561 357 671

1392 300 1485 358 Al)
1523 301 1756 359 OPERA
1794 298 2039 358 SANCTI
2079 300 2407 359 AMBROSII
2448 301 2826 358 APPENDIX.

3649 310 3743 366 672

459 429 589 476 sunt
610 419 840 491 homini,
867 419 1146 476 Christum
1167 435 1273 476 non
1297 427 1476 492 potest
1502 419 1687 474 videre
1712 429 2055 490 regnantem.
2091 436 2138 494 Α
2169 427 2226 474 ut
2255 419 2374 476 ista:
2402 419 2680 487 mulieres,
2707 422 2910 488 venite,
2940 420 2991 477 id
3019 430 3125 488 est,
3159 436 3266 478 non
3295 422 3407 478 sint
3433 422 3487 478 in
3509 424 3748 482 cordibus

533 514 592 573 5.
639 514 1112 582 Quemadmodum
1150 524 1335 570 autem
1389 513 1563 568 clausi
1607 511 1732 569 caeli
1780 509 2066 582 aperiendi

466 606 608 674 sint,
641 608 918 678 inquirere
955 623 1056 663 nos
1082 616 1325 678 oportet.
1361 605 1499 661 Puto
1545 615 1725 661 autem
1769 604 1934 660 aliter
1970 618 2068 659 eos

467 700 673 771 aperiri
701 717 807 755 non
832 715 1014 771 posse,
1043 701 1147 758 nisi
1171 700 1354 756 claves
1379 699 1524 754 Petri
1556 698 1787 770 apostoli
1819 712 2069 768 sumpse-

467 793 664 860 rimus,
703 809 841 864 quas
891 793 1121 849 Domino
1163 793 1430 863 largiente
1479 791 1740 860 suscepit,
1787 790 1926 845 sicut
1955 791 2071 859 ipse

469 887 610 944 dixit
642 905 655 941 :
701 886 820 942 Tibi
864 887 998 942 dabo
1036 887 1206 941 claves
1245 889 1392 958 regni
1419 885 1661 940 caelorum
1693 882 1907 954 (Matth.
1939 897 2031 938 xvt
2053 923 2067 949 ,

471 979 588 1054 18).
619 980 792 1035 Immo
814 994 1071 1051 rogemus
1101 979 1345 1046 Petrmn,
1370 987 1428 1033 ut
1460 977 1578 1047 ipse
1605 977 1765 1032 nobis
1797 985 2072 1047 tamquam

473 1073 651 1129 bonns
677 1075 884 1145 janitor
935 1074 1103 1144 regite
1145 1073 1390 1130 cmlestis
1432 1072 1664 1143 aperiat.
1714 1072 1845 1141 Quae
1890 1080 2072 1125 autem

475 1169 580 1224 ista
610 1169 778 1222 clavis
806 1169 899 1234 sit,
930 1167 1248 1239 diligentius
1274 1167 1635 1238 requiramus.
1668 1167 1885 1222 Clavem
1906 1165 2074 1232 Petri,

475 1260 636 1317 ﬁdem
667 1276 788 1316 esse
817 1261 1051 1317 dixerim
1085 1261 1254 1327 Petri,
1293 1276 1388 1331 per
1410 1277 1569 1330 quam
1608 1260 1781 1317 etelos
1823 1259 2073 1330 aperuit,

476 1356 796 1426 penetravit
838 1355 1047 1411 inferna
1094 1370 1322 1412 securus
1346 1396 1362 1422 ,
1396 1356 1565 1410 maria
1595 1355 1825 1410 calcavit
1855 1351 2081 1424 intrepi-

476 1447 600 1504 dus.
636 1448 807 1503 Tanta
832 1448 978 1504 enim
999 1451 1313 1520 apostolica:
1343 1448 1467 1504 ﬁdei
1502 1449 1668 1503 virtus
1683 1458 1789 1513 est,
1815 1454 2078 1502 utcuncta

476 1542 557 1598 illi
589 1544 860 1599 elementa
888 1553 1129 1614 pateant,
1149 1547 1252 1600 hoc
1278 1553 1386 1611 est,
1418 1558 1524 1598 non
1559 1543 1911 1614 illiangelica:
1933 1541 2083 1598 clau-

473 1634 672 1690 dantur
697 1637 884 1706 janua:
910 1678 924 1702 ,
955 1653 1064 1692 non
1099 1649 1270 1708 porta:
1301 1636 1634 1708 praevaleant
1683 1636 1873 1690 tartari
1902 1675 1919 1702 ,
1967 1649 2076 1689 non

477 1744 740 1798 aquarum
773 1730 977 1786 fluenta
1009 1731 1316 1786 subsidant.

2169 513 2365 569 vestris
2414 513 2654 568 tenebrae
2703 514 2996 580 vitiorum;
3029 515 3267 570 carnalia
3296 516 3446 571 enim
3476 515 3747 586 desideria,

2171 613 2222 660 et
2250 605 2389 660 mala
2417 619 2586 676 opera
2612 606 2850 662 tenebra:
2879 617 3025 662 sunt.
3059 607 3116 662 1n
3155 622 3386 678 quorum
3420 622 3550 663 vero
3589 610 3752 665 cordi-

2173 697 2272 752 bus
2307 698 2444 754 talcs
2474 699 2709 754 tenebrae
2761 709 2910 766 sunt,
2959 716 3067 754 non
3101 700 3282 756 vident
3312 701 3507 765 lucem,
3554 717 3653 756 non
3682 703 3753 757 in-

2175 791 2422 862 telligunt
2448 792 2760 860 Christum;
2793 793 2917 861 quia
2949 794 3198 850 Christus
3226 795 3317 850 lux
3349 803 3455 852 est.
3508 794 3754 867 Rrpellito

2176 888 2361 971 igitur,
2389 903 2419 942 a
2445 889 2620 957 vobis,
2658 887 2877 956 fratres,
2904 890 3181 952 tenebras,
3215 889 3266 944 id
3292 899 3401 954 est,
3444 905 3631 945 omnes
3667 891 3752 946 de-

2178 981 2517 1044 lectationes,
2549 990 2607 1037 et
2633 983 2818 1036 Omnia
2864 998 3028 1052 opera
3077 983 3238 1049 mala,
3271 991 3324 1037 et
3353 993 3544 1038 curate
3574 982 3756 1039 habere

2178 1083 2445 1142 aromata,
2480 1074 2580 1129 hoc
2605 1083 2712 1140 est,
2741 1074 3042 1130 orationem
3077 1075 3355 1143 mundam,
3388 1075 3628 1132 dicentes
3649 1092 3754 1132 cum

2181 1164 2459 1236 psalmista
2486 1183 2498 1219 :
2525 1165 2812 1238 Dirigatur,
2837 1166 3077 1233 Domine,
3111 1168 3278 1222 oratio
3295 1184 3428 1234 mea,
3449 1169 3586 1224 sicut
3605 1169 3758 1223 incen-

2178 1275 2293 1313 sum
2318 1259 2370 1314 in
2401 1270 2677 1331 conspectu
2716 1271 2802 1314 tuo
2831 1260 3005 1335 (Psal.
3037 1277 3167 1330 CXL,
3198 1260 3280 1334 2).

2254 1353 2307 1406 5.
2352 1353 2624 1409 Attendite
2657 1354 2883 1424 inSUper
2909 1354 3051 1426 quod
3097 1355 3377 1410 audistis:
3423 1371 3618 1427 nempe
3667 1356 3761 1412 Ila-

2183 1445 2264 1500 ria
2295 1447 2630 1520 Magdalena,
2657 1450 2778 1520 quia
2810 1449 3216 1520 perseverando
3245 1450 3309 1504 ad
3339 1460 3759 1518 monumentum,

2183 1555 2343 1612 quem
2367 1542 2668 1612 quaerebat,
2699 1543 2941 1609 invenit;
2975 1544 3232 1615 quoniam
3269 1545 3356 1615 qui
3392 1547 3762 1617 perseveraverit

2185 1650 2347 1704 usque
2376 1636 2426 1688 in
2456 1637 2635 1705 ﬁnem,
2658 1637 2742 1691 hic
2772 1638 2943 1692 salvus
2989 1640 3082 1692 erit
3117 1637 3328 1711 (Matth.
3364 1655 3424 1705 ι,
3466 1640 3584 1712 22).
3633 1639 3765 1698 Unde

2185 1727 2325 1782 sicut
2349 1743 2572 1784 necesse
2601 1741 2681 1785 est
2710 1741 2766 1784 ut
2792 1732 2994 1786 malum
3019 1748 3045 1783 a
3070 1732 3222 1787 vobis
3249 1733 3562 1804 repellatis;
3591 1734 3661 1790 ita
3685 1751 3765 1789 ex-

553 1823 607 1879 6.
639 1823 746 1880 Ista
777 1835 961 1881 autem
989 1827 1104 1897 ipsa
1128 1826 1316 1890 clavis,
1344 1839 1507 1894 quam
1537 1824 1699 1880 ﬁdem
1731 1824 1984 1892 dicimus,
2009 1826 2084 1880 vi-
2119 1835 2164 1894 Β
2192 1820 2341 1889 pedit
2372 1821 2596 1875 omnino
2628 1831 2683 1876 ut
2728 1822 2780 1876 in
2811 1823 2977 1890 bono,
3005 1824 3148 1894 quod
3188 1825 3298 1893 jam
3341 1825 3661 1888 inchoaSIis,
3690 1826 3767 1882 fir-

476 1914 705 1972 deamus
731 1917 1192 1988 quemadmodum
1239 1924 1480 1979 constet,
1527 1925 1582 1971 et
1618 1915 2082 1988 quemadmodum

479 2008 715 2064 solidata
746 2011 837 2064 sit.
874 2011 1128 2066 Arbitror
1158 2011 1305 2065 illam
1337 2009 1626 2065 duodecim
1655 2009 1922 2065 artiﬁcum
1955 2025 2086 2080 ope-

489 2105 704 2161 ratione
757 2107 1090 2168 conﬁatam;
1151 2107 1439 2162 duodecim
1503 2107 1650 2163 enim
1707 2107 2082 2178 apostolorum

480 2201 734 2272 symbolo
764 2200 903 2257 ﬁdes
927 2213 1112 2257 sancta
1140 2213 1406 2272 concepta
1445 2212 1563 2268 εει,
1607 2202 1702 2272 qui
1739 2202 1889 2258 velut
1928 2201 2086 2272 periti

480 2291 723 2348 artiﬁces
759 2293 812 2348 in
839 2310 1005 2349 unum
1037 2297 1455 2362 convenientes,
1488 2296 1696 2350 clavem
1727 2309 1826 2350 suo
1854 2295 2086 2350 consilio

480 2387 883 2444 conﬂaverant.
918 2390 1139 2446 Clavem
1166 2393 1311 2447 enim
1337 2392 1632 2463 quamdam
1663 2394 1838 2463 ipsum
1871 2393 2090 2464 symbo-

481 2479 594 2536 lmn
623 2482 883 2551 dixerim,
919 2501 1013 2555 per
1048 2485 1190 2556 quod
1222 2495 1537 2542 reserantur
1573 2485 1773 2541 diaboli
1826 2486 2088 2554 tenebrae,

491 2579 668 2634 utlux
722 2579 924 2634 Christi
981 2580 1243 2636 adveniat
1294 2599 1307 2636 :
1353 2582 1672 2652 aperiuntur
1738 2579 2091 2636 conscientia:

485 2673 668 2729 clausa
701 2682 949 2744 peccata,
981 2684 1039 2730 ut
1063 2675 1286 2746 jttstitize
1320 2675 1744 2745 fulgeantopera
1777 2674 2087 2730 manifesm.

483 2763 655 2834 Igitur
685 2766 804 2822 haec
833 2767 1002 2822 clavis
1041 2768 1383 2824 ostendenda
1441 2777 1528 2824 est
1558 2768 1816 2824 fratribus
1845 2770 2088 2830 nostris;

485 2866 543 2912 ut
567 2867 622 2914 et
650 2859 752 2926 ipsi
781 2869 1056 2932 tamquam
1088 2863 1342 2935 discipuli
1386 2863 1532 2919 Petri
1569 2864 1778 2919 inferna
1807 2864 1907 2918 sibi
1946 2878 2094 2918 rese—

487 2965 632 3018 rare,
663 2953 834 3008 caelos
862 2957 1078 3024 aperire
1103 2968 1492 3014 consuescant.

923 3049 1090 3124 ωε
1127 3051 1366 3108 SERMO
1406 3051 1651 3108 xxxrv.

894 3144 1176 3201 Dominica
1217 3145 1674 3202 Resurrectionis.

2187 1911 2431 1967 missimc
2462 1916 2846 1983 perseveretis,
2871 1917 2915 1970 si
2965 1916 3254 1972 Dominum
3279 1918 3469 1975 videre
3501 1929 3556 1976 et
3580 1920 3644 1975 ad
3673 1935 3766 1976 cte-

2187 2005 2382 2062 lestem
2413 2009 2639 2078 patriam
2664 2011 2950 2078 pervenire
2971 2011 3322 2069 desideratis.

2263 2102 2318 2155 ri.
2366 2103 2610 2174 Denique
2637 2105 2759 2176 quia
2789 2115 3034 2162 sanctum
3062 2106 3263 2177 pascha
3291 2108 3597 2177 celebratis,
3625 2109 3770 2166 debe-

2190 2195 2260 2248 tis
2313 2195 2477 2261 scire,
2550 2197 2768 2265 fratres,
2830 2199 2958 2270 quid
3002 2201 3076 2254 sit
3126 2201 3348 2271 pascha.
3413 2202 3619 2259 Pascha
3659 2219 3772 2260 vero

2191 2288 2454 2341 transitus
2481 2287 2714 2356 dicitur;
2748 2289 2868 2345 ideo
2889 2301 3070 2345 autem
3121 2292 3218 2347 tali
3240 2295 3460 2348 nomine
3493 2303 3675 2350 vocata
3703 2302 3773 2350 est

2192 2378 2296 2432 ista
2318 2378 2603 2448 festivitas,
2628 2382 2749 2452 quia
2779 2383 2832 2437 in
2863 2384 2976 2454 ipsa
3010 2385 3349 2440 transierunt
3373 2385 3467 2442 lilii
3507 2387 3668 2443 Israel
3704 2401 3766 2442 ex

2192 2467 2451 2542 Egypto,
2483 2481 2536 2528 et
2582 2474 2699 2541 ipse
2746 2475 2916 2531 Filius
2961 2477 3051 2533 Dei
3087 2479 3334 2533 transivit
3361 2495 3424 2534 ex
3461 2479 3564 2535 hoc
3593 2479 3773 2536 mundo

2193 2566 2259 2618 ad
2291 2565 2529 2621 Patrem.
2558 2567 2757 2624 Verum
2790 2571 2917 2640 quid
2950 2572 3101 2628 vobis
3133 2572 3355 2643 prodest
3398 2576 3544 2645 quod
3589 2575 3773 2631 Pascha

2195 2657 2502 2725 celebretis,
2539 2661 2583 2716 si
2623 2677 2728 2717 non
2755 2664 3040 2721 imitamini
3071 2667 3216 2738 quod
3247 2668 3466 2723 colitis?
3498 2671 3598 2724 hoc
3613 2679 3710 2738 est,
3735 2669 3774 2724 si

2198 2768 2304 2808 non
2338 2755 2581 2812 transitis
2610 2757 2677 2812 ab
2707 2757 2968 2830 Egypto,
3002 2761 3050 2814 id
3076 2771 3181 2825 est,
3212 2777 3241 2814 a
3274 2762 3513 2818 tenebris
3543 2763 3774 2818 vitiorum

2197 2848 2262 2904 ad
2294 2849 2466 2904 lucem
2501 2850 2780 2916 virtutum.
2811 2861 2866 2909 et
2896 2869 2922 2906 a
2979 2855 3165 2910 tnundi
3199 2855 3358 2925 hujus
3383 2870 3569 2911 amore
3605 2856 3665 2911 ad
3694 2855 3777 2911 dc-

2197 2941 2457 2997 siderium
2489 2943 2732 3000 ctelestis
2774 2947 2961 3014 patrue
2984 2947 3008 3000 ?
3035 2946 3170 3001 Nam
3201 2956 3330 3002 sunt
3359 2948 3514 3003 multi
3545 2952 3628 3020 qui
3661 2965 3777 3019 gau-

2197 3033 2327 3088 dent
2351 3035 2402 3089 in
2433 3035 2535 3090 ista
2560 3037 2870 3104 festivitate,
2897 3048 2949 3094 et
2969 3039 3156 3094 colunt
3181 3040 3319 3095 hanc
3355 3040 3776 3106 solemnitatem;

2198 3136 2254 3182 et
2278 3139 2456 3182 tamen
2480 3129 2644 3194 male,
2673 3138 2728 3184 et
2757 3131 2899 3185 malo
2923 3145 3048 3196 suo,
3082 3133 3204 3203 quia
3235 3148 3342 3188 non
3375 3135 3695 3190 transierunt
3715 3149 3777 3187 ex

486 3234 637 3290 Ilunc
683 3253 989 3306 sermonem,
1021 3255 1136 3294 cunt
1164 3240 1359 3295 deesset
1410 3241 1464 3294 in
1500 3241 1724 3310 antiquis
1753 3241 2088 3306 editionibus,

2206 3224 2300 3279 hoc
2324 3225 2525 3280 mundo
2551 3225 2618 3280 ad
2645 3227 2879 3294 Patrem,
2910 3227 2961 3282 id
2984 3237 3090 3294 est,
3121 3244 3229 3283 non
3255 3239 3536 3284 transeunt
3555 3243 3584 3282 a
3607 3228 3776 3283 mundi

563 3328 799 3385 Romana
823 3333 916 3386 sub
957 3332 1054 3386 hoc
1097 3334 1244 3388 titulo
1273 3334 1445 3402 prima
1486 3334 1758 3408 esu/gavit.
1788 3333 1853 3388 Et
1897 3351 1954 3389 re
1978 3352 2098 3388 vera

554 3426 606 3477 in
631 3425 722 3479 illo
748 3428 984 3497 quaedam
1003 3437 1334 3500 exponuntur
1353 3428 1421 3482 ad
1447 3426 1785 3500 Evangelium
1807 3430 1965 3500 hujus
1990 3427 2099 3483 Do-

560 3518 765 3573 minica:
795 3520 1108 3589 pertinentia
1133 3537 1150 3574 :
1181 3520 1272 3574 sed
1292 3520 1429 3589 quod
1451 3520 1679 3574 eumdem
1707 3520 1966 3574 Ambrosii
1999 3537 2096 3574 na-

558 3610 697 3664 mine
732 3611 1045 3681 inscriptum
1073 3611 1326 3677 exhibuit,
1351 3612 1407 3666 id
1433 3629 1558 3667 sane
1583 3611 1898 3668 reclamante
1935 3614 2100 3668 sancti

566 3701 744 3758 Patris
766 3705 904 3776 stylo
928 3706 1202 3779 etingenio
1234 3707 1376 3777 fecit.

561 3797 614 3851 1.
658 3795 921 3866 Audistis,
955 3798 1151 3855 fratres
1177 3841 1191 3865 ,
1235 3799 1378 3869 quod
1407 3808 1610 3856 sanctae
1639 3799 1934 3866 mulieres,
1975 3815 2100 3870 quae

487 3900 614 3942 cum
645 3890 980 3946 aromatibus
1011 3891 1078 3945 ad
1123 3903 1536 3947 monumentum
1585 3907 1812 3959 venere,
1845 3893 2098 3964 angelum

492 3981 784 4038 viderunt:
817 3983 992 4055 inquit
1023 3985 1170 4040 enim
1206 4003 1220 4041 :
1249 3986 1317 4040 Et
1361 3987 1677 4041 introeuntes
1721 3988 1776 4040 in
1799 4003 2100 4041 monumen-

490 4084 598 4129 tum
613 4075 848 4130 viderunt
854 4081 1099 4150 juvenem
1111 4079 1368 4133 sedentem
1383 4080 1435 4133 in
1452 4079 1646 4133 dextris
1671 4077 1753 4150 (51
1758 4095 1867 4134 arc.
1885 4095 1997 4142 xw,
2019 4077 2103 4151 5).

493 4169 626 4236 Quis
657 4183 786 4224 vero
813 4169 1034 4240 juvenis
1065 4171 1165 4226 iste
1188 4171 1373 4237 fuerit,
1400 4189 1468 4228 ne
1492 4174 1818 4244 ambiguitas
1851 4185 1902 4229 te
1932 4174 2102 4229 oﬁ‘en-

486 4263 662 4322 deret.
695 4263 837 4318 alius
865 4264 1210 4336 Evangelista
1267 4267 1487 4336 scripsit
1515 4285 1526 4321 :
1563 4268 1790 4338 Angelus
1821 4270 1960 4322 enim
1993 4269 2104 4324 Do-

495 4355 622 4410 mini
652 4355 912 4410 descendit
935 4356 999 4410 de
1023 4358 1168 4422 caelo,
1193 4367 1242 4412 et
1270 4359 1516 4413 accedens
1545 4359 1756 4414 revolvit
1777 4360 2025 4430 lapidem,
2056 4372 2104 4416 et

494 4446 703 4502 sedebat
733 4464 892 4517 super
913 4465 1030 4502 eum
1050 4449 1268 4521 (Matth.
1296 4465 1488 4516 xxvm,
1512 4451 1590 4520 2).
1617 4450 1783 4505 Maria
1805 4467 1938 4506 vero
1967 4452 2105 4524 Mag-

495 4540 712 4610 dalena,
744 4558 865 4614 qua:
890 4543 1098 4600 arctius
1121 4544 1379 4614 diligebat
1405 4544 1625 4611 Jesum;
1660 4547 1784 4617 quia
1823 4545 1984 4616 juxta
2013 4562 2102 4601 se-

2200 3319 2511 3390 cupiditate,
2535 3329 2589 3376 et
2608 3337 2634 3374 a
2658 3323 2862 3377 carnali
2881 3322 3249 3379 delectatione
3268 3324 3333 3379 ad
3354 3325 3594 3380 caelestis
3612 3324 3778 3395 patria:

2200 3429 2464 3470 amorem.
2497 3413 2541 3471 0
2571 3416 2752 3472 miseri
2801 3418 3104 3485 christiani,
3147 3421 3236 3490 qui
3271 3421 3321 3474 in
3367 3419 3602 3494 Egypto
3646 3431 3772 3486 sum,

2203 3505 2254 3560 id
2285 3517 2388 3573 est,
2429 3508 2531 3562 sub
2583 3518 2853 3578 potestate.
2884 3510 3107 3577 diaboli,
3162 3521 3217 3567 et
3256 3513 3494 3584 gaudent
3537 3516 3588 3568 in
3613 3513 3775 3568 malis!

2203 3598 2398 3654 Moneo
2429 3613 2763 3673 quapropter
2788 3619 2918 3670 vos,
2949 3605 3169 3674 fratres,
3203 3618 3262 3662 ut
3293 3608 3494 3678 pascha
3527 3609 3628 3664 tite
3655 3608 3778 3663 cele-

2202 3691 2394 3758 bretis,
2424 3693 2474 3748 id
2521 3705 2624 3761 est,
2675 3697 2962 3752 transitum
3016 3698 3246 3756 faciatis.
3297 3702 3636 3774 Quicumque
3673 3701 3779 3756 mali

2205 3785 2344 3840 hanc
2383 3786 2734 3846 festivitatem
2786 3792 3100 3859 celebratis,
3149 3796 3385 3851 transite
3433 3797 3502 3852 de
3553 3797 3693 3852 vitiis
3728 3795 3782 3850 ad

2205 3879 2478 3936 virtutes:
2529 3884 2858 3956 quicumque
2897 3902 3026 3941 vero
3079 3886 3228 3954 boni,
3286 3889 3515 3944 transite
3571 3890 3639 3944 de
3694 3890 3784 3942 vir-

2206 3975 2414 4030 tutibus
2440 3977 2506 4031 ad
2539 3977 2803 4045 virtutes;
2836 3987 2892 4034 et
2914 3981 2982 4034 ita
3013 3990 3073 4035 ut
3119 3981 3299 4037 nullus
3325 3993 3606 4038 remaneat
3630 3983 3678 4037 in
3707 3997 3784 4036 vo-

2206 4067 2310 4133 bis,
2342 4071 2432 4138 qui
2470 4071 2758 4126 transitum
2794 4089 2900 4127 non
2933 4072 3116 4128 faciat.

2278 4163 2331 4218 5.
2376 4163 2444 4217 Et
2490 4165 2631 4218 sicut
2673 4164 2843 4220 Judzci
2895 4167 3113 4236 quando
3177 4165 3375 4234 pascha
3435 4165 3784 4230 celebrabant,

2204 4266 2414 4326 septem
2442 4257 2556 4314 dies
2585 4275 2770 4330 azyma
2819 4260 3212 4326 contedebant;
3244 4262 3316 4316 ita
3344 4263 3526 4316 omnis
3550 4260 3780 4316 christia-

2207 4367 2329 4417 nus,
2353 4353 2443 4422 qui
2476 4353 2588 4408 veri
2621 4353 2779 4422 Agni,
2815 4354 2865 4408 id
2896 4365 3000 4419 est,
3034 4353 3266 4419 Christi,
3295 4369 3518 4411 carnem
3550 4352 3783 4416 comedit,

2211 4461 2305 4516 per
2327 4459 2492 4500 omne
2517 4452 2730 4516 tempus
2761 4446 2885 4502 vita:
2909 4463 3044 4516 sum,
3077 4448 3222 4519 quod
3247 4464 3343 4519 per
3370 4460 3582 4520 septem
3631 4447 3787 4503 volvi-

2209 4547 2296 4594 tur
2339 4539 2478 4604 dies,
2510 4541 2830 4612 simpliciter
2858 4551 2914 4598 et
2939 4547 3256 4599 innocenter
3283 4544 3450 4600 debet
3481 4541 3785 4601 conversari.

499 4637 746 4706 pulcrum
767 4638 1154 4706 perseveravit,
1179 4638 1466 4694 Dominum
1490 4638 1660 4709 prima
1675 4640 1922 4695 omnium
1950 4639 2100 4704 vidit,
2129 4637 2182 4697 D
2213 4632 2424 4698 Videte,
2461 4631 2678 4698 fratres,
2713 4634 2892 4690 videte
2917 4652 2984 4690 ne
3023 4635 3352 4691 fermentum
3379 4646 3536 4692 vetus
3564 4639 3630 4692 sit
3668 4634 3788 4705 apud

500 4740 560 4785 et
589 4729 852 4800 aposmlis
885 4731 1173 4786 nuntiavit.
1208 4731 1388 4800 lnqnit
1417 4732 1561 4787 enim
1590 4731 1829 4788 Joannes
1874 4748 2108 4803 evange-

501 4820 626 4876 IiSIa
653 4839 666 4875 :
707 4821 856 4876 Venit
888 4822 1064 4876 Maria
1094 4821 1410 4895 Magdalena
1439 4827 1752 4880 annuntians
1790 4824 2066 4894 discipulis
2092 4841 2110 4880 :

511 4913 635 4970 Vidi
666 4915 958 4985 Dominum,
989 4928 1038 4972 et
1061 4919 1170 4973 [nec
1189 4919 1316 4972 mihi
1343 4918 1496 4986 dixit,
1522 4928 1629 4976 etc.
1656 4919 1838 4992 (Joan.
1869 4935 1962 4982 xx,
1993 4917 2107 4988 18).

503 5008 610 5065 l’er
634 5025 756 5081 qua:
797 5026 896 5064 nos
929 5025 1234 5079 monemur,
1267 5022 1326 5066 ut
1370 5027 1492 5066 cum
1526 5013 1883 5072 aromatibus,
1920 5012 1970 5066 id
2002 5021 2108 5074 est,

505 5117 629 5157 eum
672 5104 840 5159 odore
889 5104 1156 5160 bonorum
1208 5121 1458 5176 cperunt,
1493 5117 1546 5162 et
1577 5106 1871 5162 virtutibus
1929 5106 2113 5162 referti

505 5192 796 5250 Dominum
821 5212 1154 5267 quaeramus.

573 5289 628 5343 2.
671 5289 812 5345 Sunt
853 5306 1060 5357 autem,
1087 5292 1422 5357 charissimi,
1455 5292 1700 5347 nonnulli
1733 5294 1823 5364 qui
1859 5294 2116 5350 videntur

509 5382 796 5439 Dominum
829 5400 1080 5455 quaerere
1113 5404 1126 5439 :
1154 5388 1247 5441 sed
1281 5387 1406 5457 quia
1441 5387 1601 5442 otiosi
1631 5397 1778 5454 sunt,
1801 5397 1856 5443 et
1890 5404 1920 5444 a
1948 5390 2119 5443 virtu-

2209 4741 2330 4790 vos,
2373 4727 2518 4780 sicut
2543 4740 2728 4782 monet
2751 4730 3068 4798 Apostolus,
3091 4729 3281 4784 dicens
3307 4752 3321 4788 :
3349 4729 3648 4803 Expurgate
3671 4741 3790 4784 cetus

2211 4823 2519 4891 fermentum
2551 4819 2734 4889 (lCor.
2765 4837 2817 4886 v,
2844 4822 2922 4892 7),
2958 4823 3007 4877 id
3036 4832 3144 4889 est,
3177 4823 3382 4879 veteris
3424 4823 3656 4879 hominis
3679 4837 3792 4878 con-

2214 4913 2602 4967 versationem.
2651 4912 2804 4969 Tunc
2860 4915 3006 4970 enim
3053 4916 3206 4972 eritis
3257 4916 3368 4971 veri
3417 4915 3713 4979 christiani,
3755 4913 3792 4966 si

2214 5020 2376 5060 omne
2427 5006 2626 5061 malum
2679 5006 3107 5074 declinaveritis,
3151 5009 3294 5080 quod
3363 5009 3672 5082 designatur
3715 5022 3796 5078 per

2214 5108 2370 5151 vetus
2403 5096 2754 5165 fermentum,
2787 5110 2839 5155 et
2893 5102 3113 5172 quodin
3157 5102 3430 5172 baptismo
3472 5102 3795 5172 promisistis,

2221 5188 2458 5247 ﬁdeliter
2480 5193 2874 5260 custodiet-itis,
2919 5196 3063 5266 quod
3089 5197 3203 5265 ipse
3228 5196 3386 5252 vobis
3416 5196 3698 5261 concedat,
3721 5191 3798 5264 qui

2217 5283 2348 5340 vivit
2379 5295 2434 5341 et
2457 5295 2647 5356 regnat
2669 5302 2768 5357 per
2790 5287 2997 5343 infinita
3031 5291 3229 5343 smcula
3257 5291 3609 5357 smeulorum,
3638 5301 3797 5342 amen.

2682 5377 2843 5451 437
2873 5379 3112 5436 SEBMU
3143 5379 3365 5436 xxxv.

507 5473 649 5530 tibus
677 5477 866 5542 alieni,
910 5478 1063 5533 illum
1120 5494 1226 5535 non
1262 5490 1542 5536 merentur
1583 5481 1852 5547 invenire,
1897 5497 2000 5537 nec
2036 5483 2120 5537 in-

508 5575 730 5622 ventum
781 5569 984 5626 videre.
1021 5572 1264 5643 Denique
1307 5574 1434 5644 quid
1491 5574 1809 5644 quaerebant
1842 5574 1947 5629 illa:
1994 5590 2120 5629 san-

508 5671 612 5718 ctae
637 5661 892 5719 mulieres
911 5664 962 5718 in
982 5678 1362 5734 monumento,
1387 5666 1490 5722 nisi
1511 5682 1710 5736 corpus
1731 5667 2121 5724 DominiJesu?

507 5754 578 5810 Et
608 5770 704 5810 vos
732 5756 861 5824 quid
909 5755 1156 5820 qua-ritis
1188 5760 1240 5813 in
1275 5759 1518 5816 Ecclesia
1549 5761 1650 5815 nisi
1681 5760 1892 5828 .lesum,
1927 5760 1977 5816 id
2009 5771 2116 5829 est,

502 5847 893 5906 Salvatorem?
921 5849 1029 5907 Sed
1059 5853 1104 5906 si
1128 5852 1326 5922 cupitis
1349 5849 1499 5907 illum
1527 5854 1795 5924 invenire,
1830 5847 1951 5910 orto
1975 5856 2113 5921 sole,

2641 5471 2714 5524 De
2764 5473 3024 5542 Mysterio
3070 5473 3294 5527 Paschm
3344 5471 3410 5528 ll.

2229 5564 2330 5620 Hic
2355 5583 2524 5621 sermo
2562 5568 2616 5620 in
2654 5567 2891 5621 omnibus
2922 5567 3178 5621 Ambrosii
3207 5569 3332 5622 edit.
3363 5568 3458 5622 sub
3487 5567 3644 5622 libelli
3671 5564 3806 5619 titulo

2296 5660 2350 5713 in
2381 5661 2546 5714 lucem
2569 5660 2782 5730 prodiit,
2805 5676 2921 5712 cum
2941 5671 3109 5713 tamen
3133 5661 3460 5732 manifestum
3486 5662 3552 5714 sit
3581 5660 3808 5714 concinn-

2297 5755 2469 5809 culam
2499 5771 2630 5819 esse,
2652 5771 2754 5824 qua
2783 5757 2971 5820 festum
3004 5753 3268 5825 puschatis
3307 5755 3370 5809 ob
3405 5766 3696 5828 reparatam
3720 5751 3808 5804 Ito.

2295 5848 2447 5900 mim’s
2479 5847 2827 5901 innocentiam
2855 5853 3005 5917 atque
3028 5848 3246 5902 salutem
3269 5848 3368 5903 cali
3391 5843 3573 5903 debere
3613 5839 3811 5901 ostendi!
