3944 6310
117 303 208 358 675

905 295 1277 356 SERMONES
1317 298 1375 356 S.
1419 296 1768 355 AMISROSIO
1806 294 2175 355 HACTENUS
2212 295 2556 356 ASCHIPTI.

3277 300 3381 355 ﬁ'i-i

178 424 354 470 auctor.
396 411 547 480 Quod
582 420 750 466 autem
790 411 872 468 hic
910 422 1089 467 auctor
1127 413 1190 466 ab
1226 413 1496 468 Ambrosio
1534 415 1669 468 alius

1790 440 1881 495 Las,
1897 438 1950 485 et
1968 431 2385 486 simulacrorum
2411 431 2592 486 cultus
2613 429 2736 486 οωὶὶ
2754 429 2956 484 aditum
2981 429 3285 497 clauserat;
3305 433 3378 487 ita

177 508 337 581 fuerit,
369 506 694 578 exploratum
724 506 892 560 reddit
920 506 1032 579 ipsa
1061 507 1238 562 dictio.

175 598 385 658 CAPUT
427 597 716 654 PRIMUM.
744 629 814 638 —
844 600 894 654 1.
940 599 1160 655 Paschte
1200 601 1514 672 mysterium
1548 609 1574 637 ⁸
1604 600 1674 658 de

112 695 203 754 fide
228 691 464 748 omnibus
494 691 846 748 credentibus
883 691 937 746 in
968 690 1188 748 Christo
1219 694 1450 757 renatis.
1479 694 1676 751 recidi-

111 796 270 843 vatum
297 783 411 839 ﬁdei
435 799 630 838 annuze
656 783 933 840 felicitatis
955 784 1214 856 gaudium
1240 793 1296 842 et
1323 786 1550 857 gloriam
1576 787 1675 842 mi-

111 882 304 937 nistrat.
337 877 485 944 Quod
527 877 744 949 quidem
783 893 1000 934 sacrum
1033 894 1230 934 nomen
1263 880 1331 935 ab
1363 881 1533 950 ipsius
1561 880 1672 936 Do-

108 971 222 1028 mini
265 970 510 1040 passione
552 971 868 1037 descendit;
927 971 1126 1042 pascha
1180 976 1324 1027 enim
1371 972 1552 1043 passio
1591 983 1675 1028 est

111 1064 416 1128 Salvatoris,
467 1063 611 1120 sicut
663 1065 854 1120 beatus
906 1067 1204 1135 Apostolus
1252 1067 1414 1122 dicit:
1470 1065 1675 1122 Pascha

107 1163 225 1216 enim
251 1172 469 1215 nostrum
496 1160 798 1216 immolatus
824 1171 895 1216 est
914 1159 1150 1217 Christus
1175 1161 1230 1232 (Ι
1262 1161 1382 1217 Cor.
1409 1178 1462 1227 v,
1487 1163 1567 1232 7).
1591 1161 1674 1217 Ad

106 1255 196 1312 hoc
219 1255 352 1310 enim
382 1254 680 1311 humanum
711 1271 912 1327 corpus
931 1256 1180 1312 Christus
1207 1257 1509 1327 accipiens,
1537 1270 1596 1312 se
1621 1257 1675 1312 in

105 1349 384 1421 passionem
411 1348 631 1418 pascha:
661 1351 922 1419 mysterio
945 1349 1313 1415 consecravit;
1344 1359 1400 1404 ut
1429 1349 1676 1420 quisquis

106 1443 248 1512 hujus
277 1444 510 1499 muneris
554 1458 651 1514 per
687 1443 846 1500 ﬁdem
892 1443 1363 1514 participationem
1409 1453 1556 1499 esset
1594 1443 1674 1498 in-

105 1538 306 1606 deptus,
338 1539 618 1593 consortio
654 1538 957 1604 Dominicze
1004 1537 1279 1594 felicitatis
1325 1537 1523 1609 dignus
1561 1553 1676 1594 me-

105 1631 195 1687 rito
219 1639 547 1685 censeretur.

166 1720 377 1776 CAPUT
405 1719 468 1776 il.
495 1751 565 1761 —
586 1721 640 1775 2.
686 1721 782 1776 Est
806 1723 951 1777 enim
983 1723 1177 1794 pascha
1209 1739 1336 1778 vere
1369 1725 1492 1779 anni
1524 1725 1674 1795 prin-

1776 522 1976 578 infcrni
2000 522 2278 578 baratrum
2307 524 2741 593 praevaricatoris
2782 523 3008 594 perﬁdia
3041 535 3379 592 procurarat.

1847 614 1900 668 5.
1935 614 1991 669 lu
2019 631 2249 686 quorum
2273 616 2556 686 suppliciis
2581 632 2754 688 usque
2775 617 2842 673 ad
2869 619 3160 674 adventum
3192 620 3382 676 Salta-

1776 709 1909 765 toris
1941 709 2155 764 Domini
2185 709 2316 765 Jesu
2352 708 2552 766 Christi
2592 709 2842 767 diabolus
2883 726 2978 781 per
3021 720 3251 767 mortem
3293 728 3380 766 rc-

1775 804 1982 876 gnavit,
2015 804 2193 860 donec
2223 803 2476 859 humana:
2512 804 2696 859 carnis
2719 804 2788 859 ad
2822 804 2992 860 Deum
3022 815 3381 876 attemperata

1776 899 2111 964 substantia,
2163 899 2570 954 immaculatum
2611 913 2810 970 corpus
2849 898 3146 956 conditioni
3192 901 3385 956 mortis

1775 993 2002 1048 addixit.
2026 995 2235 1063 EXpers
2268 993 2476 1065 peccati
2503 992 2780 1060 Christus,
2806 1009 2932 1049 cum
2963 994 3029 1049 ad
3062 996 3251 1050 tartari
3275 995 3380 1050 iuta

1777 1087 2167 1151 descenderet,
2216 1101 2369 1142 seras
2414 1086 2609 1142 inferni
2643 1086 2949 1159 januasque
2994 1087 3380 1160 confringens,

1775 1178 1986 1234 vinctas
2036 1187 2259 1250 peccato
2308 1177 2556 1244 animas,
2599 1179 2790 1234 mortis
2844 1179 3222 1238 dominatione
3287 1181 3385 1237 de-

1777 1278 2002 1334 structa,
2027 1286 2058 1327 e
2079 1270 2280 1326 diaboli
2300 1271 2547 1326 faucibus
2574 1272 2856 1328 revocavit
2884 1273 2951 1330 ad
2984 1275 3186 1341 vitam;
3221 1283 3387 1347 atque

1775 1364 1850 1420 ita
1881 1366 2097 1421 divinus
2127 1367 2430 1435 triumphus
2461 1368 2681 1424 :eternis
2706 1369 3122 1426 characteribus
3144 1381 3230 1428 est
3253 1387 3388 1428 con-

1775 1465 2032 1531 scriptus,
2063 1461 2187 1515 dum
2218 1461 2383 1516 dicit:
2420 1460 2520 1516 Ubi
2549 1472 2646 1529 est,
2678 1479 2835 1530 mors,
2867 1464 3082 1520 aculeus
3112 1466 3272 1521 tuus?
3299 1465 3386 1520 ubi

1775 1564 1870 1621 est,
1897 1571 2054 1621 mors,
2084 1556 2297 1610 victoria
2325 1565 2416 1610 tua
2453 1554 2499 1628 (Ι
2531 1554 2653 1612 Cor.
2678 1573 2770 1626 xv,
2793 1556 2927 1627 55)?

1848 1646 1902 1701 6.
1945 1647 2116 1716 Quam
2146 1647 2462 1702 felicitatem
2491 1660 2757 1718 reparata:
2777 1650 2968 1706 salutis
2998 1651 3195 1709 Paulus
3225 1669 3383 1710 reco-

1777 1741 1896 1797 lens
1933 1741 2165 1796 clamat:
2201 1742 2373 1798 Sicuti
2412 1760 2501 1811 per
2536 1745 2701 1798 Adam
2731 1761 2870 1801 mors
2910 1747 3119 1802 intravit
3159 1749 3215 1803 in
3247 1748 3384 1805 hunc

105 1815 306 1884 Cipiltm,
339 1813 497 1882 primi
527 1814 732 1870 mensis
766 1815 1082 1882 exordium,
1124 1816 1333 1871 novella
1365 1819 1668 1888 germinum

1790 1838 2044 1902 nandum,
2077 1838 2149 1892 ita
2179 1847 2224 1892 et
2252 1855 2343 1910 per
2369 1838 2630 1894 Christum
2658 1840 2802 1894 salus
2832 1842 3068 1896 restituta
3095 1854 3166 1898 est
3190 1845 3386 1900 mundo

105 1906 373 1977 reparatio.
401 1921 466 1962 ac
497 1916 651 1962 tetra:
688 1907 884 1962 hiemis
913 1919 1072 1962 nocte
1093 1907 1362 1975 discussa,
1397 1909 1554 1978 primi
1579 1923 1672 1964 ve-

105 2001 170 2056 ris
193 2000 425 2056 restituta
453 2000 792 2070 jucunditas.
829 2000 964 2062 Hoc.
991 2003 1229 2071 inquam,
1268 2011 1516 2071 tempore
1545 2001 1674 2056 visi-

103 2092 271 2149 bilium
298 2105 348 2148 et
381 2093 734 2150 invisibilium
764 2094 1016 2150 conditor
1039 2095 1214 2160 Deus,
1251 2092 1278 2132 δ
1302 2094 1482 2150 deﬁxo
1511 2095 1673 2150 hamo

105 2186 212 2243 coeli
248 2187 547 2243 machinam
585 2188 966 2259 suspendens,
1007 2187 1149 2242 idem
1173 2187 1309 2242 solis
1348 2188 1544 2244 ardore
1585 2204 1674 2244 ra-

105 2279 270 2345 diavit,
290 2281 639 2352 splendorem
669 2281 811 2336 luna:
833 2281 1030 2337 solatio
1057 2281 1232 2336 noctis
1253 2282 1520 2346 attribuit,
1542 2297 1673 2351 pen-

104 2375 300 2431 dentem
331 2376 452 2431 coeli
482 2391 756 2431 cameram
789 2375 1194 2445 splendentium
1234 2375 1470 2430 siderum
1513 2375 1675 2430 deco-

103 2469 226 2522 ravit
251 2476 470 2532 ornatu,
506 2484 656 2524 mare
680 2467 846 2524 certis
874 2468 1114 2523 littorum
1144 2468 1342 2524 ﬁnibus
1370 2483 1634 2525 coercens
1657 2510 1670 2536 ,

102 2577 328 2618 concava:
355 2578 419 2618 ac
449 2562 730 2617 stridentis
764 2561 920 2617 unda:
952 2570 1144 2616 aestum
1179 2572 1349 2617 metas
1379 2563 1566 2617 statuti
1601 2561 1666 2616 li-

104 2655 231 2710 mitis
251 2656 412 2726 jussit
443 2655 585 2710 haud
608 2655 895 2711 excedere.
926 2654 993 2709 Et
1024 2665 1081 2710 ut
1105 2655 1265 2725 plana
1292 2655 1475 2710 mundi
1509 2655 1674 2712 facies

103 2748 356 2803 oculorum
388 2749 606 2804 eminus
636 2747 1055 2804 subtraheretur
1075 2757 1301 2818 aspectu
1322 2789 1335 2812 ,
1378 2746 1444 2802 ad
1478 2746 1580 2801 hoc
1616 2745 1669 2801 in

103 2854 328 2898 ornatum
372 2843 666 2900 mundialis
711 2841 960 2909 fabricae,
1010 2842 1282 2898 nemorosi
1313 2842 1483 2898 colles
1510 2851 1672 2912 atque

103 2941 282 2996 excelsi
310 2941 587 2997 constituti
618 2947 746 2995 sunt
774 2946 1020 3004 montes;
1046 2948 1100 2993 ut
1131 2938 1328 2994 iterum
1356 2936 1672 2992 mortalibus

103 3033 399 3101 campestris
426 3043 652 3088 ornatus
675 3031 970 3102 jucundior
998 3029 1297 3086 adveniret.

100 3131 109 3155 ¹
162 3123 376 3181 CAPUT
405 3124 497 3180 ΙΙΙ.
519 3154 591 3165 —
611 3124 665 3179 5.
708 3123 937 3195 Ipseque
967 3124 1131 3178 homo
1157 3121 1336 3178 divini
1365 3122 1561 3192 opiﬁcii
1590 3122 1672 3177 di-

101 3217 332 3286 gnatione
353 3218 620 3272 formatus
641 3216 706 3272 ad
727 3215 832 3272 hoc
857 3217 1133 3272 terrestris
1160 3223 1424 3272 creatura:
1449 3215 1669 3270 eﬂ‘ectus
1698 3217 1744 3283 C

101 3319 176 3368 est
199 3311 465 3379 dominus,
500 3320 560 3368 ut
584 3311 785 3367 divinis
821 3309 1259 3366 institutionibus
1301 3325 1516 3381 parens,
1557 3309 1673 3378 ejus

103 3410 288 3459 tantum
315 3415 368 3461 ct
397 3405 741 3460 voluntatem
774 3413 1048 3469 servaret,
1084 3403 1177 3472 qui
1209 3417 1266 3457 se
1292 3406 1345 3456 in
1384 3403 1545 3456 tantis
1582 3416 1671 3457 re-

105 3497 196 3553 bus
221 3499 497 3554 dominum
531 3497 872 3570 praefecisset
903 3513 970 3553 ex
997 3497 1187 3552 nihilo.
1222 3495 1324 3564 Qui
1351 3496 1404 3550 in
1439 3497 1557 3565 ipso
1581 3511 1674 3550 ex-

102 3590 240 3646 ordio
261 3591 411 3657 (Cen.
443 3609 522 3659 tu,
545 3592 578 3648 6
606 3602 652 3647 et
678 3589 812 3662 seq.)
837 3607 941 3646 non
975 3590 1212 3656 neScius,
1245 3589 1571 3660 depravatns
1596 3590 1676 3643 in-

101 3683 251 3753 vidia,
278 3687 406 3742 dum
437 3700 602 3756 super
627 3683 897 3740 indultum
929 3684 1025 3740 Dei
1059 3682 1332 3753 opiﬁcium
1361 3683 1510 3752 cupit
1537 3682 1670 3749 ﬁeri,

103 3779 232 3847 quod
275 3789 469 3836 natura
509 3796 616 3836 non
661 3779 923 3846 dederat,
970 3779 1155 3834 amisit
1198 3776 1464 3848 gratiam,
1515 3792 1676 3848 quam

103 3870 356 3930 Creatoris
386 3875 560 3945 pietas
592 3874 954 3930 attribuerat:
999 3872 1260 3929 continuo
1301 3871 1370 3927 ob
1415 3872 1676 3942 concupi-

103 3972 348 4027 scentiam
403 3971 692 4027 diabolica:
733 3970 1073 4040 deceptionis
1112 3969 1438 4026 sententiam
1487 3968 1680 4024 mortis

106 4063 475 4132 prrevaricator
513 4065 836 4133 incurrens,
871 4062 1034 4120 etiam
1061 4063 1127 4118 ad
1158 4063 1348 4118 futura:
1376 4080 1444 4120 ex
1469 4079 1528 4119 se
1549 4063 1677 4119 stir-

106 4153 179 4223 pis
216 4157 476 4228 originem
517 4159 876 4229 propagavit;
921 4165 979 4211 ut
1011 4156 1192 4212 divina
1235 4155 1340 4212 hoc
1377 4157 1500 4212 loco
1535 4168 1681 4212 reete

105 4251 359 4305 sententia
384 4252 790 4322 complerelur:
823 4249 1028 4304 Invidia
1059 4249 1250 4304 diaboli
1282 4266 1416 4305 mors
1451 4251 1681 4305 introivit

107 4341 154 4394 in
179 4343 342 4399 orbem
376 4356 633 4402 terrarum
683 4344 839 4418 (Sap.
867 4360 927 4410 tt,
954 4344 1070 4414 24).
1105 4343 1182 4398 Ita
1215 4358 1308 4412 per
1333 4344 1678 4400 occasionem

107 4439 298 4512 delicti,
330 4445 384 4501 in
407 4444 678 4501 universis
705 4441 1080 4514 peccatoribus
1103 4440 1350 4498 diabolus
1381 4442 1574 4498 mortis
1600 4453 1684 4498 est

109 4539 317 4594 sortitus
353 4540 641 4610 imperium
662 4581 678 4603 ,
723 4546 886 4607 atque
919 4551 1108 4591 omnes
1132 4551 1163 4590 a
1210 4535 1325 4592 Deo
1360 4535 1643 4592 deviantes
1665 4577 1680 4602 ,

1779 1929 1966 2002 (Ibid.,
1991 1929 2119 2001 2‘2);
2154 1942 2206 1986 et
2238 1931 2470 1985 iterum:
2516 1930 2728 1987 Primus
2759 1934 2914 1988 homo
2959 1936 3022 1989 de
3058 1946 3195 1991 terra
3222 1947 3386 1994 terre-

1776 2038 1872 2076 nus
1896 2064 1912 2088 ,
1961 2023 2218 2077 secundus
2246 2023 2398 2077 homo
2426 2023 2491 2078 tle
2516 2025 2641 2079 εωιο
2669 2025 2889 2081 caelestis
2918 2025 3105 2098 (Ibid.,
3146 2030 3237 2094 47,
3263 2029 3380 2101 49).

1776 2113 1844 2169 Ει
1874 2113 2138 2184 adjiciens
2164 2115 2272 2169 ait:
2305 2114 2456 2171 Sicut
2485 2119 2822 2189 portavimus,
2844 2118 3122 2192 imaginem
3171 2123 3384 2187 terreni,

1777 2207 1830 2263 id
1858 2218 1962 2272 est,
1995 2209 2198 2264 vetusti
2227 2208 2466 2266 hominis
2493 2211 2547 2265 in
2579 2211 2830 2278 crimine,
2863 2213 2936 2266 sic
2962 2223 3226 2283 portemus
3254 2216 3386 2270 ima-

1776 2303 1946 2373 ginem
1975 2303 2214 2371 caelestis,
2249 2302 2301 2357 id
2329 2312 2433 2369 est,
2479 2304 2742 2374 suscepti,
2785 2303 3077 2374 redempti,
3109 2309 3380 2377 reparati;

1774 2412 1838 2453 ac
1865 2397 2134 2469 puriﬁcati
2170 2397 2409 2454 hominis
2444 2399 2677 2456 salutem
2721 2409 3008 2456 teneamus
3043 2402 3096 2456 in
3125 2401 3346 2458 Christo
3370 2446 3386 2470 ,

1775 2490 1902 2560 quia
1951 2490 2092 2545 idem
2144 2490 2260 2561 ipse
2305 2490 2602 2562 Apostolus
2653 2491 2730 2546 ait
2777 2489 2967 2566 (Ibid.,
3001 2492 3129 2566 25):
3163 2492 3383 2550 Initium

1776 2580 2033 2648 Christus,
2065 2583 2117 2640 id
2142 2592 2245 2651 est,
2276 2594 2468 2641 auctor
2493 2586 2913 2642 resurrectionis
2939 2599 2994 2644 et
3024 2590 3389 2658 vitae;deinde

1774 2676 1830 2730 hi
1851 2679 1936 2746 qui
1962 2689 2080 2733 sunt
2101 2678 2315 2748 Christi,
2348 2680 2399 2734 id
2432 2689 2538 2745 est,
2569 2681 2662 2751 qui
2691 2682 2746 2736 iu
2777 2680 2952 2737 forma
2982 2685 3240 2755 puritatis
3265 2685 3388 2756 ejus

1774 2769 1940 2845 438
1981 2775 2264 2840 viventes,
2312 2775 2382 2830 de
2429 2789 2528 2845 spe
2574 2778 3000 2833 resurrectionis
3046 2778 3166 2849 ejus
3207 2780 3388 2836 securi

1773 2878 1956 2936 erunt,
1987 2884 2108 2926 cum
2154 2870 2274 2940 ipso
2314 2869 2552 2926 ctrlcstis
2592 2870 2846 2941 promissi
2885 2871 3118 2943 gloriam
3169 2888 3388 2943 posses-

1774 2961 1910 3028 suri,
1941 2964 2079 3018 sicut
2118 2963 2234 3034 ipse
2263 2963 2532 3020 Dominus
2572 2964 2626 3020 in
2664 2965 2965 3034 Evangelia
3005 2967 3118 3022 ait:
3151 2953 3277 3037 Qui,
3303 2968 3387 3024 in-

1774 3057 1910 3127 quit,
1952 3074 2033 3112 me
2070 3069 2277 3114 secutus
2318 3060 2500 3129 fuerit,
2547 3077 2650 3115 non
2688 3062 2916 3132 peribit:
2947 3064 3039 3119 sed
3069 3065 3288 3120 transiet
3323 3066 3388 3122 de

1777 3160 1938 3204 morte
1964 3151 2032 3202 ad
2064 3151 2217 3205 vitam
2248 3150 2427 3224 (Joan.
2461 3170 2515 3218 ν,
2541 3153 2661 3225 24).

1846 3243 1896 3295 7.
1927 3243 2001 3296 lta
2044 3244 2345 3300 Salvatoris
2372 3248 2578 3316 passio,
2623 3248 2748 3304 vita:
2784 3248 3036 3305 humanm
3068 3251 3217 3308 salus
3259 3260 3372 3309 est.

1774 3332 1856 3390 Ad
1890 3336 1992 3390 hoc
2019 3338 2164 3391 enim
2209 3353 2306 3407 pro
2349 3339 2517 3406 nobis
2541 3342 2678 3396 mori
2709 3342 2901 3408 voluit,
2935 3352 2991 3398 ut
3032 3358 3134 3399 nos
3165 3345 3219 3400 in
3249 3360 3377 3402 eum

1771 3428 2060 3483 credentes
2105 3441 2369 3500 perpetuo
2395 3432 2729 3488 viveremus.
2773 3434 2962 3489 Voluit
2992 3450 3092 3506 pro
3133 3446 3386 3508 tempore

1777 3519 1895 3576 ﬁeri
1929 3521 2076 3591 quod
2115 3537 2214 3577 nos
2246 3539 2454 3590 sumus,
2489 3534 2546 3579 ut
2587 3543 2688 3582 nos
2733 3527 3059 3583 aeternitatis
3098 3530 3218 3600 ejus
3259 3547 3387 3601 pro-

1779 3615 2098 3670 missionem
2125 3615 2352 3685 indepti,
2373 3632 2496 3671 cum
2527 3618 2722 3673 eodem
2755 3628 3020 3690 perpetuo
3042 3622 3378 3679 viveremus.

1849 3707 2080 3764 CAPUT
2126 3708 2191 3764 V.
2212 3739 2282 3749 —
2303 3710 2355 3766 8.
2377 3710 2523 3778 llmc,
2558 3712 2801 3782 inquam,
2843 3714 2932 3768 illa
2963 3722 3048 3770 est
3077 3715 3384 3772 caelestium

1781 3803 2164 3872 mySIeriorum
2178 3804 2374 3874 gratia,
2397 3811 2500 3859 hoc
2520 3807 2736 3874 pascha:
2753 3805 2981 3874 donum,
3001 3807 3114 3862 haec
3132 3808 3390 3879 optabilis

1781 3894 1908 3948 anni
1941 3893 2230 3960 festivitas,
2267 3895 2380 3951 huic
2406 3896 2638 3952 exordia
2662 3897 3001 3969 gignentium
3020 3915 3226 3955 rerum.
3251 3899 3391 3957 Hinc

1781 3986 1965 4042 vitalis
1991 3986 2190 4043 lavacri
2213 4003 2386 4044 sacra:
2417 3989 2677 4045 Ecclesia:
2705 3991 2836 4046 editi
2863 3991 3198 4063 puerperio‘1
3216 3993 3393 4050 infan-

1784 4087 1886 4145 tes,
1905 4080 2250 4150 parvulorum
2275 4082 2631 4152 simplicitate
2645 4086 2844 4151 renati,
2879 4085 3059 4142 balalu
3081 4088 3389 4146 innocentis

1782 4181 2132 4244 perstrepunt
2161 4174 2537 4231 conscientias.
2575 4175 2713 4232 Hinc
2743 4177 2884 4232 casti
2923 4187 3126 4251 patres,
3175 4181 3388 4250 pudicae

1781 4267 1947 4323 etiam
1999 4278 2198 4324 matres
2243 4269 2521 4324 novellam
2577 4285 2676 4341 per
2726 4269 2886 4328 ﬁdem
2933 4271 3158 4343 stirpem
3191 4288 3389 4344 prose-

1782 4371 2024 4434 quuntur
2053 4362 2416 4418 innumeram.
2443 4363 2582 4419 Hinc
2611 4363 2714 4419 sub
2739 4363 2867 4421 ﬁdei
2894 4365 3092 4422 arbore
3129 4367 3199 4421 ab
3228 4376 3389 4424 utero

1783 4454 1953 4512 fontis
1990 4456 2210 4511 innocui
2263 4470 2548 4512 cereorum
2615 4456 2869 4528 splendet
2935 4468 3182 4514 ornatus.
3250 4458 3391 4516 Hinc

1785 4550 2027 4608 ctelesﬁs
2057 4551 2238 4607 meriti
2265 4551 2677 4606 sanctiﬁcantur
2698 4567 2944 4617 munere,
2973 4563 3028 4609 et
3059 4555 3392 4611 sacramenti

106 4635 298 4701 peccati
325 4635 541 4690 vinculo
570 4629 888 4696 obstrictos,
928 4628 1228 4700 squalentis
1258 4630 1446 4684 tartari
1473 4629 1677 4685 clausos

1790 4643 2048 4714 spiritalis
2088 4642 2294 4699 celebri
2342 4644 2606 4714 mysterio
2655 4645 2998 4715 saginantur.
3053 4646 3192 4703 Hinc
3232 4647 3397 4704 unius

107 4727 366 4796 ergastulo
392 4726 721 4798 possidebat.

170 4817 388 4878 CAPUT
415 4820 504 4877 IV.
529 4851 598 4861 -—-
618 4819 674 4874 4.
717 4819 958 4886 Quorum
984 4816 1258 4871 interitum
1286 4815 1478 4872 dolens
1504 4815 1686 4871 divina

109 4922 350 4981 censura,
391 4930 495 4970 non
540 4929 637 4986 per
674 4927 891 4968 servum
922 4920 1099 4966 vatem
1125 4951 1140 4976 ,
1180 4924 1282 4964 nec
1311 4924 1408 4980 per
1433 4909 1685 4979 angelum

109 5008 415 5068 invisibilem
440 5031 454 5069 :
500 5024 522 5052 ε
548 5011 643 5068 sed
682 5010 749 5066 ad
787 5009 889 5065 hoc
916 5024 1014 5078 per
1044 5007 1407 5062 substantiam
1438 5006 1690 5062 humanae

109 5109 272 5164 carnis
301 5109 352 5164 in
379 5108 599 5164 homine
630 5108 771 5163 Deus
800 5105 1028 5161 veniens
1065 5103 1361 5167 habitavit;
1405 5111 1466 5157 ut
1519 5103 1690 5158 hone-

109 5205 234 5255 stam
259 5201 468 5258 vivendi
500 5201 731 5258 i‘ormam
758 5197 1081 5254 mortalibus
1116 5197 1301 5262 daret,
1331 5204 1388 5251 et
1418 5205 1690 5267 tempora-

109 5293 196 5348 riis
225 5306 473 5352 :eternam
517 5297 570 5352 in
609 5311 669 5353 se
696 5294 1046 5353 credentibus
1088 5292 1252 5348 vitam
1283 5292 1537 5361 exemplo
1574 5310 1686 5351 suae

109 5391 287 5447 mortis
315 5408 380 5448 ac
407 5392 822 5450 resurrectionis
851 5387 1198 5462 aperiret._Ut
1218 5388 1362 5443 enim
1395 5388 1687 5445 increduli-

178 5541 202 5569 κ
239 5531 311 5587 lla
343 5543 450 5589 vet.
479 5533 610 5588 edit.
645 5546 708 5587 ac
737 5546 869 5586 mss.
896 5528 999 5584 nisi
1030 5527 1173 5598 quod
1203 5541 1302 5595 pro
1329 5525 1689 5598 recidiuatum,

113 5603 271 5660 codex
301 5605 455 5659 Rom.
506 5607 652 5674 legit,
698 5597 1149 5658 residuntumsAt
1194 5599 1352 5654 Rom.
1383 5597 1515 5653 edit.
1548 5601 1606 5654 τὸ
1630 5599 1697 5657 de

115 5674 211 5748 ﬁde
235 5677 444 5748 recidit,
475 5687 527 5733 et
561 5676 759 5748 posuit,
788 5674 1089 5748 recidivum.

183 5745 209 5782 ι’
247 5747 368 5803 Vel.
399 5743 756 5817 edit.,'drﬁxa
785 5747 972 5812 humo;
1000 5747 1104 5802 duo
1137 5760 1293 5810 mss.,
1329 5743 1499 5814 deﬁxo
1520 5745 1696 5812 humo;

117 5819 302 5877 melius
333 5821 486 5876 llom.
518 5821 646 5878 edit.
680 5828 737 5876 ut
766 5817 818 5877 in
853 5830 1025 5878 textu.

1786 4735 1961 4807 plebis
1995 4735 2203 4805 gremio
2249 4735 2423 4790 beata:
2474 4735 2736 4792 Ecclesiae
2794 4739 2999 4795 nutrita
3056 4739 3393 4809 fraternitas,

1787 4831 1962 4887 uniem
2012 4830 2311 4886 divinitatis
2369 4831 2757 4900 substantiam,
2791 4843 2814 4872 ε
2861 4850 2927 4892 ac
2965 4836 3187 4893 virtutis
3232 4838 3390 4893 trium

1789 4941 1986 4984 nomen
2028 4926 2343 4990 adorantes,
2373 4926 2641 4996 psalmum
2684 4943 2882 4985 annua:
2921 4929 3236 4986 festivitatis
3267 4947 3391 4985 cum

1791 5019 2061 5092 Propheta
2109 5019 2516 5077 concelebrant:
2561 5019 2668 5074 Hic
2714 5031 2791 5077 est
2811 5021 2922 5077 dies
2959 5039 3112 5093 quem
3139 5024 3257 5094 fecit
3285 5021 3394 5077 Do-

1792 5115 1983 5179 minus,
2006 5115 2318 5168 exsuttemus
2349 5123 2398 5169 et
2436 5114 2667 5169 lcetemur
2695 5116 2751 5170 in
2780 5131 2843 5170 eo
2862 5113 3041 5187 (Psat.
3065 5131 3234 5182 cxvn,
3274 5115 3392 5187 24).

1861 5207 1914 5262 9.
1958 5207 2112 5274 Quis,
2147 5207 2390 5278 inquam,
2431 5206 2590 5263 dies?
2621 5207 2826 5277 Nempe
2861 5207 2954 5264 ille
2996 5209 3088 5278 qui
3143 5208 3398 5263 attribuit

1787 5299 2004 5356 vivendi
2032 5301 2388 5372 principium,
2431 5301 2570 5357 lucis
2595 5300 2902 5367 exordium,
2931 5310 3120 5356 auctor
3147 5301 3394 5372 luminis,

1786 5391 1839 5448 id
1869 5403 1973 5462 est,
2025 5393 2143 5466 ipse
2185 5396 2449 5452 Dominus
2472 5395 2632 5452 Jcsus
2659 5394 2930 5460 Christus,
2981 5396 3074 5465 qui
3104 5395 3172 5452 de
3196 5408 3400 5456 semet-

1877 5540 1897 5567 ε
1937 5530 2099 5612 Bern.
2151 5530 2283 5586 edit.
2335 5531 2471 5597 sola,
2515 5528 2608 5584 sed
2656 5528 2726 5581 ad
2758 5525 3103 5584 substantiam
3159 5530 3402 5589 humana:

1801 5617 1996 5657 carnis.

1873 5671 1898 5709 ἀ
1941 5673 2124 5748 Codev
2178 5673 2370 5737 Rom,
2412 5674 2636 5726 insontes
2695 5671 3031 5742 parvulorum
3078 5676 3407 5748 simplicitate

1801 5746 1965 5799 renati
1996 5747 2258 5800 baratrum
2281 5748 2592 5807 innocentes,
2624 5752 2733 5798 etc.

1881 5826 1903 5854 ι’
1939 5816 2084 5873 Idem
2113 5817 2307 5885 codex,
2351 5831 2412 5870 ac
2441 5814 2644 5871 virtutis
2668 5817 2864 5873 trinum
2891 5833 3077 5878 nomen
3111 5820 3408 5880 adorantes.
