3944 6310
627 279 734 335 675

1557 273 1648 328 AD
1680 273 1910 330 OPERA
1953 271 2204 329 SANL‘T!
2241 269 2566 338 annuosu
2609 237 2982 332 annnam.

3730 237 3798 334 tu

625 395 748 464 ipso
785 396 862 446 ait
897 409 909 445 :
957 389 1070 462 Ego
1099 407 1230 453 sum,
1260 389 1455 460 {inquit
1490 387 1668 460 (Joon.
1719 406 1792 458 χι,
1819 388 1908 462 9),
1961 389 2068 443 dies
2093 404 2109 441 :
2131 388 2220 459 qui
2247 392 2298 454 Α
2325 385 2480 442 datus
2511 386 2680 443 fuisse
2703 385 2926 456 legitur,
2968 383 3109 442 sicut
3136 381 3322 448 hodie,
3370 379 3419 436 id
3443 389 3529 448 est,
3554 383 3711 442 decima
3742 390 3798 448 die

624 503 714 556 per
741 485 876 540 diem
899 483 1149 548 ambulat,
1185 499 1284 536 non
1325 481 1560 548 o/Iendit,
1588 481 1638 536 id
1671 492 1774 549 est,
1806 481 1893 551 qui
1938 480 2219 536 Christum

621 577 673 631 in
742 577 994 631 omnibus
1035 576 1314 646 sequitur,
1377 591 1470 644 per
1513 576 1632 645 ejus
1664 574 1886 646 vestigia
1930 589 2098 644 usque
2151 571 2217 627 ad

621 679 840 724 internae
870 668 1008 723 lucis
1039 669 1235 723 solium
1259 671 1646 733 transmeavit;
1681 669 1822 723 sicut
1853 668 1971 738 ipse
2003 668 2218 722 Patrem

618 783 716 838 pro
747 766 903 822 nobis
934 766 1110 822 adhuc
1140 767 1190 820 in
1219 783 1450 837 corpore
1477 768 1804 828 constitutus
1835 777 1956 823 orat
1993 766 2217 820 dicens:

623 859 802 924 Pater,
837 858 950 912 uolo
997 869 1051 912 ut
1081 858 1167 912 ubi
1215 877 1306 932 ego
1338 877 1474 925 sum,
1505 861 1570 915 ibi
1599 861 1698 916 sint
1724 870 1768 914 et
1819 860 1872 912 hi
1921 859 2005 927 qui
2057 861 2107 913 in
2143 875 2221 912 me

615 951 961 1018 crediderunt;
985 961 1040 1005 ut
1087 952 1219 1005 sicut
1272 962 1324 1006 tu
1376 953 1428 1006 in
1468 970 1564 1015 me,
1596 965 1640 1007 et
1665 969 1758 1025 ego
1786 953 1840 1006 in
1872 963 1940 1021 te,
1967 953 2038 1006 ita
2067 963 2113 1006 et
2141 953 2219 1006 illi

615 1055 854 1098 maneant
881 1044 933 1096 iu
956 1043 1100 1098 nobis
1130 1043 1311 1117 (Joan.
1340 1061 1474 1110 xvu,
1498 1046 1568 1100 24
1593 1045 1636 1118 ).

694 1138 780 1194 10.
813 1138 933 1206 llic,
965 1137 1205 1209 inquam,
1241 1140 1618 1196 exsultationis
1647 1151 1701 1196 et
1741 1141 1942 1198 laetitia:
1969 1141 2086 1196 dies
2113 1152 2218 1209 est,

614 1228 669 1284 in
753 1247 862 1301 quo
918 1232 1247 1301 promissum
1317 1234 1574 1302 perlecttn
1655 1233 1844 1304 gloriae
1899 1235 2217 1298 consecuti,

618 1332 778 1391 recte,
833 1323 991 1392 plebs
1047 1337 1234 1380 saneta
1283 1324 1352 1380 ad
1411 1327 1590 1381 instar
1613 1327 1947 1398 Angclnrnm
2024 1327 2218 1382 futura:

619 1413 798 1469 laudis
827 1417 1170 1488 mysterium,
1202 1417 1377 1473 adhuc
1422 1419 1476 1473 in
1528 1420 1628 1484 hoc
1674 1420 1877 1475 sarculo
1911 1420 2215 1485 Constituti,

614 1505 849 1561 Domino
880 1524 1000 1563 cum
1041 1508 1314 1580 Propheta
1349 1521 1633 1567 cantamus
1659 1529 1671 1565 :
1701 1510 1801 1566 llic
1827 1523 1900 1566 est
1939 1512 2048 1568 dies
2071 1529 2219 1581 quem

612 1603 734 1673 fecit
762 1601 1038 1669 Dominus,
1087 1607 1396 1659 exsultemus
1436 1616 1482 1660 et
1539 1609 1771 1660 lteteniur
1811 1608 1864 1659 in
1886 1623 1981 1672 eo,
2015 1607 2064 1660 id
2113 1617 2215 1671 est,

605 1707 800 1750 auctor
833 1697 1211 1763 institutionis,
1261 1700 1652 1769 redemptionis
1699 1711 1753 1756 et
1781 1699 1904 1755 vitae
1938 1710 2218 1770 perpetua:

2324 489 2447 550 post
2503 477 2704 534 Christi
2759 477 3173 540 ascensionem;
3224 473 3440 545 quando
3480 490 3611 544 supra
3648 489 3796 537 centum

2323 573 2512 642 viginti
2535 573 2822 628 credentes
2855 571 2913 630 in
2953 571 3144 650 specie
3175 569 3321 640 ignis
3352 571 3586 640 apparuit.
3615 571 3686 632 Sic
3705 578 3798 632 clm

2322 663 2520 732 lectum
2553 672 2657 730 est,
2689 671 2746 718 ut
2774 662 3056 726 retinetis:
3089 661 3160 716 Et
3187 669 3525 732 apparuerunt
3550 662 3634 718 illis
3667 665 3802 732 disper-

2322 755 2428 812 tita:
2444 756 2662 830 lingua,
2705 765 2965 826 tamquam
3007 754 3166 825 ignis,
3212 754 3441 824 seditque
3476 770 3612 824 supra
3645 757 3801 829 singula;

2321 864 2498 903 eorum
2570 849 2686 903 Act.
2713 863 2770 915 ll,
2794 845 2826 906 5
2850 846 2892 919 ).

2389 943 2445 997 2.
2479 943 2685 1008 Videte,
2715 946 2928 1008 fratres,
2987 941 3170 1002 videte
3197 942 3334 1014 quid
3373 943 3492 1000 iecit
3525 947 3741 1018 superbit,
3771 959 3804 1004 et

2321 1037 2454 1110 quid
2478 1037 2777 1108 promeruit
2812 1037 3115 1094 humilitas.
3164 1036 3436 1106 Superbia
3461 1035 3620 1092 divisit
3645 1040 3801 1113 linguas,

2321 1131 2538 1206 quando
2594 1135 2784 1189 turrim
2837 1131 3087 1189 homines
3133 1131 3414 1188 :rditicarc.
3451 1132 3691 1190 voluerunt
3726 1151 3801 1204 ρετ·
3876 1129 3877 1206 ὲ

2322 1228 2623 1302 tingentem
2660 1243 2828 1299 usque
2855 1229 2921 1282 ad
2944 1227 3142 1284 emtum
3167 1226 3341 1298 (Gen.
3373 1242 3445 1291 XI,
3471 1227 3553 1292 5);
3577 1227 3692 1297 prius
3711 1229 3804 1284 enim
3876 1193 3877 1234 ι

2320 1329 2438 1374 erat
2467 1336 2574 1376 una
2600 1321 2802 1392 lingua,
2820 1338 2923 1391 qua
2949 1321 3198 1376 homines
3224 1335 3284 1378 se
3308 1328 3490 1380 mutuo
3515 1319 3804 1391 intelligelunt,

2323 1425 2374 1468 et
2420 1416 2639 1485 propria
2669 1415 2862 1469 mentis
2903 1429 3103 1468 arcana
3139 1413 3370 1472 invicem
3407 1413 3803 1468 communicabant:

2322 1522 2508 1562 verum
2552 1523 2620 1563 ne
2652 1509 2981 1576 perlicerent
3007 1504 3252 1576 superbi,
3291 1502 3433 1575 quod
3459 1513 3804 1576 cmperant,cou-

2320 1600 2450 1654 fusa:
2474 1608 2602 1655 sunt
2633 1601 2854 1671 linguze,
2881 1615 2945 1654 ac
2969 1599 3214 1653 nationes
3250 1598 3442 1652 divisa:
3467 1607 3592 1652 sunt.
3615 1597 3806 1652 Hodierna
3876 1567 3877 1630 ι

2321 1708 2451 1747 vero
2486 1693 2573 1747 die
2599 1708 2719 1748 cum
2753 1703 2974 1764 pr0pter
3001 1691 3363 1746 humilitatem
3384 1690 3620 1762 Spiritum
3641 1699 3805 1746 sanctum

618 1788 880 1844 Dominus
912 1789 1074 1846 Jesus
1117 1789 1388 1859 Christus,
1415 1793 1508 1862 qui
1567 1793 1585 1866 (
1615 1793 1776 1865 Apoc.
1816 1809 1940 1857 .\\’Il,
1973 1793 2035 1847 14
2064 1792 2082 1863 )
2136 1799 2220 1847 est
2250 1793 2297 1868 Β
2324 1786 2661 1856 accepissent
2685 1784 2850 1862 439
2875 1786 3191 1851 credentes.
3219 1792 3502 1854 εωρθιυιιι
3524 1783 3726 1840 omnibus
3746 1785 3806 1835 ηιμ

613 1880 732 1937 Rex
758 1899 974 1954 regum,
1010 1893 1063 1938 et
1098 1885 1358 1940 Dominus
1389 1885 1758 1953 dominorum,
1792 1886 1998 1956 absque
2039 1884 2216 1951 initio,

610 1975 731 2032 sine
757 1977 862 2032 line
901 1979 951 2031 in
983 1978 1143 2033 Patre
1181 1994 1415 2049 regnans
1442 1994 1566 2034 Cum
1600 1979 1806 2049 Spiritu
1837 1991 2048 2047 saneto,
2077 1991 2220 2033 nunc

610 2079 666 2127 et
690 2085 907 2142 semper
938 2071 1066 2127 etin
1095 2076 1293 2128 saecula
1320 2074 1672 2128 saeculorum.
1699 2074 1893 2129 Amen.

1154 2214 1390 2271 5ΕῆΜο
1436 2213 1679 2270 XXXVI.

1013 2329 1068 2384 In
1105 2330 1192 2385 die
1221 2341 1409 2385 sancto
1442 2329 1814 2386 Pentecostes.

610 2445 973 2513 Sermonibus,
1025 2448 1114 2518 qui
1154 2448 1322 2504 additi
1359 2455 1480 2502 sunt
1538 2448 1592 2501 in
1643 2448 1794 2503 Rom.
1839 2448 2088 2515 editione,
2135 2447 2219 2501 hic

676 2542 832 2614 jungi
852 2541 1014 2595 debet.
1045 2540 1244 2609 Quibus
1266 2551 1438 2595 autem
1458 2540 1745 2596 rationibus
1767 2541 2217 2597 Ambrosiinomen

688 2634 984 2699 obtinuerit,
1019 2652 1112 2689 nos
1142 2637 1295 2706 plane
1338 2635 1516 2706 fugit:
1563 2636 1690 2689 adeo
1714 2637 1767 2689 in
1803 2635 1891 2689 illo
1919 2635 2049 2688 nihil
2080 2636 2126 2687 ri.
2145 2634 2218 2688 Ie-

697 2745 810 2780 inus
855 2727 1274 2784 Ambrosianum.
1332 2727 1485 2796 Quod
1539 2737 1705 2782 autent
1747 2729 2042 2803 linguarum
2091 2729 2218 2784 cliti.-

682 2822 878 2874 sioncm
908 2822 1160 2894 superbire
1201 2831 1462 2893 acceptant
1490 2825 1668 2894 refert,
1716 2838 1777 2876 ex
1809 2822 2081 2894 Augustini
2114 2839 2219 2876 ser-

682 2928 834 2967 mone
863 2913 964 2968 271
1003 2925 1257 2984 sumptum
1289 2926 1553 2985 put/unus.

683 3007 733 3061 1.
766 3006 953 3076 Magna
987 3017 1092 3075 est,
1130 3009 1327 3064 fratres
1369 3009 1698 3077 cbarissimi,
1753 3010 2016 3066 hodierna
2059 3011 2211 3068 festi-

609 3099 773 3163 vitas,
827 3101 878 3154 in
926 3117 1030 3170 qua
1087 3103 1232 3157 sicut
1284 3104 1550 3172 audistis,
1597 3114 1931 3176 acceperunt
1981 3107 2214 3177 apostoli

2319 1881 2440 1951 guis
2480 1880 2648 1949 loqui.
2702 1880 2934 1949 Abjicite
2985 1886 3321 1948 quapropter
3371 1890 3404 1936 a
3447 1874 3604 1941 vobis,
3653 1873 3806 1938 intres,
3876 1919 3877 1924 η

2319 1975 2628 2045 superbiam
2647 1989 2662 2040 ;
2681 1977 2939 2045 quoniam
2963 1989 3159 2029 omnes
3178 1974 3398 2044 superbi
3419 1972 3506 2031 lilii
3529 1980 3637 2026 sunt
3651 1971 3806 2028 diaboli;
3876 2003 3877 2020 η

2319 2079 2374 2125 et
2408 2076 2584 2126 estote
2631 2069 2888 2134 humiles,
2935 2078 2992 2122 ut
3025 2067 3264 2140 Spiritus
3304 2069 3472 2128 sancti
3503 2065 3695 2138 gratiam
3717 2067 3806 2118 αω-
3876 2063 3877 2082 ‘

2321 2179 2480 2235 pere,
2535 2174 2594 2219 et
2628 2162 2727 2222 lilii
2767 2163 2866 2219 Dei
2920 2164 3107 2218 vocari
3149 2163 3488 2224 meremnini.
3539 2161 3642 2217 Sint
3683 2158 3807 2214 muniti
3876 2165 3877 2176 ‘

2319 2257 2484 2311 corda
2512 2266 2566 2312 et
2596 2272 2825 2324 corpora
2853 2263 3036 2312 vestra
3069 2255 3136 2312 ab
3158 2257 3400 2310 omnium
3435 2265 3724 2325 peccaton
3740 2265 3809 2305 εοε-
3876 2243 3877 2324 ι

2320 2349 2507 2415 dibus;
2539 2350 2660 2421 quia
2687 2349 2924 2420 Spiritus
2946 2358 3168 2405 sanctus
3212 2365 3320 2405 non
3349 2349 3548 2410 habitat
3580 2350 3624 2403 in
3654 2362 3808 2418 corpore
3876 2327 3877 2380 Ῑ

2320 2443 2539 2498 subdito
2570 2443 2848 2518 peccatis(
2875 2444 3006 2512 δίῳ.
3035 2458 3076 2509 ι,
3121 2441 3214 2513 4).

2393 2539 2444 2593 5.
2489 2539 2545 2593 Si
2575 2538 2789 2594 vascula
2849 2537 2997 2609 prius
3043 2539 3344 2604 inundatis,
3404 2540 3452 2592 in
3475 2537 3649 2610 quibus
3681 2534 3809 2608 aliquid
3876 2534 3877 2610 ᾖ

2323 2634 2618 2706 pretiosum
2653 2649 2882 2690 scrvare
2921 2634 3108 2701 vultis,
3130 2645 3190 2692 ct
3229 2634 3422 2694 domos
3449 2645 3638 2690 vestras
3677 2647 3808 2701 prepa-

2321 2730 2456 2784 ratis
2485 2739 2539 2785 et
2561 2729 2792 2797 ornatis,
2822 2729 3040 2800 quando
3071 2739 3356 2802 potentem
3392 2743 3653 2800 personam
3685 2740 3809 2795 exspe-
3876 2743 3877 2802 ῃ

2320 2823 2508 2889 ctatis;
2539 2823 2706 2879 multo
2733 2823 2906 2894 magis
2931 2822 3246 2888 mundanda
3273 2832 3398 2879 sunt
3428 2822 3588 2878 corda
3604 2822 3658 2876 ab
3679 2820 3809 2873 odiou

2321 2921 2398 2975 ira
2431 2931 2592 2992 atque
2623 2921 2820 2977 invidia
2866 2931 2921 2976 et
2947 2922 3105 2984 muni.
3143 2921 3378 2991 malitiall
3405 2919 3566 2994 ω
3592 2929 3638 2976 et
3659 2918 3808 2974 nmine

2321 3013 2388 3069 ab
2429 3013 2771 3070 immunditia
2809 3025 2976 3086 atque
3020 3017 3278 3083 “arma;
3313 3025 3375 3076 ut
3426 3016 3636 3086 Spiritus
3667 3021 3808 3068 satius

2320 3107 2388 3163 ad
2429 3124 2525 3164 vos
2554 3108 2762 3172 venire,
2808 3117 2862 3164 et
2894 3109 3034 3180 apud
3064 3125 3162 3169 vos
3201 3111 3534 3178 mansionem
3577 3108 3718 3164 facere
3742 3120 3805 3160 non

608 3191 874 3262 Spiritum
903 3201 1175 3261 sanctum,
1223 3195 1314 3264 qui
1342 3211 1465 3250 cum
1515 3197 1674 3252 Patre
1719 3210 1766 3253 et
1802 3199 1942 3254 Filio
1983 3215 2122 3255 unus
2161 3211 2215 3256 et
2243 3184 2289 3249 Ο
2320 3200 2667 3271 dedignetur.
2703 3201 2770 3256 Et
2799 3203 2938 3256 sicut
2969 3202 3172 3263 nobilis
3199 3205 3365 3264 homo
3393 3204 3448 3260 in
3496 3203 3636 3259 fetido
3659 3202 3809 3263 loce,et
3876 3184 3877 3248 i

608 3282 886 3353 perlectus
913 3295 996 3340 est
1024 3285 1187 3352 Deus,
1233 3287 1478 3358 ejusdem
1512 3292 1853 3359 substantiae,
1893 3294 2211 3364 maiestatis,

606 3389 662 3434 et
697 3380 959 3449 potentia:
985 3399 998 3436 :
1024 3383 1114 3452 qui
1149 3399 1253 3437 non
1305 3401 1369 3439 ex
1401 3396 1666 3455 tempore,
1701 3387 1797 3442 sed
1844 3387 1911 3444 ab
1947 3397 2153 3444 aeterno
2186 3404 2216 3444 a

607 3473 769 3528 Patre
809 3473 1059 3546 Filioque
1107 3477 1543 3548 inseparabiliter
1581 3481 1828 3551 procedit
1861 3501 1875 3538 :
1909 3485 1999 3554 qui
2046 3484 2215 3540 etiam

605 3568 701 3624 Dei
735 3569 936 3625 donum
970 3571 1207 3638 dicitur;
1244 3577 1370 3643 quia
1407 3585 1462 3631 et
1488 3587 1780 3649 antequam
1815 3581 2216 3652 essetangelus

607 3664 690 3719 vel
740 3665 926 3729 homo,
977 3667 1061 3721 cui
1111 3669 1354 3735 daretur,
1409 3671 1519 3740 jain
1575 3671 1659 3728 sui
1712 3683 1899 3728 natura
1954 3675 2214 3731 donabile

604 3755 809 3812 donum
838 3766 990 3825 erat;
1023 3761 1143 3831 quia
1193 3761 1433 3818 Charitas
1475 3773 1528 3817 et
1556 3781 1710 3819 amor
1755 3777 1858 3821 est.
1902 3766 2056 3824 Unde
2101 3783 2210 3825 non

602 3852 778 3905 solum
840 3854 1166 3923 patriarchis
1213 3867 1375 3927 atque
1430 3858 1746 3928 prophetis,
1801 3860 1897 3915 sed
1942 3863 2105 3917 etiam
2158 3871 2214 3919 et

601 3946 826 4016 reliquis
862 3948 1026 4017 justis
1066 3949 1297 4005 latenter
1336 3951 1390 4005 in
1420 3953 1600 4006 anima
1638 3953 1800 4008 datus
1826 3965 1940 4020 est;
1987 3964 2041 4010 et
2087 3955 2214 4012 licet

598 4039 896 4110 aliquando
949 4044 1252 4112 manifeste,
1318 4063 1614 4118 numquam
1664 4057 1982 4106 tamentam
2022 4062 2212 4123 aperte

611 4169 2292 4196 mm

2316 3295 2656 3352 stercoribus
2683 3296 2845 3368 pleno
2875 3311 2974 3352 sua
2997 3309 3193 3368 sponte
3224 3314 3334 3359 non
3367 3298 3594 3363 habitat;
3630 3298 3686 3352 ita
3703 3293 3807 3364 Spiri-

2320 3398 2410 3446 tus
2432 3391 2607 3447 sancti
2637 3393 2809 3462 gratia
2857 3407 2966 3450 non
3001 3392 3188 3454 visitat
3209 3393 3474 3460 animam,
3511 3409 3616 3464 quae
3636 3392 3680 3446 in
3700 3390 3808 3448 tetris

2317 3495 2662 3556 peccatorum
2685 3495 3019 3556 perseverat.
3051 3485 3291 3558 ideoque
3313 3503 3538 3549 necesse
3559 3497 3645 3554 est,
3666 3486 3805 3546 fratres,

2318 3586 2375 3632 ut
2405 3579 2455 3632 in
2485 3578 2722 3635 adventu
2757 3580 2999 3650 Spiritus
3021 3581 3200 3640 sancti
3236 3581 3434 3642 domos
3474 3582 3722 3644 uitiatarum
3753 3591 3806 3632 re

2314 3683 2552 3734 strarum
2583 3675 2860 3735 adornetis
2888 3676 3154 3737 bonorum
3185 3693 3419 3748 operum
3446 3677 3659 3740 ﬂoribus,
3679 3684 3807 3741 etiqu

2316 3771 2570 3839 replestis
2595 3773 2838 3843 pretioso
2878 3772 3150 3830 castitatis
3177 3773 3370 3839 odore,
3413 3782 3468 3829 et
3516 3767 3805 3830 benevolentia

2317 3866 2592 3933 balsamo;
2646 3875 2708 3922 ut
2756 3867 3017 3938 Spiritum
3074 3878 3322 3926 sanctum
3374 3870 3426 3924 in
3469 3867 3608 3924 vobis
3645 3865 3805 3921 habitare

2317 3959 2570 4023 delectet,
2601 3977 2725 4017 cum
2757 3961 2918 4022 Patre
2939 3972 2992 4018 et
3014 3961 3157 4020 Filio
3184 3977 3282 4034 per
3305 3962 3486 4022 omnia
3514 3959 3680 4016 sucula
3699 3968 3806 4017 stti-

2319 4053 2518 4122 lorum,
2553 4069 2734 4118 alueo.

1489 4214 2120 4340 SERMONES
2196 4257 2357 4343 DE
2431 4205 3060 4346 DIVtiLRSIS.

1021 4481 1194 4556 439
1227 4483 1459 4542 sani-io
1501 4485 1769 4545 xxxvn.

1145 4577 1222 4632 De
1295 4577 1653 4637 Mirabilihus.

599 4665 875 4722 Auctorem
922 4667 1080 4742 hujus
1133 4672 1378 4727 sermonis
1420 4689 1521 4728 non
1573 4692 1741 4744 pauca
1809 4693 1873 4732 ex
1946 4677 2206 4734 Ambrosii

671 4764 957 4820 Commeat
1005 4765 1057 4820 in
1105 4765 1236 4822 Luc.
1295 4768 1382 4823 lib.
1437 4785 1511 4838 Iv,
1548 4787 1692 4825 nunt.
1734 4771 1804 4827 58
1849 4781 1896 4826 ει
1943 4784 2198 4844 sequent.,

666 4868 956 4913 mutuatum
1012 4871 1234 4918 constat.
1288 4860 1458 4919 Immo
1510 4868 1648 4936 quod
1675 4883 1706 4918 α
1734 4865 1985 4922 Gratiano
2014 4869 2202 4923 nitatur

663 4963 922 5022 tamquam
955 4959 1167 5025 petitum
1192 4972 1257 5011 ex
1282 4957 1380 5011 hoc
1409 4973 1661 5026 sermone,
1700 4962 1870 5015 minus
1895 4962 2092 5016 accedit
2132 4963 2202 5030 ad

664 5047 777 5116 ejus
807 5056 1022 5115 textum,
1055 5065 1208 5118 quam
1236 5049 1305 5102 ad
1335 5053 1601 5104 memorati
1634 5051 1998 5109 Commentarii
2021 5071 2039 5108 .'
2059 5053 2201 5126 quod

662 5146 796 5211 forte
843 5156 1144 5214 argumento
1189 5146 1342 5215 fuerit
1396 5146 1593 5216 aliquid
1631 5149 1681 5202 in
1736 5149 2045 5206 indicatione
2099 5151 2201 5205 loci

663 5242 920 5287 mutatum
950 5251 1080 5290 esse.
1138 5235 1290 5290 Idem
1334 5250 1501 5293 autent
1548 5257 1713 5296 sermo
1758 5243 1814 5297 in
1841 5245 2016 5300 multis
2070 5261 2193 5300 mss.

662 5324 931 5381 Ambrosio
972 5338 1147 5382 nostra
1191 5331 1512 5399 attribuitur,
1567 5333 1621 5387 in
1673 5336 1976 5406 quibusdam
2026 5349 2196 5394 tamen

659 5419 770 5470 sine
798 5424 1017 5476 auctoris
1042 5426 1248 5479 nomine
1277 5426 1558 5495 invenitur;
1589 5431 1725 5485 unde
1751 5434 2053 5502 conjicimus
2076 5435 2195 5489 aliis

663 5511 714 5562 in
747 5527 868 5564 ωδε.
909 5517 1341 5587 proscriptorum
1365 5519 1506 5575 (ibiut
1531 5522 1688 5592 fuisse
1709 5523 2032 5592 inscriptum.
2063 5525 2190 5582 Cum

667 5618 826 5667 porro
855 5603 909 5656 in
936 5604 1070 5661 Gall.
1107 5609 1224 5664 cod.
1260 5615 1412 5682 cujus
1466 5630 1639 5669 omnes
1689 5631 1944 5672 sermones
1974 5618 2196 5674 Maximi

667 5707 778 5746 esse
810 5694 1070 5760 probabile
1105 5711 1200 5767 est,
1234 5701 1316 5756 hic
1349 5721 1514 5761 sermo
1554 5707 1823 5777 habeatur,
1855 5727 1969 5764 eum
1999 5727 2199 5780 quoque

663 5783 820 5854 huius
839 5783 1013 5843 Patris
1035 5806 1140 5850 esse
1170 5797 1419 5854 indicium
1449 5813 1545 5870 est,
1580 5801 1716 5874 quod
1745 5803 1898 5866 etiam
1945 5803 2200 5866 Ambrosii

2230 4495 2283 4554 D

2377 4496 2597 4556 imitatio
2609 4500 2776 4556 eidem
2785 4504 3062 4585 familiaris
3081 4505 3284 4564 videtur
3312 4518 3554 4568 astruere.
3585 4500 3801 4562 lnscribitur

2376 4596 2430 4650 in
2481 4598 2658 4652 eodem
2683 4600 2802 4656 cod.
2862 4601 2938 4658 De
2985 4602 3197 4662 duabus
3233 4607 3536 4664 naviculis:
3565 4603 3724 4659 infilt.
3762 4595 3801 4651 de

2377 4688 2636 4745 cathedra
2690 4691 2748 4748 S.
2807 4692 2954 4749 Petri
2990 4697 3087 4750 :in
3128 4697 3333 4772 Remig.
3383 4699 3457 4754 De
3494 4697 3549 4755 S.
3593 4697 3741 4752 Petro:
3770 4689 3801 4740 in

2377 4783 2572 4837 oratoris
2603 4799 2740 4851 vero,
2760 4786 2892 4844 sicnt
2917 4797 2964 4843 et
2995 4788 3049 4843 in
3078 4791 3246 4864 antiq,
3272 4773 3397 4846 edit.
3429 4800 3482 4847 ut
3506 4806 3590 4846 nos
3615 4790 3662 4848 iit
3677 4783 3798 4854 εαμίιεδ

2380 4875 2426 4926 1.
2463 4875 2797 4941 Quantorum
2838 4880 3176 4940 mirabilium.
3218 4893 3474 4954 operator
3519 4885 3584 4940 sit
3623 4877 3800 4936 Dominus

2306 4962 2464 5020 Jesus
2495 4965 2765 5036 Christus,
2826 4971 3132 5045 intelligere
3160 4991 3448 5048 possumus
3474 4994 3538 5035 ex
3576 4975 3661 5032 bac
3695 4981 3799 5030 eun-

2307 5057 2483 5127 gelica
2515 5059 2771 5128 lectione,
2803 5082 2925 5137 qua}
2955 5068 3224 5128 describit
3251 5079 3396 5136 tanta
3425 5087 3516 5143 per
3544 5085 3646 5126 eum
3688 5065 3797 5122 bene-

2305 5148 2426 5206 ﬁcia
2461 5153 2511 5207 in
2545 5156 2809 5229 populum
2843 5158 3014 5226 fuisse
3040 5165 3234 5222 collata
3262 5184 3278 5234 ;
3307 5177 3364 5222 ut
3394 5174 3668 5239 provocatur-
3684 5152 3799 5216 homi-

2302 5264 2429 5304 num
2465 5251 2638 5310 turbae
2685 5254 2752 5308 ad
2803 5255 3130 5314 audiendum
3180 5261 3329 5328 illum
3380 5261 3540 5333 magis
3586 5255 3796 5314 irruerent.

2299 5358 2460 5414 quam
2487 5358 2744 5416 rogarent
2773 5369 2786 5405 :
2817 5358 2872 5408 et
2901 5351 3229 5409 medicinam
3259 5353 3447 5414 salutis
3475 5369 3569 5410 non
3594 5347 3798 5422 Sperate!“

2299 5451 2396 5506 per
2427 5437 2742 5496 humilitatis
2771 5442 3023 5513 gratiam,
3069 5445 3164 5501 sed
3213 5462 3306 5518 per
3355 5439 3722 5517 importunitatis
3743 5437 3795 5487 in—

2291 5528 2522 5598 iuriam;
2555 5533 2630 5587 ita
2667 5542 2727 5589 ut
2754 5535 3046 5605 irruentes,
3076 5539 3223 5595 sicut
3248 5539 3332 5598 ait
3354 5539 3670 5611 Evangelium
3694 5527 3792 5601 (ιω.

2299 5635 2351 5687 v,
2383 5624 2406 5678 1
2435 5635 2481 5679 et
2511 5628 2669 5698 seq.),
2706 5629 2891 5686 turbas
2915 5646 2942 5686 a
2992 5631 3223 5690 Domino
3269 5632 3397 5692 lusu
3448 5650 3544 5688 non
3594 5629 3793 5684 desertum

2302 5728 2600 5789 separaret,
2635 5737 2743 5778 non
2769 5723 3054 5798 Synagoga
3085 5727 3396 5798 repelleret,
3428 5743 3536 5782 non.
3571 5710 3790 5780 reversam”

2302 5808 2605 5872 divinitatis
2634 5825 2865 5874 arceret.
2911 5819 3037 5877 llaec
3088 5829 3171 5878 est
3195 5821 3338 5880 enim
3380 5814 3675 5880 consuetudo
3694 5805 3793 5868 ἰδίῐ·
