3944 6310
593 241 698 300 679

1541 234 1633 294 AD
1671 235 1903 295 OPERA
1944 232 2196 295 SANCTI
2232 233 2558 293 AblBllOSlI
2589 232 2959 293 APPENDIX.

3716 243 3785 301 680

588 351 849 421 nequitia:
894 349 1134 420 procella
1163 349 1460 405 concutiat.
1498 348 1599 406 Ubi
1631 351 1773 405 enim
1823 350 1956 406 ﬁdes
1988 351 2198 421 integra
2228 356 2276 414 Α
2465 352 2707 423 Denique
2745 352 2934 407 iisdem
2961 350 3324 406 sacramentis
3354 365 3439 407 res
3473 352 3634 424 agitur,
3655 358 3786 427 quibus

587 454 693 508 cst,
729 445 803 498 ibi
837 445 1090 500 Salvator
1119 443 1302 511 docet,
1349 445 1553 516 vigilat,
1586 454 1639 500 et
1661 446 1936 511 exsultat;
1990 445 2061 498 ibi
2107 461 2192 497 rc-

584 539 764 610 quies,
790 539 866 595 ibi
897 540 1290 610 tranquillitas,
1333 538 1408 595 ibi
1429 550 1750 596 cunctorum
1781 549 1864 595 est
1885 538 2188 593 medicina:

583 633 674 690 ubi
705 641 887 688 autem
943 633 1074 690 fidei
1115 646 1199 689 est
1251 633 1498 688 admixta
1532 633 1783 706 perfidia,
1841 633 1912 688 ibi
1942 631 2193 687 Christus

582 734 784 796 torpet,
807 726 1032 794 dormit,
1053 726 1403 798 etpigcrest;
1436 725 1510 781 ibi
1533 736 1733 791 metus,
1767 725 1840 780 ibi
1871 732 2191 794 tempestas,

579 818 654 876 ibi
679 820 921 876 omnium
955 829 1040 877 est
1069 820 1368 877 discrimen
1395 840 1408 875 :
1440 835 1539 892 pro
1569 822 1787 878 actibus
1814 821 1957 876 enim
1991 819 2195 874 nostris

584 911 855 968 Dominus
889 913 1050 970 nobis
1075 912 1355 970 obdormit
1380 923 1478 969 aut
1504 914 1712 984 vigilat.

1097 1006 1333 1063 SERMO
1373 1007 1669 1064 XXXVIII.

1080 1099 1156 1155 De
1187 1099 1372 1156 Gratia
1412 1101 1697 1171 Baptismi.

577 1191 694 1249 Hoc
723 1195 875 1250 titulo
902 1209 1006 1249 non
1036 1193 1205 1249 solum
1226 1194 1281 1248 in
1315 1203 1412 1249 vet.
1449 1195 1602 1264 edit.,
1638 1196 1730 1250 sed
1756 1198 1910 1251 etiam
1939 1199 1992 1252 in
2025 1199 2198 1269 pluri-

648 1290 743 1344 bus
771 1287 1253 1359 probatioribusque
1297 1303 1423 1343 mss.
1458 1289 1757 1343 inscribitur
1787 1290 1869 1344 hic
1891 1307 2057 1346 sermo
2090 1307 2109 1345 :
2142 1302 2195 1344 at

652 1381 708 1436 in
736 1381 942 1455 Remig.
975 1381 1141 1435 eidem
1174 1381 1483 1452 prwﬁgitur,
1515 1381 1582 1436 de
1603 1381 1740 1437 festo
1769 1381 2108 1454 Epiphaniae.
2130 1383 2196 1438 Et

650 1488 786 1532 certe
812 1494 914 1532 non
945 1478 1220 1532 obscurum
1241 1476 1444 1530 videtur
1473 1477 1624 1532 illum
1647 1495 1748 1532 non
1772 1478 1938 1532 multo
1961 1489 2076 1552 post
2100 1480 2196 1534 hoc

650 1570 789 1625 idem
835 1573 1025 1641 festum
1055 1568 1124 1624 ad
1162 1569 1562 1625 catechumenos
1607 1572 1837 1625 habitum
1869 1588 2008 1638 esse,
2043 1582 2098 1625 ut
2127 1573 2197 1625 ad

653 1663 887 1718 studium
908 1664 1229 1736 accipienda:
1259 1664 1586 1735 baptismatis
1610 1667 1793 1735 gratiae
1823 1667 2196 1721 excitarentur.

2297 452 2350 497 et
2401 453 2530 500 tunc
2573 454 2727 516 gesta
2758 453 2870 514 est,
2914 443 3017 500 nisi
3058 443 3202 515 quod
3245 446 3421 516 gratia
3450 446 3680 515 pleniore;
3707 462 3787 508 tunc

2297 539 2441 593 enim
2473 539 2796 596 Trinitatem
2835 539 3146 594 carnalibus
3177 540 3356 594 oculis
3400 539 3604 595 vidimus
3632 584 3644 608 ,
3679 545 3787 600 modo

2296 631 2542 687 eamdem
2571 633 2889 687 Trinitatem
2924 631 3048 686 ﬁdei
3070 632 3248 687 oculis
3275 632 3662 702 contemplamur
3682 654 3692 688 :
3710 647 3788 692 tunc

2296 721 2572 779 Christum
2603 725 2690 779 vix
2723 723 2992 778 humanus
3040 725 3222 779 vultus
3262 724 3502 794 aspexit.
3548 740 3661 781 nunc
3693 742 3789 782 eum-

2293 814 2416 871 dem
2447 830 2599 870 mens
2629 817 2864 869 humana
2893 814 3282 885 complectitur
3314 832 3328 868 :
3365 824 3487 870 tunc
3507 815 3694 886 Spiritus
3713 832 3788 873 san-

2296 917 2414 964 ctus
2446 909 2595 964 velut
2645 908 2915 963 columbae
2945 907 3130 977 specie
3177 907 3458 962 hominem
3499 907 3788 977 circumfudit,

2297 1003 2457 1058 modo
2487 1018 2547 1058 se
2572 1003 2623 1057 in
2651 1002 2913 1057 interiora
2942 1001 3178 1056 hominis
3211 1003 3350 1070 ipsa'
3374 1001 3558 1057 virtute
3584 1002 3791 1059 divinitatis

2296 1095 2530 1151 infundit
2563 1114 2576 1152 :
2614 1107 2635 1134 ο
2668 1106 2795 1151 tunc
2825 1095 2988 1152 Pater
3011 1095 3078 1150 ad
3123 1111 3223 1151 nos
3266 1105 3492 1166 pr0pter
3512 1094 3547 1149 F
3553 1097 3671 1150 lIIlllll
3691 1098 3791 1169 longo

2298 1191 2481 1245 auditu
2512 1192 2661 1246 vocis
2688 1191 2944 1257 advenit,
2977 1191 3137 1245 modo
3164 1201 3348 1245 autem
3378 1189 3635 1246 descendit
3659 1192 3710 1247 ad
3734 1209 3791 1248 nos

2300 1283 2502 1352 pariter
2537 1283 2653 1352 ipse
2679 1298 2802 1337 cum
2833 1282 2994 1338 FlIlO.
3034 1282 3257 1337 Plenior
3295 1297 3431 1353 ergo
3456 1280 3607 1352 gratia
3631 1286 3788 1351 est,ubi

2299 1374 2444 1430 Deus
2469 1390 2576 1428 non
2607 1385 2885 1445 assumpta
2907 1375 3089 1444 specie
3111 1373 3394 1430 descendit
3423 1375 3487 1429 ad
3507 1374 3720 1442 homines,
3737 1379 3791 1430 scd

2300 1468 2517 1538 propria
2552 1472 2855 1523 substantia
2887 1467 3225 1524 descendere
3249 1467 3506 1538 dignatur
3526 1468 3585 1523 ad
3604 1469 3730 1534 filios;
3750 1471 3792 1523 ibi

2297 1559 2440 1615 enim
2475 1570 2746 1631 tamquam
2780 1559 3080 1615 incredulis
3113 1560 3277 1615 ﬁdem
3303 1560 3418 1615 vult
3446 1558 3596 1629 signis
3621 1575 3794 1631 corpora-

2298 1652 2440 1709 libus
2491 1653 2856 1723 persuadere,
2903 1653 2991 1709 hic
3040 1662 3315 1721 tamquam
3373 1653 3606 1709 ﬁdelibus
3642 1655 3790 1725 gratiam

656 1755 810 1811 Nihil
840 1755 1095 1810 Ambrosii
1124 1759 1340 1828 praefert
1382 1772 1400 1810 :
1429 1756 1520 1811 sed
1556 1758 1773 1827 tequiori
1807 1761 1933 1831 jure
1971 1758 2187 1812 attribui
2219 1745 2267 1805 B
2293 1746 2561 1817 spirituali
2594 1747 2796 1802 virtute
2830 1748 3098 1802 conferre.
3131 1747 3408 1802 Plenioris
3437 1762 3561 1818 ergo
3585 1749 3727 1816 gratia
3747 1760 3793 1803 est

652 1847 888 1904 Maximo
919 1859 1124 1920 potest;
1149 1859 1194 1903 et
1227 1865 1344 1902 cum
1376 1849 1602 1903 sermoni
1633 1865 1662 1903 x
1691 1859 1738 1903 et
1764 1865 1820 1904 x1
1849 1866 2008 1921 supra
2033 1851 2185 1905 editis

651 1943 871 2014 pulchre
896 1941 1184 2006 conveniat,
1217 1941 1511 1997 existimare
1537 1941 1652 1996 licet
1678 1951 1778 1996 tres
1803 1942 1894 1996 hos
1925 1958 2184 1996 sermones

651 2037 946 2107 designatos
975 2052 1086 2091 esse
1127 2052 1159 2089 a
1206 2033 1510 2101 Gennadio,
1544 2035 1630 2088 ubi
1670 2035 1901 2104 prodidit
1949 2035 2184 2090 eumdem

571 2164 576 2172 -
646 2131 949 2200 episcOpum
993 2129 1062 2185 de
1101 2128 1362 2200 Baptismi
1407 2128 1581 2199 gratia
1636 2127 1868 2195 librum,
1920 2128 2176 2183 vetustiss.

646 2225 840 2291 libros,
868 2223 1111 2280 edidisse.

649 2317 702 2370 l.
743 2317 878 2384 Quia
901 2325 1115 2373 constat
1141 2357 1155 2382 ,
1186 2313 1328 2370 sicut
1351 2324 1480 2370 ante
1505 2313 1622 2369 dies
1649 2315 1919 2384 prosecuti
1950 2327 2137 2369 sumus
2162 2355 2177 2380 ,

569 2411 761 2470 Jesum
795 2413 1070 2470 Christum
1102 2427 1208 2468 non
1240 2411 1322 2465 sui
1349 2425 1513 2466 causa
1543 2410 1871 2480 baptizatum
1904 2424 2050 2475 esse,
2083 2407 2179 2464 sed

566 2510 782 2576 nostri,
812 2508 1113 2574 debemus,
1148 2507 1350 2562 fratres
1397 2504 1743 2560 dilectissimi
1793 2503 1970 2575 (vobis
2029 2514 2176 2559 cate-

565 2603 854 2659 chumenis
899 2600 1137 2673 loquor)
1189 2600 1422 2671 gratiam
1460 2598 1805 2668 baptismatis
1862 2598 1980 2668 ejus
2030 2595 2177 2652 omni

563 2696 915 2752 feStiuatione
946 2696 1226 2766 suscipere
1250 2737 1265 2764 ,
1294 2704 1349 2749 et
1372 2693 1440 2749 de
1487 2692 1635 2748 fonte
1672 2691 1930 2747 Jordanis
1952 2734 1966 2756 ,
2013 2708 2174 2762 quem

567 2788 663 2844 ille
691 2787 989 2854 benedixit,
1009 2785 1447 2844 benedictionem
1465 2785 1903 2841 consecrationis
1926 2784 2173 2850 haurire;

562 2889 624 2938 ut
654 2883 705 2936 in
738 2897 864 2937 eum
890 2881 1163 2952 gurgitem
1192 2923 1206 2947 ,
1237 2881 1292 2935 in
1324 2894 1487 2951 quem
1514 2879 1664 2934 illius
1688 2878 1955 2934 sanctitas
1985 2877 2179 2933 mersit

565 2973 783 3047 (Matth.
825 2973 1014 3040 “1,15
1038 2983 1088 3029 et
1115 2971 1248 3044 seq.)
1272 3013 1289 3041 ,
1333 2985 1515 3027 nostra
1546 2983 1770 3042 peccata
1817 2979 2129 3042 mergantur
2159 2988 2172 3024 :

564 3065 779 3121 scilicet
803 3075 865 3120 ut
894 3064 1085 3121 eadem
1111 3080 1275 3135 aqua,
1305 3081 1426 3136 qua:
1457 3065 1746 3120 Dominum
1771 3063 2131 3119 circumdedit
2159 3106 2174 3131 ,

2292 1839 2464 1895 Deum
2496 1839 2680 1896 videre
2701 1883 2716 1908 ,
2750 1842 2890 1897 sicut
2918 1852 3002 1896 est
3023 1842 3165 1896 Deus
3196 1883 3210 1906 ,
3241 1857 3403 1912 quam
3430 1842 3597 1897 videre
3614 1858 3706 1898 eum
3728 1844 3789 1906 sic,

2289 1943 2348 1986 ut
2379 1933 2625 2002 requiras
2675 1948 2822 1989 eum.
2858 1932 2956 1987 llic
2982 1944 3062 1987 est
3093 1933 3336 2004 perfecta
3383 1933 3605 1988 Trinitas
3627 1975 3638 1996 ,
3660 1933 3714 1988 ibi
3739 1935 3794 1987 ad~

2289 2027 2392 2084 huc
2415 2027 2580 2101 M2
2608 2027 2899 2084 scrutanda
2932 2028 3207 2082 divinitas.
3237 2027 3458 2083 Plenior
3482 2027 3626 2099 igitur
3647 2039 3707 2081 est
3721 2043 3794 2097 gra-

2290 2124 2360 2178 tia
2391 2121 2416 2159 ἀ
2443 2124 2612 2179 Deum
2641 2123 2858 2194 propria
2888 2125 3114 2179 veritate
3139 2138 3472 2195 cognoscere
3491 2167 3506 2191 ,
3537 2138 3671 2195 quam
3691 2123 3793 2177 inas-

2287 2227 2499 2288 sumpta
2533 2219 2718 2289 specie
2750 2219 3040 2289 suspicari.

2356 2312 2410 2366 4.
2462 2312 2750 2368 Faciamus
2780 2327 2911 2384 ergo
2939 2314 3040 2382 ipsi
3071 2329 3169 2383 pro
3195 2314 3354 2370 nobis
3380 2357 3394 2381 ,
3438 2315 3571 2386 quod
3606 2316 3730 2370 Deum
3751 2316 3793 2367 si-

2283 2401 2477 2458 demus
2516 2402 2718 2460 fecisse
2752 2419 2849 2473 pro
2883 2405 3039 2459 nobis
3073 2423 3086 2459 :
3118 2404 3382 2462 faciamus
3409 2407 3544 2462 circa
3573 2422 3678 2472 nos,
3706 2406 3790 2476 qutd

2283 2494 2401 2550 fieri
2430 2497 2574 2551 circa
2623 2511 2682 2551 se
2725 2495 2968 2552 Joannes
3015 2499 3245 2569 optavit.
3291 2499 3348 2555 Si
3379 2500 3469 2555 ille
3495 2501 3577 2570 qui
3603 2510 3695 2554 erat
3719 2515 3792 2569 pru-

2282 2588 2448 2660 pheta
2473 2596 2529 2645 et
2561 2591 2796 2647 Sanctus
2819 2631 2833 2656 ,
2866 2590 3168 2646 Salvatoris
3197 2592 3520 2662 baptismum
3539 2595 3789 2662 concupivit;

2281 2690 2485 2752 quanto
2513 2683 2684 2751 magis
2724 2699 2823 2736 nos
2853 2690 3173 2750 peccatores
3201 2695 3256 2739 et
3281 2683 3690 2755 indignigratiani
3709 2684 3792 2738 hanc

2281 2775 2548 2831 debemus
2579 2775 2790 2831 ambire
2823 2777 2835 2831 ι
2867 2775 3062 2832 Videte
3089 2777 3520 2834 misericordiam
3545 2777 3788 2834 Salvatotis:

2282 2866 2386 2923 hoc
2415 2868 2571 2923 nobis
2600 2877 2794 2939 sponte
2821 2868 3089 2937 defertur,
3123 2869 3267 2941 quod
3307 2872 3567 2943 pr0pheta
3599 2872 3792 2942 postulatis

2281 2977 2387 3016 non
2412 2973 2657 3018 meretur
2683 2963 2954 3032 accipere.

2359 3059 2412 3114 5.
2457 3057 2597 3126 Quid
2643 3067 2825 3114 autem
2868 3073 3048 3113 causae
3087 3058 3156 3113 sit
3197 3058 3342 3130 quod
3391 3059 3613 3115 Joannes
3651 3059 3792 3128 petierit

564 3168 620 3214 et
643 3158 895 3214 servulos
938 3158 1387 3229 circumpurget;
1429 3167 1700 3229 quatenus
1753 3175 1818 3213 ex
1877 3157 2175 3214 venerabili
2205 3150 2250 3212 C
2281 3150 2482 3208 Christi
2511 3151 2835 3221 baptismum
2857 3193 2871 3216 ,
2909 3166 3010 3206 nec
3034 3151 3329 3223 acceperit,
3363 3152 3608 3208 debemus
3624 3152 3792 3206 adreru-

565 3249 772 3308 Christi
813 3251 1030 3306 lavacro
1074 3250 1231 3306 nobis
1269 3249 1410 3305 unda
1442 3261 1630 3306 sancta
1663 3249 1954 3320 proficiat,
1985 3257 2041 3305 et
2085 3249 2177 3304 iis-

564 3345 690 3402 dem
724 3345 966 3418 vestigiis
997 3355 1160 3416 atque
1189 3344 1486 3416 mysteriis,
1517 3344 1716 3415 quibus
1743 3341 2175 3398 benedictionem

566 3455 596 3494 a
624 3440 907 3496 Salvatore
930 3447 1017 3495 est
1041 3447 1306 3504 mtttuata,
1331 3447 1354 3474 α
1381 3453 1480 3493 nos
1505 3437 1618 3492 fotu
1642 3437 1882 3490 beatiore
1905 3436 2176 3506 purificet,

561 3532 902 3606 gratiamque
922 3549 1084 3605 quam
1109 3549 1138 3588 a
1181 3530 1402 3587 Christo
1451 3531 1695 3600 suscepit
1721 3571 1734 3598 ,
1770 3529 1822 3584 in
1851 3528 2177 3583 christianos

571 3625 850 3682 refundat.

633 3720 689 3776 2.
721 3720 886 3791 Ergo,
925 3718 1154 3785 fratres,
1189 3716 1326 3789 tingi
1355 3716 1621 3772 debemus
1650 3715 1842 3772 eodem
1866 3714 2036 3780 fonte,
2070 3728 2177 3785 quo

569 3811 861 3881 Christus;
905 3821 962 3868 ut
998 3811 1275 3883 possimus
1315 3823 1470 3875 esse,
1516 3808 1660 3879 quod
1695 3807 1968 3863 Christus.
2001 3806 2136 3860 Nam
2159 3847 2174 3872 ,

563 3906 710 3978 quod
750 3905 905 3961 salva
934 3905 1038 3960 fide
1065 3904 1298 3960 dixerim
1323 3946 1336 3968 ,
1364 3903 1493 3958 licet
1527 3901 1858 3971 baptismum
1886 3907 2176 3969 utrumque

563 4003 638 4056 sit
683 3998 933 4063 Domini,
983 4009 1164 4053 tamen
1213 3996 1424 4068 gratius
1484 4005 1616 4066 pulo
1670 3994 1773 4049 hoc
1845 3994 2174 4062 baptismum

565 4074 713 4159 esse,
741 4107 850 4163 quo
872 4105 973 4146 nos
1000 4089 1295 4162 abluimur,
1322 4103 1485 4159 quam
1518 4085 1650 4143 illud
1681 4101 1789 4156 quo
1809 4085 2059 4142 Salvator
2083 4085 2174 4140 ba-

567 4185 803 4257 ptizatus
833 4191 940 4238 est.
973 4181 1087 4237 Hoc
1123 4182 1266 4237 enim
1295 4180 1608 4236 celebratur
1642 4193 1739 4250 per
1765 4178 2042 4234 Christum
2065 4220 2080 4242 ,
2112 4177 2176 4232 il-

558 4279 653 4335 lud
683 4277 1016 4334 celebratum
1071 4285 1156 4332 est
1189 4292 1287 4347 per
1327 4275 1594 4331 Joannem
1625 4293 1638 4330 :
1671 4275 1726 4328 in
1754 4273 1849 4328 illo
1903 4288 1962 4328 se
2004 4271 2176 4341 magi-

559 4384 674 4433 ster
722 4381 966 4442 excusat,
1021 4373 1072 4427 in
1116 4371 1222 4428 isto
1269 4386 1372 4426 nos
1423 4370 1676 4427 Salvator
1720 4367 1951 4423 invitat:
1985 4367 2037 4421 in
2080 4365 2174 4420 illo

559 4468 767 4539 justitia
796 4467 1099 4538 semiplena
1126 4507 1141 4532 ,
1183 4466 1236 4520 in
1263 4466 1371 4521 isto
1401 4464 1642 4519 Trinitas
1665 4471 1751 4518 est
1779 4459 2022 4533 perfecta
2055 4475 2068 4511 :
2106 4457 2172 4512 ad

560 4562 695 4620 illud
723 4572 944 4618 sanctus
969 4561 1138 4628 venit,
1174 4569 1395 4615 sanctus
1419 4558 1701 4628 egreditur
1735 4575 1747 4611 :
1778 4558 1845 4610 ad
1871 4553 2002 4609 illud
2037 4567 2158 4623 pec-
2190 4554 2242 4614 D

557 4666 712 4712 calor
739 4655 921 4722 venit,
951 4661 1006 4710 et
1033 4663 1254 4709 sanctus
1295 4650 1544 4707 abscedit
1576 4667 1590 4704 :
1629 4650 1683 4704 in
1712 4649 1806 4702 illo
1847 4646 2156 4703 benedictio

558 4747 840 4806 confertur
889 4744 1162 4818 mysteriis
1192 4784 1209 4812 ,
1243 4745 1295 4799 iu
1335 4745 1440 4799 isto
1473 4759 1569 4813 per
1605 4740 1922 4811 mysterium
1959 4740 2156 4796 delicta

556 4841 856 4899 donantur.
889 4837 1160 4908 Baptizari
1197 4851 1328 4908 ergo
1357 4879 1371 4903 ,
1405 4835 1603 4890 fratres
1629 4875 1643 4898 ,
1671 4832 1937 4888 debemus
1962 4833 2155 4888 eodem

555 4934 803 5009 gurgite,
835 4945 945 5003 quo
970 4929 1223 4988 Salvator
1257 4947 1270 4982 :
1299 4928 1394 4984 sed
1432 4939 1489 4983 ut
1536 4926 1729 4981 eodem
1768 4926 1917 4980 fonte
1947 4940 2159 4996 merga-

555 5044 700 5095 mur,
737 5023 844 5083 nun
889 5024 1046 5080 nobis
1105 5021 1386 5079 orientalis
1423 5019 1652 5090 petenda
1705 5029 1788 5075 est
1820 5023 2001 5088 regio,
2047 5033 2154 5074 non

552 5122 748 5179 ﬂuvius
781 5133 942 5178 terra:
971 5118 1233 5184 Judaicze;
1263 5115 1292 5154 δ
1315 5115 1514 5187 ubique
1538 5115 1684 5170 enim
1714 5130 1858 5169 nunc
1884 5113 2154 5179 Christus,

554 5217 754 5288 ubique
782 5215 1038 5272 Iordanis
1069 5224 1173 5269 est.
1198 5212 1400 5268 Eadem
1429 5209 1795 5276 consecratio,
1823 5225 1944 5279 qua:
1973 5209 2156 5264 orien-

555 5310 623 5365 tis
652 5308 876 5364 ﬂumina
912 5306 1226 5371 benedixit,
1257 5304 1557 5361 occidentis
1590 5302 1791 5358 ﬂuenta
1825 5302 2149 5357 sanctificat.

553 5400 710 5456 Unde
738 5408 794 5455 et
828 5399 873 5455 si
904 5399 1043 5456 forte
1094 5414 1294 5455 nomen
1342 5397 1508 5452 fluvio
1544 5395 1692 5450 aliud
1738 5397 1809 5450 sit
1837 5410 1868 5450 c
1903 5396 2104 5451 saeculo
2133 5438 2146 5464 ,

554 5491 700 5549 inest
721 5501 897 5547 tamen
927 5493 1006 5548 illi
1036 5491 1357 5565 mysterium
1382 5506 1412 5546 e
1440 5487 1699 5544 Iordane.

630 5618 656 5646 η
682 5607 887 5680 Omnes
910 5609 1065 5676 edit.,
1096 5627 1188 5664 nos
1209 5612 1332 5680 {aeta
1350 5608 1613 5673 beatiore;
1643 5620 1834 5661 omnes
1867 5619 2027 5671 mss.,
2052 5622 2144 5660 nos

559 5683 670 5753 fotu
685 5677 958 5753 beatiore;
989 5697 1147 5748 unus,
1181 5677 1446 5735 beatiores.

626 5751 655 5792 ι’
683 5751 763 5807 Ita
789 5763 944 5816 lllSS.;
971 5763 1022 5806 at
1042 5754 1198 5817 edit.,
1233 5753 1522 5807 nonetiam
1553 5751 1714 5817 male,
1745 5749 1829 5803 ubi
1858 5750 1989 5804 enim
2012 5765 2145 5802 nunc

555 5823 800 5894 Christus
829 5829 926 5886 est,
954 5824 1024 5894 ibi
1049 5840 1245 5894 quoque
1264 5822 1513 5894 Iordanis
1540 5831 1634 5894 est.

629 5906 652 5937 ο
677 5892 884 5955 Omnes
904 5892 1036 5953 edit.
1062 5889 1211 5954 Tunc
1233 5894 1397 5955 Pater
1427 5911 1461 5950 a
1479 5892 1743 5952 Domino;
1770 5891 1894 5951 cod.
1925 5889 2137 5963 Remig.

2285 3259 2363 3299 re.
2393 3243 2482 3298 Ait
2504 3243 2649 3297 enim
2675 3243 2749 3297 illi
2777 3243 3040 3298 Dominus
3073 3245 3370 3314 postulanti
3405 3263 3417 3299 :
3450 3245 3569 3301 Sine
3587 3245 3791 3306 modo;sit

2281 3339 2418 3392 enim
2460 3338 2603 3392 decet
2636 3354 2728 3391 nos
2770 3338 2986 3406 implere
3024 3355 3226 3392 onmem
3244 3339 3508 3411 justitiam
3536 3336 3714 3410 (Matth.
3735 3351 3790 3399 ut,

2282 3427 2394 3500 l5).
2419 3429 2635 3485 Scimus
2663 3439 2844 3484 autem
2876 3429 3020 3500 quod
3041 3429 3281 3486 Joannes
3315 3430 3549 3501 Baptista
3579 3443 3721 3503 typum
3742 3430 3789 3481 le-

2279 3524 2363 3596 gis
2389 3524 2635 3595 gerebat.
2664 3523 2880 3579 Justum
2909 3540 3040 3596 ergo
3062 3535 3206 3592 erat,
3233 3535 3290 3581 ut
3321 3528 3436 3596 ipse
3459 3528 3709 3598 baptizarct
3729 3525 3791 3578 Do-

2281 3617 2524 3684 minum;
2573 3617 2782 3674 scilicet
2826 3627 2887 3673 ut
2919 3619 3380 3690 quemadmodum
3427 3621 3686 3677 secundum
3715 3634 3788 3672 car-

2281 3725 2404 3765 nem
2429 3710 2497 3765 de
2515 3709 2721 3765 Judaais
2751 3709 3004 3766 Salvator
3037 3721 3120 3766 est
3147 3713 3388 3782 genitus,
3424 3714 3490 3767 ita
3513 3724 3563 3769 et
3579 3710 3787 3768 secundum

2281 3802 2544 3873 Spiritum
2585 3802 2653 3858 de
2685 3803 2804 3874 lege
2850 3803 3202 3873 Evangelium
3242 3816 3587 3869 nasceretur;
3628 3815 3672 3858 ut
3699 3800 3789 3855 unde

2279 3896 2680 3950 successionem
2709 3895 2942 3950 ducebat
2963 3896 3211 3966 originis,
3244 3898 3444 3954 exinde
3463 3907 3518 3953 et
3536 3894 3788 3952 traditionem

2279 3989 2714 4045 consecrationis
2761 3990 3050 4060 acciperet.
3102 3989 3217 4045 Hoc
3251 4002 3338 4046 est
3365 3992 3541 4062 igitur,
3583 3989 3694 4059 quod
3714 3985 3786 4038 ait.

2282 4082 2373 4138 Sic
2405 4084 2540 4137 enim
2569 4082 2711 4137 decet
2747 4100 2841 4138 nos
2880 4083 3096 4154 implere
3133 4100 3338 4139 onmem
3358 4085 3625 4156 justitiam.
3650 4082 3787 4138 lllSlutlI

2279 4178 2423 4233 enim
2452 4185 2604 4243 erat,
2640 4185 2698 4232 ut
2722 4176 2975 4232 mandata
3009 4176 3190 4247 Legis,
3220 4193 3344 4248 qua:
3386 4180 3500 4248 ipse
3525 4173 3786 4232 condiderat.

2278 4272 2395 4343 ipse
2421 4272 2737 4343 compleret,
2767 4272 2911 4327 sicut
2939 4271 3069 4326 alibi
3096 4271 3227 4327 dicit
3251 4288 3264 4326 :
3295 4271 3419 4326 Non
3440 4274 3547 4328 ueni
3562 4269 3706 4341 Legem
3723 4264 3789 4318 sol-

2279 4383 2423 4436 uere,
2455 4367 2546 4421 sed
2566 4365 2850 4435 adimplere
2873 4363 3088 4436 (Matth.
3121 4379 3187 4427 v,
3219 4363 3331 4434 l7).

2810 4456 3047 4514 SERMO
3094 4455 3343 4512 XXXIX.

2892 4551 2968 4607 De
3006 4549 3250 4606 Camelo.

2270 4648 2421 4703 Rom.
2455 4647 2585 4702 edit.
2616 4656 2671 4700 ut
2692 4647 2830 4701 hunc
2868 4662 3152 4700 sermonem
3177 4646 3449 4716 euangelio
3485 4644 3713 4701 dominia:
3729 4651 3782 4691 xlv

2336 4751 2450 4815 post
2490 4741 2832 4797 Pentecosten
2879 4741 3184 4812 adoptaret,
3226 4739 3309 4794 illi
3350 4739 3607 4794 exordium
3643 4733 3784 4807 propri!

2333 4835 2645 4892 auctoritate
2675 4836 2992 4906 preﬁxerat.
3038 4832 3208 4899 Quam
3242 4842 3420 4887 autem
3451 4829 3652 4886 absurde
3671 4825 3709 4878 id
3730 4838 3784 4873 re

2337 4930 2514 4997 luerit,
2547 4928 2670 4983 inde
2691 4927 3040 4998 cognoscitur,
3065 4925 3203 4994 quod
3232 4923 3375 4980 hunc
3413 4937 3670 4980 sermonem
3692 4911 3782 4969 [ιαιά

2335 5025 2501 5078 multo
2547 5034 2662 5095 post
2692 5021 3051 5094 Epiphaniam
3074 5019 3306 5074 habitum
3349 5028 3555 5074 constet.
3603 5008 3780 5081 Quem

2335 5134 2490 5189 porro
2511 5119 2567 5172 in
2594 5119 2688 5172 illo
2714 5117 3002 5187 reperimus
3030 5123 3230 5168 tantum
3266 5113 3578 5185 cognationis
3596 5121 3687 5163 cum
3707 5115 3780 5157 δίτ-

2335 5226 2486 5264 mone
2515 5209 2585 5266 20
2630 5228 2662 5263 a
2692 5210 2838 5264 nobis
2880 5212 3070 5281 rejecto
3117 5208 3478 5279 praferentia,
3503 5216 3553 5260 ut
3594 5199 3780 5263 utriculi

2329 5304 2562 5358 eumdem
2585 5303 2748 5372 fuisse
2761 5313 3024 5357 auctorem
3044 5301 3376 5356 arbitremur.
3397 5299 3506 5355 Nec
3521 5299 3708 5369 profecto
3723 5287 3779 5340 dt-

2327 5408 2445 5452 sunt
2489 5413 2606 5466 qua:
2640 5398 2794 5452 illum
2838 5396 3072 5452 Maximo
3116 5395 3392 5450 videantur
3435 5405 3642 5450 asserere
3674 5401 3691 5441 :
3719 5377 3775 5436 κδ

2329 5491 2475 5546 nulla
2496 5499 2802 5563 suppetunt,
2831 5507 2948 5562 qua:
2975 5489 3276 5546 Ambrosio.

2257 5613 2313 5660 et
2364 5604 2710 5661 Valliscl.....
2754 5605 2823 5660 ad
2867 5603 3180 5671 Dominum;
3222 5601 3426 5674 optime
3470 5596 3656 5670 Lugd.,
3697 5600 3778 5643 [ιιι

2259 5676 2422 5731 Pater
2453 5677 2521 5730 ad
2545 5693 2660 5740 nos,
2685 5687 2791 5732 etc.

2329 5746 2354 5784 ά
2385 5748 2504 5804 Vel.
2533 5733 2692 5814 edit.,
2716 5747 2883 5822 Deum
2905 5750 3114 5822 propria
3136 5749 3318 5803 virtute
3337 5733 3772 5819 cognosceregIlOﬂl-

2259 5829 2316 5878 et
2345 5834 2477 5877 mss.
2511 5821 2877 5888 commodius,
2897 5831 2956 5876 ut
2985 5823 3039 5875 in
3066 5829 3344 5876 contextu.
