3944 6310
78 271 160 330 68f

864 261 1235 324 SERMONES
1271 264 1334 324 S.
1377 265 1733 327 AMBROSIO
1773 265 2141 328 HACTENUS
2179 269 2517 329 ASCRIPTI.

3245 271 3362 332 68%

139 388 182 438 l.
225 391 250 424 ι
289 379 426 437 Dicit
457 380 510 437 in
541 380 838 454 Evangelia
859 383 1120 440 Dominus
1154 384 1314 440 Jesus
1341 385 1593 441 Christus
1627 403 1641 442 :
1670 391 1726 454 Α
1749 385 1881 442 sitas
1907 395 1992 443 est
2021 388 2214 444 salutis
2243 405 2255 442 :
2287 400 2342 444 et
2364 389 2552 445 utilior
2579 397 2843 447 estcausa
2876 389 3027 461 prius
3047 403 3244 450 curare
3274 395 3363 449 vi-

76 481 281 540 Fucilius
300 488 372 532 cst
401 479 621 534 transire
646 481 896 538 cautelam
929 497 1020 550 per
1045 488 1278 552 foramen
1300 497 1423 538 acus
1443 525 1456 546 ,
1487 498 1641 552 quam

76 577 254 633 divitem
274 573 463 629 intrare
488 573 541 628 in
571 591 789 646 regnum
817 576 1064 630 caelorum
1095 574 1324 648 (Matth.
1360 593 1447 632 arx
1468 617 1483 645 ,
1521 576 1638 649 24).

77 671 189 740 Quze
226 665 487 726 sententia
515 680 708 722 vereor
749 683 819 722 ne
847 667 984 723 lorte
1012 667 1166 724 vobis
1195 670 1514 736 conveniat,
1551 669 1639 740 qui

75 764 265 822 divitias
293 763 474 819 smculi
503 762 663 834 hujus
685 775 777 820 aut
804 763 1016 819 habetis
1040 806 1054 830 ,
1079 773 1172 820 aut
1199 765 1466 837 quaeritis.
1491 763 1646 821 Sicut

76 859 200 918 enim
225 855 408 914 cameli
432 856 666 921 animal,
694 855 839 929 quod
873 866 959 914 est
1003 866 1311 916 tortuosum
1349 867 1513 929 atque
1544 856 1642 914 de~

73 954 222 1017 tortae
243 993 259 1020 ,
293 952 616 1022 perversius
645 953 762 1024 ipsa
792 955 1041 1026 corporis
1075 969 1171 1024 per
1206 954 1643 1025 angustissimum

75 1062 187 1106 acus
209 1062 489 1106 cavernam
517 1048 802 1116 praterire
833 1062 945 1104 non
978 1047 1219 1119 patitur:
1262 1049 1335 1103 ita
1366 1057 1420 1103 et
1452 1047 1645 1103 divites

70 1151 302 1202 oneratos
342 1141 568 1204 avaritia
598 1183 612 1206 ,
647 1149 702 1196 et
727 1141 1029 1213 cupiditate
1067 1142 1330 1206 lmdatos,
1365 1143 1479 1213 ipsa
1523 1142 1646 1196 vita:

71 1234 363 1296 deformitas
405 1250 501 1304 per
529 1243 736 1290 art-tam
780 1237 922 1290 viain
972 1237 1123 1306 regni
1171 1236 1393 1292 minime
1420 1235 1648 1290 introire

69 1331 341 1403 permittit;
367 1332 442 1385 ait
470 1331 614 1384 enim
645 1331 787 1386 idem
819 1330 1084 1386 Dominus
1118 1348 1130 1384 :
1163 1330 1320 1386 Arcto
1355 1340 1403 1386 et
1429 1339 1648 1401 angusta

69 1424 143 1482 sic
169 1432 237 1480 ut
257 1464 271 1491 ,
300 1438 414 1494 quae
434 1423 578 1478 ducit
607 1426 674 1478 ad
701 1425 856 1479 vitam
889 1425 1107 1498 (Matth.
1141 1439 1214 1479 ut
1235 1466 1248 1490 ,
1275 1421 1389 1494 i4).

127 1517 177 1572 3.
206 1515 367 1588 lgitttr
391 1517 448 1574 in
471 1519 686 1574 camelo
715 1519 744 1557 ι)
771 1519 1147 1576 difficultatem
1189 1519 1453 1574 transitus
1484 1533 1650 1588 prms-

69 1623 139 1671 tat
161 1612 411 1670 habitudo
447 1615 850 1682 meatbrorttm,
900 1616 956 1670 in
984 1615 1154 1670 divite
1186 1622 1365 1668 autem
1412 1612 1648 1680 impedi-

68 1715 289 1766 mentum
319 1707 638 1779 magnitudo
667 1709 834 1764 efﬁcit
867 1717 1249 1779 peccatorum;
1279 1706 1475 1778 gibbus
1503 1706 1650 1761 enim

66 1800 265 1872 quidam
280 1809 364 1857 est
384 1801 586 1856 animat
610 1809 770 1872 turpe
796 1799 924 1872 quid
946 1801 1027 1856 vel
1052 1799 1319 1870 cogitare,
1336 1797 1421 1854 vel
1440 1797 1647 1852 facere:
1685 1797 1729 1857 Β

64 1910 120 1950 ac
168 1893 361 1950 mentis
404 1893 650 1964 quietiam
683 1903 926 1949 tortuosa
968 1892 1317 1958 deformitas,
1366 1891 1421 1945 in
1463 1888 1649 1945 mundi

66 1989 214 2044 rebus
261 2002 479 2060 semper
512 1987 830 2053 intendere,
875 1996 932 2042 et
968 1987 1037 2043 ab
1064 1986 1326 2042 Ecclesia:
1357 1993 1559 2040 sanctae
1586 1985 1649 2037 Ii-

66 2081 199 2135 mine
231 2079 378 2135 curis
411 2079 768 2135 saecularibus
802 2080 1038 2136 avocari.
1066 2078 1220 2134 Unde
1259 2077 1391 2132 mihi
1442 2075 1655 2130 videtur

68 2172 194 2228 hanc
246 2171 652 2236 deformitatem
697 2173 946 2242 corporis
1006 2170 1275 2242 propheta
1337 2168 1656 2238 spiritaliter

65 2265 314 2330 elocutus,
374 2264 677 2321 foditalem
713 2279 930 2320 morum
973 2264 1156 2335 potius
1185 2261 1455 2317 indicasse
1481 2301 1495 2326 ,
1530 2274 1654 2313 cum

62 2358 182 2414 dicit
210 2377 223 2412 :
248 2358 372 2414 Non
393 2359 644 2429 glorietur
667 2358 910 2432 gibbosus
935 2359 1066 2413 sicut
1091 2367 1257 2412 rectus
1281 2353 1374 2428 (ιιι
1402 2353 1533 2425 Reg.
1563 2369 1654 2420 xx,

66 2453 170 2524 il);
199 2453 350 2524 quasi
371 2452 463 2510 'sic
485 2453 696 2509 diceret
721 2471 735 2507 ;
768 2451 888 2507 Non
913 2451 1181 2522 glorietur
1214 2458 1466 2520 peccator
1495 2447 1656 2500 vitio-

63 2561 170 2603 rum
195 2562 422 2604 suorum
450 2548 716 2618 pravitate
758 2547 1023 2602 distortus
1043 2587 1057 2612 ,
1096 2545 1236 2600 sicut
1265 2543 1532 2615 gloriatur
1547 2540 1659 2611 jus-

66 2646 142 2698 tus
159 2639 508 2697 conscientia:
540 2640 700 2695 bona:
728 2639 1082 2710 simplicitate
1109 2637 1371 2692 directus.
1404 2634 1663 2704 Quamvis

66 2733 235 2802 enim,
283 2750 319 2790 ο
361 2743 645 2806 peccator,
702 2736 1031 2805 proceritate
1086 2733 1335 2804 corporis
1388 2732 1662 2803 gaudeas,

63 2827 298 2896 quamvis
323 2828 672 2898 scapularum
701 2835 914 2882 tuarum
936 2826 1245 2898 :cqualitate
1280 2826 1514 2892 iacteris;
1543 2825 1659 2880 ani-

63 2936 140 2978 uta
180 2930 366 2978 tantm
397 2931 490 2977 tua
518 2938 732 2978 morum
764 2923 1034 2994 pravitate
1061 2899 1325 2978 deformis
1350 2931 1456 2976 est.

126 3017 178 3072 3.
206 3017 380 3074 Recte
410 3033 546 3090 ergo
566 3017 780 3073 camelo
801 3027 1150 3088 comparatus
1175 3025 1261 3072 est
1288 3015 1470 3081 dives;
1498 3012 1666 3084 siqui—

62 3109 180 3166 dem
209 3109 367 3168 illum
391 3127 422 3166 ει
453 3111 690 3167 transitu
720 3126 854 3168 acus
893 3110 1141 3182 corporis
1171 3108 1478 3166 crassitudo
1511 3123 1662 3164 revo-

1744 487 1876 547 tam,
1903 488 2030 536 tunc
2061 481 2257 551 peculii
2281 481 2476 538 damna
2499 484 2723 550 sarcire;
2755 500 2822 541 ne
2852 484 2979 540 dum
3003 497 3356 557 augmentum

1744 573 2060 646 patrimonii
2089 574 2383 646 quaerimus
2407 617 2421 642 ,
2469 578 2775 633 sentiamus
2815 579 3013 635 animae
3051 580 3358 637 detrimen-

1745 675 1877 722 tum.
1911 667 2017 724 Sed
2047 668 2188 723 forte
2220 668 2462 738 iudicem
2494 672 2692 726 metuis
2717 712 2732 738 ,
2767 687 2930 742 qut-tn
2962 671 3016 728 in
3049 675 3351 731 secretario

1745 758 2036 827 reliquisti.
2088 759 2216 815 Mihi
2257 761 2423 817 crede
2476 762 2622 832 quod
2665 762 2841 836 magis
2895 763 3066 821 Deum
3110 765 3355 836 judicent

1745 864 1992 912 metuere
2017 855 2186 912 debes
2211 898 2226 923 ,
2259 858 2351 927 qui
2379 856 2448 914 de
2479 857 2597 928 ipso
2627 867 2718 915 tuo
2753 859 2936 929 judice
2955 860 3247 931 judicabit.
3291 860 3360 916 ll-

1745 946 1859 1003 lum
1903 963 2036 1019 ergo
2074 951 2308 1017 metuis,
2349 952 2441 1023 qui
2493 966 2622 1008 mox
2655 952 2890 1022 accipiet
2934 969 3310 1011 successorem
3349 973 3360 1006 :

1748 1041 2040 1100 Dominum
2073 1059 2180 1100 non
2211 1046 2430 1113 metuis,
2464 1046 2552 1102 cui
2577 1059 2738 1103 nemo
2759 1047 3056 1120 aliquando
3081 1049 3361 1106 succedit?

1746 1135 2046 1194 Considera
2081 1140 2466 1212 itaquejudicii
2496 1143 2871 1199 imminentem
2898 1143 3041 1200 diem
3066 1186 3080 1211 ,
3115 1154 3170 1201 et
3202 1146 3345 1202 inex-

1755 1231 2065 1302 tinguibiles
2087 1233 2346 1304 gehenna:
2374 1234 2618 1290 ﬂammas
2638 1279 2653 1304 ,
2683 1236 2975 1292 stridorem
3023 1237 3360 1295 horrendum

1750 1323 2019 1391 dentium,
2037 1329 2386 1384 tenebrarum
2413 1329 2663 1386 ultimum
2687 1332 3010 1398 cruciatum;
3036 1343 3087 1388 et
3110 1333 3156 1389 si
3181 1343 3362 1405 potes,

1751 1417 1942 1473 relicta
1974 1418 2220 1475 Ecclesia
2251 1462 2265 1487 ,
2301 1421 2660 1479 szecularibus
2690 1423 3150 1482 sollicitudinibus
3182 1427 3362 1498 impli-

1752 1524 1899 1566 care.
1940 1510 2144 1568 Vereor
2170 1514 2316 1570 enim
2346 1529 2413 1570 ne
2441 1513 2569 1571 dum
2598 1517 2785 1572 mundi
2816 1517 3036 1572 divitias
3066 1519 3311 1590 qumritis
3347 1562 3362 1588 ,

1754 1604 2046 1661 inveniatis
2070 1607 2253 1677 potius
2278 1609 2494 1664 divitias
2515 1623 2890 1682 peccatorum;
2913 1623 2968 1668 et
2991 1613 3226 1684 repertis
3246 1613 3371 1670 the-

1755 1699 1936 1754 sauris
1961 1699 2173 1769 seculi,
2204 1700 2460 1758 caelestes
2488 1701 2775 1760 thesauros
2799 1705 3084 1761 amittatis.

2364 1791 2600 1851 SERMO
2641 1795 2753 1852 ιιι.

2131 1885 2208 1942 De
2246 1887 2470 1958 jejuniis
2508 1898 2564 1944 et
2603 1889 2993 1964 eieemosynis.

1760 1974 1828 2030 Ut
1858 1991 2026 2031 sermo
2049 1977 2102 2032 in
2126 1978 2400 2048 epistolam
2425 1979 2715 2036 Dominij
2737 1998 2868 2038 χχιιι
2893 1993 3009 2052 post
3027 1983 3375 2041 Pentecosten

1828 2086 1892 2125 ea:
1920 2071 2017 2126 hoc
2047 2071 2217 2142 ﬁeret,
2239 2076 2366 2130 edit.
2391 2075 2548 2132 Rom.
2570 2087 2620 2133 et
2641 2094 2813 2134 veram
2838 2083 2953 2154 ejus
2981 2081 3374 2154 inscriptionem

1829 2165 2053 2218 immutat
2072 2176 2201 2234 erat,
2223 2177 2273 2222 et
2298 2168 2354 2222 in
2383 2177 2580 2224 textum
2602 2171 2755 2225 verba
2783 2173 3037 2228 nonnulla
3063 2175 3378 2242 inseruerat,

1829 2258 1968 2329 quod
1985 2269 2261 2333 utrumque
2287 2264 2628 2320 restituimur.
2654 2263 2780 2338 Ipsa
2806 2276 2976 2323 autem
3003 2267 3214 2322 dicendi
3234 2269 3370 2324 ratio

1832 2363 2097 2422 tantopere
2127 2357 2365 2428 opposita
2392 2368 2466 2413 est
2500 2359 2875 2429 Atnbrosiante,
2918 2371 2974 2416 ut
3003 2362 3166 2416 cuivis
3197 2363 3378 2434 potius

1833 2463 1986 2518 quam
2013 2450 2094 2503 illi
2125 2453 2290 2520 possit
2313 2453 2524 2508 ascribi.

1838 2542 1888 2596 1.
1919 2542 2035 2598 Non
2063 2545 2277 2614 dubito,
2309 2545 2530 2616 fratres,
2554 2549 2867 2605 contristari
2890 2566 2988 2606 vos
3010 2552 3349 2620 quotiescum

1765 2654 1871 2711 que
1898 2642 2182 2698 absentem
2214 2661 2301 2700 me
2323 2659 2352 2700 a
2385 2646 2539 2702 vobis
2570 2649 2869 2702 necessitas
2901 2647 3048 2715 facit;
3079 2648 3208 2704 dum
3232 2649 3378 2704 enim

1766 2749 1927 2802 quem
1952 2733 2200 2806 diligitis,
2237 2736 2590 2806 nonvldetis,
2618 2745 2891 2810 tamquam
2919 2739 3044 2794 boni
3075 2739 3172 2795 lilii
3205 2741 3379 2813 pieta-

1767 2825 1838 2880 tis
1864 2825 2100 2882 stimulis
2130 2827 2413 2885 laboratis.
2447 2829 2555 2884 Sed
2601 2830 2854 2901 quamvis
2885 2847 3118 2903 corpore
3146 2849 3240 2888 vos
3279 2849 3382 2905 ego

1768 2917 2039 2975 interdum
2073 2920 2321 2976 deseram
2349 2962 2363 2987 ,
2395 2921 2588 2992 spiritu
2618 2932 2797 2978 tamen
2830 2939 2926 2980 vos
2959 2942 3066 2980 non
3094 2926 3379 2998 relinquo;

1768 3030 2114 3088 quocumque
2147 3016 2292 3073 enim
2321 3017 2438 3073 iero
2463 3058 2478 3084 ,
2512 3017 2733 3074 dilectio
2756 3028 2938 3076 vestra
2969 3035 3056 3076 me
3085 3022 3333 3093 sequitur
3368 3037 3382 3074 :

1772 3110 2104 3182 ubicumque
2137 3111 2314 3179 fuero,
2348 3112 2420 3168 ibi
2451 3128 2663 3169 mecum
2686 3124 2867 3170 vestra
2892 3113 3210 3172 fraternitas
3240 3131 3391 3171 com-

63 3211 174 3273 cat,
210 3204 358 3263 hunc
399 3207 472 3264 ab
519 3207 771 3278 ingressu
801 3205 1065 3262 Ecclesiae
1115 3202 1430 3275 patrimonii
1461 3202 1666 3257 sollici-
1697 3199 1742 3267 C
1774 3213 2039 3261 moratur.
2071 3205 2328 3278 Quisquis
2366 3208 2514 3262 enim
2547 3208 2600 3262 in
2632 3207 2835 3264 Christi
2871 3207 3138 3265 mandatis
3166 3224 3387 3280 perma-

62 3297 184 3353 tttdo
220 3297 510 3355 detentat:
537 3307 594 3355 et
633 3299 774 3354 sicut
805 3297 957 3358 illum
999 3313 1223 3369 parvum
1268 3298 1512 3352 foramen
1559 3309 1666 3351 non

62 3391 200 3462 capit
220 3403 518 3451 oneratum
537 3393 686 3450 mole
709 3393 1113 3460 membrorum;
1135 3394 1205 3449 ita
1235 3401 1290 3448 et
1313 3392 1456 3448 hunc
1481 3392 1670 3448 introi-

62 3495 144 3544 tus
181 3500 409 3546 sanctus
447 3507 556 3546 non
595 3489 825 3560 suscipit
872 3497 1158 3560 gravatum
1188 3487 1407 3543 cumulo
1439 3485 1670 3542 delicto-

61 3596 194 3637 rum.
246 3582 495 3656 Uterque
523 3582 688 3640 habet
718 3584 996 3655 propriam
1036 3583 1304 3638 sarcinam
1351 3595 1542 3646 suam,
1577 3580 1670 3637 ille

58 3685 312 3734 oneratus
335 3685 431 3733 est
454 3677 736 3745 carnibus,
769 3676 876 3733 isto
906 3676 1144 3747 peccatis
1173 3693 1185 3729 :
1217 3687 1270 3731 et
1298 3675 1440 3730 sicut
1464 3674 1556 3729 ille
1585 3673 1667 3728 in-

60 3766 254 3823 habilis
273 3777 366 3826 est
389 3769 798 3842 angustissima!
829 3783 960 3824 acus
984 3782 1260 3834 cavernae;
1292 3769 1365 3823 ita
1395 3776 1452 3824 et
1475 3765 1562 3821 hic
1592 3767 1674 3820 iu-

57 3863 398 3922 convenieua
440 3872 525 3920 est
549 3864 872 3921 beatissimo
900 3865 992 3920 Dei
1030 3879 1201 3936 regno
1232 3881 1244 3917 :
1277 3864 1345 3919 ad
1393 3862 1536 3935 quod
1582 3877 1674 3917 ca-

59 3957 260 4014 meium
290 3969 320 4002 ο
348 3973 589 4030 corpttro
616 3958 1038 4030 incompositum
1069 3967 1286 4024 natura,
1321 3955 1466 4012 hunc
1491 3962 1670 4011 autem

59 4065 282 4122 prauum
310 4053 572 4111 voluntas
599 4053 789 4109 efﬁcit.

125 4145 312 4221 ω.
338 4150 398 4204 4.
418 4147 546 4204 llaec
563 4156 748 4205 autem
772 4148 916 4215 dico,
932 4147 1224 4213 fratres,de
1248 4146 1313 4201 iis
1334 4145 1424 4217 qui
1445 4143 1674 4201 festivis-

59 4240 254 4300 simam
288 4244 442 4301 diem
474 4254 680 4302 sanctae
708 4243 1024 4315 Epiphaniae
1045 4286 1060 4311 ,
1097 4257 1166 4300 ne
1195 4242 1249 4297 in
1281 4241 1523 4297 Ecclesia
1551 4255 1671 4312 pro

59 4348 360 4408 curarent,
401 4338 866 4410 patrimoniorum
907 4352 1130 4394 suorum
1161 4337 1518 4409 compedibus
1549 4342 1678 4390 sunt

59 4428 288 4499 detenti,
317 4442 379 4490 ct
405 4444 629 4489 terreno
659 4432 896 4504 quodam
924 4431 1151 4502 obligati
1177 4441 1304 4487 sunt
1338 4430 1588 4498 vinculo,
1621 4437 1678 4484 ut

58 4525 248 4584 vertice
279 4525 372 4582 eis
396 4525 472 4582 ad
493 4525 720 4582 domum
747 4526 960 4581 Domini
992 4540 1100 4581 non
1131 4525 1339 4581 liceret.
1370 4522 1486 4579 Non
1529 4521 1673 4593 quod

1772 3315 1863 3357 net
1891 3344 1905 3368 ,
1939 3317 2165 3358 necesse
2195 3309 2282 3358 est
2327 3313 2384 3357 ut
2412 3301 2616 3358 Chrisu
2649 3303 2932 3359 adhaereat
2982 3304 3259 3360 sacerdoti
3293 3322 3304 3359 :
3337 3317 3394 3360 et

1771 3394 1902 3452 licet
1955 3396 2115 3467 longe
2170 3397 2382 3458 DO:ilUS
2437 3395 2706 3462 videatur,
2741 3394 2800 3450 tit
2849 3406 3029 3452 tamen
3074 3397 3388 3466 proximus,

1770 3489 1898 3545 dum
1949 3489 2099 3543 illum
2154 3488 2313 3544 unius
2358 3487 2482 3544 fidei
2515 3490 2686 3558 gratia
2744 3499 3123 3562 reprmsentat.
3175 3491 3271 3546 Ille
3325 3506 3386 3548 se

1771 3599 1908 3640 sane
1967 3592 2279 3653 separatum
2326 3597 2356 3637 a
2401 3582 2777 3639 sacerdotibus
2809 3591 2989 3653 putet,
3024 3585 3116 3656 qui
3168 3584 3382 3640 actibus

1772 3677 1929 3733 malis
1957 3685 2243 3747 separatus
2284 3692 2314 3732 a
2339 3676 2558 3734 Christo
2591 3687 2696 3732 est.
2730 3679 2906 3746 Atque
2947 3678 3068 3733 ideo
3095 3719 3110 3745 ,
3146 3677 3340 3733 fratres
3369 3721 3383 3744 ,

1772 3784 1870 3826 vos
1893 3769 1984 3842 qui
2018 3770 2332 3826 mandatum
2363 3769 2663 3828 Salvatoris
2696 3767 2895 3836 facitis,
2921 3772 3167 3842 quamvis
3191 3770 3392 3826 absen-

1774 3871 1856 3919 tes
1881 3877 1910 3917 a
1944 3878 2029 3918 me
2063 3861 2275 3918 fueritis
2305 3879 2558 3933 corpore,
2591 3861 2884 3918 dilectione
2915 3871 3095 3918 tamen
3127 3862 3257 3918 mihi
3291 3865 3393 3920 mi-

1775 3955 1924 4012 nime
1955 3954 2229 4011 defuistis.
2261 3955 2335 4010 ita
2385 3971 2526 4024 quos
2557 3955 2845 4028 separabat
2888 3955 3171 4028 longitudo
3221 3967 3392 4014 terra-

1774 4065 1919 4113 rum,
1951 4047 2156 4104 Christi
2182 4049 2360 4120 gratia
2399 4048 2784 4104 connectebat.

1843 4141 1900 4197 2.
1921 4143 2058 4198 Sunt
2077 4153 2261 4199 autem
2285 4143 2530 4199 nonnulli
2553 4143 2694 4199 inter
2709 4158 2827 4210 vos,
2848 4143 3308 4216 fratres,qnorum
3326 4145 3394 4201 li-

1775 4246 1862 4292 cet
1891 4236 2071 4292 vultus
2094 4235 2147 4290 in
2180 4235 2422 4292 ECcIesia
2454 4236 2733 4294 videamus
2752 4281 2765 4304 ,
2790 4254 2887 4294 cor
2912 4247 3093 4294 tamen
3117 4255 3308 4296 eorum
3329 4241 3383 4296 itt

1775 4332 1922 4403 agris
1940 4347 2063 4388 esse
2085 4331 2499 4403 cognoscimus:
2520 4341 2576 4388 et
2601 4333 2943 4401 prmsentiam
2961 4334 3179 4406 quidem
3199 4349 3390 4390 eorum

1776 4423 2191 4480 consideramus
2223 4423 2274 4478 in
2308 4423 2467 4495 plebe
2492 4464 2507 4491 ,
2546 4423 2641 4480 sed
2686 4427 3168 4482 conversationem
3197 4441 3390 4483 eorum

1780 4516 2086 4572 invenimus
2131 4517 2185 4570 in
2230 4530 2379 4572 rure.
2404 4512 2429 4552 ἀ
2457 4515 2533 4572 De
2572 4515 2772 4586 quibus
2798 4517 2930 4572 dicit
2963 4519 3298 4589 Apostolus:
3326 4517 3396 4574 Et

60 4632 154 4673 tos
170 4618 464 4690 quidpiam
488 4620 753 4683 detineat,
773 4619 1036 4690 sedquod
1055 4621 1126 4674 ita
1153 4618 1386 4690 propriis
1413 4618 1523 4672 sint
1544 4615 1676 4672 acti-
1701 4597 1760 4661 Ῑ)
1780 4607 1949 4680 gloria
1976 4609 2028 4662 in
2059 4608 2312 4677 pudendis
2343 4608 2574 4678 ipsorum
2596 4649 2610 4675 ,
2644 4609 2736 4678 qui
2761 4618 2958 4663 terrena
2987 4610 3197 4680 sapiunt
3229 4608 3390 4683 (Phi-

61 4710 160 4767 hus
185 4713 496 4785 inplicati,
539 4725 599 4769 ut
623 4713 739 4784 jam
784 4713 1070 4768 arbitrium
1105 4709 1326 4766 vivendi
1366 4724 1478 4764 suae
1517 4718 1674 4779 pote-

58 4807 212 4864 statis
236 4807 542 4865 antiserint
559 4826 573 4862 :
589 4805 1220 4876 etdumpollicitudinem
1250 4802 1558 4875 patrimonii
1581 4817 1675 4856 ex-

59 4899 270 4969 hibent,
300 4905 620 4962 animarum
642 4902 972 4960 medicinam
995 4902 1212 4972 penitus
1239 4915 1346 4958 n0n
1371 4897 1672 4969 requirant.

129 4995 182 5049 5.
209 4996 366 5066 Quid
395 4997 568 5066 mihi,
601 5012 636 5052 ο
663 4997 822 5052 dives
842 5041 856 5061 ,
891 4995 1269 5052 difﬁcultatem
1298 4992 1560 5062 temporis
1580 4990 1678 5046 ob’

56 5087 222 5156 jicis?
249 5088 414 5160 Quid
430 5090 816 5147 necessitatem
847 5087 1050 5164 ingeris
1083 5085 1469 5158 repentinam?
1495 5083 1555 5139 Si
1582 5099 1677 5145 cor

60 5180 264 5256 habes,
297 5185 562 5258 intellige
580 5186 712 5258 quia
739 5186 887 5244 omni
927 5182 1258 5242 necessitate
1289 5181 1466 5251 major
1494 5195 1683 5236 neces-

130 5315 158 5342 ε
199 5306 372 5359 Rom.
410 5302 572 5364 cdit.,
604 5299 903 5357 Hammona
931 5299 1072 5369 apud
1104 5295 1354 5352 Hebraeos
1383 5295 1547 5369 huius
1569 5309 1672 5349 ste-

58 5376 164 5432 culi
188 5374 404 5434 divitis:
425 5373 780 5446 appellantur.
807 5366 1008 5438 Dicitur
1027 5386 1146 5424 vero
1160 5384 1456 5446 mammona
1475 5366 1681 5446 iniquus

56 5451 182 5519 quia
214 5466 325 5520 non
353 5445 470 5502 nisi
497 5439 658 5517 iniqui
688 5447 742 5500 in
773 5446 844 5500 eis
870 5460 1010 5517 spem
1040 5440 1357 5520 constituunt
1387 5457 1403 5494 :
1429 5439 1562 5520 iusti
1576 5455 1680 5520 uu-

61 5510 161 5582 tem
181 5564 194 5586 ,
232 5519 360 5574 licet
391 5530 460 5572 ea
490 5510 824 5590 possideant,
851 5510 953 5590 non
985 5514 1433 5590 suntillistnmen
1461 5510 1681 5590 diuitiae,

64 5593 163 5651 nisi
183 5583 442 5649 'ctelestea
471 5583 516 5646 et
548 5583 830 5658 spiritales.
857 5586 1030 5645 Servit
1056 5583 1572 5658 igiturt‘llannuottte,
1599 5583 1692 5658 qui,

1783 4703 1879 4772 lip.
1907 4716 1997 4767 ttt,
2035 4700 2124 4770 19)
2149 4716 2166 4767 ;
2196 4699 2232 4754 ii
2280 4698 2423 4754 enim
2448 4700 2516 4754 de
2555 4710 2701 4755 terra
2752 4717 2969 4771 semper
2999 4703 3275 4774 cogitant,
3320 4705 3390 4762 de

1785 4804 1928 4852 terra
1963 4803 2197 4850 tractant
2223 4837 2238 4859 ,
2271 4811 2390 4866 qum
2421 4802 2634 4850 terrena
2662 4806 2789 4850 sunt
2815 4838 2830 4861 ,
2861 4797 3100 4866 sapiunt.
3135 4797 3230 4853 llis
3259 4812 3394 4854 con-

1784 4889 1937 4945 venit
1957 4888 2138 4943 divina
2169 4886 2260 4943 illa
2281 4888 2550 4943 sententia
2571 4929 2585 4954 ,
2611 4904 2714 4958 qua
2739 4888 2940 4944 dicitur
2964 4908 2979 4946 :
3003 4890 3170 4948 Terra
3199 4905 3260 4945 es
3287 4931 3304 4958 ,
3337 4901 3394 4946 et

1783 4982 1840 5038 in
1867 4991 2064 5037 terram
2095 4979 2300 5036 redibis
2320 4979 2533 5052 (Cenes.
2557 4996 2640 5051 ιιι,
2672 4981 2762 5052 19)
2790 5000 2803 5037 :
2833 4984 2921 5052 qui
2955 4983 3076 5038 ideo
3101 4981 3390 5053 aliquando

1784 5079 1853 5136 ad
1889 5079 2183 5135 Ecclesiam
2230 5078 2495 5146 veniunt,
2545 5095 2651 5134 non
2689 5081 2812 5149 quia
2844 5095 2914 5133 ex.
2960 5078 3065 5133 fide
3108 5077 3392 5134 christiani

1792 5185 1934 5242 unt,
1969 5174 2063 5230 sed
2098 5191 2166 5228 tte
2188 5172 2475 5228 christiani
2513 5173 2584 5229 ab
2632 5173 2943 5228 hominibus
2973 5185 3082 5226 non
3113 5178 3388 5240 putentur.

1777 5293 1932 5348 Jesus
1960 5287 2198 5345 Christus
2224 5291 2348 5346 alibi
2378 5291 2526 5354 dicit,
2560 5299 2667 5345 etc.

1851 5362 1879 5401 b
1919 5363 2124 5436 Omnes
2151 5361 2312 5430 cdit.,
2343 5363 2708 5436 difﬁcultatem
2738 5367 2992 5436 quwstus;
3017 5367 3070 5413 et
3101 5355 3265 5423 infra,
3295 5359 3394 5436 int-

1781 5435 1989 5491 mundis
2022 5435 2173 5489 rebus
2218 5431 2455 5505 semper;
2497 5433 2785 5502 utrobique
2827 5431 3010 5501 aptius
3058 5445 3191 5486 mss.
3232 5441 3291 5486 ut
3335 5433 3390 5489 in

1782 5518 2162 5642 ωῗιῗιξίιῗξεες
2183 5577 2315 5635 edit.
2341 5588 2548 5643 autem,
2570 5592 2783 5646 corpore
2812 5573 3388 5643 compositumnatura.

61 5664 114 5719 in
153 5667 387 5720 terrenis
439 5652 616 5734 hujus
640 5659 817 5727 smculi
853 5659 1004 5734 rebus
1039 5652 1275 5734 con/idit-
1324 5653 1397 5734 Ηξ
1432 5653 1561 5712 alibi
1590 5652 1688 5734 uiri
1787 5652 1985 5734 Paron)
2017 5652 2306 5734 concinne.

63 5737 377 5791 divitiarum
401 5749 437 5806 tr
467 5725 718 5806 propheta
749 5733 1103 5806 appelluntur.
1140 5725 1346 5806 Nolite,
1364 5730 1582 5806 fratres,

61 5810 218 5866 uitiae
239 5799 685 5878 appellareillas,
710 5799 878 5878 nolite
898 5815 1181 5878 adsumere
1194 5815 1218 5878 ,'_
1241 5801 1362 5878 quia
1383 5801 1425 5854 si
1451 5799 1684 5878 seruiatis

61 5878 197 5950 illis,
232 5870 289 5937 et"
319 5870 458 5934 cum
487 5875 592 5950 illis
633 5870 1059 5950 peribitislldeg
1096 5871 1158 5927 de
1199 5871 1502 5945 hujusmodi
1532 5870 1684 5924 divite

543 5943 822 6012 Ρηιιοι..
872 5943 1076 6011 Χνιι·

1863 5722 1889 5761 ἀ
1928 5722 2050 5779 Vel.
2076 5723 2208 5780 edit.
2235 5736 2299 5776 ac
2319 5735 2452 5776 mss.
2479 5737 2490 5771 :
2517 5717 2596 5773 De
2618 5729 2754 5773 terra
2779 5722 2914 5776 enim
2935 5722 3058 5776 dicit
3082 5721 3396 5791 Apostolus,-

1793 5811 1897 5854 ms.
1935 5795 2094 5866 lleg.,
2128 5794 2190 5849 de
2219 5803 2358 5848 terra
2385 5792 2518 5848 enim
2545 5806 2742 5862 seraper
2771 5795 3022 5866 cogitant,
3045 5805 3154 5850 etc.

2857 5935 2938 6000 22
