4016 6316
557 239 665 299 635

1491 241 1587 300 AD
1624 240 1858 301 OPERA
1897 241 2149 303 SANCTI
2187 242 2519 305 AMBROSII
2555 245 2929 307 APPENDIX.

3738 255 3832 318 68b

589 353 608 362 '
630 361 683 411 :3.
715 356 926 426 Quibus
955 370 1081 413 cum
1117 354 1388 428 jejunium
1419 357 1701 427 indicitur,
1735 361 1805 416 de
1843 361 2168 434 intemperie
2192 367 2249 430 Α
2270 363 2337 418 ad
2367 363 2697 439 solutionem
2729 382 2838 421 non
2863 365 3156 424 dilectione
3184 365 3496 437 adducitur,
3525 369 3617 430 sed
3647 379 3833 433 terrore

557 468 618 508 se
645 452 905 522 temporis
936 467 1154 522 semper
1191 466 1500 523 excusant;
1556 455 1746 512 dicunt
1769 459 1916 513 enim
1961 460 2168 516 aestivis

556 548 839 604 mensibus
873 566 885 601 :
919 549 1044 604 Dies
1077 549 1238 622 longa
1263 559 1382 618 est,
1418 553 1720 607 torrentior
1747 553 1830 608 sol
1853 561 1938 609 est
1961 595 1976 621 ,
2019 554 2165 610 sitim

557 644 703 699 ferre
753 659 862 698 non
891 658 1183 714 possumus
1207 686 1220 710 ,
1250 646 1464 715 poculis
1495 660 1595 702 nos
1645 645 1973 717 refrigerare
2001 647 2168 719 debe-

551 750 713 802 mus;
743 735 941 792 hiemis
973 752 1104 793 vero
1135 748 1382 808 tempore
1413 756 1427 794 :
1453 738 1637 795 Grave
1669 740 1840 813 frigus
1871 752 1951 797 est
1978 783 1994 809 ,
2023 742 2170 813 rigo-

555 846 646 886 res
670 839 799 886 sunt
833 830 1056 900 pessimi
1085 873 1101 898 ,
1130 832 1373 902 algorem
1405 833 1637 890 tolerare
1665 835 1956 906 nequimus
1979 876 1994 903 ,
2028 835 2171 892 escis

555 923 798 981 calefieri
851 940 950 981 nos
997 934 1237 996 oportet.
1273 925 1349 980 Ita
1384 925 1636 984 homines
1674 944 1908 1000 quorum
1954 929 2171 986 animus

556 1031 778 1087 semper
807 1028 891 1074 est
910 1017 964 1072 in
985 1017 1216 1088 prandio
1242 1061 1256 1084 ,
1283 1019 1592 1091 prandendi
1624 1022 1728 1077 sibi
1759 1037 1961 1078 causas
1990 1023 2170 1094 inqui-

553 1119 684 1165 runt
713 1127 726 1164 :
755 1120 813 1166 et
842 1111 970 1166 dum
991 1125 1053 1168 se
1077 1127 1109 1168 a
1137 1111 1362 1183 jejuniis
1387 1123 1656 1169 excusant
1685 1156 1699 1181 ,
1734 1123 1982 1186 tempora
2006 1113 2173 1172 Crea-

557 1203 694 1258 toris
724 1211 751 1240 α
781 1211 1065 1260 accusant.

622 1297 674 1352 4.
701 1297 800 1352 Dic
829 1297 986 1362 mihi,
1015 1311 1047 1351 ο
1075 1296 1308 1354 delicate
1337 1297 1656 1369 christiano,
1683 1299 1710 1338 ι)
1737 1302 1834 1372 qui
1861 1310 2055 1358 aestum
2081 1316 2172 1359 so-

562 1389 631 1445 lis
658 1389 960 1460 jejunando
988 1388 1155 1462 M4
1184 1389 1328 1446 ferre
1351 1407 1456 1447 non
1482 1402 1660 1462 potes,
1688 1395 1952 1464 numquid
1978 1405 2172 1463 aestus,

553 1497 718 1553 quem
745 1489 1096 1538 sustenturus
1122 1498 1206 1547 es,
1248 1485 1548 1540 torrentior
1568 1495 1662 1541 est
1688 1486 1984 1556 gehenna‘t
2016 1502 2176 1542 num-

553 1577 684 1648 quid
719 1577 892 1635 hiems
923 1577 1202 1634 horridior
1229 1588 1312 1636 est
1341 1580 1612 1647 tenebris,
1653 1581 1854 1652 quibus
1887 1581 2176 1638 retruden-

559 1671 662 1728 dus
689 1687 769 1728 es.
803 1671 860 1727 ln
888 1673 1198 1730 exteriores
1228 1673 1377 1730 enim
1405 1676 1660 1732 tenebras
1687 1676 2016 1748 abjicientur
2048 1693 2176 1748 pec-

2267 459 2665 531 constringitur
2696 478 2709 513 :
2743 460 2948 518 Christi
2990 464 3136 519 enim
3162 463 3379 520 debitor
3401 465 3560 523 laetus
3580 508 3595 533 ,
3625 468 3834 528 Caesaris

2273 535 2444 607 trisiis
2475 561 2594 618 est;
2645 553 2770 625 quia
2819 553 2963 611 hunc
3003 555 3070 610 ad
3118 557 3444 614 solvendum
3485 574 3634 616 amor
3675 565 3832 636 cogit,

2270 643 2424 701 illum
2458 661 2618 715 poena
2645 649 2948 717 compellit.
2993 649 3088 706 llic
3118 653 3362 722 praemiis
3388 667 3729 726 provocatur,
3756 660 3835 717 ille

2269 738 2560 810 suppliciis
2590 751 2926 799 coarctatur.

2342 829 2396 886 7.
2441 832 2577 897 Dicit
2601 846 2825 891 sanctus
2851 837 3149 907 Apostolus
3175 857 3187 894 :
3221 839 3481 898 Divitibus
3509 842 3662 915 hujus
3686 847 3838 901 seaculi

2273 925 2493 997 prwcipe
2522 943 2627 981 non
2675 929 2894 984 sublime
2917 947 3120 1004 sapere,
3165 943 3214 988 et
3241 951 3406 1005 neque
3433 936 3490 990 in
3511 936 3697 992 incerto
3732 939 3838 994 diri-

2271 1016 2462 1071 tiarum
2493 1035 2704 1089 sperare
2732 1020 2777 1092 (l
2809 1020 2946 1076 Tim.
2976 1039 3049 1091 vt,
3077 1023 3190 1095 l7).
3221 1025 3387 1082 Vides
3426 1042 3582 1099 ergo,
3621 1045 3654 1083 ο
3689 1029 3836 1098 dives,

2269 1109 2395 1182 quia
2447 1123 2578 1168 sunt
2627 1124 2732 1170 tua;
2781 1115 3007 1172 incertae
3054 1117 3280 1175 divitiae.
3335 1119 3476 1189 Quid
3521 1137 3652 1194 ergo
3677 1138 3838 1180 aurum

2271 1215 2598 1276 congregas,
2629 1206 2686 1262 in
2717 1222 2827 1278 quo
2848 1209 2998 1265 nulla
3030 1219 3182 1268 certa
3213 1213 3407 1269 liducia
3433 1226 3519 1270 est
3541 1215 3568 1269 ?
3593 1225 3616 1253 ε
3638 1216 3757 1272 Auri
3779 1218 3838 1273 uti

2272 1299 2508 1355 avaritia
2539 1311 2741 1371 cesset,
2771 1313 2828 1358 et
2856 1313 3002 1360 terra
3024 1315 3112 1361 est
3142 1323 3156 1361 :
3199 1307 3360 1364 solidi
3389 1311 3464 1364 tui
3487 1310 3751 1380 cupiditas
3772 1326 3843 1367 au-

2271 1392 2499 1461 feratur,
2531 1404 2588 1452 et
2617 1397 2814 1453 sordes
2852 1409 2998 1455 sunt.
3045 1403 3253 1456 Aurum
3301 1403 3448 1459 enim
3497 1413 3554 1460 et
3593 1417 3838 1476 argentum

2271 1485 2395 1541 vilis
2433 1495 2519 1542 est
2565 1496 2626 1546 et
2653 1491 2866 1560 abjecta
2919 1493 3182 1550 materies
3222 1512 3235 1549 :
3269 1495 3358 1550 ubi
3408 1511 3601 1552 aurum
3647 1498 3842 1555 increvit

2275 1578 2509 1636 humana
2557 1585 3038 1655 concupiscentia,
3092 1597 3220 1644 tunc
3261 1599 3316 1644 et
3359 1589 3446 1646 his
3473 1592 3751 1662 speciebus
3771 1607 3842 1648 ac-

2273 1675 2448 1730 crevit
2474 1675 2738 1743 ambitio;
2768 1693 2962 1733 aurum
2991 1679 3136 1736 enim
3159 1691 3215 1736 et
3236 1691 3519 1753 argentum
3538 1699 3648 1740 non
3675 1685 3841 1756 pretio-

554 1773 776 1821 catores
811 1783 824 1820 :
858 1766 930 1820 ibi
959 1766 1055 1820 erit
1075 1767 1229 1837 ﬂetus
1254 1777 1299 1822 et
1327 1769 1526 1823 stridor
1551 1770 1780 1825 dentium
1811 1770 2026 1842 (Matth.
2053 1787 2170 1839 vttt,
2202 1764 2251 1824 B
2278 1782 2398 1824 sum
2428 1777 2618 1825 natura
2647 1769 2923 1840 instituit,
2958 1773 3054 1828 sed
3083 1773 3365 1830 hominum
3389 1777 3645 1834 voluntas
3671 1777 3836 1834 ell‘ecit.

551 1856 643 1926 12)
669 1874 683 1923 ;
714 1857 855 1914 sicut
875 1861 952 1914 ait
975 1859 1237 1914 Dominus
1264 1878 1278 1915 :
1303 1861 1523 1928 stridor,
1549 1861 1790 1932 inquam,
1819 1862 2064 1919 dentium
2095 1864 2161 1920 ad

551 1951 728 2006 instar
753 1950 968 2007 hiberni
995 1952 1256 2021 temporis
1290 1967 1511 2024 semper
1538 1955 1645 2010 erit
1673 1957 1725 2009 in
1763 1955 1870 2010 illis
1901 1955 2164 2012 tenebris.

551 2041 695 2113 Ergo
739 2042 884 2099 sicut
911 2053 1238 2113 penetrante
1268 2045 1457 2116 algore
1487 2044 1686 2101 hiemis
1711 2087 1726 2112 ,
1771 2056 1886 2104 toto
1915 2047 2167 2104 homines

546 2148 782 2204 corpore
804 2135 1266 2200 contremiscunt;
1292 2137 1366 2191 ita
1389 2147 1444 2192 et
1463 2138 1863 2196 interveniente
1882 2142 2168 2196 conscien-

546 2225 619 2280 tia
647 2224 844 2297 frigida
869 2226 1219 2295 delictorum,
1248 2229 1399 2300 gravi
1425 2239 1745 2298 peccatores
1767 2233 2014 2288 dentium
2040 2234 2170 2290 stri-

546 2317 683 2376 dore
697 2321 1029 2390 quatientur.
1046 2321 1120 2376 lta
1142 2322 1308 2377 miser
1321 2333 1594 2394 peccator,
1612 2324 1740 2381 dum
1771 2326 1862 2382 hic
1881 2327 2165 2384 hibernum

549 2415 783 2486 rigorem
802 2418 1014 2480 metuit,
1031 2416 1101 2470 ibi
1117 2417 1468 2473 tenebrarum
1485 2419 1652 2492 frigus
1671 2421 1900 2477 incurrit
1917 2421 2064 2478 :dum
2079 2421 2168 2479 hic

547 2515 738 2562 aestum
767 2507 900 2564 solis
929 2508 1134 2575 evitat,
1164 2508 1236 2564 ihi
1277 2510 1543 2580 gehennae
1571 2513 1862 2568 sustinebit
1889 2513 2164 2571 ardorem.

619 2601 676 2654 5.
708 2599 802 2654 His
831 2610 1016 2655 autem
1049 2600 1179 2671 ipsis
1209 2601 1525 2658 hominibus
1554 2621 1678 2660 cum
1711 2605 1943 2673 dixerit,
1979 2619 2036 2662 ut
2067 2608 2168 2664 ali-

545 2692 675 2761 quid
705 2693 1038 2762 pauperibus
1070 2693 1387 2765 largiantur,
1413 2697 1598 2752 statim
1623 2697 1890 2768 ohjiciunt
1916 2717 1928 2752 :
1959 2699 2164 2756 Neces-

547 2783 746 2841 sitates
775 2784 1002 2840 infinita:
1033 2794 1182 2852 sunt,
1216 2788 1422 2844 tributa
1450 2798 1580 2842 sttnt
1603 2791 1810 2860 gravia,
1837 2791 2042 2848 ﬁscalia
2065 2809 2161 2848 cx-

550 2879 758 2948 plieare
808 2894 916 2933 non
966 2893 1279 2950 possumus.
1339 2881 1406 2935 Et
1452 2889 1598 2937 tanta
1643 2883 1734 2938 tibi
1783 2885 2058 2954 ingerunt,
2107 2895 2166 2944 ut

549 2973 705 3043 quasi
737 2988 892 3029 reum
923 2981 976 3029 te
1006 2982 1271 3041 statuant,
1304 2989 1402 3030 cur
1431 2975 1534 3031 hoc
1565 2977 1740 3046 ipsum
1774 2978 1899 3033 illos
1925 2980 2164 3037 volueris

547 3079 932 3132 commonere,
977 3080 1084 3120 non
1125 3065 1493 3138 intelligentes
1528 3068 1673 3138 quod
1716 3070 1751 3124 ii
1792 3080 1922 3125 sunt
1959 3071 2164 3128 inimici

2871 1864 3104 1922 SERMO
3146 1865 3289 1923 XLI.

2437 1953 2515 2009 De
2549 1969 2617 2011 eo
2645 1955 2791 2027 quod
2819 1956 2952 2013 dicit
2983 1957 3250 2014 Dominus
3281 1961 3333 2016 in
3364 1961 3706 2034 Evangelia:

2703 2047 2898 2118 Vulpes
2930 2053 3103 2122 foveas
3129 2051 3340 2120 habent,
3364 2064 3471 2110 etc.

2276 2141 2380 2197 llic
2412 2143 2592 2198 titulus
2628 2153 2701 2199 est
2749 2161 2902 2216 quem
2944 2145 3065 2199 huic
3094 2149 3322 2202 sermoni
3351 2149 3602 2219 antiqua:
3648 2150 3760 2205 edit.
3796 2165 3842 2205 ac

2343 2252 2466 2290 mss.
2521 2235 2759 2292 indidere
2787 2253 2806 2291 :
2835 2247 2888 2290 at
2938 2237 3092 2294 Rom.
3139 2241 3265 2295 edit.
3315 2258 3431 2296 eum
3469 2242 3703 2299 habitum
3737 2260 3843 2316 prte-

2344 2331 2540 2385 notavit
2571 2331 2627 2386 ln
2660 2333 2798 2388 festo
2821 2333 3114 2391 S.Basilii:
3136 2338 3222 2392 ubi
3251 2354 3354 2394 non
3385 2341 3842 2416 attenderuntejst-

2343 2423 2460 2479 dem
2505 2425 2632 2479 edit.
2688 2437 2958 2482 curatores
3010 2444 3196 2499 parum
3227 2431 3478 2487 credibile
3523 2433 3686 2489 videri
3721 2443 3842 2490 aetate

2339 2516 2634 2586 Ambrosii,
2681 2537 2831 2590 quem
2867 2520 3028 2595 hujus
3065 2526 3318 2580 sermonis
3355 2537 3621 2583 auctorem
3665 2531 3839 2601 ferum,

2343 2609 2526 2664 Basilii
2598 2613 2771 2668 natale
2837 2615 2946 2680 iam
3011 2625 3120 2670 tum
3185 2618 3440 2673 celebrari
3512 2621 3718 2676 solitum
3753 2636 3842 2676 esse

2343 2703 2651 2761 Mediolani.
2698 2706 2816 2762 Hoc
2862 2709 3023 2781 igitur
3062 2727 3225 2765 unum
3273 2714 3438 2768 asseri
3488 2723 3654 2784 potest
3687 2723 3842 2786 prater

2341 2798 2594 2852 nonnulla
2613 2816 2730 2870 qua:
2749 2817 2811 2855 ea:
2830 2799 3136 2858 Comment.
3165 2804 3218 2860 in
3238 2804 3368 2861 Luc.
3394 2805 3486 2861 lib.
3516 2822 3608 2874 vn,
3634 2825 3766 2884 nunt.
3785 2805 3842 2862 ὅθ

2337 2901 2382 2945 ει
2403 2892 2494 2957 5l,
2517 2890 2619 2945 huc
2635 2893 2886 2949 translata
2903 2904 3046 2964 sunt,
3069 2897 3469 2952 Ambrosianum
3489 2900 3574 2954 hic
3590 2901 3717 2956 nihil
3734 2916 3839 2955 esse.

2341 2985 2392 3039 1.
2447 2986 2503 3041 Si
2552 2986 2845 3059 diligenter
2895 2987 2914 3028 ί
2965 2990 3204 3048 advertit
3250 2991 3549 3063 capitulum
3595 2993 3838 3065 evangeli-

2266 3093 2388 3133 cum
2412 3119 2426 3145 ,
2461 3081 2608 3150 quod
2639 3081 2804 3139 hodie
2834 3083 3036 3140 lectum
3070 3092 3185 3152 est,
3229 3097 3410 3144 vestra
3447 3088 3691 3156 dilectio,
3731 3103 3840 3146 scn-

550 3159 732 3215 crucis
767 3171 788 3198 ε
819 3160 1021 3215 Christi
1049 3203 1064 3228 ,
1099 3161 1192 3230 qui
1234 3177 1342 3217 non
1385 3161 1699 3234 intelligunt
1735 3164 1879 3235 quod
1910 3167 2166 3224 omnibus
2190 3161 2236 3226 C
2270 3189 2363 3230 sus
2396 3185 2610 3232 vestros
2643 3177 2696 3233 id
2725 3179 2902 3248 ipsum
2945 3181 3248 3250 capitulum
3275 3183 3458 3253 potuit
3503 3199 3837 3254 permovere,

549 3251 974 3307 necessitatibus
1003 3253 1200 3309 salutis
1241 3255 1313 3308 sit
1357 3256 1658 3310 necessitas
1697 3258 2034 3327 praeferenda
2057 3301 2071 3325 ,
2107 3269 2162 3316 et

546 3343 692 3414 quod
741 3344 1003 3400 tributum
1045 3345 1280 3402 reddere
1317 3347 1411 3402 alii
1450 3348 1717 3418 prodest:
1755 3351 2161 3424 eleemosynam

547 3435 732 3493 facere
763 3437 862 3508 ipsi
895 3437 1176 3508 proficiat,
1207 3438 1302 3509 qui
1327 3439 1591 3511 largitur;
1625 3442 1811 3498 tributi
1853 3446 1999 3500 enim
2032 3446 2161 3502 red-

544 3529 683 3585 ditio
712 3529 786 3585 illi
813 3540 1035 3601 prmslat
1057 3531 1408 3601 beneficium,
1434 3535 1526 3603 qui
1549 3536 1768 3607 accipit,
1794 3537 2163 3612 eleemosynte

543 3636 727 3682 autem
759 3627 1007 3695 operatio
1051 3628 1103 3682 ei
1145 3627 1361 3683 confert
1401 3631 1699 3700 meritum,
1744 3633 1834 3701 qui
1864 3634 2158 3690 ministrat.

545 3715 800 3779 Tributi.
832 3719 1090 3789 inquam,
1140 3718 1376 3774 redditio
1420 3721 1812 3780 detrimentum
1857 3725 2024 3783 infert
2052 3729 2164 3784 solo

545 3810 723 3878 venti,
753 3809 1121 3882 eleemosynae
1143 3813 1388 3883 erogatio
1416 3813 1627 3870 lucrum
1660 3817 1855 3872 tribuit
1877 3821 2158 3892 eroganti;

541 3900 711 3957 ditior
748 3903 894 3958 enim
937 3902 997 3958 fit
1045 3904 1130 3958 vir
1180 3905 1525 3973 misericors,
1580 3917 1936 3981 posteaquam
1979 3913 2161 3971 minus

548 3992 750 4050 habere
774 3995 963 4066 incipit
988 3997 1319 4066 pauperibus
1344 3999 1645 4070 largiendo.

618 4087 672 4143 6.
707 4087 872 4144 Beata
900 4087 1067 4160 igitur
1095 4097 1180 4145 est
1200 4091 1576 4164 elecmosyna,
1629 4112 1750 4160 quae
1789 4109 1843 4153 et
1872 4101 2155 4169 accipien-

547 4188 657 4237 tem
699 4181 912 4248 relicit,
947 4191 1002 4238 et
1049 4183 1292 4240 laetificat
1342 4197 1660 4257 emgantem
1688 4209 1701 4246 :
1733 4190 1974 4248 Hilarem
2023 4197 2157 4250 enim

542 4274 775 4331 datorem
805 4276 976 4348 diligit
1003 4274 1148 4332 Deus
1180 4279 1244 4349 (ll
1278 4279 1398 4334 Cor.
1421 4299 1497 4346 ιχ,
1533 4283 1588 4352 7)
1611 4302 1625 4339 :
1650 4293 1815 4354 atque
1841 4287 1964 4343 ideo
1985 4286 2012 4326 ἀ
2041 4305 2156 4347 me-

545 4369 651 4424 lius
679 4378 763 4424 est
790 4369 866 4424 illi
895 4370 1016 4440 plus
1045 4369 1196 4426 dare.
1234 4372 1415 4429 Laetus
1443 4391 1574 4447 ergo
1600 4388 1654 4433 et
1688 4379 1880 4434 hilaris
1908 4391 2027 4450 est,
2061 4385 2151 4454 qui

542 4461 876 4532 pauperibus
904 4462 1304 4520 subministrat.
1333 4466 1502 4522 Recte
1533 4469 1689 4538 plane
1720 4471 1878 4528 lwtus
1901 4485 2005 4542 est,
2029 4479 2152 4546 quia

2265 3281 2364 3322 cur
2419 3267 2685 3325 Dominus
2735 3272 2880 3327 sicut
2907 3272 3188 3344 Scriptura
3219 3276 3420 3342 refert,
3453 3290 3576 3332 cum
3603 3277 3671 3334 ab
3692 3276 3840 3332 altero

2264 3361 2648 3433 interpellatus
2700 3365 2904 3434 fuerit,
2959 3375 3018 3422 ιιι
3067 3383 3195 3424 eum
3264 3385 3611 3442 quocumque
3673 3371 3836 3437 iissct,

2264 3468 2427 3510 causa
2479 3456 2718 3528 religiosi
2767 3460 2977 3516 servitii
3047 3472 3375 3534 sequeretur
3416 3481 3430 3517 :
3473 3465 3632 3520 alteri
3693 3465 3839 3535 magis

2264 3545 2506 3602 dixerit:
2532 3548 2758 3620 Sequere
2802 3569 2884 3608 me
2917 3552 3135 3628 (Matth.
3171 3571 3286 3624 vm,
3315 3555 3448 3629 22);
3481 3568 3537 3613 et
3565 3557 3656 3613 illo
3679 3565 3838 3628 spreto

2263 3647 2427 3708 atque
2456 3639 2740 3710 despecto,
2765 3642 2934 3700 alium
2980 3645 3160 3715 potius
3190 3656 3456 3704 tacentem
3487 3664 3590 3705 nec
3635 3649 3838 3720 opinan-

2265 3741 2484 3805 tetuque
2533 3735 2851 3808 delegerit?
2877 3739 2946 3795 Et
2975 3754 3098 3797 cum
3137 3741 3322 3814 utique
3361 3745 3644 3815 acceptius
3669 3743 3839 3798 volun-

2265 3827 2458 3881 tarium
2490 3827 2817 3900 obsequium
2865 3847 2992 3888 esse
3037 3832 3248 3900 soleat,
3280 3850 3442 3904 quam
3478 3847 3757 3900 coaetunt;
3791 3841 3839 3890 et

2261 3921 2545 3976 servitium
2575 3923 2699 3994 plus
2747 3923 2960 3995 placeat
2990 3943 3100 3983 non
3143 3928 3286 4000 quod
3329 3929 3563 4001 imperio
3606 3931 3834 4002 exigitur,

2261 4013 2358 4068 sed
2402 4015 2548 4084 quod
2599 4029 2794 4088 sponte
2825 4018 3071 4077 defertur
3099 4040 3112 4075 :
3145 4038 3243 4078 cur
3272 4039 3404 4096 ergo
3435 4026 3538 4081 iste
3566 4023 3832 4096 respuitur,

2259 4123 2355 4163 cur
2385 4109 2535 4165 velut
2583 4111 2840 4184 indignus
2882 4115 3044 4170 etiam
3088 4118 3414 4174 recusatur?
3455 4118 3548 4174 Ait
3599 4119 3732 4176 enim
3774 4115 3832 4172 ad

2259 4215 2382 4255 cum
2412 4200 2576 4274 445
2599 4203 2865 4261 Dominus
2896 4224 2909 4260 :
2945 4207 3142 4279 Vulpes
3180 4209 3353 4280 faueas
3394 4211 3611 4280 habent,
3641 4222 3687 4268 et
3713 4210 3835 4266 roll-

2256 4309 2366 4351 eres
2401 4298 2515 4352 (ccli
2546 4299 2697 4354 nidos
2723 4318 2736 4354 :
2767 4300 2940 4358 Filius
2967 4313 3140 4358 autem
3179 4303 3405 4362 hominis
3431 4324 3539 4364 non
3572 4308 3732 4376 habet,
3756 4305 3834 4361 ubi

2256 4397 2408 4458 caput
2437 4390 2646 4445 reclinet
2677 4392 2830 4464 (Luc.
2863 4410 2940 4462 tx,
2965 4396 3085 4468 58.)

2325 4478 2382 4534 2.
2411 4481 2655 4539 Primum
2676 4486 2860 4558 itaque
2889 4489 2993 4546 hoc
3025 4490 3374 4550 considerare
3412 4493 3691 4565 debemus,
3707 4491 3831 4566 quod

543 4572 640 4626 per
669 4557 982 4642 nummulos
1014 4573 1217 4628 paucos
1247 4568 1483 4618 aeternos
1511 4563 1798 4622 thesauros
1823 4569 1929 4624 sibi
1957 4571 2151 4628 cmles-
2177 4563 2230 4624 Ι)
2257 4590 2364 4630 non
2392 4585 2477 4631 est
2513 4557 2781 4651 acceptor
2819 4581 3087 4640 Dominus
3136 4601 3501 4656 personarum
3555 4593 3659 4660 (est
3705 4589 3830 4646 enim

545 4657 627 4703 tes
644 4648 895 4719 acquirit.
911 4636 987 4704 'Et
1015 4657 1226 4718 contra,
1251 4667 1472 4725 semper
1502 4657 1674 4712 tristis
1701 4669 1784 4714 est
1809 4670 1863 4715 et
1893 4672 2143 4734 llifBSlUS,

545 4741 636 4812 qui
691 4743 890 4799 tributa
933 4743 1207 4800 dissolvit.
1255 4745 1368 4803 Nec
1402 4751 1676 4807 immerito
1705 4752 1877 4811 tristis
1906 4767 2019 4824 est,
2053 4761 2142 4830 qui

616 4871 643 4898 ο
687 4860 867 4934 verbo
910 4872 1156 4934 accusant
1180 4862 1600 4934 gadjecitllom.
1649 4870 1782 4927 edit.
1821 4871 1900 4927 De
1939 4875 2002 4930 iis
2031 4877 2158 4933 dicit

538 4933 820 5006 Apostolus
849 4949 868 4988 :
902 4933 1136 5006 Quorum
1166 4933 1304 4989 Deus
1329 4948 1504 5006 venter
1529 4950 1624 4996 est.

609 5005 640 5045 ιι
677 5006 883 5080 Omnes
912 5005 1084 5080 edit._,
1116 5008 1204 5076 qui
1240 5017 1455 5077 aestum,
1498 5023 1644 5080 etc.;

541 5087 772 5150 restarem
788 5076 1113 5150 jejunando,
1130 5089 1248 5150 etc.

617 5157 640 5184 ο
684 5147 857 5203 Ιὶοιίιξ
878 5147 1037 5212 edit.,
1074 5147 1291 5216 Christi,
1325 5162 1382 5206 ut
1406 5150 1559 5208 hodie
1587 5156 1774 5211 lectum
1806 5170 1901 5214 est.

614 5217 640 5254 d
681 5219 884 5276 Omnes
923 5219 1055 5306 edit.
1095 5236 1159 5276 ac
1191 5237 1303 5306 ms‘.’
1327 5223 1522 5306 L_ngtl_.,
1555 5227 1739 5306 melius
1778 5242 1853 5306 est
1888 5233 1966 5288 illi
1997 5236 2149 5306 prius

541 5291 1077 5364 dare;rcotnmodius_
1102 5308 1228 5347 vero
1259 5291 1600 5360 Valliscl.,...
1632 5300 1747 5364 plus
1778 5301 1924 5358 dare.

617 5375 661 5447 '1.
681 5363 908 5447 Codices
933 5362 1104 5446 Lugd.
1130 5372 1185 5419 et
1205 5363 1442 5420 Valliscl.
1464 5384 1477 5422 :
1503 5362 1701 5423 Aurum
1720 5381 1865 5427 tuum
1883 5377 2137 5447 avaritia;

536 5433 734 5490 melius
763 5433 895 5489 edit.
925 5445 982 5489 ttt
1010 5436 1063 5488 itt
1097 5446 1264 5490 textu.

614 5503 633 5543 t
677 5504 836 5559 Rutu.
869 5507 1032 5588 edit.,
1064 5508 1282 5562 advertit
1307 5517 1470 5588 vestra
1493 5510 1721 5588 dilectio,
1753 5519 1962 5586 fratres.
1993 5524 2139 5588 capi.

535 5578 701 5662 Iulum
725 5580 1167 5662 evangelicum...
1191 5583 1448 5662 quqmodo
1473 5578 1766 5662 Pontinas,
1801 5592 1886 5655 qui
1911 5591 1965 5644 in
1991 5578 2131 5662 leqe,

535 5659 588 5702 ut
618 5649 892 5718 Scriptura
922 5650 1094 5718 refert,
1131 5653 1391 5734 mandavit
1419 5670 1438 5734 ς
1470 5653 1682 5710 llunora
1719 5649 1922 5734 patrem
1958 5649 2132 5734 ludit);

533 5732 588 5776 et
617 5735 720 5802 mat
732 5736 846 5774 rem
875 5728 1018 5774 tuam
1046 5738 1067 5802 ;
1096 5725 1525 5802 quemadmodum
1555 5733 1794 5802 prwcepit
1826 5733 1918 5787 tibi
1951 5725 2132 5792 Domi;

533 5809 631 5850 nus
658 5789 802 5846 Deus
829 5800 949 5846 tuus
971 5831 985 5856 ,
1017 5801 1074 5846 ut
1105 5793 1246 5850 bene
1271 5797 1365 5852 tibi
1395 5798 1504 5862 sit;
1548 5789 1684 5854 nunc
1710 5789 1847 5859 dicat
1879 5821 1893 5859 :
1923 5807 1976 5863 Si
2006 5789 2129 5880 quis

1685 5029 1814 5070 mss.
1858 5032 1990 5074 vero
2005 5063 2019 5087 ,
2063 5024 2154 5093 qui

2251 4684 2440 4741 aequus
2479 4671 2652 4742 judex
2701 4687 2754 4730 et
2792 4675 2995 4750 justus)
3025 4679 3122 4735 sed
3152 4695 3250 4750 pro
3281 4691 3307 4726 κ
3337 4684 3605 4754 qualitate
3641 4698 3826 4741 morum

2253 4763 2520 4834 rependat
2575 4765 2890 4825 dilectionis
2934 4769 3189 4830 affectum
3223 4793 3238 4830 :
3278 4785 3334 4832 et
3361 4791 3488 4834 eum
3536 4779 3696 4852 eligat
3734 4791 3825 4834 non

2257 4880 2404 4937 venit
2432 4879 2501 4936 ad
2529 4897 2614 4939 me
2640 4925 2657 4951 ,
2697 4895 2753 4940 et
2793 4901 2898 4942 non
2938 4889 3055 4944 odit
3079 4898 3288 4959 patrem
3319 4909 3478 4949 suum
3510 4904 3567 4951 et
3594 4905 3822 4960 matrem.

2256 4963 2362 5010 etc.
2381 4993 2405 5037 D,
2423 4966 2769 5037 _non‘potest
2800 4975 2958 5037 meus
2981 4976 3104 5017 esse
3129 4962 3468 5037 discipulus?
3498 4965 3594 5022 Cui
3620 4966 3824 5037 congnit

2252 5026 2392 5108 quod
2416 5027 2467 5078 in
2499 5025 2762 5108 alio-loco,
2790 5047 2911 5108 cum
2942 5025 3359 5108 interpellentur
3383 5053 3415 5090 a
3440 5040 3666 5108 quodam
3689 5025 3820 5093 :I'Doc

2249 5099 2415 5162 mine,
2449 5101 2879 5179 permittehmilri
2895 5106 3126 5173 primum
3158 5107 3263 5171 ire,
3293 5115 3346 5163 et
3372 5099 3608 5178 sepelire
3638 5121 3819 5179 patrem

2249 5183 2454 5252 meum,
2485 5172 2753 5239 respondit
2776 5190 2795 5228 :
2825 5172 2958 5252 Siue
2985 5184 3042 5231 ut
3070 5179 3274 5252 mortui
3301 5172 3577 5252 Sepeliant
3605 5172 3818 5252 mortuos

2247 5253 2406 5306 suos;
2441 5250 2724 5324 lli-fulica:
2745 5248 2918 5315 vade,
2961 5257 3015 5304 et
3042 5251 3304 5305 annuntia
3340 5248 3567 5324 regnum
3603 5255 3709 5308 Dei.
3743 5250 3819 5306 Illi

2245 5326 2364 5395 gero
2384 5314 2623 5395 qui-dixit
2646 5331 2665 5370 :
2691 5314 2974 5395 Sequarte
2996 5335 3336 5395 quocumque
3357 5314 3522 5390 ieris;
3543 5324 3818 5395 respondit:

2247 5380 2453 5461 Vulpes
2479 5386 2660 5461 foveas
2692 5380 2914 5455 habent,
2948 5380 3278 5448 ρι’νοιιιεοτθὲ
3303 5395 3425 5450 coeli
3458 5380 3643 5461 nidos;
3671 5396 3815 5451 Filius

2239 5465 2422 5535 autem
2443 5455 2678 5535 hominis
2702 5475 2810 5514 non
2832 5461 2996 5535 habet
3019 5463 3108 5516 uhi
3137 5477 3300 5534 caput
3323 5467 3570 5522 reclinet.
3595 5455 3692 5523 Cur
3709 5481 3810 5535 ergo

2240 5526 2429 5605 cumnb
2441 5528 2600 5605 altera
2613 5531 2967 5604 interpellatus
2981 5536 3138 5605 fuerit
3151 5526 3534 5603 ut'quocumque
3543 5541 3694 5600 iisset,
3709 5526 3810 5590 reli-

2235 5599 2370 5668 giosi
2381 5601 2572 5679 servitii
2584 5617 2738 5679 causa
2747 5599 3042 5679 sequeretur
3054 5623 3169 5661 eum
3184 5624 3203 5662 :
3215 5599 3367 5664 alteri
3379 5599 3542 5679 magis
3557 5599 3726 5664 dixerit
3733 5605 3810 5676 qui

2235 5685 2352 5723 eum
2365 5673 2506 5752 sequi
2518 5676 2855 5752 cunctabatur
2871 5693 2890 5731 :
2905 5677 3009 5752 Seq
3019 5694 3146 5733 uere
3159 5695 3275 5752 me;
3293 5693 3337 5734 et
3351 5673 3698 5752 prinrisprcto,
3711 5673 3804 5733 εἰσ.

2308 5745 2512 5799 KEtltt.
2552 5759 2660 5822 vet.
2695 5747 2946 5822 qualitate
2975 5749 3160 5805 horum
3185 5767 3204 5818 ;
3234 5745 3417 5820 Bouh,
3451 5745 3691 5822 qualitate
3717 5764 3802 5803 me

2233 5813 2456 5870 riturum
2489 5831 2507 5870 .°
2531 5813 2717 5874 codex’
2733 5818 2907 5892 Lugd.
2938 5813 3194 5892 qualitate
3220 5813 3440 5879 morum.
