3944 6310
117 315 214 375 683

909 309 1279 374 SERMONES
1316 312 1374 373 S.
1418 307 1769 372 AMBROSIO
1808 306 2191 373 HACTENUS
2220 309 2555 374 ASCRIPTI.

3285 315 3393 377 686

116 437 199 508 qui
226 431 402 491 verbis
437 440 740 505 promptus,
769 431 1062 490 devotione
1091 433 1267 504 piger,
1298 431 1393 487 sed
1418 431 1509 502 qui
1532 429 1693 486 fuerit
1719 442 1770 501 Α
1796 428 2002 495 divelli,
2035 429 2104 484 ab
2141 429 2260 499 ejus
2287 431 2549 486 societate
2573 470 2588 496 ,
2639 426 3069 501 interrogatione
3111 430 3392 489 ancillulae

113 530 281 602 lingua
306 527 520 595 tacitus,
542 536 725 583 mente
742 525 992 589 devotus,
1013 525 1081 581 de
1097 539 1205 596 quo
1225 523 1674 592 dicitPropheta:

112 623 334 680 Tacitum
359 632 406 678 te
435 621 651 690 faciens,
674 621 883 694 sapiens
906 619 1160 675 videberis
1191 617 1376 687 (Prov.
1403 632 1544 684 xvn,
1568 613 1685 686 98).

109 719 178 775 De
204 717 295 773 illo
320 725 496 771 autem
516 714 608 786 qui
641 713 955 785 petulanter
982 712 1226 784 loquitur
1249 753 1262 774 ,
1299 708 1469 766 refert
1495 707 1682 778 Scrip-

109 820 218 867 tura
244 826 257 864 :
292 807 416 863 Non
439 806 607 862 omnis
631 807 721 878 qui
742 806 868 860 dicit
897 803 1044 869 mihi,
1073 803 1318 869 Domine,
1342 800 1584 870 Domine,
1602 801 1686 854 in-

106 905 245 961 trabit
272 906 324 959 in
353 919 566 975 regnum
592 903 840 957 caelorum
870 917 889 955 :
917 900 1008 956 sed
1037 900 1128 970 qui
1157 897 1334 970 fecerit
1359 897 1682 952 uoluntatem

106 1014 257 1054 meam
286 994 496 1070 (Matth.
531 1011 628 1061 vn,
656 993 776 1066 21).
807 992 943 1049 Hinc
973 1006 1104 1063 ergo
1152 989 1411 1046 discimus
1441 987 1584 1059 quod
1615 987 1682 1042 ad

103 1092 372 1147 Dominum
403 1105 512 1146 non
542 1098 650 1144 tam
677 1103 776 1145 ore
805 1102 970 1158 quam
999 1083 1168 1141 corde
1197 1080 1547 1138 clamandum
1571 1089 1675 1136 est.

167 1189 214 1244 5.
245 1188 410 1258 Igitur
437 1183 689 1242 Salvator
717 1189 928 1248 noster,
959 1179 1050 1252 qui
1094 1177 1456 1250 cogitationes
1504 1175 1682 1231 homi-

105 1298 217 1338 num
249 1289 275 1318 ι
301 1293 599 1350 sensusque
651 1275 966 1348 pervideat,
1017 1271 1242 1328 audiens
1267 1269 1488 1341 quidem
1530 1269 1679 1324 vocis

102 1375 428 1446 obsequium,
459 1374 657 1426 mentis
701 1379 884 1426 autem
927 1364 1228 1424 versutiam
1254 1375 1676 1432 recognoscens,

102 1467 182 1523 tali
211 1466 360 1523 illum
391 1463 611 1520 animali
643 1469 952 1533 comparat,
986 1458 1134 1532 quod
1166 1455 1314 1512 aliud
1352 1469 1490 1510 voce
1534 1451 1678 1507 indi-

101 1570 195 1626 cet,
226 1557 371 1614 aliud
414 1555 663 1612 morihus
711 1561 1000 1626 operetur;
1051 1549 1244 1620 vulpes
1289 1548 1436 1603 enim
1471 1546 1680 1600 latratu

98 1654 233 1708 cauis
284 1658 524 1714 resonat,
567 1648 699 1704 dolo
726 1647 975 1718 rapinam
1026 1643 1234 1699 fraudis
1279 1650 1524 1698 exercet.
1576 1639 1680 1694 Ta-

96 1755 292 1802 ceutem
313 1759 443 1817 ergo
464 1758 566 1799 nec
582 1743 902 1814 opinantem
932 1740 1182 1796 assumit.
1196 1735 1437 1792 Tacebat
1455 1733 1676 1807 quidem

1788 534 2079 592 separatur
2109 539 2122 575 ι
2152 531 2208 578 et
2233 523 2336 577 nisi
2359 522 2511 578 velut
2540 522 2762 579 modum
2795 523 3088 594 quemdam
3118 533 3390 593 statuens,

1792 613 1956 669 tertio
1990 629 2112 669 eum
2161 613 2390 670 dixisset
2433 615 2722 671 Dominum
2775 625 3126 688 negaturum,
3159 618 3386 678 forsitan

1788 708 1990 777 saepius
2021 710 2411 780 interrogatus,
2445 707 2786 779 frequentius
2814 710 3162 782 denegasset.

1862 800 1915 856 6.
1968 800 2106 869 Quid
2138 817 2272 873 ergo
2313 803 2676 874 respondetur
2715 803 2791 860 illi
2849 807 3158 876 petulanti?
3196 806 3391 878 Vulpes

1784 895 1963 964 foveas
1985 893 2194 961 habent,
2219 903 2267 949 et
2288 896 2524 950 uolucres
2545 897 2660 951 caeli
2689 897 2862 963 nidos,
2881 905 2930 952 et
2958 895 3136 954 Filius
3159 899 3386 956 hominis

1783 1001 1886 1040 non
1917 986 2087 1055 habet,
2112 989 2199 1042 ubi
2219 997 2377 1057 caput
2399 989 2610 1044 reclinet
2641 987 2796 1060 (Luc.
2829 1005 2907 1056 ιι,
2937 989 3052 1064 58).
3080 991 3274 1050 Videte
3301 995 3389 1050 cui

1782 1080 1861 1134 rei
1907 1079 2182 1135 subtiliter
2206 1090 2560 1151 comparetur
2587 1098 2600 1134 :
2631 1091 2717 1137 est
2741 1081 2890 1137 enim
2924 1082 3029 1138 hoc
3058 1097 3232 1154 genus
3263 1085 3384 1140 ani-

1782 1174 1940 1228 malis
1970 1173 2249 1241 fallax,et
2291 1173 2506 1230 insidiis
2552 1190 2772 1246 semper
2821 1177 3118 1244 intentum,
3180 1178 3374 1249 rapina

1782 1267 2003 1323 fraudes
2028 1283 2314 1336 exercens,
2349 1269 2495 1340 quod
2538 1269 2676 1325 nihil
2715 1277 2914 1337 tutum,
2947 1271 3080 1326 nihil
3111 1273 3372 1339 otiosum,

1781 1360 1916 1416 nihil
1945 1362 2149 1433 patitur
2170 1376 2294 1418 esse
2324 1377 2600 1430 securum,
2646 1369 2794 1434 quod
2839 1365 2982 1420 inter
3013 1365 3129 1435 ipsa
3169 1381 3388 1438 quoque

1779 1453 2064 1511 hominum
2091 1456 2371 1513 domicilia
2409 1459 2656 1529 praedam
2689 1460 2952 1531 requirat.

1851 1549 1904 1602 7.
1930 1548 2104 1616 Quam
2128 1551 2598 1622 comparationem
2632 1567 2743 1608 non
2766 1554 2942 1609 solum
2978 1562 3205 1625 pr0pter
3231 1555 3386 1610 illum

1778 1643 2041 1712 scriptam
2088 1652 2242 1713 puto,
2283 1645 2379 1701 sed
2423 1655 2646 1717 propter
2677 1647 2970 1719 plerosque
3001 1647 3167 1704 etiam
3199 1648 3380 1705 chris-

1779 1734 1983 1803 tianos,
2014 1736 2107 1804 qui
2134 1751 2229 1792 ore
2260 1737 2481 1809 quidem
2525 1738 2699 1794 Deum
2740 1738 3103 1806 confitentur,
3142 1741 3390 1797 moribus

96 1840 280 1910 lingua,
328 1835 426 1893 sed
466 1835 660 1908 spiritu
709 1833 1077 1905 loquebatur;
1113 1830 1477 1901 intelligimus
1526 1827 1674 1883 enim
1704 1833 1961 1895 Bautem
2003 1830 2242 1900 vulpium
2295 1831 2514 1887 fallacia
2572 1831 2957 1901 diversantur;
3007 1837 3190 1891 omnis
3241 1838 3389 1891 enim

93 1947 238 2002 quam
264 1929 490 1986 devotus
511 1927 699 1994 fuerit,
727 1927 819 1999 qui
849 1927 992 1982 sicut
1022 1924 1144 1995 ipse
1168 1920 1428 1986 asseruit,
1464 1925 1675 1991 patrem

96 2023 295 2096 reliquit
325 2030 625 2090 mortuum,
657 2030 719 2076 ut
751 2019 872 2075 vita:
905 2017 1198 2075 Dominum
1241 2014 1532 2086 reperiret.
1588 2011 1679 2067 Ait

95 2119 225 2175 enim
273 2134 286 2170 :
339 2116 592 2172 Permitte
636 2115 764 2168 mihi
818 2116 960 2184 prius
1013 2111 1112 2178 ire,
1142 2118 1191 2163 et
1235 2107 1456 2179 sepelire
1479 2115 1678 2179 patrem

95 2225 246 2265 meum
265 2207 416 2281 (Luc.
446 2223 527 2274 is,
561 2207 676 2277 59).
704 2205 976 2260 Mortuum
1005 2217 1140 2274 ergo
1171 2202 1324 2256 illum
1356 2199 1675 2270 reliquerat,

96 2318 238 2372 quem
271 2310 327 2356 ut
352 2309 648 2358 revertens
677 2298 963 2370 sepeliret,
984 2305 1199 2353 exorat.
1220 2295 1339 2352 Non
1372 2309 1496 2350 eum
1520 2292 1677 2347 dolor

97 2395 400 2461 retinuerat,
433 2409 546 2449 non
590 2407 740 2448 mors
782 2390 1195 2456 retardaverat;
1225 2387 1351 2459 quia
1381 2385 1679 2443 festinabat

95 2490 152 2544 ad
179 2489 358 2545 vitam.
385 2488 629 2545 Necdum
662 2485 948 2544 morientis
978 2484 1261 2540 clauserat
1290 2483 1502 2546 oculos,
1547 2494 1678 2536 nec-

95 2581 208 2636 dum
253 2581 479 2652 rigentia
527 2579 773 2636 membra
824 2575 1179 2641 condiderat;
1210 2575 1393 2630 statim
1426 2581 1485 2628 ut
1523 2586 1675 2627 com-

96 2677 219 2746 perit
243 2674 532 2731 advenisse
564 2671 881 2739 Dominum,
914 2669 1120 2727 oblitus
1147 2678 1390 2740 paterna:
1429 2664 1674 2737 pictatis,

97 2767 328 2836 affectum
356 2767 623 2838 majorem
677 2764 879 2836 pietate
925 2761 1164 2819 credidit
1219 2760 1347 2831 plus
1393 2756 1675 2813 Christum

96 2860 343 2934 diligere,
396 2875 562 2932 quam
610 2866 918 2929 parentem.
961 2855 1196 2927 Legerat
1247 2854 1396 2910 enim
1437 2851 1676 2907 fortasse

98 2954 442 3025 propheticam
477 2953 794 3016 lectionem,
825 2965 948 3020 quae
977 2948 1111 3003 dicit
1140 2964 1153 3000 :
1182 2946 1490 3001 Obliviscere
1508 2960 1676 3015 papu-

97 3050 189 3102 lum
207 3058 363 3116 tuum,
390 3057 437 3104 et
462 3046 676 3102 domum
699 3045 863 3118 patris
886 3044 960 3097 tui
978 3040 1154 3112 (Psal.
1174 3055 1286 3107 LIV,
1309 3037 1398 3111 11)
1418 3054 1433 3101 ;
1457 3048 1675 3108 propte-

96 3155 176 3194 rca
203 3142 397 3197 oblitus
421 3148 514 3196 est
537 3149 772 3210 patrem,
803 3135 933 3191 dum
964 3149 1176 3190 memor
1225 3139 1312 3188 est
1347 3130 1668 3187 Salvatoris.

1779 1919 2134 1990 christianus,
2165 1923 2259 1994 qui
2287 1938 2385 1979 sua
2413 1925 2530 1979 vult
2557 1936 2785 1996 peccata
2813 1927 3020 1994 celare,
3054 1928 3144 1984 hic
3169 1929 3392 1998 spirita-

1778 2014 1905 2071 liter
1930 2016 2126 2087 vulpes
2156 2027 2259 2073 est.
2303 2018 2460 2074 Sicut
2495 2019 2641 2074 enim
2686 2020 2878 2091 vulpes
2907 2029 3137 2093 propter
3167 2021 3390 2079 fraudes

1778 2123 1906 2164 suas
1936 2109 1989 2164 in
2039 2108 2282 2165 latibulis
2322 2110 2684 2178 demoratur;
2727 2112 2801 2167 ita
2830 2123 2886 2168 et
2915 2125 3173 2184 peccator
3197 2124 3386 2170 tacens

1778 2211 2004 2270 propter
2034 2202 2432 2258 conscientiam
2461 2219 2614 2259 suam
2660 2217 3015 2274 peccatorum
3048 2206 3222 2262 foveis
3250 2207 3389 2262 deli-

1779 2297 1938 2352 tescit
1967 2313 1981 2352 :
2005 2304 2063 2352 et
2077 2297 2221 2353 sicut
2241 2297 2334 2352 illa
2363 2313 2471 2354 non
2499 2298 2664 2354 audet
2694 2300 2836 2354 inter
2866 2300 3076 2356 medias
3103 2300 3384 2356 hominum

1780 2387 1972 2444 turbas
2016 2403 2230 2445 morum
2273 2406 2497 2446 suorum
2534 2392 2832 2448 ostendere
2879 2391 3190 2458 fallaciam;
3223 2393 3295 2448 ita
3328 2404 3387 2450 et

1780 2479 1868 2536 hic
1897 2479 2174 2537 erubescit
2220 2482 2276 2537 in
2318 2483 2500 2538 media
2533 2483 2782 2539 Ecclesia
2814 2485 3250 2541 conversationis
3272 2502 3387 2542 sua:

1779 2572 2076 2644 nequitiam
2126 2575 2401 2630 confiteri.
2445 2573 2612 2648 446
2655 2576 2886 2647 Vulpem
2947 2577 3107 2648 plane
3152 2577 3385 2634 dixerim

1778 2682 1998 2724 omnem
2043 2668 2433 2738 christianum,
2480 2671 2573 2742 qui
2598 2684 2708 2727 'suo
2737 2671 3026 2742 insidiatur
3057 2673 3262 2738 vicino,
3295 2675 3388 2744 qui

1776 2761 2018 2832 quotidie
2059 2759 2251 2817 nititur
2291 2763 2428 2818 lines
2461 2762 2676 2819 alienos
2722 2763 3007 2831 arrodere,
3049 2764 3258 2820 fructus
3291 2766 3378 2821 in-

1777 2854 2001 2922 vadere,
2056 2856 2313 2911 animalia
2363 2854 2657 2924 devorare,
2716 2866 2770 2912 et
2817 2857 2962 2928 quod
2989 2867 3074 2914 est
3111 2857 3382 2914 familiare

1778 2946 1905 3004 huic
1945 2953 2198 3020 tempori,
2240 2964 2348 3005 non
2398 2949 2513 3020 jam
2573 2950 2813 3020 vulpium
2869 2964 3022 3006 more
3060 2951 3260 3021 pullus,
3285 2952 3382 3008 sed

1776 3040 2028 3113 luporum
2058 3057 2214 3098 more
2241 3058 2435 3114 rapere
2471 3058 2668 3115 porcos
2702 3063 2715 3099 :
2745 3044 2836 3114 qui
2861 3044 2988 3099 dum
3020 3055 3042 3084 ε
3070 3059 3170 3100 suo
3192 3046 3386 3102 labore

1776 3137 2238 3208 possitsejuvare,
2255 3139 2494 3194 ferarum
2513 3139 2664 3195 rabie
2679 3139 2916 3210 praedam
2931 3147 3109 3210 captat
3123 3140 3378 3196 alienam.

96 3229 333 3288 Audierat
359 3232 526 3288 etiam
555 3227 913 3300 Evangelium
939 3226 1189 3282 Domini:
1209 3224 1310 3293 Qui
1334 3223 1451 3294 plus
1476 3221 1669 3276 dilexe-

1845 3233 1900 3287 8.
1932 3230 2233 3288 Haereticos
2257 3232 2424 3287 etiam
2455 3248 2650 3289 omnes
2679 3233 2916 3289 arbitror
2947 3233 3204 3304 vulpibus
3228 3249 3380 3290 com-

96 3323 151 3376 rit
167 3334 347 3394 patrem
365 3332 455 3378 aut
467 3334 706 3387 matrem,
727 3338 828 3376 non
850 3331 922 3375 est
940 3336 1018 3375 me
1039 3321 1229 3390 dignus
1245 3315 1460 3388 (Matth.
1478 3332 1532 3383 x,
1549 3313 1663 3386 57).

153 3415 202 3472 4.
249 3415 322 3471 lta
378 3431 505 3472 cum
557 3413 758 3470 Tobias
801 3413 1166 3484 justificetur,
1223 3427 1322 3466 cur
1371 3409 1666 3480 sepultura:

94 3525 235 3567 causa
264 3511 553 3583 prandium
598 3509 959 3579 dereliquerit
1011 3506 1164 3579 (Tob.
1197 3521 1258 3572 tr,
1291 3503 1388 3576 5);
1422 3505 1509 3558 hic
1541 3517 1666 3573 pro-

92 3603 257 3674 batur,
302 3621 422 3662 cum
463 3620 634 3661 causa
663 3602 866 3659 Christi
902 3603 1073 3673 patris
1100 3598 1390 3670 reliquerit
1412 3599 1663 3668 sepultu-

89 3713 212 3755 ram.
239 3699 330 3756 Ille
364 3700 517 3756 enim
541 3713 650 3754 non
679 3707 922 3764 veretur,
947 3711 1017 3752 ne
1043 3691 1446 3750 interveniente
1473 3705 1662 3762 opere,

89 3794 268 3850 terreni
317 3792 538 3864 prandii
576 3793 762 3864 epulas
823 3790 1273 3864 praetermitteret
1303 3805 1316 3841 :
1352 3787 1440 3842 hic
1466 3784 1666 3842 metuit

86 3900 162 3951 ne,
192 3887 586 3944 interveniente
628 3899 803 3952 mora,
836 3882 1190 3939 refectionem
1238 3880 1395 3951 panis
1423 3879 1665 3936 caelestis

86 3979 294 4037 amittat.
343 3980 509 4038 Unde
548 3995 674 4036 cum
713 3978 917 4034 Christi
965 3975 1431 4046 contemplatione
1484 3973 1665 4045 sepul-

89 4080 246 4129 turam
268 4077 524 4132 omnibus
554 4073 874 4140 debeamus,
911 4071 1000 4128 hic
1037 4085 1225 4127 amore
1251 4069 1460 4126 Christi
1489 4069 1663 4141 patris

89 4165 314 4224 deseruit
341 4169 704 4241 sepulturam.

152 4261 198 4316 5.
247 4261 611 4319 Discutiamus
662 4262 848 4332 itaque
877 4260 1059 4331 primo
1087 4259 1231 4314 illius
1263 4255 1663 4328 interpellatio-

91 4358 758 4428 nem,respousionemque
791 4355 1004 4411 Domini
1035 4354 1360 4411 Salvatoris.
1393 4352 1484 4408 Ait
1513 4353 1658 4408 enim

89 4447 170 4504 ille
217 4468 228 4504 :
282 4451 482 4522 Sequar
530 4461 578 4507 te
627 4466 946 4524 quocumque
995 4449 1118 4504 ieris
1172 4448 1325 4521 (Luc.
1376 4463 1435 4502 ιχ
1473 4489 1487 4515 ,
1539 4446 1658 4518 58).

89 4538 319 4614 Prompta
349 4545 598 4616 quidem,
630 4543 657 4582 ιδ
708 4545 806 4600 sed
859 4544 1093 4614 superba
1138 4542 1426 4613 professio.
1479 4540 1661 4596 lturus

1777 3324 2071 3395 parandos,
2112 3327 2204 3397 qui
2252 3341 2375 3382 cum
2409 3328 2461 3382 in
2509 3327 2673 3383 domo
2718 3328 2936 3384 Domini
2979 3329 3232 3386 habitare
3271 3345 3380 3386 non

1771 3420 2006 3490 possint,
2037 3422 2418 3477 conventicula
2445 3421 2546 3477 sibi
2571 3421 2821 3494 quiedam
2849 3422 2997 3478 velut
3024 3423 3211 3479 foveas
3243 3441 3381 3494 prte-

1771 3521 1968 3583 parant
2011 3513 2357 3582 tenebrosas,
2392 3514 2448 3570 in
2492 3515 2686 3585 quibus
2733 3515 3090 3586 pertinaciter
3120 3517 3379 3585 latentes,

1770 3602 2100 3659 insidiantur
2125 3603 2424 3672 Ecclesiw;
2457 3608 2584 3662 utsi
2609 3623 2715 3678 qua
2737 3610 3002 3664 innocens
3029 3609 3209 3665 anima
3239 3609 3383 3668 forte

1769 3700 2123 3766 processerit,
2151 3700 2298 3755 velut
2315 3701 2520 3770 pullum
2548 3701 2765 3772 gallinae
2796 3704 2988 3758 matris
3019 3703 3375 3760 absorbcant.

1767 3787 2122 3858 Insidiantur,
2146 3791 2390 3862 inquam,
2424 3792 2617 3863 vulpes
2641 3793 2924 3862 Ecclesiae,
2947 3793 3050 3850 hoc
3072 3805 3180 3862 est,
3205 3794 3380 3852 htcre-

1769 3883 2220 3956 ticievangelica:
2270 3887 2346 3940 illi
2394 3885 2634 3957 gallinae,
2667 3885 2738 3942 de
2782 3901 2886 3957 qua
2937 3888 3010 3941 ait
3063 3887 3377 3944 Dominus:

1769 3977 1981 4045 Quoties
2027 3979 2168 4034 volui
2214 3995 2532 4053 congregare
2580 3979 2720 4048 ﬁlios
2776 3990 2934 4045 tuos,
2989 3981 3121 4035 sicut
3171 3981 3375 4055 gallina

1765 4072 1966 4145 colligit
2010 4073 2183 4143 pullos
2233 4090 2355 4128 suos
2406 4073 2502 4127 sub
2541 4073 2656 4127 alas
2712 4074 2872 4129 suas?
2913 4073 3020 4130 Sed
3071 4074 3186 4145 ipsa
3231 4076 3378 4133 sicut

1764 4164 1994 4222 Samson
2026 4165 2285 4222 ardentes
2310 4164 2457 4221 faces
2486 4164 2746 4236 vulpibus
2777 4165 3047 4237 religavit.

2337 4256 2572 4313 SERMO
2627 4256 2767 4312 XLII
2776 4297 2789 4310 .

1762 4351 2073 4423 lucrepatio
2101 4349 2169 4406 ad
2217 4349 2433 4421 plebem
2463 4349 2532 4405 de
2575 4365 2643 4406 eo
2685 4349 2831 4420 quod
2862 4350 3123 4422 scriptum
3177 4361 3264 4410 est
3315 4355 3368 4412 in

1969 4442 2276 4513 Evangelia
2306 4459 2318 4496 :
2356 4441 2460 4508 Qui
2483 4441 2656 4508 habet,
2682 4443 2894 4498 dabitur
2929 4445 2977 4497 ei
3001 4461 3021 4510 ;
3053 4457 3108 4501 et
3137 4463 3150 4500 :

2229 4537 2561 4593 Cantavimus
2587 4537 2751 4606 vobis,
2789 4548 2894 4594 etc.

88 4637 217 4691 enim
249 4639 311 4694 ad
345 4641 658 4710 passionem
710 4647 832 4695 erat
874 4637 1169 4703 Dominus,
1200 4635 1566 4692 descensurus
1593 4633 1661 4691 ad
1687 4633 1740 4694 D
1766 4630 1872 4687 Cur
1899 4631 2033 4686 hunc
2063 4647 2353 4686 sermonem
2401 4631 2713 4685 nominatim
2747 4633 2975 4703 cuipiam
3019 4632 3172 4690 Patri
3200 4639 3372 4709 potius

87 4727 272 4786 inferos
293 4774 306 4796 ,
339 4747 677 4790 ascensurus
719 4732 786 4786 ad
815 4733 1016 4788 caelum
1045 4747 1060 4797 ;
1088 4729 1349 4800 numquid
1397 4730 1448 4783 in
1482 4728 1663 4785 omni-

89 4819 178 4878 bus
206 4824 350 4880 illum
382 4835 567 4895 potest
596 4823 860 4896 fragilitas
890 4824 1130 4879 humana
1161 4822 1455 4878 comitari?
1483 4820 1658 4878 Stulta

77 4899 165 4968 est
187 4915 282 4972 ista
303 4918 658 4987 praesumptio
685 4917 1065 4988 potius,quam
1091 4916 1346 4985 religiosa
1361 4913 1657 4970 confessio.

90 5004 349 5076 Siquidem
379 5018 435 5066 et
464 5010 628 5066 Petro
668 5010 920 5080 apostolo
949 5007 1151 5064 dicitur
1181 5024 1210 5062 a
1242 5007 1496 5068 Domino,
1533 5022 1658 5062 cum

89 5098 364 5157 :estimaret
395 5119 453 5158 se
480 5103 632 5173 sequi
671 5115 766 5171 per
786 5102 971 5158 omnia
1000 5101 1343 5157 Salvatorem
1374 5115 1390 5155 :
1426 5098 1541 5167 Quo
1564 5115 1658 5170 ego

87 5190 202 5244 ratio
231 5209 330 5248 non
357 5203 501 5263 potes
538 5210 620 5249 me
668 5193 820 5248 modo
864 5193 1007 5266 sequi
1053 5190 1236 5265 (Joan.
1269 5207 1388 5260 xm,
1422 5188 1537 5262 55).
1589 5189 1659 5244 Et

87 5295 196 5338 cum
225 5286 574 5356 pertinaciter
613 5288 918 5352 insisteret,
959 5303 1024 5343 ac
1064 5301 1125 5343 se
1151 5285 1220 5342 ab
1248 5301 1317 5342 eo
1354 5300 1456 5340 nec
1479 5292 1657 5340 morte

86 5373 275 5433 diceret
315 5382 716 5452 separandum;
745 5389 1023 5451 tamquam
1068 5378 1351 5451 iactantia:
1395 5377 1660 5435 condem-

86 5481 233 5528 natus
257 5475 419 5544 audit,
453 5476 595 5546 quod
625 5485 774 5532 esset
803 5476 1090 5530 Dominum
1127 5476 1292 5532 tertio
1336 5483 1652 5547 negaturus.

86 5561 154 5622 lla
177 5570 262 5641 qui
294 5571 643 5645 promittebat
669 5589 697 5629 a
729 5575 1080 5632 confessione
1110 5575 1315 5633 Christi
1341 5591 1443 5633 nec
1484 5585 1660 5633 morte

153 5740 174 5814 ξι
201 5733 273 5790 Ita
301 5751 400 5814 ms.
445 5739 642 5811 Lngd.;
668 5747 783 5814 vet.
812 5747 992 5796 autem
1031 5740 1191 5810 edit.,
1222 5741 1512 5814 sensusque"
1535 5757 1659 5814 pro-

87 5800 244 5882 uideat
266 5825 282 5875 ;
306 5808 486 5875 Rom.,
501 5800 786 5882 prtebidet.

154 5873 400 5938 bOmnes
449 5873 580 5939 edit.
615 5925 632 5952 ,
683 5884 775 5938 sed
825 5886 1050 5957 superba
1103 5887 1423 5959 responsio;
1481 5883 1654 5942 codex

1836 4740 1990 4795 quant
2017 4723 2171 4777 alteri
2199 4723 2548 4793 assignentus,
2578 4723 2711 4777 nihil
2731 4727 2934 4778 occurit
2956 4742 2976 4779 :
3004 4742 3067 4781 ne
3101 4744 3216 4783 vero
3245 4731 3368 4784 Am—

1841 4820 2138 4875 brosianum
2161 4835 2268 4873 esse
2294 4827 2530 4889 putemus
2549 4859 2565 4887 ,
2598 4819 2731 4872 nihil
2757 4835 2856 4874 non
2878 4824 3149 4876 reclamat.

1839 4913 1890 4966 1.
1924 4911 2261 4982 Frequenter
2289 4909 2604 4965 studueram
2625 4911 2766 4982 apud
2796 4928 2884 4968 me
2916 4912 3119 4984 ipsum,
3145 4913 3365 4981 fratres,

1764 5008 2092 5064 subtrahere
2133 5005 2288 5060 vobis
2339 5005 2637 5061 Dominicae
2687 5007 3096 5076 pra-dictationis
3124 5005 3366 5074 eloquia,

1765 5113 1829 5154 ac
1857 5115 1962 5155 non
1998 5097 2220 5168 elargiri
2258 5095 2460 5166 saepius
2503 5110 2819 5152 sermonum
2848 5096 3152 5152 antestium
3179 5109 3367 5150 sacra-

1765 5205 1969 5251 menta.
2003 5192 2282 5264 Siquidem
2328 5190 2467 5246 nihil
2514 5191 2688 5262 prosit
2733 5191 2932 5246 offerre
2976 5188 3169 5258 pabula
3211 5201 3369 5244 recu~

1764 5289 1934 5354 santi,
1963 5296 2019 5343 et
2065 5293 2254 5356 potum
2302 5277 2590 5356 porrigere
2631 5282 2856 5338 minime
2885 5280 3092 5336 sitienti
3129 5297 3142 5335 :
3185 5295 3282 5335 cur
3311 5281 3366 5336 id

1763 5382 1908 5455 quod
1939 5381 2160 5449 offeras,
2196 5396 2302 5434 non
2332 5389 2440 5433 tam
2471 5378 2710 5433 libenter
2748 5375 2984 5442 hauriat,
3023 5389 3188 5446 quam
3216 5374 3367 5432 fasti-

1765 5476 1922 5532 diose
1953 5473 2103 5531 velut
2133 5471 2505 5528 turbulentum
2533 5468 2771 5534 reddat;
2831 5477 2998 5539 atque
3029 5469 3101 5525 ita
3129 5469 3272 5525 sicut
3311 5480 3371 5527 et

1762 5569 1942 5643 poculi
1971 5566 2260 5625 sinceritas
2288 5565 2532 5632 vitietur,
2552 5571 2608 5620 et
2627 5576 2822 5618 causas
2835 5561 3026 5620 delicti
3047 5563 3368 5624 fastidiosus

1768 5735 1967 5808 Lugd_.,
1993 5732 2268 5808 professio.

1850 5798 1882 5848 δ’
1900 5798 2309 5874 ϐοὰειἰ.ιιεά.,
2336 5815 2433 5854 suo
2459 5798 2632 5854 labore
2657 5801 2819 5870 possit
2843 5803 3028 5863 vivere.
