3944 6310
624 272 731 328 687

1639 260 1733 322 AD
1769 262 1999 324 OPERA
2040 262 2291 326 SANCTI
2331 267 2658 328 AMBROSII
2699 268 3066 338 APPENDIX.
3749 278 3817 338 688

615 394 833 460 potator
862 381 1150 440 inveniat?
1191 380 1282 437 Sic
1313 393 1447 452 ergo
1471 389 1528 436 et
1557 379 1805 438 clraritati
1840 391 2034 438 vestrae
2063 382 2216 452 inge-
2241 390 2290 450 Α
2321 387 2626 446 distrahere
2667 387 2868 444 debeat
2909 398 3074 460 atque
3125 387 3359 452 donare,
3416 388 3628 452 stultitia
3658 391 3716 446 illi
3749 409 3815 450 est.

614 495 734 534 rere
787 474 1053 532 Dominici
1103 474 1280 546 poculi
1335 472 1782 546 praedicationem
1837 475 1980 531 forte
2023 492 2216 546 super-

614 573 781 628 fluum
807 581 926 637 est;
981 585 1103 626 cum
1160 569 1214 625 id
1256 568 1438 625 anima
1472 578 1652 625 vestra
1683 571 1887 626 clausis
1915 571 2217 628 visceribus

613 684 722 722 non
778 677 886 720 tam
938 665 1189 721 sitienter
1241 662 1477 730 hauriat,
1513 663 1541 692 ⁸
1593 679 1754 734 quam
1805 663 2219 723 dissimulanter

613 759 876 820 eﬂ‘undat.
912 758 1111 814 Fundit
1155 758 1300 813 enim
1341 757 1654 816 mandatum
1690 759 1926 826 Domini,
1959 761 2048 831 qui
2079 760 2215 815 illud

611 868 744 912 aure
771 867 870 909 sua
897 850 1150 928 percipit,
1179 851 1346 908 corde
1382 867 1488 908 non
1525 851 1773 911 continet
1797 870 1812 924 ;
1842 853 1896 910 in
1925 852 2215 922 superlicie

609 949 754 1006 enim
788 946 1020 1018 quadam
1051 946 1300 1016 corporis
1341 946 1474 1002 illud
1513 957 1754 1018 gestans,
1788 962 1852 1004 ac
1884 948 2110 1005 minime
2139 948 2208 1004 ad

607 1040 869 1108 interiora
911 1040 1288 1094 transmittens
1319 1039 1460 1108 quod
1490 1038 1722 1107 audivit,
1769 1038 1899 1096 dum
1939 1039 2219 1098 oblivisci-

609 1144 717 1202 tur,
749 1133 951 1191 seriem
1000 1133 1407 1204 praidicationis
1438 1132 1690 1201 ellundit,
1721 1143 1776 1190 et
1829 1135 1901 1192 ita
1933 1133 1959 1172 ι)
1992 1134 2214 1190 domum

610 1241 818 1284 vacuus
848 1225 1097 1297 repedat,
1134 1225 1224 1296 qui
1253 1224 1320 1282 de
1348 1225 1597 1284 Ecclesia
1619 1236 1847 1282 onustus
1875 1229 2105 1282 exierat.

683 1318 738 1376 2.
772 1318 952 1374 Dicite
998 1318 1143 1374 enim
1187 1317 1355 1383 mihi,
1395 1321 1516 1389 quis
1538 1318 1606 1374 de
1638 1318 1794 1374 vobis
1825 1335 1948 1375 cum
1976 1320 2042 1376 ad
2083 1319 2215 1378 hos-

604 1410 802 1484 pitiurn
827 1409 1080 1478 redierit,
1118 1410 1305 1465 dicet:
1339 1409 1514 1466 flodie
1557 1410 1866 1468 audivimus
1898 1413 2215 1484 episcopum

607 1504 678 1561 de
699 1504 1066 1576 eleemosynis
1087 1503 1479 1576 disputantem,
1515 1521 1632 1561 rem
1654 1507 1840 1562 utilem
1874 1507 2215 1578 praedicavit,

606 1599 874 1671 debemus
896 1599 1223 1670 pauperibus
1255 1599 1542 1654 misereri?
1567 1600 1900 1656 Prosecutus
1928 1601 2092 1658 etiam
2133 1612 2220 1658 est

604 1689 678 1752 de
732 1691 1002 1748 idolorum
1054 1693 1394 1748 exsecranda
1439 1693 1698 1759 cultura,
1749 1697 2092 1765 requiramus
2145 1711 2214 1752 ne

2321 481 2471 537 lianc
2497 482 2642 538 enim
2674 481 3118 554 prmdieatiouern
3147 481 3434 546 ridiculam
3457 489 3616 552 putat,
3642 483 3752 540 sicut
3773 487 3819 542 ait

2320 573 2616 645 Apostolus
2652 592 2666 627 :
2710 574 2967 630 Animalis
3007 583 3183 628 autem
3229 575 3383 628 homo
3415 591 3514 636 non
3556 577 3731 656 percipit
3750 597 3822 644 gruit

2319 678 2439 721 sunt
2470 667 2686 735 spiritus
2719 665 2818 722 Dei
2838 684 2857 734 ;
2885 667 3104 722 stultitia
3130 667 3264 724 enim
3288 676 3364 720 est
3391 667 3468 730 illi
3486 666 3526 738 (l
3553 664 3660 724 Cor.
3680 685 3725 736 ll,
3748 671 3820 744 ll}.

2319 759 2448 818 Tale
2497 761 2644 816 enim
2693 769 2779 816 est
2825 760 2891 816 iis
2938 761 3238 831 praedicare
3268 760 3414 832 quod
3449 761 3713 830 perfectum
3743 774 3820 831 Cal,

2318 853 2479 926 quale
2501 855 2544 911 si
2588 854 2898 914 mendicum
2941 855 3136 924 patinis
3159 854 3403 916 obsitum
3437 840 3706 920 lioloserica
3735 857 3823 914 velis

2320 945 2568 1012 induere,
2599 955 2654 1004 et
2676 947 3011 1004 esurientem
3043 946 3308 1011 rusticum
3336 946 3584 1017 placenta
3610 946 3823 1016 delectare;

2321 1053 2551 1094 necesse
2591 1048 2675 1096 est
2703 1040 2849 1094 enim
2875 1047 2930 1094 ut
2952 1039 3020 1093 ab
3043 1049 3274 1110 utroque
3307 1047 3642 1106 recusaretur
3665 1040 3817 1096 oblatio.
3892 1071 3893 1074 η

2321 1130 2399 1188 Illi
2424 1134 2567 1188 enim
2619 1132 2873 1203 displicet
2921 1131 3251 1200 lioloserica,
3285 1132 3378 1206 qui
3410 1130 3690 1200 necessaria
3714 1135 3824 1203 magis
3892 1143 3893 1152 ‘

2317 1225 2503 1296 frigori
2536 1226 2862 1283 vestimenta
2913 1225 3196 1286 desiderat
3226 1243 3238 1278 :
3275 1225 3404 1279 huic
3438 1227 3711 1296 placentum
3733 1242 3825 1280 ama.

2316 1336 2458 1388 rum,
2509 1320 2638 1375 dum
2679 1336 2860 1376 escam
2912 1322 3084 1390 magis
3127 1319 3438 1386 saturitatis
3487 1319 3710 1391 exquirit.
3752 1321 3825 1375 luis

2316 1428 2447 1482 ergo
2477 1411 2731 1483 personis
2756 1413 3051 1474 auferenda
3081 1413 3263 1482 porius
3291 1422 3442 1479 sunt,
3472 1427 3586 1482 qua:
3620 1427 3700 1466 sua
3735 1424 3824 1474 sunt.

2316 1505 2460 1562 sicut
2492 1506 2570 1562 ait
2598 1505 2957 1576 Evangeliutn
2992 1523 3004 1558 :
3034 1503 3210 1558 Etiam
3239 1505 3294 1559 id
3319 1506 3463 1576 quod
3501 1504 3653 1572 habet,
3694 1511 3827 1575 aufere-

2321 1605 2403 1652 tur
2428 1595 2489 1650 ab
2529 1613 2590 1653 eo
2613 1615 2632 1664 ;
2664 1597 2768 1653 hoc
2795 1608 2904 1664 est,
2934 1596 3216 1670 cogendus
3241 1599 3547 1654 fornicator
3574 1613 3826 1667 pannossas

2318 1689 2692 1759 corruptionis
2732 1689 2996 1761 abjicere,
3030 1689 3452 1762 corupellendus
3499 1705 3672 1746 avarus
3694 1701 3753 1761 est
3773 1706 3827 1762 pt-

604 1784 984 1858 ignorantibus
1015 1785 1173 1841 nobis
1199 1784 1249 1839 in
1284 1786 1640 1860 possessione
1665 1795 1853 1842 nostra
1883 1787 1958 1842 sit
1988 1787 2212 1844 idolum.
2247 1786 2296 1846 B
2323 1799 2446 1842 nem
2471 1799 2585 1839 suae
2615 1784 2936 1855 cupiditatis
2957 1800 3256 1856 exrsouere.

603 1878 910 1948 Admonuit
940 1879 1104 1934 etiam
1147 1879 1407 1935 festinare
1437 1879 1640 1936 debere
1665 1881 2119 1938 catechumenum
2145 1881 2212 1938 ad

603 1973 834 2044 gratiam
861 1971 1012 2038 ﬁdei,
1049 1970 1345 2027 oneramus
1372 1971 1654 2028 familiolm
1705 1984 1908 2029 nostra:
1954 1985 2011 2030 ut
2053 1975 2214 2032 [idem

608 2064 859 2136 quisquis
896 2074 982 2120 est
1026 2063 1223 2133 ﬁdelis,
1259 2064 1527 2135 accipiat;
1562 2081 1628 2120 uc
1661 2065 1804 2122 forte
1843 2068 1988 2122 ratio
2019 2068 2216 2125 salutis

608 2169 799 2210 eorum
833 2165 1110 2226 quatratur
1140 2171 1170 2210 a
1213 2156 1395 2221 nobis,
1427 2155 1553 2228 quia
1583 2157 1690 2212 vita
1713 2171 1902 2214 eorum
1934 2174 1998 2214 ex
2027 2168 2215 2215 nostro

605 2251 811 2322 pendet
849 2252 1099 2307 arbitrio.
1129 2250 1304 2306 Nemo
1333 2251 1400 2306 de
1443 2252 1535 2306 Dei
1567 2251 1733 2308 rebus
1775 2255 2003 2324 cogitat,
2051 2269 2212 2310 nemo

603 2345 674 2401 de
700 2344 790 2400 die
813 2343 1008 2416 judieii
1041 2343 1302 2414 loquitur,
1337 2347 1492 2416 quasi
1536 2355 1630 2402 aut
1659 2361 1754 2416 per
1783 2348 1963 2404 omnia
1993 2348 2213 2414 victuri,

606 2447 701 2495 aut
725 2453 821 2509 per
852 2439 1036 2494 omnia
1069 2437 1342 2493 morituri.
1376 2437 1502 2494 Mihi
1531 2437 1762 2506 credite,
1797 2439 1867 2494 ita
1901 2439 2134 2495 vivimus
2163 2441 2213 2494 in

603 2533 711 2590 hoc
741 2535 963 2600 smculo,
1000 2543 1058 2589 ut
1080 2548 1316 2604 corpore
1344 2534 1648 2589 moriamur
1682 2550 1694 2586 :
1731 2533 1802 2589 ita
1837 2534 2124 2598 morimur,
2159 2543 2216 2588 ut

599 2627 802 2685 rationi
826 2626 1120 2683 reddendae
1147 2626 1418 2682 vivamus.
1467 2626 1700 2682 Moritur
1747 2625 1969 2682 interim
2029 2624 2212 2694 homo,

603 2721 707 2778 sed
754 2729 976 2776 actuum
1028 2734 1194 2777 causa
1256 2735 1362 2774 non
1410 2719 1642 2774 moritur
1693 2736 1705 2771 :
1763 2720 1984 2774 vivente
2035 2730 2214 2773 autem

605 2832 794 2884 causa,
825 2830 1052 2870 necesse
1081 2825 1165 2871 est
1199 2823 1255 2870 ut
1287 2829 1469 2870 causa:
1497 2828 1612 2868 sua:
1643 2827 1879 2882 persona
1916 2827 2023 2868 non
2052 2811 2214 2876 desit,

595 2911 741 2969 sicut
769 2912 844 2966 ait
876 2910 1143 2981 propheta
1173 2927 1188 2963 :
1224 2907 1359 2962 Ecce
1381 2908 1555 2972 homo,
1591 2916 1638 2962 et
1669 2924 1828 2980 opera
1854 2908 1992 2978 ejus.

675 3007 729 3062 ὅ.
783 3005 1082 3060 Voluerarn
1137 3018 1270 3072 ergo
1319 3001 1649 3058 subtrahere
1699 3000 1853 3056 vobis
1905 2999 2214 3057 Dorninicm

606 3096 1017 3168 prtedicationis
1048 3095 1291 3166 eloquia,
1324 3111 1431 3151 non
1455 3094 1602 3166 quod
1632 3095 1803 3149 iratus
1831 3094 1934 3158 hoc
1959 3093 2216 3158 facerem,

604 3192 705 3248 sed
756 3202 814 3246 ut
875 3190 1266 3260 Evangelicam
1319 3191 1648 3245 seutentiaru
1706 3187 2068 3246 custodirem.
2129 3187 2290 3250 Αἱιο
2322 3184 2618 3242 eollustrat
2668 3203 2684 3240 :

606 3284 756 3342 enim
782 3283 1046 3340 Dominus
1077 3301 1090 3336 :
1126 3284 1229 3351 Qui
1261 3283 1430 3349 habet,
1465 3284 1675 3337 dabitur
1707 3285 1774 3350 ci,
1808 3296 1852 3338 et
1884 3282 2167 3338 abundabit
2198 3301 2216 3337 :

608 3387 657 3431 et
680 3378 767 3448 qui
788 3393 894 3432 non
926 3376 1100 3444 habet,
1131 3377 1186 3430 id
1207 3378 1346 3448 quod
1373 3378 1546 3444 habet,
1579 3381 1847 3449 auferetur
1876 3379 1938 3432 ab
1969 3395 2026 3432 eo
2058 3377 2214 3450 (Luc.

605 3489 725 3538 ιιι,
777 3470 893 3544 26).
948 3472 1182 3528 Habenti
1211 3487 1343 3544 ergo
1367 3472 1482 3528 dari
1509 3473 1706 3541 jussit;
1742 3483 1797 3530 et
1837 3491 1944 3530 non
1994 3473 2220 3531 trahenti

606 3581 716 3621 non
745 3565 921 3619 solum
955 3579 1063 3619 non
1091 3563 1233 3627 dari,
1277 3565 1371 3620 sed
1403 3570 1569 3620 etiarn
1625 3564 1677 3620 id
1718 3566 1864 3635 quod
1914 3567 2098 3630 habet,
2123 3583 2218 3622 au-

609 3658 762 3714 ferri.
810 3659 942 3727 Qum
992 3659 1268 3712 sententia
1299 3658 1576 3730 superﬂua
1602 3657 1756 3713 vobis
1801 3657 2032 3714 forsitan
2065 3659 2218 3714 vide-

608 3759 696 3808 tur
731 3770 744 3806 :
786 3766 886 3821 ego
917 3759 1098 3805 autem
1127 3750 1252 3805 dico
1286 3757 1434 3805 recte
1485 3765 1548 3804 ac
1595 3750 1871 3821 sapienter
1923 3749 2217 3806 Dominum

608 3846 962 3915 prtccepisse.
1021 3843 1254 3899 Habenti
1301 3858 1432 3912 ergo
1489 3843 1716 3915 iubetur
1775 3843 1912 3899 dari.
1981 3843 2220 3900 Meretur

601 3940 769 4012 plane
791 3940 1066 4008 accipere,
1099 3939 1191 4009 qui
1219 3938 1296 3994 ita
1329 3939 1628 4005 laboravit,
1666 3949 1724 3994 ut
1764 3941 1984 4011 propria
2015 3941 2222 3996 sollici-

603 4031 796 4087 tudine
830 4031 1025 4085 animae
1064 4047 1175 4085 sua:
1206 4031 1431 4087 divitias
1461 4031 1742 4102 Spiritales
1773 4033 2082 4103 acquireret
2115 4050 2128 4086 :
2163 4043 2220 4089 ut

608 4134 744 4196 puta
771 4122 893 4193 quis
917 4124 1274 4178 continentia:
1302 4124 1426 4178 torti
1459 4124 1744 4194 proposito
1773 4124 1941 4196 coepit
1965 4125 2223 4182 casuum-

612 4219 722 4274 niae
751 4217 1034 4273 custodire
1084 4217 1368 4282 virtutem,
1407 4228 1656 4274 meretur
1687 4218 1876 4273 audire
1908 4234 2028 4288 quae
2060 4221 2222 4274 casti-

611 4309 739 4366 tatis
762 4308 1132 4364 remuneratio
1159 4308 1231 4364 sit
1262 4308 1478 4376 futura;
1527 4321 1584 4364 ut
1616 4321 1638 4349 ο
1679 4310 1746 4364 ad
1779 4311 1998 4366 virtutis
2029 4312 2219 4366 obser-

609 4403 852 4456 vantiam
897 4401 1124 4460 audiens
1171 4404 1637 4460 remunerationis
1686 4404 1954 4476 gloriam,
2006 4404 2221 4463 facilius

612 4497 794 4568 possit
815 4512 1072 4568 pugnam,
1107 4513 1265 4567 quam
1313 4499 1502 4568 coepit,
1546 4509 1804 4556 atterere.
1840 4499 1995 4554 Alius
2021 4500 2088 4554 ad
2122 4501 2223 4555 mi~

2391 1877 2443 1932 5.
2473 1878 2682 1936 Vereor
2703 1889 2904 1946 autem,
2940 1877 3159 1947 fratres,
3187 1897 3253 1940 ne
3281 1878 3596 1952 evangelica
3625 1876 3749 1934 lectio
3765 1879 3827 1946 ple

2319 1969 2503 2038 risque
2553 1970 2621 2028 de
2676 1971 2831 2028 vobis
2870 1983 3175 2043 congruat,
3225 1988 3346 2042 qum
3410 1974 3487 2026 ait
3531 1992 3543 2025 :
3592 1970 3827 2027 Cantarirrrt

2317 2063 2483 2132 vobis,
2514 2074 2564 2120 et
2592 2081 2694 2120 non
2716 2067 2946 2124 saltastis
2979 2083 2996 2122 :
3027 2066 3450 2133 lanientarimus,
3479 2077 3525 2122 et
3555 2084 3644 2124 non
3667 2069 3826 2137 plureslit

2320 2153 2476 2226 (Luc.
2506 2171 2601 2220 vn,
2633 2156 2751 2227 5‘2).
2786 2155 3188 2218 Aununtiarnus
3219 2173 3352 2228 ergo
3413 2159 3566 2226 vobis
3611 2158 3731 2230 regni
3762 2173 3827 2214 (te

2320 2249 2476 2306 lestis
2529 2250 2832 2322 gaudium,
2895 2263 2946 2308 et
3005 2252 3232 2308 minime
3301 2252 3476 2310 corda
3535 2263 3688 2309 vestra
3737 2264 3826 2308 mou

2319 2344 2556 2418 quodam
2583 2345 2886 2406 alacritatis
2917 2346 3194 2404 exsultant
3225 2365 3239 2402 :
3271 2347 3627 2418 prmdicamus
3651 2349 3825 2417 tristcju-

2320 2436 2522 2509 dicium
2543 2479 2558 2504 ,
2590 2447 2644 2494 et
2690 2453 2886 2494 sensus
2917 2439 3085 2496 vestri
3115 2439 3184 2494 ad
3227 2442 3608 2511 paenitentiam
3645 2444 3688 2496 in
3720 2441 3826 2510 latq-

2322 2546 2437 2588 ntas
2465 2546 2570 2586 non
2622 2542 3024 2602 prorumpunt;
3060 2532 3412 2596 infidelitatis
3455 2535 3592 2601 enim
3619 2551 3750 2606 genus
3777 2544 3825 2588 est

2323 2621 2377 2677 in
2404 2622 2607 2682 divinis
2657 2627 2819 2684 rebus
2873 2640 2974 2682 nec
3018 2626 3261 2700 gaudere
3314 2629 3610 2700 prosperis,
3651 2644 3728 2684 nec
3748 2629 3825 2684 ﬂere

2321 2717 2635 2774 contrariis.
2667 2717 3029 2782 Saltationem
3061 2735 3192 2791 ergo
3222 2735 3250 2774 a
3276 2720 3440 2776 nobis
3480 2721 3680 2793 requirit
3712 2720 3826 2774 Dtlllil-

2323 2824 2445 2876 nus,
2469 2827 2576 2864 non
2607 2811 2793 2882 utique
2819 2813 3028 2872 sinuosi
3062 2814 3467 2878 Volubilitatem
3501 2811 3825 2885 corporisﬂscrl

2322 2903 2636 2964 extollentis
2665 2921 2725 2960 se
2753 2905 2879 2964 lidei
2911 2909 3279 2972 sanctitatem.
3310 2907 3468 2971 Sicut
3499 2908 3630 2964 enim
3656 2910 3724 2979 qui
3754 2923 3825 2960 cor-

2323 2997 2584 3066 poraliter
2609 2998 2795 3064 saltat,
2829 3014 2973 3063 nunc
3007 3014 3136 3056 aere
3162 3001 3544 3070 Suspenditqr,
3584 3014 3702 3054 nunc
3718 2998 3763 3054 arl
3781 2999 3826 3048 2!-

2324 3089 2460 3148 liora
2496 3091 2757 3163 iactatur,
2807 3109 2950 3156 nunc
3005 3095 3236 3162 alternis
3287 3095 3526 3154 saltibus
3564 3096 3665 3158 loca
3687 3094 3826 3148 diversa

2742 3187 2812 3246 ita
2862 3197 2914 3247 .et
2946 3186 3039 3259 qui
3084 3189 3414 3264 spiritaliter
3458 3191 3630 3254 saltat,
3667 3189 3826 3250 interre-

2323 3279 2509 3334 uiente
2535 3279 2665 3346 lide,
2697 3279 2858 3340 modo
2886 3280 2939 3336 in
2962 3281 3111 3345 aeris
3140 3281 3484 3342 sublimitate
3505 3279 3827 3352 erigiturmmlo

2321 3372 2390 3428 ad
2415 3372 2658 3432 siderum
2685 3374 2884 3436 altiora
2911 3375 3246 3442 sustollitnr,
3269 3375 3439 3440 modo
3467 3375 3677 3440 diversis
3693 3373 3827 3442 ergit:-

2325 3465 2528 3522 tionmn
2583 3465 2812 3524 saltibus
2866 3468 3212 3538 paradisum,
3259 3469 3574 3539 caelumque
3613 3466 3826 3531 collustral.

2325 3558 2394 3613 Et
2413 3560 2552 3616 sicut
2584 3560 2676 3630 qui
2701 3561 3066 3631 corporaliter
3088 3563 3272 3626 saltat,
3300 3558 3827 3630 volubilitatentrmlrt-

2324 3669 2442 3709 rum
2492 3669 2552 3708 se
2596 3669 2885 3722 exercens,
2915 3671 3108 3726 gyrum
3138 3655 3244 3718 sibi
3277 3657 3593 3722 saltationis
3634 3651 3825 3723 acquiri“

2325 3746 2397 3801 ita
2429 3754 2486 3810 et
2515 3748 2607 3817 qui
2639 3747 2959 3818 spiritaliter
2985 3749 3174 3814 saltat,
3209 3748 3336 3806 fidei
3367 3749 3642 3814 alacritate
3683 3756 3824 3814 scitir?!

2322 3853 2386 3900 se
2415 3855 2672 3909 movens,
2696 3856 2888 3912 gyrum
2917 3841 3018 3900 sibi
3052 3842 3218 3898 totius
3246 3843 3399 3900 orbis
3428 3843 3664 3910 assumit.

2397 3933 2450 3989 6.
2487 3933 2681 3992 Solent
2733 3944 2916 3998 autem
2972 3935 3241 4003 homines,
3295 3930 3829 4003 sicutniosestﬁrrsei‘.

2323 4027 2487 4096 votis,
2521 4027 2627 4082 hoc
2657 4038 2762 4095 est,
2796 4027 3018 4098 nuptiis.
3055 4031 3331 4100 praecipue
3353 4030 3558 4090 saltare
3587 4027 3662 4090 vel
3686 4035 3830 4081 caueri:

2327 4118 2470 4174 unde
2509 4127 2563 4174 et
2586 4136 2684 4174 nos
2710 4119 2972 4174 trahemus
3002 4120 3210 4174 votivas
3239 4120 3686 4192 nuptias,quibus
3705 4115 3830 4168 snit-rt

2324 4213 2409 4268 vel
2459 4229 2658 4270 canere
2701 4213 3022 4271 debeamus.
3067 4213 3204 4271 Vela
3249 4215 3397 4270 enim
3427 4223 3609 4278 nostra
3637 4209 3830 4266 celebrari-

2326 4315 2438 4376 tur,
2494 4309 2714 4380 quando
2765 4309 2985 4366 Christo
3038 4310 3288 4366 Ecclesia
3338 4310 3637 4381 copulatur,
3665 4306 3768 4359 sicut
3790 4301 3833 4348 ait

2325 4400 2565 4457 Joannes
2598 4420 2610 4456 :
2663 4403 2766 4471 Qui
2793 4405 2946 4465 habet
2972 4421 3234 4476 sponsam,
3273 4421 3494 4478 sponsus
3519 4411 3590 4468 est
3617 4398 3762 4468 (Joeu.
3783 4406 3829 4451 tu,

2325 4493 2440 4565 Q9).
2475 4497 2705 4570 Propter
2735 4499 2832 4554 has
2865 4514 2996 4570 ergo
3029 4501 3246 4570 nuptias
3271 4501 3473 4556 saltare
3497 4515 3596 4564 nos
3636 4491 3831 4554 ccut'rnil-

614 4591 976 4646 sericordiam
1011 4599 1297 4660 proruptus
1337 4589 1499 4646 debet
1539 4590 1726 4646 audire
1753 4592 1876 4661 quia
1910 4593 2012 4662 ipsi
2059 4593 2218 4648 mise-
2249 4591 2304 4652 D
2327 4588 2610 4660 Siquidem
2646 4591 2814 4650 David
2845 4609 2939 4648 rex
2964 4593 3169 4663 pariter
3203 4601 3260 4649 et
3282 4592 3572 4664 propheta,
3595 4606 3698 4646 cum
3724 4584 3830 4640 iuuit:

615 4682 832 4738 rebitur
884 4682 1050 4748 Deus,
1102 4693 1154 4737 et
1207 4683 1299 4753 qui
1351 4682 1490 4737 hanc
1533 4692 1804 4738 terrenam
1861 4683 2222 4740 substantiam

615 4773 933 4830 C(BICsllDUS
971 4772 1177 4831 divitiis
1202 4774 1537 4844 repettsahil,
1583 4789 1810 4830 necesse
1839 4784 1920 4832 est
1960 4773 2124 4848 447
2167 4786 2223 4832 ιιι

615 4871 934 4928 auscultans
990 4870 1422 4925 vicissitudinem
1467 4871 1769 4926 caelestium
1825 4875 2220 4942 prtrmiorum,

615 4963 926 5034 promptior
954 4976 1017 5016 ac
1047 4961 1303 5017 liberrtior
1335 4977 1478 5032 opus
1504 4963 1721 5018 Domini
1753 4974 2144 5034 prosequatur,
2171 4973 2228 5020 et

614 5057 684 5113 ad
714 5056 1106 5112 misericordiae
1128 5056 1272 5126 quod
1304 5055 1468 5112 habet
1501 5057 1728 5121 bonum,
1763 5057 2029 5127 largitatis
2059 5057 2225 5114 addat

617 5163 989 5224 augmentum.
1037 5150 1166 5206 Ideo
1191 5153 1270 5205 ait
1319 5151 1580 5206 Dominus
1612 5170 1624 5205 :
1661 5151 1761 5214 Qui
1804 5150 1977 5215 habet,
2019 5152 2224 5206 dabitur

615 5245 681 5310 ei,
734 5244 837 5299 hoc
891 5253 995 5310 cst,
1048 5243 1144 5314 qui
1196 5242 1348 5298 dives
1397 5242 1563 5298 fuerit
1604 5243 1760 5298 bonis
1803 5245 2080 5314 operibus,
2137 5245 2226 5300 hic

625 5340 795 5410 magis
825 5338 1139 5410 evangelica
1175 5336 1570 5406 praedicatione
1599 5336 1825 5394 ditetur.

689 5433 744 5488 4.
777 5433 1047 5488 Caeterum
1079 5431 1125 5486 si
1157 5431 1480 5488 fornicatori
1510 5431 1800 5502 prmdices,
1825 5442 1881 5488 et
1906 5433 2054 5489 dicas
2077 5434 2220 5504 quod

618 5524 770 5596 virgo
817 5527 1012 5583 debeat
1055 5543 1415 5598 permanere;
1450 5537 1505 5583 et
1548 5543 1715 5584 avaro
1744 5529 1891 5599 quod
1919 5530 2097 5586 omnia
2121 5545 2220 5586 sua

697 5692 720 5720 λ
745 5683 819 5738 Ita
853 5681 975 5737 cod.
1002 5681 1173 5752 Lngrl.
1201 5693 1253 5738 et
1284 5681 1713 5748 Valliscl.;edit.
1746 5696 1897 5751 vero,
1931 5699 2080 5752 quam
2113 5684 2222 5738 riis—

619 5755 926 5810 simulantcr
955 5755 1220 5818 infundat.
1255 5754 1372 5810 Non
1405 5764 1575 5812 recte.

679 5825 706 5865 ι’
731 5825 904 5896 Lugd.
929 5823 1122 5892 codex,
1152 5824 1359 5880 domum
1380 5840 1571 5881 uacuus
1592 5833 1807 5897 repetat.
1824 5822 2067 5894 'Etinfra,
2089 5826 2203 5897 quis

2326 4685 2591 4740 cecinerit
2621 4727 2635 4751 ,
2692 4695 2817 4742 ante
2864 4702 3050 4744 arcam
3096 4687 3429 4745 Testamenti
3483 4689 3637 4743 etiarn
3679 4681 3832 4736 saltasse

2327 4776 2527 4836 dicitur
2557 4777 2640 4848 (ll
2669 4779 2794 4851 Reg.
2823 4795 2896 4846 VI,
2931 4780 3054 4851 M);
3086 4780 3264 4846 elatus
3307 4781 3447 4838 enim
3481 4778 3683 4850 gaudio.
3709 4773 3746 4828 iu
3768 4767 3830 4823 scl-

2329 4872 2594 4926 tationem
2649 4874 2995 4942 prorumpit:
3052 4873 3384 4944 prtevidebat
3435 4872 3582 4930 enim
3630 4871 3674 4924 in
3706 4861 3830 4935 spiritu

2326 4961 2548 5017 Mariam
2581 4963 2650 5019 de
2677 4966 2927 5036 germine
2953 4981 3054 5021 suo
3077 4965 3280 5024 Christi
3311 4969 3545 5022 thalamo
3575 4956 3828 5018 soci-audam.

2328 5056 2483 5113 Unde
2528 5057 2604 5112 ait
2651 5058 2817 5127 ipsc:
2867 5059 2934 5114 Et
2977 5061 3088 5130 ipse
3112 5070 3372 5132 tamquam
3403 5075 3613 5130 sponsus
3631 5050 3828 5126 procedits

2329 5151 2391 5205 de
2414 5150 2643 5204 thalamo
2663 5168 2757 5206 suo
2777 5151 2949 5222 (Psal.
2984 5169 3133 5218 xviii,
3154 5153 3234 5224 6).
3267 5153 3395 5210 Ideo
3418 5152 3533 5222 ipse
3561 5165 3665 5222 pra:
3685 5140 3826 5202 meris

2327 5243 2733 5314 prOpIietiaruru
2765 5247 3083 5302 auctoribus
3112 5246 3234 5316 plus
3273 5244 3546 5311 cantavit;
3575 5243 3684 5314 quia
3714 5236 3826 5292 latim

2326 5341 2542 5400 cunctis
2569 5356 2670 5411 per
2701 5339 2817 5396 hanc
2849 5339 3044 5410 gaudia
3091 5353 3220 5405 suos
3259 5351 3504 5410 posteros
3537 5329 3824 5405 conjugabat:

2325 5443 2380 5489 et
2404 5433 2471 5492 ad
2503 5433 2724 5504 prOpria
2752 5441 2880 5490 vota
2905 5432 3069 5492 solito
3093 5431 3306 5492 dulcius
3331 5429 3579 5494 invitans,
3600 5422 3747 5481 docuit
3766 5428 3824 5472 nos

2327 5526 2455 5599 quid
2505 5526 2557 5580 in
2617 5525 2750 5596 ipsis
2805 5526 3012 5594 nuptiis
3061 5523 3241 5580 facere
3291 5523 3622 5586 deberemus,
3654 5507 3822 5571 cumilk

2337 5679 2401 5736 de
2421 5679 2600 5747 vestris
2628 5695 2764 5744 cum,
2799 5686 2905 5734 etc.
3568 5747 3573 5748 ί
3716 5739 3749 5748 ,,

2404 5763 2430 5791 ο
2459 5739 2643 5806 Cddex
2683 5739 2952 5814 valliscl.,
2973 5751 3043 5804 ad
3067 5750 3269 5822 uirtutis
3299 5747 3646 5822 obseruantiam
3671 5739 3814 5822 ςᾷτὶίίιξ·

2388 5825 2413 5862 ιι
2450 5822 2689 5878 \‘alliscl.
2709 5821 2806 5878 cod
2819 5862 2828 5874 .
2843 5863 2855 5888 ,
2873 5822 2960 5878 sed
2977 5821 3406 5878 extollentissima:
3421 5818 3542 5892 ﬁdei
3561 5818 3813 5880 sanctittt'wh
