3944 6310
73 317 163 374 689

856 309 1220 370 SERMONES
1257 313 1314 370 S.
1361 305 1716 372 AMBROSIU
1759 311 2128 376 HACTENUS
2167 317 2460 378 ASCRiPT
2467 323 2505 377 ι.

3231 323 3334 381 690

69 446 180 491 ante
237 431 446 500 nuptias
511 439 653 484 tanta
703 429 1067 484 exsultatione
1118 431 1419 485 saltaverit.
1481 429 1622 486 Ante
1655 436 1702 492 Α
1729 445 1827 487 vos
1883 434 2155 491 voluntas.
2200 433 2436 492 Nescitis
2491 438 2613 508 quia
2663 438 2763 493 etsi
2814 449 2914 509 ego
2971 435 3039 493 ab
3086 435 3334 496 Ecclesia

67 547 226 589 arcam
269 542 394 600 ergo
433 528 652 583 saltavit
682 526 945 598 propheta
990 525 1200 582 David:
1231 543 1410 582 arcam
1443 535 1623 582 autem

68 624 198 698 quid,
248 623 348 678 nisi
399 631 638 678 sanctam
701 621 923 677 Mariam
965 620 1624 693 dixerimus?Siquidem

67 734 172 775 arca
238 717 557 771 intrinstcns
633 716 893 785 portabat
957 714 1291 770 Testamenti
1359 713 1626 782 tabulas,

69 809 211 866 Maria
248 813 420 862 autem
463 807 636 876 ipsius
658 806 996 862 'i‘estamenti
1029 805 1278 876 gestabat
1303 806 1577 861 ita-redem
1611 824 1625 861 :

64 903 141 957 illa
171 902 302 955 intra
333 909 504 953 semet
536 899 755 969 Legem,
789 898 906 954 inec
940 899 1293 969 Evangeiium
1319 899 1624 966 retinebat;

64 997 140 1052 ilia
166 995 254 1051 Dei
278 1007 457 1048 vocem
499 993 759 1061 habebat,
793 994 912 1049 haec
941 993 1198 1047 Verbum.
1235 991 1627 1049 Verumtamen

64 1103 170 1143 arca
223 1089 361 1141 intus
406 1085 648 1156 forisque
704 1087 820 1142 auri
879 1088 1060 1141 nitore
1113 1085 1381 1150 radiabat,
1436 1085 1531 1141 sed
1575 1095 1632 1140 et

63 1191 226 1234 sancta
271 1179 433 1233 Maria
494 1179 643 1233 intus
695 1177 934 1250 forisque
974 1178 1304 1248 virginitatis
1337 1178 1629 1248 splendore

64 1269 278 1340 fulgebat
309 1287 321 1323 :
351 1267 440 1324 illa
469 1281 690 1324 terreno
722 1269 1022 1326 ornabatur
1051 1285 1208 1340 auro,
1243 1271 1345 1325 ista
1387 1271 1626 1327 cmiesti.

479 1361 647 1436 448
701 1362 938 1418 senato
992 1362 1175 1418 xutt.

63 1454 337 1525 increpatio
389 1453 455 1509 ad
514 1456 773 1526 populum
833 1456 978 1527 quod
1025 1456 1325 1512 Ecclesium
1366 1471 1476 1512 non
1521 1456 1631 1512 fre—

708 1560 960 1619 quentet.

62 1639 219 1710 Magni
246 1641 337 1694 uiri
364 1639 498 1695 hunc
527 1656 813 1696 sermonem
843 1641 1102 1696 Ambrosii
1128 1659 1236 1697 esse
1256 1641 1628 1711 existimantes,

119 1734 398 1798 concilium,
433 1738 581 1808 cujus
613 1737 664 1789 in
688 1751 746 1790 eo
769 1739 958 1791 mentio
987 1747 1174 1805 exstat,
1200 1753 1302 1791 non
1334 1739 1432 1792 nisi
1474 1735 1634 1809 Aqui-

1731 526 1921 580 desum
1948 570 1962 594 ,
1989 526 2247 584 Christus
2296 529 2364 584 ab
2412 529 2655 587 Ecclesia
2690 549 2783 587 sua
2811 576 2825 596 ,
2858 531 2947 600 qui
2990 536 3071 588 est
3096 529 3332 604 ubique,

1733 634 1838 675 non
1864 617 2063 675 deest?
2088 617 2287 685 Venis,
2313 621 2504 690 frater,
2538 625 2601 680 ad
2629 621 2956 691 Eeclesiam,
2988 643 3094 680 non
3119 627 3333 683 invenis

1733 713 1805 767 ibi
1853 715 2172 785 episcopum
2214 733 2226 769 :
2277 717 2372 771 sed
2418 717 2462 770 si
2501 717 2736 773 fideliter
2759 721 2932 786 venis,
2977 720 3224 776 invenies
3264 719 3336 778 ibi

1731 807 2107 877 episcoporum
2129 809 2444 879 epiSCOpum
2469 809 2823 866 Saivatorem.
2851 807 2982 868 Nam
3007 813 3333 869 christianos

1729 902 1822 971 qui
1876 911 2002 957 tunc
2053 911 2260 957 tantum
2318 901 2563 974 procedit
2616 907 2682 960 ad
2732 901 3080 975 Ecclesiam,
3115 907 3332 981 quando

1732 996 2023 1066 episcopus
2054 1011 2299 1067 praesens
2334 1009 2447 1060 est,
2490 1013 2597 1054 non
2642 1009 2750 1054 tam
2795 995 2889 1057 Dei
2927 1017 3088 1058 causa
3121 1005 3333 1060 videtur

1733 1091 2089 1157 processisse,
2137 1106 2296 1160 quam
2331 1090 2602 1146 hominis:
2637 1109 2735 1147 nec
2763 1093 3019 1164 implesse
3050 1094 3334 1153 christiani

1734 1180 1975 1235 timentis
1998 1181 2262 1248 officiunt,
2283 1181 2376 1238 sed
2410 1184 2570 1239 amici
2594 1183 2897 1242 deferentis
2920 1187 3262 1260 obsequium.

1803 1267 1857 1325 4.
1892 1273 2029 1341 Quid
2080 1283 2261 1331 autem
2307 1291 2408 1346 ego
2452 1289 2549 1331 vos
2587 1292 2778 1348 arguo,
2813 1295 2935 1333 cum
2981 1283 3202 1350 possitis
3250 1299 3338 1338 me

1735 1380 1840 1418 uno
1871 1379 2125 1421 sermone
2148 1368 2476 1423 convincere
2503 1368 2576 1439 (q.
2608 1379 2673 1433 ι.,
2707 1379 2750 1423 c.
2773 1368 2911 1436 Quid
2937 1366 3169 1442 autem)?
3191 1375 3340 1429 Con-

1733 1460 1924 1514 vincor
1952 1461 2096 1514 enim
2127 1476 2249 1516 cum
2280 1462 2333 1515 in
2369 1461 2468 1516 hac
2500 1471 2656 1532 parte
2693 1461 2931 1519 clericos
2963 1464 3118 1520 vobis
3167 1465 3340 1537 magis

1735 1551 1895 1607 video
1929 1552 2285 1624 negligentes.
2313 1553 2600 1620 Quomodo
2629 1556 2773 1610 enim
2810 1569 3032 1626 possum
3062 1559 3342 1630 corrigere

1735 1643 1896 1710 filios,
1931 1659 2052 1699 cum
2085 1644 2278 1701 fratres
2301 1646 2600 1703 emendare
2650 1663 2756 1702 non
2788 1649 3042 1720 possim?
3090 1662 3183 1706 aut
3231 1666 3338 1720 qua

1737 1736 1930 1794 fiducia
1960 1753 2314 1798 succenseam
2351 1741 2523 1804 laicis.
2550 1755 2671 1798 cum
2697 1755 2724 1796 a
2747 1743 3093 1800 consortibus
3117 1747 3344 1816 pudoris

121 1827 291 1880 leicnse
321 1828 518 1898 opinati
559 1837 698 1883 sunt.
734 1825 843 1883 Sed
876 1838 930 1882 ut
961 1830 1133 1898 potius
1179 1829 1242 1884 de
1267 1829 1364 1884 hoc
1392 1846 1543 1899 quam
1569 1829 1632 1884 de
1659 1833 1708 1894 B
1740 1832 2059 1886 verecundia
2119 1834 2522 1890 conticescam?
2581 1833 2696 1906 Ego
2741 1847 2948 1906 autem,
2981 1837 3200 1907 fratres,
3232 1856 3340 1894 non

118 1921 211 1974 alio
223 1924 301 1992 agi
324 1921 583 1987 credatur,
605 1921 737 1976 nihii
761 1923 1005 1976 occurrit.
1033 1922 1184 1988 Quod
1209 1934 1377 1978 autem
1401 1923 1630 1978 eumdem

120 2031 387 2069 sermonem
411 2031 504 2085 pro
529 2015 868 2069 Ambrosiano
891 2015 974 2070 illi
1001 2015 1311 2085 habuerunt,
1339 2018 1493 2086 ﬁdem
1521 2017 1632 2070 edi-

118 2109 297 2162 tionum
315 2107 411 2162 hac
433 2110 484 2162 in
507 2125 562 2163 re
579 2111 738 2164 secuti
761 2119 897 2164 sunt.
924 2106 1178 2164 Caeterum
1200 2116 1256 2164 ut
1277 2123 1377 2164 non
1396 2111 1629 2165 dicamus

117 2203 251 2256 illum
269 2203 488 2256 inveniri
508 2202 560 2255 in
582 2201 741 2272 antiq.
768 2201 883 2258 cod.
903 2199 1207 2272 Gall.cujus
1234 2215 1490 2256 sermones
1518 2217 1626 2255 om-

117 2314 193 2353 nes
217 2298 506 2352 tribuuntur
530 2297 832 2369 Augustino,
851 2298 980 2352 nihil
997 2299 1042 2352 ei
1065 2311 1221 2369 neque
1241 2300 1296 2353 in
1320 2299 1452 2369 style
1471 2311 1632 2370 neque

116 2393 162 2447 in
189 2405 486 2465 argumento
508 2395 658 2459 inest,
684 2395 823 2464 quod
849 2393 1117 2448 Ambrosio
1148 2399 1323 2448 noser
1341 2395 1626 2448 conveniat.

118 2487 163 2541 i.
193 2486 478 2552 Deberem,
509 2485 728 2552 fratres,
759 2493 883 2555 post
913 2485 1014 2540 hos
1044 2485 1357 2554 complures
1388 2485 1506 2539 dies
1533 2484 1632 2540 ali-

61 2579 171 2650 quid
209 2580 427 2636 uberius
477 2579 808 2650 praedicare,
850 2589 902 2635 et
950 2589 1283 2635 revertensa
1322 2585 1472 2634 tanto
1504 2595 1633 2634 exa-

61 2674 186 2728 mine
206 2674 571 2740 sacerdotum,
615 2671 763 2728 dulci
791 2687 890 2728 vos
919 2687 1174 2728 sermone
1204 2671 1456 2728 reficere.
1485 2673 1632 2727 Bene

57 2766 152 2820 disi
179 2767 425 2824 examine
454 2766 798 2823 sacerdotum
847 2786 860 2823 :
902 2767 1027 2837 quia
1056 2769 1196 2822 sicut
1225 2781 1355 2839 apes
1398 2766 1466 2823 de
1497 2764 1634 2823 divi—

57 2875 224 2916 narum
263 2861 670 2931 Scripturarum
719 2859 962 2916 flosculis
1019 2859 1201 2916 suavia
1258 2860 1417 2916 mella
1460 2861 1632 2915 confi-

60 2955 277 3022 ciunt,et
301 2955 564 3028 quidquid
584 2955 652 3012 ad
679 2953 1002 3012 medicinam
1026 2956 1264 3028 pertinet
1295 2957 1627 3022 animarum,

56 3051 149 3104 oris
173 3051 252 3106 sui
279 3063 395 3106 arte
423 3060 776 3122 componunt.
813 3048 978 3105 Recte
1004 3059 1395 3119 comparantur
1437 3049 1630 3120 apibus

57 3143 385 3209 sacerdotes;
416 3143 538 3214 quia
562 3145 705 3198 sicut
728 3157 855 3212 apes
875 3141 1178 3198 castitatem
1205 3142 1454 3212 corporis
1486 3157 1629 3211 prte-

56 3232 232 3298 ferunt,
259 3235 445 3291 cibum
476 3236 602 3290 vitte
627 3236 868 3291 caelestis
894 3235 1176 3298 exhibent,
1207 3234 1457 3289 aculeum
1496 3235 1627 3305 legis
1657 3227 1702 3292 C

56 3339 331 3396 exercent;
365 3332 487 3402 puri
514 3330 657 3385 enim
697 3329 763 3384 ad
791 3328 1305 3395 sanetiiicationem,
1337 3339 1534 3384 suaves
1564 3325 1630 3382 ad

57 3420 409 3489 refectionem,
437 3425 616 3478 severi
648 3432 776 3478 sunt
825 3421 890 3476 ad
919 3422 1204 3478 ultionem.
1240 3419 1446 3493 Apibus
1471 3421 1632 3491 plane

55 3523 165 3568 sunt
200 3515 577 3586 comparandi,
610 3517 700 3586 qui
734 3513 889 3570 velut
917 3515 1157 3570 aiveario
1199 3514 1431 3585 quodam
1459 3513 1630 3584 gratia

58 3609 228 3664 matris
284 3607 553 3665 Ecclesia:
601 3607 976 3676 continentur,
1032 3608 1084 3663 in
1141 3621 1245 3678 qua
1291 3603 1632 3661 diversorum

56 3704 348 3759 meritorum
373 3703 602 3759 cellulas
625 3703 960 3758 dulcissimis
986 3701 1460 3772 praedicationibus
1487 3709 1635 3754 com-

57 3806 320 3864 ponentes,
352 3797 425 3853 de
456 3813 565 3852 uno
592 3797 900 3854 Salvatoris
924 3793 1180 3853 examine
1204 3793 1633 3851 cbristlanorum

56 3889 282 3944 examina
316 3889 488 3946 multa
521 3889 849 3960 producunt.

115 3982 164 4037 2.
191 3983 322 4041 Cum
367 3999 612 4057 semper,
661 3986 878 4051 fratres,
915 3999 1020 4040 non
1053 3981 1383 4040 cessaverim
1417 3993 1513 4038 vos
1535 3997 1633 4052 pa-

58 4086 188 4132 terna
241 4083 449 4150 pietate
502 4080 810 4148 corripere,
869 4079 1044 4134 miror
1094 4075 1228 4132 nihil
1266 4093 1364 4133 vos
1392 4084 1471 4131 tot
1502 4074 1638 4130 meis

56 4171 558 4230 commonitionibns
581 4172 906 4244 profecisse,
931 4181 984 4227 et
1010 4171 1170 4227 doleo
1201 4171 1343 4238 quod
1379 4169 1638 4239 frequens

57 4265 354 4332 pradicatio
386 4283 507 4324 mea
533 4282 643 4323 non
675 4282 773 4321 vos
798 4267 1042 4337 profectu
1075 4266 1256 4336 aliquo
1289 4265 1482 4320 salutis
1516 4277 1638 4320 cor-

55 4359 202 4427 rigat,
229 4363 323 4417 sed
357 4360 594 4432 quadam
625 4360 1041 4416 contestatinnis
1074 4373 1230 4430 poena
1278 4357 1636 4428 constringat.

59 4449 370 4509 Praedicatio
413 4455 559 4510 enim
604 4455 909 4509 sacerdotis
940 4449 992 4508 in
1040 4452 1199 4523 plebe
1245 4450 1518 4506 salsandis
1556 4457 1640 4505 est

56 4546 327 4610 correctio,
384 4558 441 4603 et
493 4547 820 4602 contestatio
861 4541 1219 4615 judicandis;
1266 4553 1641 4599 conteStamur

57 4637 186 4690 enim
216 4639 322 4694 illis
363 4649 491 4694 ante
519 4639 808 4708 judicium,
835 4635 977 4708 quod
1007 4635 1128 4693 illos
1160 4637 1378 4692 maneat
1425 4635 1478 4692 in
1523 4637 1641 4706 ipso
1666 4629 1720 4689 D
1749 4647 2059 4691 rumrorem.
2110 4631 2202 4689 Ait
2238 4639 2459 4687 sanctus
2489 4626 2783 4698 Apostolus
2837 4641 2850 4681 ε

54 4725 274 4798 judicio;
330 4741 392 4787 ut
434 4741 562 4788 tunc
608 4731 759 4787 omni
793 4726 1150 4786 excusatione
1171 4730 1445 4796 submota,
1480 4738 1534 4784 et
1565 4731 1642 4783 rei

57 4819 156 4875 sint
189 4823 256 4880 de
294 4827 554 4895 peccatis,
586 4835 636 4880 et
669 4821 890 4878 obnoxii
930 4821 996 4878 de
1022 4831 1359 4894 contemptu.
1408 4819 1561 4878 Unde
1592 4826 1647 4876 el.

57 4927 148 4982 ego
171 4916 441 4972 interdum
474 4930 704 4989 parcens
735 4916 888 4974 Vobis
922 4926 1102 4972 tacere
1135 4915 1294 4970 velint
1328 4931 1340 4969 :
1375 4915 1472 4971 sed
1501 4915 1644 4970 malo

59 5021 146 5063 vos
174 5015 532 5068 contumacia:
555 5025 748 5069 causas
780 5009 1030 5077 reddere,
1057 5025 1220 5081 quam
1251 5023 1340 5064 me
1365 5007 1644 5079 negligen-

61 5099 140 5155 tiae
170 5105 751 5174 sustinerejudicium.

122 5195 169 5248 5.
225 5195 478 5266 Comperi
522 5195 701 5259 enim,
738 5195 968 5261 fratres,
1016 5193 1161 5266 quod
1207 5205 1302 5264 per
1338 5187 1642 5248 absentiam

61 5299 221 5340 meam
275 5289 346 5342 ita
398 5289 508 5343 rari
568 5287 772 5359 quique
808 5288 875 5342 ad
920 5283 1222 5342 Ecclesium
1255 5285 1489 5341 veniatis
1516 5327 1529 5350 ,
1571 5284 1646 5340 ita

61 5379 204 5446 pauci
234 5380 528 5436 admodum
565 5380 896 5451 procedatis,
930 5379 1085 5451 quasi
1125 5389 1210 5434 me
1239 5379 1648 5448 proficiSCente,

62 5486 259 5528 mecum
318 5477 525 5544 pariter
564 5474 858 5541 veneritis,
911 5481 968 5529 et
1011 5469 1164 5544 quasi
1196 5485 1319 5528 cum
1347 5471 1650 5527 necessita-

63 5564 194 5619 tibus
220 5583 318 5639 ego
345 5567 660 5639 pertrahor,
693 5581 789 5622 vos
816 5581 1030 5629 meeum
1060 5559 1288 5621 traxerit
1316 5569 1428 5638 ipsa
1465 5581 1655 5621 neces-

63 5656 206 5711 sitas.
255 5657 470 5714 Pariter
499 5674 629 5730 ergo
659 5675 685 5713 a
717 5657 883 5714 domo
917 5657 1013 5714 Dei
1036 5657 1294 5714 absentes
1317 5671 1528 5724 sumus,
1559 5657 1654 5714 sed

65 5747 157 5804 hoc
182 5749 414 5807 interest
439 5794 453 5820 ,
486 5753 627 5823 quod
655 5768 742 5808 me
783 5754 1063 5807 absentem
1098 5753 1399 5808 necessitas
1442 5748 1652 5818 efficit,

1736 1924 1804 1978 de
1833 1923 2088 1980 omnibus
2124 1927 2340 1996 iOquor.
2375 1927 2515 1984 Sunt
2541 1939 2692 1984 certe
2722 1930 2941 2000 quidam
2979 1929 3191 1998 devoti,
3216 1929 3346 1988 sunt

1735 2024 1789 2071 et
1815 2017 1907 2071 alii
1936 2019 2308 2088 negligentes:
2341 2036 2443 2092 ego
2471 2023 2742 2078 neminem
2779 2023 3024 2093 nomino,
3056 2025 3347 2083 conscien-

1738 2109 1808 2163 tia
1848 2123 1942 2164 sua
1974 2125 2414 2183 unumquemque
2445 2115 2755 2171 Conveniat.

2297 2201 2533 2263 SERMO
2571 2199 2762 2263 XLIV.

1914 2293 2045 2354 Post
2067 2299 2499 2369 increpationem
2533 2301 2754 2358 aiiectio
2781 2304 2847 2359 ad
2878 2303 3158 2377 populum.

1691 2427 1701 2435 -
1738 2387 1974 2444 [labetur
1997 2391 2081 2445 hic
2125 2407 2291 2447 sermo
2340 2393 2434 2448 sub
2473 2395 2568 2448 hac
2599 2395 2932 2469 inscriptione
2958 2399 3011 2453 in
3036 2416 3160 2455 mss.
3194 2396 3339 2458 Gall.

1807 2494 1956 2554 atque
1999 2481 2196 2556 Lugd.;
2218 2487 2270 2540 in
2302 2495 2398 2542 vet.
2428 2498 2598 2542 autent
2617 2490 2744 2544 edit.
2772 2507 2867 2562 pro
2891 2491 3110 2547 affectio
3130 2491 3340 2566 ponitur

1807 2575 2110 2633 consolatio
2142 2595 2155 2633 :
2181 2589 2232 2633 at
2255 2581 2412 2636 Rom.
2432 2581 2561 2634 edit.
2587 2577 2796 2637 titulum
2815 2587 2901 2654 qui
2925 2601 3029 2640 non
3053 2595 3159 2640 tant
3187 2605 3341 2642 sensu

1805 2687 1958 2742 quam
2001 2669 2165 2728 t'erbis
2210 2673 2450 2739 distaret,
2502 2675 2850 2730 concinnavit.
2883 2675 3040 2731 Hanc
3071 2693 3190 2733 rero
3221 2696 3344 2734 con-

1805 2763 2003 2818 cionem
2044 2767 2437 2835 pronuntiatam
2467 2783 2577 2822 esse
2604 2775 2719 2838 post
2745 2771 3066 2839 superiorem
3094 2787 3194 2825 non
3230 2789 3342 2825 am-

1805 2855 2059 2927 bigimus;
2089 2859 2303 2930 eiusque
2332 2869 2596 2914 auctorem
2638 2860 2893 2915 nonnulla
2925 2878 2990 2917 ex
3023 2853 3342 2937 Hieronymo

1806 2961 1923 3020 cap.
1957 2951 2026 3006 62
2053 2952 2105 3006 in
2137 2951 2474 3020 Matthmum,
2521 2956 2676 3024 plura
2717 2972 2780 3010 ea:
2829 2955 3098 3012 Ambrosio
3128 2957 3216 3012 lib.
3263 2975 3339 3013 Vi.

1807 3048 1860 3100 in
1885 3044 2107 3108 Lucam,
2139 3061 2282 3102 num.
2309 3043 2378 3102 96
2396 3057 2444 3102 et
2467 3041 2560 3115 97,
2578 3055 2871 3104 mutuatum
2893 3049 3172 3118 cernimus,
3192 3068 3338 3121 quem

1805 3145 1859 3192 ut
1881 3139 2042 3192 alium
2071 3139 2418 3194 existimemus
2441 3140 2503 3194 ab
2528 3140 2818 3211 Ambrosio,
2851 3153 3036 3198 cuncta
3063 3132 3333 3198 inducunt.

1807 3231 1856 3286 i.
1877 3230 2130 3287 Atuarior
2145 3229 2378 3288 fortasse
2406 3229 2567 3288 fuerit
2593 3239 2616 3270 ⁸
2638 3235 3068 3306 increpatiOmea
3089 3237 3338 3307 superio-

1736 3324 1886 3378 ribus
1902 3324 2405 3394 praedicationibus,
2419 3321 2562 3397 quod
2586 3325 2876 3399 plerosque
2892 3327 2959 3382 de
2976 3327 3130 3383 vobis
3161 3329 3342 3384 acrius

1736 3417 2032 3488 magisterii
2054 3416 2348 3473 severitate
2377 3419 2755 3486 conveneritn,
2787 3421 2842 3475 et
2879 3422 2983 3475 sim
3017 3427 3337 3491 prosecutus

1737 3526 1857 3581 quae
1887 3505 2052 3582 ω
2091 3510 2385 3579 aliquantis
2444 3527 2552 3566 non
2597 3509 2977 3567 blandimenta
3027 3509 3337 3579 deferrent,

1738 3601 1832 3657 sed
1866 3603 2144 3657 tristitiam
2169 3603 2504 3674 irrogarent.
2543 3602 2742 3659 Verum
2775 3599 2909 3658 nihil
2942 3611 3059 3658 mea
3091 3604 3338 3668 interest;

1737 3710 1838 3766 ego
1865 3697 2010 3751 enim
2039 3694 2253 3765 gaudeo
2284 3697 2465 3752 sciens
2490 3691 2745 3768 discipuli
2773 3694 3054 3750 tristitiam
3095 3693 3340 3766 magistri

1740 3805 1863 3845 esse
1908 3790 2174 3845 laetitiam.
2207 3787 2361 3845 Tune
2409 3791 2556 3845 enim
2605 3789 2824 3845 auditor
2855 3785 3093 3859 proiicit,
3125 3787 3344 3860 quando

1739 3885 2044 3940 austeriOra
2093 3884 2380 3938 annuntiat
2425 3879 2750 3952 prmdicator
2785 3899 2797 3936 :
2832 3888 2963 3938 tunc
3001 3879 3050 3937 ei
3079 3881 3230 3937 salus
3256 3881 3342 3950 gi-

1739 3977 1966 4050 gnitur,
2017 3969 2237 4048 quando
2291 3975 2514 4031 tristitia
2574 3973 2977 4032 emendationis
3033 3971 3346 4042 ingeritur;

1741 4070 1875 4128 dicit
1905 4073 2050 4128 enitn
2083 4073 2278 4128 beatus
2322 4067 2622 4141 Apostolus
2667 4083 2680 4124 :
2735 4067 2875 4123 Nam
2920 4079 3036 4137 qua:
3061 4061 3343 4124 secundum

1744 4163 1909 4220 Deum
1938 4175 2014 4219 est
2060 4164 2289 4228 tristitia,
2325 4163 2678 4235 ptenitentiam
2726 4163 2780 4216 tu
2824 4161 3048 4216 salutem
3101 4159 3342 4215 stabilem

1742 4268 1988 4332 operatur
2021 4253 2088 4330 (li
2116 4257 2236 4313 Cor.
2271 4271 2360 4325 vn,
2397 4255 2510 4328 10).

1813 4353 1870 4409 2.
1906 4349 2073 4409 Recte
2102 4361 2232 4422 ergo
2277 4352 2454 4414 lcetnr,
2505 4349 2630 4418 quia
2661 4341 2892 4404 Salutem
2925 4353 3126 4416 operor
3169 4354 3184 4400 ξ
3218 4351 3343 4402 eum

1744 4447 1994 4518 obiurgo,
2018 4455 2246 4501 maereat
2276 4442 2403 4498 licet
2425 4442 2564 4496 liiitts
2587 4441 2695 4495 mei
2719 4440 3011 4511 asperitate
3034 4437 3345 4506 sermonis;

1747 4559 1832 4600 me
1866 4553 2044 4598 tamen
2073 4537 2329 4606 deiectat,
2365 4537 2454 4608 qui
2495 4536 2766 4608 proficere
2795 4526 2947 4590 illum
2977 4533 3218 4606 intelligo
3249 4538 3354 4603 per

2905 4625 3039 4692 Quis
3085 4627 3159 4682 est
3211 4625 3350 4680 enim

1751 4729 1912 4795 ﬁlius,
1945 4743 2093 4795 quem
2131 4735 2233 4780 non
2275 4719 2508 4778 uerberat
2555 4725 2702 4792 pater
2728 4717 2917 4791 (Hebr.
2949 4724 3045 4786 Xil,
3084 4711 3187 4788 6)?
3229 4716 3352 4773 Noti

1749 4823 1896 4878 enim
1953 4819 2234 4874 osculatur
2284 4825 2502 4886 semper
2555 4819 2709 4882 pater
2761 4809 2959 4875 filium,
3011 4811 3108 4865 sed
3151 4820 3206 4864 et
3246 4809 3350 4862 ali-

1748 4916 1966 4989 quando
1995 4914 2244 4983 castigat.
2279 4907 2425 4982 Ergo
2455 4909 2674 4979 quando
2704 4908 3026 4978 Castigatur,
3056 4907 3146 4976 qui
3174 4902 3354 4975 diligi-

1749 5022 1857 5077 tur,
1893 5017 2021 5066 tnnc
2043 5009 2186 5064 circa
2219 5023 2342 5063 eum
2377 5007 2554 5077 pietas
2583 5005 2894 5058 eserceiur.
2930 4999 3106 5056 iiabel
3125 4997 3268 5052 enim
3301 5001 3357 5053 et

1747 5120 1903 5160 amor
1931 5103 2116 5176 plagas
2146 5113 2295 5164 suas,
2327 5111 2448 5169 quas
2477 5095 2753 5152 dulciores
2786 5097 2933 5157 sttui,
2958 5099 3082 5146 cum
3111 5087 3354 5176 atnarlus

1752 5201 2086 5263 inferuntur;
2148 5195 2360 5251 dulcior
2405 5192 2549 5249 enim
2599 5189 2686 5247 est
2735 5189 2990 5256 religion
3036 5183 3351 5254 Castigatio,

1752 5307 1910 5365 quatn
1941 5291 2135 5348 blanda
2162 5289 2436 5346 remissio.
2466 5286 2623 5344 Unde
2647 5281 2723 5337 ait
2753 5280 3016 5352 propheta
3052 5296 3066 5331 :
3100 5275 3356 5332 Dulciora

1750 5397 1871 5443 sunt
1915 5387 2126 5443 t'ttlnera
2173 5385 2346 5449 amici,
2391 5389 2545 5453 quam
2594 5373 2888 5432 voluntaria
2932 5369 3112 5423 oscula
3155 5368 3353 5422 inimici

1759 5482 1943 5556 (Prov.
1977 5493 2142 5546 Xxvn,
2175 5477 2270 5551 6).

1825 5573 1878 5632 '5.
1908 5570 2099 5647 igitur,
2125 5574 2344 5638 fratres,
2374 5568 2496 5640 quia
2530 5570 2654 5635 post
2683 5565 2762 5614 tot
2792 5551 3352 5647 increpationis‘metn

1757 5671 1906 5728 utilia
1933 5643 2096 5724 verba
2125 5665 2289 5721 credo
2311 5678 2408 5716 vos
2440 5652 2773 5726 benignitate
2799 5657 3061 5704 sensuum
3085 5643 3357 5718 profecis-

1761 5780 1842 5834 se,
1872 5757 1940 5819 de
1966 5762 2138 5818 sacris
2169 5755 2371 5814 litteris
2414 5751 2596 5826 aliqua
2627 5743 2998 5804 conferamus.
3025 5741 3178 5801 Sicut
3210 5735 3356 5798 enim

138 5899 160 5930 ⁸
187 5890 367 5966 Codex
399 5891 596 5970 Lugd.,
622 5893 928 5979 pradicatio
955 5906 1163 5949 mea....
1203 5890 1342 5964 quod
1368 5891 1636 5966 plerosque
1659 5891 1725 5952 de
1751 5886 1952 5946 vestris.
