3944 6310
608 307 706 366 691
1541 297 1636 354 AD
1672 294 1906 354 OPERA
1939 290 2187 351 SANCTI
2223 287 2556 346 AMBROSII
2591 284 2966 344 APPENDIX.
3710 280 3772 338 69!

603 424 751 488 fons,
783 419 875 492 qui
904 433 1011 476 non
1033 417 1194 474 solito
1222 415 1452 470 humore
1470 411 1726 477 distillat,
1749 409 2059 482 exagitatur
2080 421 2203 463 sur—
2227 408 2283 469 Α
2306 403 2450 461 coelo
2488 414 2544 461 et
2572 413 2715 460 terra
2747 419 2760 456 :
2791 400 2879 456 hic
2908 414 2978 456 ex
3008 398 3120 455 Deo
3147 405 3204 454 et
3247 396 3438 463 Maria,
3478 395 3562 466 qui
3591 393 3641 450 de
3665 403 3770 459 tem;

600 516 765 583 culis,
789 490 844 569 et
871 513 943 568 ita
972 509 1177 583 largior
1198 509 1499 573 invenitur,
1532 520 1596 562 ac
1622 505 1859 576 primum
1885 519 1951 560 ex
1993 517 2059 557 eo
2091 511 2205 556 tur-
2307 499 2403 556 ille
2431 499 2498 555 de
2529 508 2672 555 terra
2703 507 2760 554 et
2787 495 3016 568 Spiritu,
3049 494 3142 566 qui
3161 493 3230 550 de
3256 492 3399 550 coelo
3428 499 3528 546 est.
3555 490 3774 560 Ulerquett.

605 607 736 664 hida
770 621 910 678 aqua
939 604 1275 676 producitur,
1309 611 1365 657 ut
1386 599 1530 656 unda
1563 599 1753 670 purior
1782 597 2152 667 subsequatur
2185 611 2200 647 :
2305 608 2430 649 men
2459 608 2527 648 ex
2559 591 2790 664 virgine,
2820 600 2876 647 et
2895 590 3016 646 sine
3044 589 3221 644 coitus
3249 585 3603 658 permixtione
3622 594 3708 639 est:
3731 586 3777 642 hic

601 703 684 758 sic
713 675 842 773 ergo
868 709 924 756 et
946 675 1216 754 sanctitas
1250 704 1434 753 vestra
1476 701 1802 763 exasperata
1834 689 2055 762 quidem
2084 687 2206 744 fue-
2308 701 2378 743 ex
2407 686 2750 755 incorrupta,
2781 683 2873 739 ille
2902 697 2967 737 ex
2998 680 3237 739 intacta:
3265 677 3434 751 450
3461 676 3578 747 quia
3608 675 3707 730 nullo
3721 676 3776 731 ad-

601 805 688 854 rat
716 795 1040 852 austeritate
1067 790 1364 856 sermonis,
1394 791 1490 845 sed
1523 785 1776 843 devotior
1805 785 1949 840 facta
1977 792 2060 838 est
2087 780 2208 836 dul-
2309 780 2417 836 huc
2441 779 2672 845 semine,
2707 792 2808 834 nec
2835 789 3057 832 vomere
3087 772 3267 828 fuerat
3309 770 3546 825 sauciata
3571 784 3644 824 nec
3665 769 3779 824 inhit.

600 889 796 946 cedine
835 885 1078 960 pietatis.
1109 882 1511 940 Turbuleutum
1550 881 1698 937 enim
1749 876 2006 950 quiddam
2037 873 2208 930 vestri
2313 872 2414 929 Per
2440 870 2670 942 primum
2695 869 2806 924 vita
2833 867 3053 931 amissa,
3079 880 3178 936 per
3205 862 3506 919 secundum
3533 858 3782 916 reddils.Pri-

602 980 770 1038 animi
800 979 1033 1035 forsitan
1062 975 1392 1043 retinebant,
1439 972 1537 1029 sed
1562 972 1676 1042 jam
1707 985 1774 1025 ex
1819 967 2014 1024 vestris
2043 963 2208 1020 ntori-
2311 982 2434 1023 mus
2462 973 2738 1035 acceptam
2782 960 3024 1034 perdidit
3052 958 3309 1032 gratiam,
3352 954 3608 1012 secundus
3629 956 3784 1008 culavit:

602 1074 707 1130 bus
740 1072 959 1144 proﬂuit
986 1085 1152 1126 omne
1181 1068 1325 1140 quod
1350 1080 1545 1138 purum
1576 1072 1681 1120 est.
2310 1057 2501 1113 tribuit
2529 1057 2758 1128 gratiam
2799 1070 2812 1106 :
2854 1053 3062 1123 primus
3091 1064 3256 1105 suasu
3300 1047 3524 1119 virginis
3553 1044 3713 1109 cecidit,
3740 1061 3784 1100 se-

685 1139 1072 1222 biVideamus
1092 1139 1226 1234 ergo
1256 1160 1387 1232 quid
1428 1160 1500 1214 sit
1524 1156 1670 1230 quod
1703 1155 1781 1211 ait
1808 1154 1874 1210 ad
1909 1151 2209 1223 discipulos
2310 1150 2522 1208 cundus
2553 1157 2709 1222 partu
2737 1146 2981 1220 virginis,
3009 1144 3154 1217 quod
3180 1143 3422 1216 jacebat,
3453 1139 3784 1210 erexitzprimrs

603 1275 734 1317 suos
758 1258 1046 1315 Dominus:
1068 1255 1174 1312 Vos
1193 1264 1365 1309 autem
1386 1269 1536 1325 quem
1553 1268 1633 1307 me
1661 1266 1770 1306 esse
1799 1248 1973 1302 dicitis
1989 1245 2206 1319 (Matth.
2314 1244 2593 1319 peccando
2618 1243 2811 1299 mortis
2839 1256 3054 1312 poenam
3080 1238 3330 1311 protulit,
3355 1235 3611 1292 secundus
3634 1235 3786 1305 patiendo

606 1367 724 1418 xvr,
762 1351 896 1424 15)?
943 1351 1060 1406 Non
1111 1349 1274 1421 igitur
1319 1358 1592 1418 tamquam
1642 1344 1868 1414 ignarus
1912 1341 2214 1408 interrogat
2315 1338 2708 1410 indulgentiam
2747 1335 2980 1392 contulit
3015 1353 3028 1390 :
3060 1334 3269 1404 primus
3303 1345 3404 1400 pro
3447 1329 3592 1399 culpa
3618 1327 3669 1383 de
3702 1343 3788 1398 part—

602 1418 890 1512 Dominus,
925 1444 1054 1516 quid
1095 1418 1162 1499 de
1188 1457 1255 1499 eo
1284 1440 1472 1513 populi
1497 1437 1863 1510 discipulique
1890 1433 2210 1490 sentirent:
2315 1432 2436 1487 diso
2481 1431 2714 1499 eiectus,
2745 1426 3018 1484 secundus
3070 1438 3167 1496 pro
3213 1422 3390 1494 gloria
3421 1421 3564 1478 cruci
3589 1418 3788 1474 mundati-

608 1539 706 1595 sed
731 1548 1011 1608 tamquam
1035 1537 1215 1592 sciens
1237 1535 1623 1590 universorum
1649 1538 1883 1593 mentes,
1903 1525 2066 1582 ﬁdem
2095 1540 2213 1580 ma-
2319 1526 2479 1583 ﬁxus.

611 1605 877 1686 nifestare
904 1628 1076 1684 voluit
1123 1626 1494 1698 singulorum;
1528 1633 1588 1680 ut
1635 1621 1782 1694 quod
1821 1617 1992 1676 corde
2025 1616 2213 1674 crede-
2387 1620 2441 1674 2.
2470 1619 2612 1689 Ergo
2642 1617 2840 1672 malum
2871 1628 2968 1684 per
2996 1611 3281 1676 feminam,
3326 1609 3497 1664 immo
3535 1621 3614 1678 per
3635 1605 3791 1660 feminam

612 1722 750 1778 bant
793 1722 1103 1788 Dominum,
1139 1721 1227 1776 alii
1262 1719 1614 1785 Hieremiam,
1646 1715 1741 1770 alii
1777 1713 2043 1770 Joannem
2076 1711 2215 1782 Bap—
2322 1713 2560 1777 bonum;
2589 1711 2718 1781 quia
2751 1724 2844 1780 per
2869 1707 3037 1763 Evam
3067 1702 3390 1766 cecidimus,
3424 1715 3521 1771 per
3547 1698 3714 1754 Mariam
3736 1711 3793 1752 su-

611 1814 818 1882 tistam,
845 1814 1041 1870 Petrus
1071 1813 1222 1868 solus
1243 1811 1527 1867 Christum
1552 1809 1649 1864 Dei
1672 1807 1868 1864 Filium
1899 1803 2214 1861 conﬁtetur.
2249 1843 2298 1905 Β
2323 1821 2444 1861 mus
2475 1825 2490 1862 :
2522 1819 2618 1876 per
2647 1803 2814 1859 Evam
2847 1799 3133 1872 prostrati,
3177 1796 3347 1853 erecti
3400 1810 3496 1866 per
3526 1793 3702 1850 Mariam
3724 1808 3795 1862 τρεῖ

615 1907 829 1965 Gradus
859 1908 1079 1980 quidam
1101 1916 1229 1963 sunt
1256 1906 1406 1973 ﬁdei,
1435 1905 1601 1976 etqui
1629 1903 1886 1960 devotius
1908 1899 2108 1967 credit,
2133 1913 2221 1954 re-
2250 1886 2298 1905 "
2327 1903 2492 1958 Evam
2543 1899 2791 1955 servituti
2838 1895 3066 1961 addicti,
3117 1908 3215 1962 per
3254 1889 3481 1946 Mariam
3531 1888 3659 1943 liberi
3679 1886 3795 1943 eiecti.

615 2000 871 2073 ligiosius
897 2002 1215 2057 conﬁtetur.
2325 1993 2438 2050 Eva
2469 1992 2624 2048 nobis
2646 1989 2862 2046 sustulit
2885 1987 3330 2049 diuturnitatem,
3361 1982 3528 2038 Maria
3555 1981 3678 2036 nobis
3694 1979 3798 2036 reddi-

689 2095 745 2150 5.
777 2094 886 2150 Pro
912 2094 1014 2151 hac
1041 2093 1336 2150 devotione
1364 2090 1561 2148 dicitur
1587 2088 1751 2146 Petro
1783 2104 1796 2142 :
1827 2085 2018 2142 Beatus
2056 2100 2110 2139 es
2142 2093 2217 2149 tu,
2325 2087 2404 2143 dit
2445 2085 2864 2157 perpetuitatem
2901 2099 2914 2136 ;
2948 2081 3059 2137 Eva
3084 2093 3184 2135 nos
3211 2076 3467 2133 damnari
3494 2073 3799 2145 fecitperarbo-

623 2188 808 2244 Simon
837 2185 1113 2261 Barjona;
1151 2187 1399 2258 quoniam
1429 2200 1552 2239 caro
1578 2193 1623 2239 et
1654 2182 1869 2255 sanguis
1893 2197 1998 2234 non
2027 2178 2225 2234 revela-
2327 2181 2406 2237 ris
2433 2194 2680 2251 pomum,
2708 2177 2876 2233 Maria
2903 2173 3139 2230 absolvit
3167 2187 3264 2242 per
3291 2169 3509 2226 arboris
3534 2167 3800 2238 donum;qait

592 2284 689 2343 nit
714 2283 826 2350 tibi,
869 2282 962 2337 sed
992 2281 1153 2337 Pater
1192 2297 1356 2347 meus,
1382 2281 1472 2352 qui
1501 2287 1573 2334 est
1604 2279 1662 2333 in
1691 2277 1852 2332 coriis.
1881 2273 1953 2328 Et
1981 2289 2076 2347 ego
2104 2273 2223 2326 dico
2329 2283 2386 2331 et
2415 2273 2666 2330 Christus
2703 2273 2757 2325 in
2797 2269 2946 2340 ligno
2977 2265 3258 2338 pependit,
3288 2277 3346 2320 ut
3374 2264 3596 2319 fructus.

615 2377 710 2432 tibi
744 2393 763 2431 :
797 2375 876 2431 Tu
915 2393 969 2432 es
1021 2375 1234 2442 Petrus,
1267 2385 1316 2430 et
1347 2388 1504 2445 super
1532 2371 1668 2426 hanc
1709 2380 1910 2443 petram
1954 2366 2226 2437 wdiﬁcabo
2400 2369 2453 2423 ’5.
2482 2367 2651 2438 Igitur
2677 2365 2818 2421 sicut
2855 2379 2953 2435 per
2981 2361 3240 2418 arborem
3270 2359 3497 2428 mortui,
3529 2357 3595 2413 ita
3629 2371 3702 2428 per
3718 2356 3805 2410 alio

620 2467 914 2524 Ecclesium
958 2484 1126 2524 meam
1152 2465 1317 2542 (Ibid.
1354 2465 1418 2521 I7
1462 2474 1512 2520 et
1554 2462 1710 2536 seq.).
1763 2459 1898 2516 Cum
1937 2468 2227 2515 vocaretur
2329 2475 2447 2517 rem
2486 2457 2767 2516 viviﬁcati.
2805 2456 2984 2512 Arbor
3015 2453 3172 2509 nobis
3217 2453 3517 2509 nuditatem
3545 2449 3742 2514 ostendit,
3760 2464 3801 2501 It—

618 2577 753 2634 ergo
782 2561 998 2630 Simon,
1049 2577 1146 2634 per
1179 2561 1317 2616 hanc
1348 2558 1696 2616 devoﬁouem
1747 2562 1971 2610 vocatus
2000 2560 2082 2609 est
2127 2551 2228 2607 Pe-
2332 2556 2435 2611 hor
2466 2553 2814 2626 indulgentiae
2868 2551 3017 2606 foliis
3051 2548 3273 2606 vestivit
3316 2566 3328 2601 :
3366 2546 3530 2603 arbor
3575 2554 3804 2616 peccatoris

616 2665 758 2712 trus.
793 2655 1075 2728 Legimus,
1121 2655 1342 2711 dicente
1381 2650 1646 2724 Apostolo
1686 2649 1756 2705 de
1788 2649 1908 2718 ipso
1947 2646 2224 2702 Domino:
2332 2649 2559 2705 incussit
2604 2647 2879 2713 ardorem,
2931 2643 3279 2714 refrigerium
3328 2641 3633 2698 delictorum
3658 2638 3805 2694 vestitas

624 2748 878 2804 Bibebant
907 2750 971 2804 de
1011 2747 1240 2821 spiritali
1268 2752 1616 2816 consequente
1647 2758 1733 2797 eos
1761 2748 1926 2813 petra,
1957 2748 2103 2809 petra
2136 2754 2232 2792 au-
2331 2743 2664 2816 praeparavit
2688 2741 2855 2797 arbor
2878 2739 3124 2797 scientia:
3154 2757 3168 2793 :
3213 2736 3380 2793 arbor
3411 2736 3586 2806 spinas
3606 2743 3651 2790 et
3673 2732 3808 2788 tribuis;

624 2852 724 2896 tem
751 2850 862 2896 erat
888 2841 1127 2897 Christus
1154 2840 1201 2911 (ι
1227 2837 1348 2895 Cor.
1377 2855 1436 2904 ι,
1464 2836 1539 2910 4).
1569 2836 1744 2892 Reme
1773 2834 1938 2906 igitur
1969 2831 2094 2902 quia
2136 2845 2181 2902 pl

2331 2837 2541 2909 genuit,
2567 2851 2719 2906 spem
2749 2844 2804 2890 et
2829 2834 3062 2890 salutem
3093 2831 3264 2886 arbor
3291 2830 3533 2886 scientia:
3558 2826 3723 2899 peperit
3744 2841 3810 2878 :tt-

623 2944 709 2990 tra
753 2933 1031 3001 Christus,
1059 2935 1249 2991 Simon
1279 2939 1626 3002 nuncupatus
1654 2937 1742 2986 est
1769 2928 1963 2984 Petrus
1987 2943 2001 2991 ;
2050 2924 2232 2995 utqui
2335 2931 2436 2987 hor
2461 2928 2717 2986 sudorem
2743 2927 2923 2983 attulit
2944 2934 3001 2981 et
3023 2924 3286 2990 laborem,
3311 2923 3474 2978 arbor
3493 2921 3810 2998 contulitl’eceta

627 3043 756 3084 cum
798 3028 1028 3084 Domino
1058 3026 1184 3083 ﬁdei
1215 3027 1532 3082 societatem
1561 3022 1819 3085 habebat.
1845 3036 1968 3076 cum
1999 3019 2233 3074 Domino
2336 3037 2391 3082 et
2421 3025 2652 3080 salutem
2695 3044 2708 3077 :
2742 3021 2909 3078 arbor
2936 3020 3119 3076 lumen
3163 3018 3414 3088 corporis
3453 3015 3694 3088 patefecit,
3725 3012 3812 3065 arra

629 3124 866 3179 haberet
907 3130 964 3179 et
992 3121 1230 3178 nominis
1260 3118 1530 3175 Dominici
1560 3117 1826 3172 unitatem
1869 3129 1882 3165 :
1931 3123 1991 3168 ut
2018 3113 2162 3168 sicut

2337 3119 2526 3176 oculos
2547 3116 2732 3174 cordis
2751 3115 3002 3172 disclusit
3028 3133 3041 3169 :
3067 3113 3231 3168 arbor
3254 3110 3442 3167 mundi
3467 3105 3715 3165 insinuavit
3730 3114 3813 3160 astt-

629 3215 857 3272 Christo
901 3215 1236 3271 christianus
1279 3213 1501 3278 dicitur,
1554 3211 1629 3266 ita
1675 3218 1731 3266 et
1767 3223 1793 3262 a
1831 3216 1982 3278 petra
2012 3205 2186 3262 Christ

2263 3243 2310 3308 ρ
2342 3213 2494 3281 tiam,
2518 3211 2759 3267 divinam
2787 3209 2952 3264 arbor
2981 3205 3380 3264 demonstravit
3401 3203 3703 3274 prudentiam
3725 3213 3812 3253 εω-

636 3307 834 3364 Petrus
870 3306 1155 3379 apostolus
1180 3313 1488 3360 vocaretur.

2267 3292 2309 3308 u
2341 3307 2453 3363 lum
2493 3305 2678 3367 arbor,
2721 3303 2923 3359 bonum
2950 3301 3118 3357 arbor
3156 3299 3432 3364 ostendit;
3463 3308 3509 3354 el
3551 3307 3603 3352 ut
3625 3294 3680 3350 ad
3709 3292 3815 3348 dilect

705 3402 760 3456 6.
782 3401 887 3458 Sed
912 3416 1012 3457 nec
1038 3398 1368 3471 populorum
1392 3396 1707 3468 opinionem
1733 3408 2024 3465 possumus
2049 3405 2239 3462 repro-

2341 3399 2606 3471 0riginem
2657 3397 2903 3463 redeam,
2948 3405 3004 3452 et
3044 3395 3158 3451 Deo
3203 3402 3502 3458 annuente,
3539 3389 3664 3460 quod
3697 3386 3817 3442 sentire

636 3497 791 3564 bare,
818 3494 911 3566 qni
943 3509 1111 3550 unum
1143 3492 1214 3549 de
1245 3489 1526 3562 Ρτου¹ιθῑίε
1561 3489 1850 3545 Dominum
1891 3486 2241 3544 ωεῑίῐῐιθιιεὶηῐ
2341 3491 2661 3548 conceditur
2689 3491 2864 3546 dicam
2899 3506 2912 3542 :
2945 3486 3120 3542 Adam
3163 3485 3270 3541 nisi
3307 3482 3647 3555 corporaliter
3679 3475 3821 3534 cecidis-

635 3589 852 3664 (Matth.
883 3589 1125 3657 "1.14).
1151 3587 1288 3643 Nam
1317 3585 1446 3642 ideo
1469 3583 1889 3640 nonnullivelut
1919 3582 2096 3637 Eliam
2129 3582 2244 3636 Sal~
2343 3593 2446 3649 set,
2472 3583 2724 3639 Christus
2755 3595 2856 3637 nos
2882 3581 2936 3636 itt
2967 3580 3069 3637 ista
3097 3578 3207 3634 vita
3251 3591 3362 3634 non
3403 3574 3692 3648 Spiritaliter
3719 3567 3820 3626 sese

636 3692 883 3739 vatorem
915 3682 1141 3737 forsitan
1191 3684 1547 3750 putaverunt;
1594 3676 1720 3748 quia
1763 3675 1832 3730 ad
1877 3673 2051 3730 caelos
2093 3673 2242 3728 Elias
2344 3685 2464 3732 tare
2480 3675 2792 3748 jdebuisset.

634 3781 778 3837 sicut
803 3777 1058 3834 Salvator
1081 3773 1329 3830 ascendit
1351 3770 1443 3846 (IV
1460 3769 1800 3840 ch.tt,ll).
1829 3767 1939 3824 Sed
1967 3782 2075 3823 non
2103 3766 2242 3823 sicut
2414 3771 2470 3824 4.
2503 3771 2549 3827 υ
2587 3775 3082 3832 sacramentorum,
3124 3775 3183 3822 ut
3210 3765 3475 3831 diximus,
3515 3763 3674 3819 Maria
3704 3765 3821 3827 myrte

634 3871 785 3928 Elias
807 3867 1058 3925 Christus
1089 3876 1204 3932 est;
1255 3866 1346 3922 ille
1379 3864 1524 3921 enim
1555 3863 1622 3917 ad
1670 3861 1839 3918 ctelos
1876 3861 2104 3932 rapitur,
2141 3858 2243 3915 iste
2343 3866 2508 3928 rium,
2539 3880 2573 3920 ο
2595 3863 2909 3922 conclusam
2942 3861 3187 3934 perﬁdis,
3211 3869 3270 3916 et
3310 3861 3639 3916 manifestam
3673 3852 3823 3908 ﬁdelibus

635 3967 946 4042 regreditur
979 3983 993 4020 :
1027 3963 1122 4020 ille
1153 3973 1429 4032 tamquam
1481 3959 1734 4014 inﬁrmus
1770 3956 1929 4028 ignea
1980 3954 2241 4027 quadriga
2346 3958 2724 4032 disciplinam!
2778 3957 3105 4014 immortalis
3156 3955 3444 4010 mortalem
3499 3950 3716 4012 molliat,
3751 3943 3824 4013 parii

638 4060 986 4127 subvehitur,
1021 4058 1109 4113 hic
1131 4063 1412 4126 tamquam
1444 4053 1592 4109 Deus
1624 4051 1843 4122 propria
1889 4051 2086 4104 virtute
2116 4063 2243 4120 por-
2347 4054 2709 4110 immortalem
2745 4071 2758 4106 ε
2786 4049 3146 4120 incorporalis
3177 4058 3320 4103 terra
3351 4045 3694 4107 concluditur,
3713 4048 3823 4104 ωψσε

638 4168 788 4213 tatur
822 4173 834 4210 :
882 4153 976 4209 ille
1021 4155 1165 4206 sicut
1211 4150 1376 4204 homo
1406 4147 1647 4210 ducitur,
1695 4146 1781 4201 hic
1812 4146 1955 4201 sicut
1992 4144 2195 4200 Salvatt

2346 4149 2477 4206 ralis
2493 4149 2632 4206 creto
2656 4165 2668 4202 :
2695 4147 2838 4203 Deus
2862 4147 3027 4202 homo
3049 4143 3309 4208 efﬁcitur,
3329 4142 3428 4199 sed
3454 4139 3711 4198 exhibetur
3727 4132 3822 4188 Dens;

640 4248 888 4307 ascendit
915 4265 928 4302 :
954 4245 1048 4301 ille
1075 4245 1342 4300 ducentes
1372 4241 1622 4312 sequitur
1649 4239 1896 4310 angelos,
1920 4238 2245 4294 comitantes
2349 4250 2407 4298 et
2432 4241 2536 4296 hoc
2569 4248 2744 4296 totum
2777 4254 2874 4311 per
2901 4237 3075 4293 Adam
3102 4235 3486 4300 committitur,
3514 4243 3567 4289 et
3593 4233 3757 4286 lavatur
3780 4236 3826 4290 pr»

639 4343 748 4399 sibi
775 4341 998 4412 angelos
1023 4339 1126 4394 iste
1158 4334 1440 4407 praecedit.
1466 4334 1709 4402 Denique
1737 4332 1900 4388 iidem
1943 4329 2121 4401 angeli
2153 4345 2244 4385 re-
2351 4333 2598 4390 Mariam.
2626 4332 2774 4404 Ergo
2802 4330 2934 4388 felix
2963 4329 3095 4398 Eva,
3130 4345 3227 4400 per
3246 4344 3408 4400 quam
3435 4327 3556 4384 data
3577 4333 3652 4382 est
3673 4315 3826 4376 occsio:

642 4409 892 4494 meantes
918 4434 972 4488 in
1007 4443 1212 4487 terram
1241 4445 1272 4485 a
1299 4428 1534 4484 Domino
1563 4425 1853 4482 Salvatore
1888 4423 2150 4478 dixerunt
2179 4420 2247 4476 ad
2353 4425 2519 4480 immo
2558 4424 2685 4480 felix
2734 4423 2922 4489 Maria,
2976 4437 3072 4493 per
3114 4436 3274 4491 quam
3307 4421 3508 4476 tributa
3546 4425 3624 4474 est
3665 4409 3827 4470 curatio:

641 4529 941 4605 Aposmlos
969 4546 982 4582 :
1018 4526 1135 4581 Viri
1158 4525 1391 4592 Galilazi,
1413 4523 1540 4596 quid
1566 4523 1716 4577 statis
1741 4519 2048 4592 aspicientes
2074 4517 2129 4572 in
2151 4532 2251 4572 cat-
2352 4517 2481 4575 felix
2510 4519 2644 4586 Eva,
2675 4532 2771 4588 per
2795 4530 2958 4587 quam
2988 4524 3148 4570 natus
3178 4521 3263 4568 est
3290 4512 3521 4584 populus
3544 4527 3558 4577 ;
3600 4495 3831 4564 felicior“

640 4595 792 4683 tuin?
821 4623 924 4678 Hic
942 4621 1100 4678 Jesus
1123 4622 1212 4694 qui
1238 4628 1473 4688 receptus
1493 4628 1568 4675 est
1589 4634 1622 4672 a
1645 4616 1808 4681 vobis,
1837 4615 1909 4669 sic
1935 4615 2097 4669 veniet
2120 4629 2246 4685 que-
2275 4641 2328 4702 Β
2354 4609 2455 4676 ria,
2501 4626 2598 4680 per
2636 4624 2794 4680 quam
2841 4616 3000 4665 natus
3037 4615 3122 4662 est
3155 4605 3429 4664 Christus.
3456 4605 3616 4675 Igitur
3641 4595 3831 4654 alterius

643 4717 976 4776 madmodum
1003 4687 1204 4772 vidistis
1232 4687 1578 4770 eumeuntem
1599 4712 1654 4766 in
1676 4710 1863 4766 caelum
1888 4709 2026 4780 (Act.
2058 4723 2094 4772 ι,
2131 4704 2245 4776 ll).
2275 4687 2324 4702 υ
2353 4705 2478 4771 lior,
2509 4705 2675 4759 immo
2697 4712 2748 4758 et
2773 4701 3031 4774 gloriosae
3059 4708 3306 4767 utraeque
3331 4715 3347 4764 ;
3379 4698 3502 4769 quia
3540 4710 3641 4750 non
3667 4687 3832 4746 ltrtiﬁu'r

1229 4807 1462 4866 SERMO
1499 4804 1664 4862 XLV.
2352 4804 2436 4853 set
2480 4796 2700 4851 Mariam
2748 4793 3021 4859 Christus,
3057 4791 3158 4846 nisi
3200 4790 3367 4845 Evam
3419 4787 3668 4860 priorem,
3709 4779 3757 4834 de
3787 4785 3836 4841 (β

1010 4906 1086 4960 De
1118 4903 1296 4971 primo
1323 4899 1499 4956 Adam
1536 4906 1591 4954 et
1619 4895 1885 4953 secundo.
2351 4897 2474 4943 nata
2503 4896 2590 4943 est
2620 4887 2734 4958 ipsa
2766 4880 3302 4950 Maria,definxisset
3325 4899 3338 4935 :
3365 4896 3464 4937 nec
3493 4876 3715 4934 venisset
3730 4866 3838 4971 sinti-

644 5004 802 5060 Hunc
846 5015 1130 5058 sermonem
1166 4996 1246 5052 uel
1285 4995 1457 5067 potius
1509 4992 1764 5048 sermonis
1811 4995 2176 5062 fragmentum,
2223 5005 2250 5042 e
2354 4981 2566 5052 pulum,
2601 4980 2704 5034 nisi
2749 4977 2904 5049 prius
2938 4977 3027 5032 illa
3081 4974 3410 5046 deliquisset
3462 4975 3511 5028 in
3559 4956 3836 5026 sarculaﬂﬁ

725 5095 841 5151 Vat.
884 5093 1003 5149 cod.
1040 5091 1235 5162 scripto
1257 5093 1416 5164 jussu
1464 5085 1748 5142 cardinalis
1780 5055 2118 5138 Bononiensis
2162 5055 2250 5136 an.
2355 5082 2530 5129 mater
2561 5071 2780 5126 humani
2812 5069 3031 5141 generis
3054 5067 3277 5134 dicitur,
3323 5067 3414 5122 illa
3443 5064 3624 5122 salutis
3653 5079 3664 5114 :
3692 5055 3836 5112 Enr-‘5

715 5188 857 5245 M70
885 5189 1212 5256 desumptum
1239 5161 1559 5246 exhibemus,
1583 5195 1685 5233 non
1709 5177 1920 5249 quidem
1944 5176 2083 5247 quod
2111 5176 2167 5228 in
2191 5190 2249 5228 eo
2356 5167 2596 5234 edocuit,
2627 5163 2910 5221 roboravit
2930 5170 2987 5217 et
3012 5161 3208 5216 Maria.

709 5243 991 5357 quidquam
1053 5243 1503 5354 deprehendamus
1545 5243 1914 5340 'Ambr'osiani,
1956 5243 2054 5327 sed
2127 5273 2250 5344 quia

2429 5259 2485 5315 5.
2514 5259 2620 5314 Per
2666 5258 2836 5314 Evam
2868 5256 3191 5320 crescimus,
3225 5270 3324 5323 per
3349 5252 3556 5308 Mariam
3601 5243 3833 5357 regnante!

2488 5353 2525 5357 ’“
2761 5350 2776 5357 “
2878 5349 2890 5357 ⁸
2971 5348 2984 5357 ·
3405 5345 3446 5357 ι.
3517 5344 3527 5355 ι
3595 5356 3598 5357 ν
3649 5327 3783 5357 ,ι,,,ι;

715 5317 991 5357 ιμιιιημιιυη
1053 5317 1169 5354 up,"
1185 5317 1502 5335 ωιυηιοωηυυω
1564 5317 1914 5340 ...πων-...ιηἿ
1964 5317 2054 5327 νυ..
2127 5317 2250 5344 τ...-
3178 5317 3185 5320 _
3227 5317 3239 5323 _
3775 5327 3782 5334 .

715 5381 924 5452 scriptio
954 5395 1058 5432 non
1093 5377 1377 5445 inelegans,
1406 5381 1454 5426 et
1483 5370 1650 5426 sancti
1683 5367 1923 5422 Doctoris
1958 5368 2165 5422 nomine
2195 5368 2250 5422 in
2360 5370 2457 5426 Per
2487 5353 2654 5408 Evam
2683 5349 2894 5407 εθάυοίί
2919 5348 2986 5404 ad
3020 5357 3245 5414 lenam.
3268 5362 3365 5418 Per
3404 5344 3612 5401 Mariam
3640 5317 3834 5390 clm“

2445 5447 2459 5452 -
2995 5441 3007 5452 ι
3130 5440 3141 5452 ι
3258 5441 3271 5452 1
3347 5440 3359 5452 c
3483 5445 3494 5452 .
3533 5434 3552 5452 ρ
3588 5433 3700 5452 -2-..-
3724 5426 3834 5452 edn.

716 5426 919 5452 --..,,-.-
954 5426 1057 5432 ---η

715 5489 812 5526 ms.
846 5479 1155 5544 pramotata,
1181 5485 1298 5524 cum
1324 5466 1522 5534 alioqui
1552 5479 1808 5532 nusquam
1840 5462 1979 5532 quod
2001 5463 2246 5528 sciamus,

2358 5447 2593 5510 coelum;
2622 5455 2676 5500 et
2707 5453 2768 5500 ut
2794 5451 2966 5498 totum
2994 5440 3232 5497 breviter
3258 5440 3392 5511 legis
3416 5433 3701 5509 patefaciam
3723 5426 3833 5475 sacﬂ'

2760 5537 2771 5544 .
2917 5537 2930 5544 ,
3199 5535 3218 5544 _
3255 5535 3267 5544 _
3438 5533 3449 5544 ,
3521 5528 3550 5544 Α,
3599 5517 3832 5544 dum”

718 5517 812 5526 ...-.
847 5517 1155 5544 ,......-.---,
1182 5517 1295 5524 η---
1636 5517 1678 5532 κ,
1853 5517 1864 5532 .
2234 5517 2246 5528 .

714 5567 852 5622 edita
879 5569 1056 5636 fuerit,
1085 5565 1270 5619 saltent
1310 5570 1364 5616 ut
1408 5561 1464 5614 in
1494 5555 1780 5629 appendice
1826 5557 1996 5611 locum
2041 5557 2244 5623 habeat,
2361 5551 2628 5608 mentum,
2661 5548 2715 5596 θῑ
2740 5537 2875 5592 duas
2917 5537 2969 5590 Ῑη
3000 5550 3164 5590 “nam
3196 5535 3382 5598 fuisse,
3408 5528 3550 5587 δίευίί
3590 5517 3832 5636 amics?

715 5608 852 5622 νη..-
904 5608 1056 5629 ..-...,
1085 5608 1270 5619 -....-..,
1312 5608 1364 5616 η
1495 5608 1522 5612 τ

715 5608 1040 5729 nequa'quam
1065 5657 1283 5728 indigna
1305 5608 1593 5709 videatut:r
2355 5633 2639 5690 ostendam
2689 5648 2702 5685 :
2758 5631 2810 5685 in
2859 5630 2967 5686 Eva
3015 5637 3145 5683 tunc
3173 5626 3338 5682 Maria
3364 5626 3545 5684 inerat,
3575 5630 3665 5689 per
3685 5608 3832 5665 Hm”

715 5751 767 5805 1.
793 5721 1020 5812 hut—lite,
1047 5721 1243 5804 fratres
1273 5744 1607 5808 charissimi,
1634 5743 1799 5814 quale
1820 5750 1908 5797 est
1933 5740 2068 5811 legis
2098 5754 2248 5810 mys-

1555 5744 1607 5808 li,
1634 5743 1799 5814 quale
1820 5750 1908 5797 est
1933 5740 2068 5811 legis
2098 5754 2248 5810 mys-
2352 5733 2545 5795 postea
2581 5723 2819 5778 revelata
2864 5730 2950 5776 est
2983 5721 3112 5775 Eva.

721 5787 767 5805 ι.
793 5787 1020 5812 ..μυηη
1049 5787 1243 5804 ...ωηο
1274 5787 1607 5808 .................,
1636 5787 1799 5814 νη...
1822 5787 1908 5797 ν--
1934 5787 2066 5811 ηρ.-
2100 5787 2217 5810 ---,-
2356 5787 2372 5795 -

659 5843 854 5902 erium.
879 5838 1100 5895 Primus
1130 5840 1294 5898 homo
1316 5839 1383 5894 de
1407 5849 1553 5894 terra
1582 5845 1638 5892 et
1665 5835 1837 5901 coelo;
1869 5833 2146 5890 secundus
2174 5833 2243 5890 de
2421 5817 2475 5872 6·
2499 5814 2715 5871 ῧτειίθε
2742 5814 2994 5882 θοηιίηο,
3033 5813 3228 5870 Tralles
3268 5802 3573 5871 ChariSSimb
3608 5787 3729 5868 (Ιυθδ
3765 5793 3830 5850 Ψ
