  <div class='ocr_page' id='page_1' title='image "/cluster/home/n/w/nwhite01/storage/ocr_20150623/17/hvd.32044015471329/352.png"; bbox 0 0 4016 6316; ppageno 0'>
   <div class='ocr_carea' id='block_1_1' title="bbox 192 318 298 380">
    <p class='ocr_par' dir='ltr' id='par_1_1' title="bbox 192 318 298 380">
     <span class='ocr_line' id='line_1_1' title="bbox 192 318 298 380; baseline 0.019 -2"><span class='ocrx_word' id='word_1_1' title='bbox 192 318 298 380; x_wconf 73' lang='grc'><strong>695</strong></span> 
     </span>
    </p>
   </div>
   <div class='ocr_carea' id='block_1_2' title="bbox 1008 320 2662 383">
    <p class='ocr_par' dir='ltr' id='par_1_2' title="bbox 1008 320 2662 383">
     <span class='ocr_line' id='line_1_2' title="bbox 1008 320 2662 383; baseline -0.003 0"><span class='ocrx_word' id='word_1_2' title='bbox 1008 321 1377 383; x_wconf 79' lang='lat' dir='ltr'><strong>SERMONES</strong></span> <span class='ocrx_word' id='word_1_3' title='bbox 1414 322 1475 380; x_wconf 92' lang='lat' dir='ltr'><strong>S.</strong></span> <span class='ocrx_word' id='word_1_4' title='bbox 1517 320 1872 380; x_wconf 80' lang='lat' dir='ltr'><strong>AMBROSIO</strong></span> <span class='ocrx_word' id='word_1_5' title='bbox 1911 320 2280 380; x_wconf 75' lang='lat' dir='ltr'><strong>HACTENUS</strong></span> <span class='ocrx_word' id='word_1_6' title='bbox 2321 321 2662 381; x_wconf 81' lang='lat' dir='ltr'><strong>ASCRIPTI.</strong></span> 
     </span>
    </p>
   </div>
   <div class='ocr_carea' id='block_1_3' title="bbox 3395 320 3502 381">
    <p class='ocr_par' dir='ltr' id='par_1_3' title="bbox 3395 320 3502 381">
     <span class='ocr_line' id='line_1_3' title="bbox 3395 320 3502 381; baseline 0.019 -2"><span class='ocrx_word' id='word_1_7' title='bbox 3395 320 3502 381; x_wconf 77' lang='grc'><strong>694</strong></span> 
     </span>
    </p>
   </div>
   <div class='ocr_carea' id='block_1_4' title="bbox 193 434 3511 511">
    <p class='ocr_par' dir='ltr' id='par_1_4' title="bbox 193 434 3511 511">
     <span class='ocr_line' id='line_1_4' title="bbox 193 434 3511 511; baseline 0.001 -17"><span class='ocrx_word' id='word_1_8' title='bbox 193 439 266 494; x_wconf 91' lang='lat' dir='ltr'><strong>sit</strong></span> <span class='ocrx_word' id='word_1_9' title='bbox 293 437 398 494; x_wconf 89' lang='lat' dir='ltr'><strong>dici</strong></span> <span class='ocrx_word' id='word_1_10' title='bbox 432 437 723 504; x_wconf 72' lang='lat' dir='ltr'><strong>festivitas,</strong></span> <span class='ocrx_word' id='word_1_11' title='bbox 767 437 952 495; x_wconf 85' lang='lat' dir='ltr'><strong>doceri</strong></span> <span class='ocrx_word' id='word_1_12' title='bbox 984 453 1086 494; x_wconf 88' lang='lat' dir='ltr'><strong>nos</strong></span> <span class='ocrx_word' id='word_1_13' title='bbox 1117 455 1225 494; x_wconf 89' lang='lat' dir='ltr'><strong>non</strong></span> <span class='ocrx_word' id='word_1_14' title='bbox 1257 451 1485 494; x_wconf 89' lang='lat' dir='ltr'><strong>necesse</strong></span> <span class='ocrx_word' id='word_1_15' title='bbox 1529 447 1651 503; x_wconf 89' lang='lat' dir='ltr'><strong>est;</strong></span> <span class='ocrx_word' id='word_1_16' title='bbox 1701 434 1793 508; x_wconf 89' lang='lat' dir='ltr'><strong>qui</strong></span> <span class='ocrx_word' id='word_1_17' title='bbox 1819 443 1870 504; x_wconf 75' lang='grc' dir='ltr'><strong>Α</strong></span> <span class='ocrx_word' id='word_1_18' title='bbox 1898 435 2067 492; x_wconf 90' lang='lat' dir='ltr'><strong>ardua</strong></span> <span class='ocrx_word' id='word_1_19' title='bbox 2100 439 2436 494; x_wconf 89' lang='lat' dir='ltr'><strong>sublimitate</strong></span> <span class='ocrx_word' id='word_1_20' title='bbox 2467 454 2816 510; x_wconf 87' lang='lat' dir='ltr'><strong>suspensum,</strong></span> <span class='ocrx_word' id='word_1_21' title='bbox 2861 439 3320 511; x_wconf 88' lang='lat' dir='ltr'><strong>quemadmodum</strong></span> <span class='ocrx_word' id='word_1_22' title='bbox 3350 442 3511 498; x_wconf 89' lang='lat' dir='ltr'><strong>fieret</strong></span> 
     </span>
    </p>
   </div>
   <div class='ocr_carea' id='block_1_5' title="bbox 191 529 1791 602">
    <p class='ocr_par' dir='ltr' id='par_1_5' title="bbox 191 529 1791 602">
     <span class='ocr_line' id='line_1_5' title="bbox 191 529 1791 602; baseline 0 -18"><span class='ocrx_word' id='word_1_23' title='bbox 191 531 502 602; x_wconf 80' lang='lat' dir='ltr'><strong>praevenitis</strong></span> <span class='ocrx_word' id='word_1_24' title='bbox 551 531 842 587; x_wconf 88' lang='lat' dir='ltr'><strong>devotione</strong></span> <span class='ocrx_word' id='word_1_25' title='bbox 879 531 1044 587; x_wconf 78' lang='lat' dir='ltr'><strong>docti.</strong></span> <span class='ocrx_word' id='word_1_26' title='bbox 1083 530 1220 586; x_wconf 81' lang='lat' dir='ltr'><strong>Nam</strong></span> <span class='ocrx_word' id='word_1_27' title='bbox 1271 539 1623 586; x_wconf 88' lang='lat' dir='ltr'><strong>accesserunt</strong></span> <span class='ocrx_word' id='word_1_28' title='bbox 1664 529 1791 584; x_wconf 89' lang='lat' dir='ltr'><strong>huc-</strong></span> 
     </span>
    </p>
   </div>
   <div class='ocr_carea' id='block_1_6' title="bbox 193 623 1792 697">
    <p class='ocr_par' dir='ltr' id='par_1_6' title="bbox 193 623 1792 697">
     <span class='ocr_line' id='line_1_6' title="bbox 193 623 1792 697; baseline -0.002 -16"><span class='ocrx_word' id='word_1_29' title='bbox 193 625 355 681; x_wconf 88' lang='lat' dir='ltr'><strong>hodie</strong></span> <span class='ocrx_word' id='word_1_30' title='bbox 379 625 714 696; x_wconf 66' lang='lat' dir='ltr'><strong>prephctieae</strong></span> <span class='ocrx_word' id='word_1_31' title='bbox 733 634 895 697; x_wconf 90' lang='lat' dir='ltr'><strong>atque</strong></span> <span class='ocrx_word' id='word_1_32' title='bbox 914 625 1239 696; x_wconf 74' lang='lat' dir='ltr'><strong>evangelica:</strong></span> <span class='ocrx_word' id='word_1_33' title='bbox 1262 624 1527 681; x_wconf 76' lang='lat' dir='ltr'><strong>lectiones</strong></span> <span class='ocrx_word' id='word_1_34' title='bbox 1545 623 1792 680; x_wconf 75' lang='lat' dir='ltr'><strong>eamdem</strong></span> 
     </span>
    </p>
   </div>
   <div class='ocr_carea' id='block_1_7' title="bbox 192 718 1794 790">
    <p class='ocr_par' dir='ltr' id='par_1_7' title="bbox 192 718 1794 790">
     <span class='ocr_line' id='line_1_7' title="bbox 192 718 1794 790; baseline -0.001 -16"><span class='ocrx_word' id='word_1_35' title='bbox 192 724 307 774; x_wconf 70' lang='lat' dir='ltr'><strong>rem</strong></span> <span class='ocrx_word' id='word_1_36' title='bbox 355 718 644 786; x_wconf 88' lang='lat' dir='ltr'><strong>docentes,</strong></span> <span class='ocrx_word' id='word_1_37' title='bbox 674 735 833 790; x_wconf 90' lang='lat' dir='ltr'><strong>quam</strong></span> <span class='ocrx_word' id='word_1_38' title='bbox 869 719 1004 774; x_wconf 85' lang='lat' dir='ltr'><strong>fides</strong></span> <span class='ocrx_word' id='word_1_39' title='bbox 1051 729 1228 775; x_wconf 85' lang='lat' dir='ltr'><strong>vestra</strong></span> <span class='ocrx_word' id='word_1_40' title='bbox 1260 735 1358 773; x_wconf 89' lang='lat' dir='ltr'><strong>nos</strong></span> <span class='ocrx_word' id='word_1_41' title='bbox 1379 719 1585 774; x_wconf 89' lang='lat' dir='ltr'><strong>docuit.</strong></span> <span class='ocrx_word' id='word_1_42' title='bbox 1617 718 1794 774; x_wconf 88' lang='lat' dir='ltr'><strong>Donet</strong></span> 
     </span>
    </p>
   </div>
   <div class='ocr_carea' id='block_1_8' title="bbox 193 809 1793 882">
    <p class='ocr_par' dir='ltr' id='par_1_8' title="bbox 193 809 1793 882">
     <span class='ocr_line' id='line_1_8' title="bbox 193 809 1793 882; baseline -0.001 -17"><span class='ocrx_word' id='word_1_43' title='bbox 193 825 323 882; x_wconf 87' lang='lat' dir='ltr'><strong>ergo</strong></span> <span class='ocrx_word' id='word_1_44' title='bbox 357 811 501 866; x_wconf 87' lang='lat' dir='ltr'><strong>Deus</strong></span> <span class='ocrx_word' id='word_1_45' title='bbox 536 820 742 878; x_wconf 87' lang='lat' dir='ltr'><strong>noster,</strong></span> <span class='ocrx_word' id='word_1_46' title='bbox 770 820 828 866; x_wconf 93' lang='lat' dir='ltr'><strong>nt</strong></span> <span class='ocrx_word' id='word_1_47' title='bbox 856 810 1314 868; x_wconf 88' lang='lat' dir='ltr'><strong>concordantibus</strong></span> <span class='ocrx_word' id='word_1_48' title='bbox 1336 813 1478 866; x_wconf 91' lang='lat' dir='ltr'><strong>sicut</strong></span> <span class='ocrx_word' id='word_1_49' title='bbox 1507 809 1691 876; x_wconf 88' lang='lat' dir='ltr'><strong>hodie,</strong></span> <span class='ocrx_word' id='word_1_50' title='bbox 1722 810 1793 864; x_wconf 89' lang='lat' dir='ltr'><strong>ita</strong></span> 
     </span>
    </p>
   </div>
   <div class='ocr_carea' id='block_1_9' title="bbox 190 901 1795 974">
    <p class='ocr_par' dir='ltr' id='par_1_9' title="bbox 190 901 1795 974">
     <span class='ocr_line' id='line_1_9' title="bbox 190 901 1795 974; baseline 0 -16"><span class='ocrx_word' id='word_1_51' title='bbox 190 901 344 958; x_wconf 92' lang='lat' dir='ltr'><strong>omni</strong></span> <span class='ocrx_word' id='word_1_52' title='bbox 372 911 621 974; x_wconf 86' lang='lat' dir='ltr'><strong>tempore</strong></span> <span class='ocrx_word' id='word_1_53' title='bbox 659 917 780 959; x_wconf 92' lang='lat' dir='ltr'><strong>cum</strong></span> <span class='ocrx_word' id='word_1_54' title='bbox 813 902 1049 961; x_wconf 89' lang='lat' dir='ltr'><strong>lectione</strong></span> <span class='ocrx_word' id='word_1_55' title='bbox 1076 903 1258 960; x_wconf 89' lang='lat' dir='ltr'><strong>divina</strong></span> <span class='ocrx_word' id='word_1_56' title='bbox 1297 902 1534 970; x_wconf 88' lang='lat' dir='ltr'><strong>actibus,</strong></span> <span class='ocrx_word' id='word_1_57' title='bbox 1567 902 1672 959; x_wconf 92' lang='lat' dir='ltr'><strong>hoc</strong></span> <span class='ocrx_word' id='word_1_58' title='bbox 1699 918 1795 958; x_wconf 90' lang='lat' dir='ltr'><strong>vos</strong></span> 
     </span>
    </p>
   </div>
   <div class='ocr_carea' id='block_1_10' title="bbox 195 995 822 1054">
    <p class='ocr_par' dir='ltr' id='par_1_10' title="bbox 195 995 822 1054">
     <span class='ocr_line' id='line_1_10' title="bbox 195 995 822 1054; baseline 0 -3"><span class='ocrx_word' id='word_1_59' title='bbox 195 995 442 1052; x_wconf 78' lang='lat' dir='ltr'><strong>habeatis</strong></span> <span class='ocrx_word' id='word_1_60' title='bbox 471 997 524 1052; x_wconf 92' lang='lat' dir='ltr'><strong>in</strong></span> <span class='ocrx_word' id='word_1_61' title='bbox 554 997 822 1054; x_wconf 90' lang='lat' dir='ltr'><strong>moribus.</strong></span> 
     </span>
    </p>
   </div>
   <div class='ocr_carea' id='block_1_11' title="bbox 769 1089 1219 1149">
    <p class='ocr_par' dir='ltr' id='par_1_11' title="bbox 769 1089 1219 1149">
     <span class='ocr_line' id='line_1_11' title="bbox 769 1089 1219 1149; baseline -0.009 0"><span class='ocrx_word' id='word_1_62' title='bbox 769 1090 1001 1149; x_wconf 81' lang='lat' dir='ltr'><strong>SEBMO</strong></span> <span class='ocrx_word' id='word_1_63' title='bbox 1033 1089 1219 1146; x_wconf 80' lang='lat' dir='ltr'><strong>XLVI.</strong></span> 
     </span>
    </p>
   </div>
   <div class='ocr_carea' id='block_1_12' title="bbox 784 1186 1219 1243">
    <p class='ocr_par' dir='ltr' id='par_1_12' title="bbox 784 1186 1219 1243">
     <span class='ocr_line' id='line_1_12' title="bbox 784 1186 1219 1243; baseline -0.002 -1"><span class='ocrx_word' id='word_1_64' title='bbox 784 1187 860 1243; x_wconf 91' lang='lat' dir='ltr'><strong>De</strong></span> <span class='ocrx_word' id='word_1_65' title='bbox 901 1186 1219 1243; x_wconf 88' lang='lat' dir='ltr'><strong>Salomone.</strong></span> 
     </span>
    </p>
   </div>
   <div class='ocr_carea' id='block_1_13' title="bbox 195 1279 1798 1342">
    <p class='ocr_par' dir='ltr' id='par_1_13' title="bbox 195 1279 1798 1342">
     <span class='ocr_line' id='line_1_13' title="bbox 195 1279 1798 1342; baseline -0.006 -2"><span class='ocrx_word' id='word_1_66' title='bbox 195 1284 262 1342; x_wconf 85' lang='lat' dir='ltr'><strong>In</strong></span> <span class='ocrx_word' id='word_1_67' title='bbox 290 1285 534 1342; x_wconf 87' lang='lat' dir='ltr'><strong>omnibus</strong></span> <span class='ocrx_word' id='word_1_68' title='bbox 572 1285 927 1340; x_wconf 82' lang='lat' dir='ltr'><strong>Ambrosianis</strong></span> <span class='ocrx_word' id='word_1_69' title='bbox 955 1281 1270 1338; x_wconf 84' lang='lat' dir='ltr'><strong>editionibus</strong></span> <span class='ocrx_word' id='word_1_70' title='bbox 1301 1280 1459 1337; x_wconf 81' lang='lat' dir='ltr'><strong>libelli</strong></span> <span class='ocrx_word' id='word_1_71' title='bbox 1491 1279 1700 1334; x_wconf 83' lang='lat' dir='ltr'><strong>titulum</strong></span> <span class='ocrx_word' id='word_1_72' title='bbox 1743 1279 1798 1332; x_wconf 88' lang='lat' dir='ltr'><strong>in</strong></span> 
     </span>
    </p>
   </div>
   <div class='ocr_carea' id='block_1_14' title="bbox 266 1369 1796 1449">
    <p class='ocr_par' dir='ltr' id='par_1_14' title="bbox 266 1369 1796 1449">
     <span class='ocr_line' id='line_1_14' title="bbox 266 1369 1796 1449; baseline -0.007 -17"><span class='ocrx_word' id='word_1_73' title='bbox 266 1378 444 1449; x_wconf 77' lang='lat' dir='ltr'><strong>fronte</strong></span> <span class='ocrx_word' id='word_1_74' title='bbox 470 1377 588 1431; x_wconf 85' lang='lat' dir='ltr'><strong>tulit</strong></span> <span class='ocrx_word' id='word_1_75' title='bbox 617 1377 728 1432; x_wconf 76' lang='lat' dir='ltr'><strong>lnzc</strong></span> <span class='ocrx_word' id='word_1_76' title='bbox 748 1375 960 1448; x_wconf 89' lang='lat' dir='ltr'><strong>opella;</strong></span> <span class='ocrx_word' id='word_1_77' title='bbox 991 1391 1105 1429; x_wconf 86' lang='lat' dir='ltr'><strong>cum</strong></span> <span class='ocrx_word' id='word_1_78' title='bbox 1137 1385 1304 1428; x_wconf 89' lang='lat' dir='ltr'><strong>tamen</strong></span> <span class='ocrx_word' id='word_1_79' title='bbox 1334 1388 1482 1428; x_wconf 84' lang='lat' dir='ltr'><strong>uerus</strong></span> <span class='ocrx_word' id='word_1_80' title='bbox 1512 1386 1679 1427; x_wconf 82' lang='lat' dir='ltr'><strong>sermo</strong></span> <span class='ocrx_word' id='word_1_81' title='bbox 1708 1369 1796 1435; x_wconf 88' lang='lat' dir='ltr'><strong>sit,</strong></span> 
     </span>
    </p>
   </div>
   <div class='ocr_carea' id='block_1_15' title="bbox 262 1466 1799 1542">
    <p class='ocr_par' dir='ltr' id='par_1_15' title="bbox 262 1466 1799 1542">
     <span class='ocr_line' id='line_1_15' title="bbox 262 1466 1799 1542; baseline -0.005 -16"><span class='ocrx_word' id='word_1_82' title='bbox 262 1487 370 1542; x_wconf 84' lang='lat' dir='ltr'><strong>quo</strong></span> <span class='ocrx_word' id='word_1_83' title='bbox 397 1471 498 1525; x_wconf 83' lang='lat' dir='ltr'><strong>tria</strong></span> <span class='ocrx_word' id='word_1_84' title='bbox 529 1469 832 1525; x_wconf 87' lang='lat' dir='ltr'><strong>Salomonis</strong></span> <span class='ocrx_word' id='word_1_85' title='bbox 861 1470 994 1525; x_wconf 85' lang='lat' dir='ltr'><strong>scitu</strong></span> <span class='ocrx_word' id='word_1_86' title='bbox 1025 1467 1368 1541; x_wconf 78' lang='lat' dir='ltr'><strong>impossibilia</strong></span> <span class='ocrx_word' id='word_1_87' title='bbox 1395 1466 1611 1536; x_wconf 77' lang='lat' dir='ltr'><strong>mystice</strong></span> <span class='ocrx_word' id='word_1_88' title='bbox 1637 1479 1799 1534; x_wconf 77' lang='lat' dir='ltr'><strong>expo-</strong></span> 
     </span>
    </p>
   </div>
   <div class='ocr_carea' id='block_1_16' title="bbox 264 1559 1802 1640">
    <p class='ocr_par' dir='ltr' id='par_1_16' title="bbox 264 1559 1802 1640">
     <span class='ocr_line' id='line_1_16' title="bbox 264 1559 1802 1640; baseline -0.005 -19"><span class='ocrx_word' id='word_1_89' title='bbox 264 1575 488 1622; x_wconf 80' lang='lat' dir='ltr'><strong>nuntur.</strong></span> <span class='ocrx_word' id='word_1_90' title='bbox 519 1563 657 1640; x_wconf 83' lang='lat' dir='ltr'><strong>Ejus</strong></span> <span class='ocrx_word' id='word_1_91' title='bbox 684 1565 1021 1637; x_wconf 84' lang='lat' dir='ltr'><strong>elegantiam,</strong></span> <span class='ocrx_word' id='word_1_92' title='bbox 1043 1573 1093 1618; x_wconf 90' lang='lat' dir='ltr'><strong>et</strong></span> <span class='ocrx_word' id='word_1_93' title='bbox 1118 1561 1275 1618; x_wconf 88' lang='lat' dir='ltr'><strong>simul</strong></span> <span class='ocrx_word' id='word_1_94' title='bbox 1298 1562 1362 1616; x_wconf 90' lang='lat' dir='ltr'><strong>ab</strong></span> <span class='ocrx_word' id='word_1_95' title='bbox 1385 1560 1642 1616; x_wconf 82' lang='lat' dir='ltr'><strong>Ambrosii</strong></span> <span class='ocrx_word' id='word_1_96' title='bbox 1668 1559 1802 1632; x_wconf 86' lang='lat' dir='ltr'><strong>styfo</strong></span> 
     </span>
    </p>
   </div>
   <div class='ocr_carea' id='block_1_17' title="bbox 265 1653 1804 1729">
    <p class='ocr_par' dir='ltr' id='par_1_17' title="bbox 265 1653 1804 1729">
     <span class='ocr_line' id='line_1_17' title="bbox 265 1653 1804 1729; baseline -0.004 -15"><span class='ocrx_word' id='word_1_97' title='bbox 265 1660 624 1716; x_wconf 77' lang='lat' dir='ltr'><strong>diversitatem</strong></span> <span class='ocrx_word' id='word_1_98' title='bbox 655 1657 910 1714; x_wconf 85' lang='lat' dir='ltr'><strong>Erasmus</strong></span> <span class='ocrx_word' id='word_1_99' title='bbox 931 1657 1137 1729; x_wconf 79' lang='lat' dir='ltr'><strong>agnouit</strong></span> <span class='ocrx_word' id='word_1_100' title='bbox 1178 1673 1197 1710; x_wconf 89' lang='lat'><strong><em>:</em></strong></span> <span class='ocrx_word' id='word_1_101' title='bbox 1223 1672 1395 1712; x_wconf 84' lang='lat' dir='ltr'><strong>verum</strong></span> <span class='ocrx_word' id='word_1_102' title='bbox 1422 1653 1704 1709; x_wconf 81' lang='lat' dir='ltr'><strong>secundum</strong></span> <span class='ocrx_word' id='word_1_103' title='bbox 1736 1654 1804 1708; x_wconf 89' lang='lat' dir='ltr'><strong>il-</strong></span> 
     </span>
    </p>
   </div>
   <div class='ocr_carea' id='block_1_18' title="bbox 265 1748 1803 1822">
    <p class='ocr_par' dir='ltr' id='par_1_18' title="bbox 265 1748 1803 1822">
     <span class='ocr_line' id='line_1_18' title="bbox 265 1748 1803 1822; baseline -0.003 -15"><span class='ocrx_word' id='word_1_104' title='bbox 265 1753 375 1807; x_wconf 87' lang='lat' dir='ltr'><strong>lam</strong></span> <span class='ocrx_word' id='word_1_105' title='bbox 403 1749 731 1806; x_wconf 78' lang='lat' dir='ltr'><strong>!iermannus</strong></span> <span class='ocrx_word' id='word_1_106' title='bbox 751 1760 896 1822; x_wconf 82' lang='lat' dir='ltr'><strong>putat</strong></span> <span class='ocrx_word' id='word_1_107' title='bbox 924 1749 1198 1804; x_wconf 80' lang='lat' dir='ltr'><strong>obscuram</strong></span> <span class='ocrx_word' id='word_1_108' title='bbox 1227 1764 1356 1814; x_wconf 89' lang='lat' dir='ltr'><strong>esse,</strong></span> <span class='ocrx_word' id='word_1_109' title='bbox 1376 1748 1478 1819; x_wconf 88' lang='lat' dir='ltr'><strong>ipsi</strong></span> <span class='ocrx_word' id='word_1_110' title='bbox 1511 1757 1681 1802; x_wconf 87' lang='lat' dir='ltr'><strong>tamen</strong></span> <span class='ocrx_word' id='word_1_111' title='bbox 1706 1762 1803 1802; x_wconf 70' lang='lat' dir='ltr'><strong>vox</strong></span> 
     </span>
    </p>
   </div>
   <div class='ocr_carea' id='block_1_19' title="bbox 1895 531 3504 606">
    <p class='ocr_par' dir='ltr' id='par_1_19' title="bbox 1895 531 3504 606">
     <span class='ocr_line' id='line_1_19' title="bbox 1895 531 3504 606; baseline 0.005 -22"><span class='ocrx_word' id='word_1_112' title='bbox 1895 531 2039 585; x_wconf 89' lang='lat' dir='ltr'><strong>aeris</strong></span> <span class='ocrx_word' id='word_1_113' title='bbox 2069 531 2226 587; x_wconf 89' lang='lat' dir='ltr'><strong>istius</strong></span> <span class='ocrx_word' id='word_1_114' title='bbox 2265 533 2658 604; x_wconf 84' lang='lat' dir='ltr'><strong>circnmjectns</strong></span> <span class='ocrx_word' id='word_1_115' title='bbox 2688 542 2744 589; x_wconf 88' lang='lat' dir='ltr'><strong>et</strong></span> <span class='ocrx_word' id='word_1_116' title='bbox 2767 535 2916 590; x_wconf 92' lang='lat' dir='ltr'><strong>fusus</strong></span> <span class='ocrx_word' id='word_1_117' title='bbox 2945 550 3100 606; x_wconf 75' lang='lat' dir='ltr'><strong>acan</strong></span> <span class='ocrx_word' id='word_1_118' title='bbox 3130 535 3504 592; x_wconf 85' lang='lat' dir='ltr'><strong>moderamine</strong></span> 
     </span>
    </p>
   </div>
   <div class='ocr_carea' id='block_1_20' title="bbox 1893 621 3503 698">
    <p class='ocr_par' dir='ltr' id='par_1_20' title="bbox 1893 621 3503 698">
     <span class='ocr_line' id='line_1_20' title="bbox 1893 621 3503 698; baseline 0.004 -21"><span class='ocrx_word' id='word_1_119' title='bbox 1893 621 2122 678; x_wconf 80' lang='lat' dir='ltr'><strong>libratus</strong></span> <span class='ocrx_word' id='word_1_120' title='bbox 2153 623 2204 678; x_wconf 86' lang='lat' dir='ltr'><strong>in</strong></span> <span class='ocrx_word' id='word_1_121' title='bbox 2251 625 2452 692; x_wconf 91' lang='lat' dir='ltr'><strong>medio,</strong></span> <span class='ocrx_word' id='word_1_122' title='bbox 2485 625 2681 696; x_wconf 90' lang='lat' dir='ltr'><strong>quibus</strong></span> <span class='ocrx_word' id='word_1_123' title='bbox 2712 627 2888 684; x_wconf 90' lang='lat' dir='ltr'><strong>modis</strong></span> <span class='ocrx_word' id='word_1_124' title='bbox 2919 628 3070 698; x_wconf 89' lang='lat' dir='ltr'><strong>pigro</strong></span> <span class='ocrx_word' id='word_1_125' title='bbox 3096 627 3162 682; x_wconf 91' lang='lat' dir='ltr'><strong>ad</strong></span> <span class='ocrx_word' id='word_1_126' title='bbox 3204 629 3370 684; x_wconf 91' lang='lat' dir='ltr'><strong>imum</strong></span> <span class='ocrx_word' id='word_1_127' title='bbox 3413 627 3503 684; x_wconf 89' lang='lat' dir='ltr'><strong>di-</strong></span> 
     </span>
    </p>
   </div>
   <div class='ocr_carea' id='block_1_21' title="bbox 1893 711 3502 791">
    <p class='ocr_par' dir='ltr' id='par_1_21' title="bbox 1893 711 3502 791">
     <span class='ocr_line' id='line_1_21' title="bbox 1893 711 3502 791; baseline 0.004 -23"><span class='ocrx_word' id='word_1_128' title='bbox 1893 711 2043 785; x_wconf 90' lang='lat' dir='ltr'><strong>lapsa</strong></span> <span class='ocrx_word' id='word_1_129' title='bbox 2090 716 2334 788; x_wconf 87' lang='lat' dir='ltr'><strong>pondere</strong></span> <span class='ocrx_word' id='word_1_130' title='bbox 2385 727 2527 774; x_wconf 91' lang='lat' dir='ltr'><strong>terra</strong></span> <span class='ocrx_word' id='word_1_131' title='bbox 2558 720 2906 783; x_wconf 87' lang='lat' dir='ltr'><strong>subsisteret,</strong></span> <span class='ocrx_word' id='word_1_132' title='bbox 2948 736 3050 791; x_wconf 89' lang='lat' dir='ltr'><strong>qua</strong></span> <span class='ocrx_word' id='word_1_133' title='bbox 3095 721 3306 776; x_wconf 87' lang='lat' dir='ltr'><strong>ratione</strong></span> <span class='ocrx_word' id='word_1_134' title='bbox 3354 720 3502 775; x_wconf 88' lang='lat' dir='ltr'><strong>intra</strong></span> 
     </span>
    </p>
   </div>
   <div class='ocr_carea' id='block_1_22' title="bbox 1895 809 3506 884">
    <p class='ocr_par' dir='ltr' id='par_1_22' title="bbox 1895 809 3506 884">
     <span class='ocr_line' id='line_1_22' title="bbox 1895 809 3506 884; baseline 0.004 -20"><span class='ocrx_word' id='word_1_135' title='bbox 1895 817 2072 865; x_wconf 87' lang='lat' dir='ltr'><strong>certas</strong></span> <span class='ocrx_word' id='word_1_136' title='bbox 2113 809 2358 866; x_wconf 90' lang='lat' dir='ltr'><strong>littorum</strong></span> <span class='ocrx_word' id='word_1_137' title='bbox 2415 822 2589 868; x_wconf 82' lang='lat' dir='ltr'><strong>metas</strong></span> <span class='ocrx_word' id='word_1_138' title='bbox 2645 813 2835 884; x_wconf 90' lang='lat' dir='ltr'><strong>liquidi</strong></span> <span class='ocrx_word' id='word_1_139' title='bbox 2890 814 3152 870; x_wconf 90' lang='lat' dir='ltr'><strong>elementi</strong></span> <span class='ocrx_word' id='word_1_140' title='bbox 3211 814 3506 884; x_wconf 82' lang='lat' dir='ltr'><strong>impatiens</strong></span> 
     </span>
    </p>
   </div>
   <div class='ocr_carea' id='block_1_23' title="bbox 1896 903 3500 979">
    <p class='ocr_par' dir='ltr' id='par_1_23' title="bbox 1896 903 3500 979">
     <span class='ocr_line' id='line_1_23' title="bbox 1896 903 3500 979; baseline 0.002 -21"><span class='ocrx_word' id='word_1_141' title='bbox 1896 903 2092 959; x_wconf 80' lang='lat' dir='ltr'><strong>ﬂuctus</strong></span> <span class='ocrx_word' id='word_1_142' title='bbox 2139 906 2325 975; x_wconf 90' lang='lat' dir='ltr'><strong>lapsus</strong></span> <span class='ocrx_word' id='word_1_143' title='bbox 2373 915 2641 962; x_wconf 77' lang='lat' dir='ltr'><strong>exaestuet</strong></span> <span class='ocrx_word' id='word_1_144' title='bbox 2674 925 2686 960; x_wconf 91' lang='lat'><strong>:</strong></span> <span class='ocrx_word' id='word_1_145' title='bbox 2719 907 2866 978; x_wconf 92' lang='lat' dir='ltr'><strong>quod</strong></span> <span class='ocrx_word' id='word_1_146' title='bbox 2915 907 3246 979; x_wconf 85' lang='lat' dir='ltr'><strong>principium</strong></span> <span class='ocrx_word' id='word_1_147' title='bbox 3292 923 3500 974; x_wconf 90' lang='lat' dir='ltr'><strong>rerum,</strong></span> 
     </span>
    </p>
   </div>
   <div class='ocr_carea' id='block_1_24' title="bbox 1896 997 3504 1069">
    <p class='ocr_par' dir='ltr' id='par_1_24' title="bbox 1896 997 3504 1069">
     <span class='ocr_line' id='line_1_24' title="bbox 1896 997 3504 1069; baseline 0.004 -19"><span class='ocrx_word' id='word_1_148' title='bbox 1896 997 2018 1067; x_wconf 90' lang='lat' dir='ltr'><strong>quis</strong></span> <span class='ocrx_word' id='word_1_149' title='bbox 2049 997 2193 1063; x_wconf 91' lang='lat' dir='ltr'><strong>finis,</strong></span> <span class='ocrx_word' id='word_1_150' title='bbox 2223 1007 2276 1053; x_wconf 90' lang='lat' dir='ltr'><strong>et</strong></span> <span class='ocrx_word' id='word_1_151' title='bbox 2317 1015 2437 1069; x_wconf 77' lang='lat' dir='ltr'><strong>qua:</strong></span> <span class='ocrx_word' id='word_1_152' title='bbox 2463 1008 2652 1055; x_wconf 87' lang='lat' dir='ltr'><strong>essent</strong></span> <span class='ocrx_word' id='word_1_153' title='bbox 2682 1000 2882 1056; x_wconf 90' lang='lat' dir='ltr'><strong>media.</strong></span> <span class='ocrx_word' id='word_1_154' title='bbox 2913 1001 3086 1069; x_wconf 91' lang='lat' dir='ltr'><strong>Quem</strong></span> <span class='ocrx_word' id='word_1_155' title='bbox 3117 1003 3316 1057; x_wconf 87' lang='lat' dir='ltr'><strong>iterum</strong></span> <span class='ocrx_word' id='word_1_156' title='bbox 3363 1001 3504 1056; x_wconf 83' lang='lat' dir='ltr'><strong>divi-</strong></span> 
     </span>
    </p>
   </div>
   <div class='ocr_carea' id='block_1_25' title="bbox 1897 1089 3503 1167">
    <p class='ocr_par' dir='ltr' id='par_1_25' title="bbox 1897 1089 3503 1167">
     <span class='ocr_line' id='line_1_25' title="bbox 1897 1089 3503 1167; baseline 0.004 -21"><span class='ocrx_word' id='word_1_157' title='bbox 1897 1089 2080 1146; x_wconf 88' lang='lat' dir='ltr'><strong>siones</strong></span> <span class='ocrx_word' id='word_1_158' title='bbox 2129 1102 2184 1147; x_wconf 90' lang='lat' dir='ltr'><strong>et</strong></span> <span class='ocrx_word' id='word_1_159' title='bbox 2236 1094 2563 1149; x_wconf 87' lang='lat' dir='ltr'><strong>mutationes</strong></span> <span class='ocrx_word' id='word_1_160' title='bbox 2593 1103 2900 1166; x_wconf 89' lang='lat' dir='ltr'><strong>temporum</strong></span> <span class='ocrx_word' id='word_1_161' title='bbox 2953 1111 3060 1151; x_wconf 92' lang='lat' dir='ltr'><strong>non</strong></span> <span class='ocrx_word' id='word_1_162' title='bbox 3107 1096 3372 1165; x_wconf 91' lang='lat' dir='ltr'><strong>latebant,</strong></span> <span class='ocrx_word' id='word_1_163' title='bbox 3411 1097 3503 1167; x_wconf 92' lang='lat' dir='ltr'><strong>qui</strong></span> 
     </span>
    </p>
   </div>
   <div class='ocr_carea' id='block_1_26' title="bbox 1897 1185 3499 1258">
    <p class='ocr_par' dir='ltr' id='par_1_26' title="bbox 1897 1185 3499 1258">
     <span class='ocr_line' id='line_1_26' title="bbox 1897 1185 3499 1258; baseline 0.002 -18"><span class='ocrx_word' id='word_1_164' title='bbox 1897 1185 2390 1256; x_wconf 87' lang='lat' dir='ltr'><strong>comprehenderat</strong></span> <span class='ocrx_word' id='word_1_165' title='bbox 2425 1188 2660 1258; x_wconf 88' lang='lat' dir='ltr'><strong>qualiter</strong></span> <span class='ocrx_word' id='word_1_166' title='bbox 2684 1189 2790 1244; x_wconf 87' lang='lat' dir='ltr'><strong>sibi</strong></span> <span class='ocrx_word' id='word_1_167' title='bbox 2817 1204 3085 1244; x_wconf 89' lang='lat' dir='ltr'><strong>annorum</strong></span> <span class='ocrx_word' id='word_1_168' title='bbox 3116 1198 3302 1245; x_wconf 90' lang='lat' dir='ltr'><strong>mntua</strong></span> <span class='ocrx_word' id='word_1_169' title='bbox 3332 1189 3499 1244; x_wconf 89' lang='lat' dir='ltr'><strong>vicis-</strong></span> 
     </span>
    </p>
   </div>
   <div class='ocr_carea' id='block_1_27' title="bbox 1898 1281 3506 1355">
    <p class='ocr_par' dir='ltr' id='par_1_27' title="bbox 1898 1281 3506 1355">
     <span class='ocr_line' id='line_1_27' title="bbox 1898 1281 3506 1355; baseline 0.002 -19"><span class='ocrx_word' id='word_1_170' title='bbox 1898 1281 2096 1347; x_wconf 90' lang='lat' dir='ltr'><strong>situdo,</strong></span> <span class='ocrx_word' id='word_1_171' title='bbox 2128 1283 2390 1340; x_wconf 90' lang='lat' dir='ltr'><strong>redeunte</strong></span> <span class='ocrx_word' id='word_1_172' title='bbox 2419 1284 2579 1352; x_wconf 87' lang='lat' dir='ltr'><strong>orbe,</strong></span> <span class='ocrx_word' id='word_1_173' title='bbox 2612 1284 2958 1351; x_wconf 87' lang='lat' dir='ltr'><strong>succederet,</strong></span> <span class='ocrx_word' id='word_1_174' title='bbox 2988 1299 3098 1355; x_wconf 86' lang='lat' dir='ltr'><strong>qua</strong></span> <span class='ocrx_word' id='word_1_175' title='bbox 3124 1301 3290 1340; x_wconf 88' lang='lat' dir='ltr'><strong>causa</strong></span> <span class='ocrx_word' id='word_1_176' title='bbox 3321 1286 3506 1340; x_wconf 88' lang='lat' dir='ltr'><strong>varios</strong></span> 
     </span>
    </p>
   </div>
   <div class='ocr_carea' id='block_1_28' title="bbox 1899 1377 3509 1450">
    <p class='ocr_par' dir='ltr' id='par_1_28' title="bbox 1899 1377 3509 1450">
     <span class='ocr_line' id='line_1_28' title="bbox 1899 1377 3509 1450; baseline 0 -18"><span class='ocrx_word' id='word_1_177' title='bbox 1899 1377 2180 1433; x_wconf 90' lang='lat' dir='ltr'><strong>stellarum</strong></span> <span class='ocrx_word' id='word_1_178' title='bbox 2228 1387 2415 1449; x_wconf 79' lang='lat' dir='ltr'><strong>ageret</strong></span> <span class='ocrx_word' id='word_1_179' title='bbox 2459 1395 2675 1445; x_wconf 81' lang='lat' dir='ltr'><strong>cursus,</strong></span> <span class='ocrx_word' id='word_1_180' title='bbox 2724 1379 3086 1450; x_wconf 83' lang='lat' dir='ltr'><strong>praecedendo</strong></span> <span class='ocrx_word' id='word_1_181' title='bbox 3132 1394 3191 1434; x_wconf 88' lang='lat' dir='ltr'><strong>se</strong></span> <span class='ocrx_word' id='word_1_182' title='bbox 3237 1393 3509 1433; x_wconf 90' lang='lat' dir='ltr'><strong>nonnum-</strong></span> 
     </span>
    </p>
   </div>
   <div class='ocr_carea' id='block_1_29' title="bbox 1901 1471 3510 1542">
    <p class='ocr_par' dir='ltr' id='par_1_29' title="bbox 1901 1471 3510 1542">
     <span class='ocr_line' id='line_1_29' title="bbox 1901 1471 3510 1542; baseline 0.001 -20"><span class='ocrx_word' id='word_1_183' title='bbox 1901 1483 2086 1540; x_wconf 88' lang='lat' dir='ltr'><strong>quam,</strong></span> <span class='ocrx_word' id='word_1_184' title='bbox 2131 1481 2223 1525; x_wconf 91' lang='lat' dir='ltr'><strong>ant</strong></span> <span class='ocrx_word' id='word_1_185' title='bbox 2267 1472 2448 1528; x_wconf 89' lang='lat' dir='ltr'><strong>subito</strong></span> <span class='ocrx_word' id='word_1_186' title='bbox 2497 1471 2902 1542; x_wconf 89' lang='lat' dir='ltr'><strong>subsequendo,</strong></span> <span class='ocrx_word' id='word_1_187' title='bbox 2936 1471 3080 1527; x_wconf 91' lang='lat' dir='ltr'><strong>unde</strong></span> <span class='ocrx_word' id='word_1_188' title='bbox 3125 1486 3314 1526; x_wconf 91' lang='lat' dir='ltr'><strong>earum</strong></span> <span class='ocrx_word' id='word_1_189' title='bbox 3361 1480 3510 1526; x_wconf 87' lang='lat' dir='ltr'><strong>esset</strong></span> 
     </span>
    </p>
   </div>
   <div class='ocr_carea' id='block_1_30' title="bbox 1902 1564 3509 1638">
    <p class='ocr_par' dir='ltr' id='par_1_30' title="bbox 1902 1564 3509 1638">
     <span class='ocr_line' id='line_1_30' title="bbox 1902 1564 3509 1638; baseline 0.002 -21"><span class='ocrx_word' id='word_1_190' title='bbox 1902 1573 2056 1618; x_wconf 87' lang='lat' dir='ltr'><strong>ortus</strong></span> <span class='ocrx_word' id='word_1_191' title='bbox 2082 1574 2174 1618; x_wconf 89' lang='lat' dir='ltr'><strong>aut</strong></span> <span class='ocrx_word' id='word_1_192' title='bbox 2203 1564 2409 1630; x_wconf 92' lang='lat' dir='ltr'><strong>obitus,</strong></span> <span class='ocrx_word' id='word_1_193' title='bbox 2444 1575 2500 1622; x_wconf 90' lang='lat' dir='ltr'><strong>et</strong></span> <span class='ocrx_word' id='word_1_194' title='bbox 2544 1566 2650 1622; x_wconf 85' lang='lat' dir='ltr'><strong>alia</strong></span> <span class='ocrx_word' id='word_1_195' title='bbox 2698 1567 2893 1633; x_wconf 88' lang='lat' dir='ltr'><strong>multa,</strong></span> <span class='ocrx_word' id='word_1_196' title='bbox 2932 1583 3052 1638; x_wconf 70' lang='lat' dir='ltr'><strong>qum</strong></span> <span class='ocrx_word' id='word_1_197' title='bbox 3101 1566 3371 1636; x_wconf 88' lang='lat' dir='ltr'><strong>sapientia</strong></span> <span class='ocrx_word' id='word_1_198' title='bbox 3405 1565 3509 1620; x_wconf 85' lang='lat' dir='ltr'><strong>do-</strong></span> 
     </span>
    </p>
   </div>
   <div class='ocr_carea' id='block_1_31' title="bbox 1903 1658 3511 1731">
    <p class='ocr_par' dir='ltr' id='par_1_31' title="bbox 1903 1658 3511 1731">
     <span class='ocr_line' id='line_1_31' title="bbox 1903 1658 3511 1731; baseline 0.001 -21"><span class='ocrx_word' id='word_1_199' title='bbox 1903 1664 2081 1722; x_wconf 89' lang='lat' dir='ltr'><strong>cente,</strong></span> <span class='ocrx_word' id='word_1_200' title='bbox 2111 1667 2461 1728; x_wconf 77' lang='lat' dir='ltr'><strong>cognoverat.</strong></span> <span class='ocrx_word' id='word_1_201' title='bbox 2488 1658 2677 1714; x_wconf 79' lang='lat' dir='ltr'><strong>Mirum</strong></span> <span class='ocrx_word' id='word_1_202' title='bbox 2709 1659 2853 1730; x_wconf 91' lang='lat' dir='ltr'><strong>quod</strong></span> <span class='ocrx_word' id='word_1_203' title='bbox 2880 1661 2981 1714; x_wconf 89' lang='lat' dir='ltr'><strong>ista</strong></span> <span class='ocrx_word' id='word_1_204' title='bbox 3013 1675 3134 1731; x_wconf 86' lang='lat' dir='ltr'><strong>quae</strong></span> <span class='ocrx_word' id='word_1_205' title='bbox 3164 1659 3266 1715; x_wconf 88' lang='lat' dir='ltr'><strong>sibi</strong></span> <span class='ocrx_word' id='word_1_206' title='bbox 3303 1659 3511 1730; x_wconf 87' lang='lat' dir='ltr'><strong>impos—</strong></span> 
     </span>
    </p>
   </div>
   <div class='ocr_carea' id='block_1_32' title="bbox 1905 1749 3438 1823">
    <p class='ocr_par' dir='ltr' id='par_1_32' title="bbox 1905 1749 3438 1823">
     <span class='ocr_line' id='line_1_32' title="bbox 1905 1749 3438 1823; baseline 0.001 -18"><span class='ocrx_word' id='word_1_207' title='bbox 1905 1749 2086 1805; x_wconf 85' lang='lat' dir='ltr'><strong>sibilia</strong></span> <span class='ocrx_word' id='word_1_208' title='bbox 2111 1766 2231 1807; x_wconf 82' lang='lat' dir='ltr'><strong>esse</strong></span> <span class='ocrx_word' id='word_1_209' title='bbox 2259 1751 2407 1817; x_wconf 91' lang='lat' dir='ltr'><strong>dicit,</strong></span> <span class='ocrx_word' id='word_1_210' title='bbox 2441 1761 2534 1807; x_wconf 92' lang='lat' dir='ltr'><strong>aut</strong></span> <span class='ocrx_word' id='word_1_211' title='bbox 2560 1755 2707 1808; x_wconf 91' lang='lat' dir='ltr'><strong>scire</strong></span> <span class='ocrx_word' id='word_1_212' title='bbox 2737 1768 2842 1807; x_wconf 93' lang='lat' dir='ltr'><strong>non</strong></span> <span class='ocrx_word' id='word_1_213' title='bbox 2873 1754 3073 1823; x_wconf 90' lang='lat' dir='ltr'><strong>potuit,</strong></span> <span class='ocrx_word' id='word_1_214' title='bbox 3105 1761 3199 1808; x_wconf 91' lang='lat' dir='ltr'><strong>aut</strong></span> <span class='ocrx_word' id='word_1_215' title='bbox 3227 1752 3438 1807; x_wconf 83' lang='lat' dir='ltr'><strong>videre.</strong></span> 
     </span>
    </p>
   </div>
   <div class='ocr_carea' id='block_1_33' title="bbox 267 1836 3510 1916">
    <p class='ocr_par' dir='ltr' id='par_1_33' title="bbox 267 1836 3510 1916">
     <span class='ocr_line' id='line_1_33' title="bbox 267 1836 3510 1916; baseline -0 -15"><span class='ocrx_word' id='word_1_216' title='bbox 267 1844 759 1914; x_wconf 86' lang='lat' dir='ltr'><strong>Psalmographus,</strong></span> <span class='ocrx_word' id='word_1_217' title='bbox 791 1843 875 1896; x_wconf 92' lang='lat' dir='ltr'><strong>cui</strong></span> <span class='ocrx_word' id='word_1_218' title='bbox 905 1842 1061 1896; x_wconf 87' lang='lat' dir='ltr'><strong>etiam</strong></span> <span class='ocrx_word' id='word_1_219' title='bbox 1101 1839 1444 1908; x_wconf 85' lang='lat' dir='ltr'><strong>Archipirata</strong></span> <span class='ocrx_word' id='word_1_220' title='bbox 1471 1841 1629 1910; x_wconf 87' lang='lat' dir='ltr'><strong>jungi</strong></span> <span class='ocrx_word' id='word_1_221' title='bbox 1660 1848 1806 1909; x_wconf 88' lang='lat' dir='ltr'><strong>pote-</strong></span> <span class='ocrx_word' id='word_1_222' title='bbox 1837 1836 1881 1896; x_wconf 86' lang='grc' dir='ltr'><strong>Β</strong></span> <span class='ocrx_word' id='word_1_223' title='bbox 1978 1843 2033 1898; x_wconf 82' lang='grc'><strong>5.</strong></span> <span class='ocrx_word' id='word_1_224' title='bbox 2059 1842 2165 1898; x_wconf 90' lang='lat' dir='ltr'><strong>Sed</strong></span> <span class='ocrx_word' id='word_1_225' title='bbox 2200 1845 2322 1915; x_wconf 89' lang='lat' dir='ltr'><strong>quia</strong></span> <span class='ocrx_word' id='word_1_226' title='bbox 2353 1845 2536 1900; x_wconf 90' lang='lat' dir='ltr'><strong>omnia</strong></span> <span class='ocrx_word' id='word_1_227' title='bbox 2569 1861 2690 1916; x_wconf 73' lang='lat' dir='ltr'><strong>qua:</strong></span> <span class='ocrx_word' id='word_1_228' title='bbox 2720 1847 2771 1900; x_wconf 91' lang='lat' dir='ltr'><strong>in</strong></span> <span class='ocrx_word' id='word_1_229' title='bbox 2797 1846 2951 1902; x_wconf 84' lang='lat' dir='ltr'><strong>libris</strong></span> <span class='ocrx_word' id='word_1_230' title='bbox 2980 1846 3183 1902; x_wconf 85' lang='lat' dir='ltr'><strong>divinis</strong></span> <span class='ocrx_word' id='word_1_231' title='bbox 3209 1850 3510 1916; x_wconf 83' lang='lat' dir='ltr'><strong>propheta-</strong></span> 
     </span>
    </p>
   </div>
   <div class='ocr_carea' id='block_1_34' title="bbox 264 1932 1804 2004">
    <p class='ocr_par' dir='ltr' id='par_1_34' title="bbox 264 1932 1804 2004">
     <span class='ocr_line' id='line_1_34' title="bbox 264 1932 1804 2004; baseline -0.003 -12"><span class='ocrx_word' id='word_1_232' title='bbox 264 1947 372 2004; x_wconf 87' lang='lat' dir='ltr'><strong>rat,</strong></span> <span class='ocrx_word' id='word_1_233' title='bbox 405 1953 504 1991; x_wconf 88' lang='lat' dir='ltr'><strong>non</strong></span> <span class='ocrx_word' id='word_1_234' title='bbox 533 1936 660 1991; x_wconf 82' lang='lat' dir='ltr'><strong>satis</strong></span> <span class='ocrx_word' id='word_1_235' title='bbox 687 1936 889 1990; x_wconf 82' lang='lat' dir='ltr'><strong>videtur</strong></span> <span class='ocrx_word' id='word_1_236' title='bbox 917 1933 1260 1989; x_wconf 77' lang='lat' dir='ltr'><strong>Ambrosiana</strong></span> <span class='ocrx_word' id='word_1_237' title='bbox 1291 1950 1312 1990; x_wconf 87' lang='lat'><strong><em>:</em></strong></span> <span class='ocrx_word' id='word_1_238' title='bbox 1335 1934 1426 1989; x_wconf 88' lang='lat' dir='ltr'><strong>sed</strong></span> <span class='ocrx_word' id='word_1_239' title='bbox 1454 1949 1550 1988; x_wconf 84' lang='lat' dir='ltr'><strong>nos</strong></span> <span class='ocrx_word' id='word_1_240' title='bbox 1597 1932 1804 1988; x_wconf 86' lang='lat' dir='ltr'><strong>Erasmi</strong></span> 
     </span>
    </p>
   </div>
   <div class='ocr_carea' id='block_1_35' title="bbox 256 2029 1804 2106">
    <p class='ocr_par' dir='ltr' id='par_1_35' title="bbox 256 2029 1804 2106">
     <span class='ocr_line' id='line_1_35' title="bbox 256 2029 1804 2106; baseline -0.003 -19"><span class='ocrx_word' id='word_1_241' title='bbox 256 2032 528 2106; x_wconf 82' lang='lat' dir='ltr'><strong>judicium</strong></span> <span class='ocrx_word' id='word_1_242' title='bbox 560 2042 780 2098; x_wconf 86' lang='lat' dir='ltr'><strong>utraque</strong></span> <span class='ocrx_word' id='word_1_243' title='bbox 827 2046 891 2087; x_wconf 77' lang='lat' dir='ltr'><strong>ea:</strong></span> <span class='ocrx_word' id='word_1_244' title='bbox 934 2041 1084 2100; x_wconf 87' lang='lat' dir='ltr'><strong>parte</strong></span> <span class='ocrx_word' id='word_1_245' title='bbox 1111 2046 1286 2085; x_wconf 82' lang='lat' dir='ltr'><strong>verum</strong></span> <span class='ocrx_word' id='word_1_246' title='bbox 1334 2029 1611 2084; x_wconf 81' lang='lat' dir='ltr'><strong>credimus.</strong></span> <span class='ocrx_word' id='word_1_247' title='bbox 1648 2029 1804 2097; x_wconf 84' lang='lat' dir='ltr'><strong>Quod</strong></span> 
     </span>
    </p>
   </div>
   <div class='ocr_carea' id='block_1_36' title="bbox 265 2123 1804 2195">
    <p class='ocr_par' dir='ltr' id='par_1_36' title="bbox 265 2123 1804 2195">
     <span class='ocr_line' id='line_1_36' title="bbox 265 2123 1804 2195; baseline -0.001 -15"><span class='ocrx_word' id='word_1_248' title='bbox 265 2134 447 2180; x_wconf 89' lang='lat' dir='ltr'><strong>autem</strong></span> <span class='ocrx_word' id='word_1_249' title='bbox 490 2124 824 2180; x_wconf 78' lang='lat' dir='ltr'><strong>Hermannus</strong></span> <span class='ocrx_word' id='word_1_250' title='bbox 849 2125 1154 2180; x_wconf 85' lang='lat' dir='ltr'><strong>sententiam</strong></span> <span class='ocrx_word' id='word_1_251' title='bbox 1191 2141 1295 2195; x_wconf 88' lang='lat' dir='ltr'><strong>qua</strong></span> <span class='ocrx_word' id='word_1_252' title='bbox 1326 2124 1410 2177; x_wconf 81' lang='lat' dir='ltr'><strong>hic</strong></span> <span class='ocrx_word' id='word_1_253' title='bbox 1431 2124 1626 2178; x_wconf 87' lang='lat' dir='ltr'><strong>dicitur</strong></span> <span class='ocrx_word' id='word_1_254' title='bbox 1658 2123 1804 2178; x_wconf 81' lang='lat' dir='ltr'><strong>Mar-</strong></span> 
     </span>
    </p>
   </div>
   <div class='ocr_carea' id='block_1_37' title="bbox 265 2216 1802 2290">
    <p class='ocr_par' dir='ltr' id='par_1_37' title="bbox 265 2216 1802 2290">
     <span class='ocr_line' id='line_1_37' title="bbox 265 2216 1802 2290; baseline -0.001 -18"><span class='ocrx_word' id='word_1_255' title='bbox 265 2217 360 2272; x_wconf 82' lang='lat' dir='ltr'><strong>tha</strong></span> <span class='ocrx_word' id='word_1_256' title='bbox 389 2216 578 2272; x_wconf 81' lang='lat' dir='ltr'><strong>Lazari</strong></span> <span class='ocrx_word' id='word_1_257' title='bbox 620 2233 772 2272; x_wconf 87' lang='lat' dir='ltr'><strong>soror</strong></span> <span class='ocrx_word' id='word_1_258' title='bbox 799 2234 832 2272; x_wconf 93' lang='lat' dir='ltr'><strong>a</strong></span> <span class='ocrx_word' id='word_1_259' title='bbox 868 2216 1075 2274; x_wconf 87' lang='lat' dir='ltr'><strong>Christo</strong></span> <span class='ocrx_word' id='word_1_260' title='bbox 1105 2216 1375 2272; x_wconf 88' lang='lat' dir='ltr'><strong>liberatam</strong></span> <span class='ocrx_word' id='word_1_261' title='bbox 1410 2218 1560 2287; x_wconf 75' lang='lat' dir='ltr'><strong>fluxu</strong></span> <span class='ocrx_word' id='word_1_262' title='bbox 1589 2216 1802 2290; x_wconf 86' lang='lat' dir='ltr'><strong>sangui-</strong></span> 
     </span>
    </p>
   </div>
   <div class='ocr_carea' id='block_1_38' title="bbox 265 2308 1805 2381">
    <p class='ocr_par' dir='ltr' id='par_1_38' title="bbox 265 2308 1805 2381">
     <span class='ocr_line' id='line_1_38' title="bbox 265 2308 1805 2381; baseline -0.002 -15"><span class='ocrx_word' id='word_1_263' title='bbox 265 2311 375 2377; x_wconf 83' lang='lat' dir='ltr'><strong>nis,</strong></span> <span class='ocrx_word' id='word_1_264' title='bbox 409 2325 592 2380; x_wconf 89' lang='lat' dir='ltr'><strong>parum</strong></span> <span class='ocrx_word' id='word_1_265' title='bbox 622 2325 731 2364; x_wconf 85' lang='lat' dir='ltr'><strong>esse</strong></span> <span class='ocrx_word' id='word_1_266' title='bbox 769 2311 1000 2380; x_wconf 77' lang='lat' dir='ltr'><strong>firmam,</strong></span> <span class='ocrx_word' id='word_1_267' title='bbox 1040 2324 1280 2381; x_wconf 82' lang='lat' dir='ltr'><strong>quamam</strong></span> <span class='ocrx_word' id='word_1_268' title='bbox 1311 2308 1468 2379; x_wconf 79' lang='lat' dir='ltr'><strong>fuerit</strong></span> <span class='ocrx_word' id='word_1_269' title='bbox 1499 2308 1688 2363; x_wconf 86' lang='lat' dir='ltr'><strong>mulier</strong></span> <span class='ocrx_word' id='word_1_270' title='bbox 1716 2326 1805 2363; x_wconf 85' lang='lat' dir='ltr'><strong>sa-</strong></span> 
     </span>
    </p>
   </div>
   <div class='ocr_carea' id='block_1_39' title="bbox 265 2403 1803 2476">
    <p class='ocr_par' dir='ltr' id='par_1_39' title="bbox 265 2403 1803 2476">
     <span class='ocr_line' id='line_1_39' title="bbox 265 2403 1803 2476; baseline -0.001 -15"><span class='ocrx_word' id='word_1_271' title='bbox 265 2415 398 2462; x_wconf 88' lang='lat' dir='ltr'><strong>nata</strong></span> <span class='ocrx_word' id='word_1_272' title='bbox 440 2405 712 2461; x_wconf 85' lang='lat' dir='ltr'><strong>consulere</strong></span> <span class='ocrx_word' id='word_1_273' title='bbox 759 2405 876 2460; x_wconf 88' lang='lat' dir='ltr'><strong>licet</strong></span> <span class='ocrx_word' id='word_1_274' title='bbox 921 2403 1132 2459; x_wconf 85' lang='lat' dir='ltr'><strong>Eusebii</strong></span> <span class='ocrx_word' id='word_1_275' title='bbox 1163 2404 1256 2458; x_wconf 88' lang='lat' dir='ltr'><strong>lib.</strong></span> <span class='ocrx_word' id='word_1_276' title='bbox 1291 2419 1364 2458; x_wconf 85' lang='lat' dir='ltr'><strong>vtt</strong></span> <span class='ocrx_word' id='word_1_277' title='bbox 1407 2403 1544 2458; x_wconf 86' lang='lat' dir='ltr'><strong>Hist.</strong></span> <span class='ocrx_word' id='word_1_278' title='bbox 1580 2419 1698 2476; x_wconf 88' lang='lat' dir='ltr'><strong>cap.</strong></span> <span class='ocrx_word' id='word_1_279' title='bbox 1735 2403 1803 2460; x_wconf 73' lang='grc'><strong>18</strong></span> 
     </span>
    </p>
   </div>
   <div class='ocr_carea' id='block_1_40' title="bbox 264 2494 1805 2568">
    <p class='ocr_par' dir='ltr' id='par_1_40' title="bbox 264 2494 1805 2568">
     <span class='ocr_line' id='line_1_40' title="bbox 264 2494 1805 2568; baseline -0.003 -13"><span class='ocrx_word' id='word_1_280' title='bbox 264 2501 399 2555; x_wconf 81' lang='lat' dir='ltr'><strong>edit.</strong></span> <span class='ocrx_word' id='word_1_281' title='bbox 445 2497 642 2562; x_wconf 84' lang='lat' dir='ltr'><strong>Vales.,</strong></span> <span class='ocrx_word' id='word_1_282' title='bbox 673 2498 950 2554; x_wconf 80' lang='lat' dir='ltr'><strong>Sozomeni</strong></span> <span class='ocrx_word' id='word_1_283' title='bbox 973 2498 1063 2552; x_wconf 88' lang='lat' dir='ltr'><strong>lib.</strong></span> <span class='ocrx_word' id='word_1_284' title='bbox 1097 2513 1129 2552; x_wconf 91' lang='lat' dir='ltr'><strong>v</strong></span> <span class='ocrx_word' id='word_1_285' title='bbox 1155 2514 1273 2568; x_wconf 89' lang='lat' dir='ltr'><strong>cap.</strong></span> <span class='ocrx_word' id='word_1_286' title='bbox 1303 2495 1395 2562; x_wconf 75' lang='lat' dir='ltr'><strong>2i,</strong></span> <span class='ocrx_word' id='word_1_287' title='bbox 1429 2505 1478 2551; x_wconf 84' lang='lat' dir='ltr'><strong>et</strong></span> <span class='ocrx_word' id='word_1_288' title='bbox 1511 2494 1805 2551; x_wconf 82' lang='lat' dir='ltr'><strong>Philostor-</strong></span> 
     </span>
    </p>
   </div>
   <div class='ocr_carea' id='block_1_41' title="bbox 265 2592 1806 2668">
    <p class='ocr_par' dir='ltr' id='par_1_41' title="bbox 265 2592 1806 2668">
     <span class='ocr_line' id='line_1_41' title="bbox 265 2592 1806 2668; baseline -0.003 -20"><span class='ocrx_word' id='word_1_289' title='bbox 265 2596 342 2668; x_wconf 85' lang='lat' dir='ltr'><strong>gii</strong></span> <span class='ocrx_word' id='word_1_290' title='bbox 365 2594 460 2650; x_wconf 89' lang='lat' dir='ltr'><strong>lib.</strong></span> <span class='ocrx_word' id='word_1_291' title='bbox 485 2609 578 2662; x_wconf 86' lang='lat' dir='ltr'><strong>vlt,</strong></span> <span class='ocrx_word' id='word_1_292' title='bbox 605 2610 752 2650; x_wconf 88' lang='lat' dir='ltr'><strong>num.</strong></span> <span class='ocrx_word' id='word_1_293' title='bbox 783 2595 836 2649; x_wconf 78' lang='lat'><strong>3.</strong></span> <span class='ocrx_word' id='word_1_294' title='bbox 872 2592 1008 2660; x_wconf 83' lang='lat' dir='ltr'><strong>Quin</strong></span> <span class='ocrx_word' id='word_1_295' title='bbox 1037 2601 1085 2647; x_wconf 92' lang='lat' dir='ltr'><strong>et</strong></span> <span class='ocrx_word' id='word_1_296' title='bbox 1116 2592 1419 2647; x_wconf 85' lang='lat' dir='ltr'><strong>Ambrosius</strong></span> <span class='ocrx_word' id='word_1_297' title='bbox 1443 2592 1580 2646; x_wconf 80' lang='lat' dir='ltr'><strong>hanc</strong></span> <span class='ocrx_word' id='word_1_298' title='bbox 1604 2607 1806 2662; x_wconf 87' lang='lat' dir='ltr'><strong>quoque</strong></span> 
     </span>
    </p>
   </div>
   <div class='ocr_carea' id='block_1_42' title="bbox 265 2686 1799 2761">
    <p class='ocr_par' dir='ltr' id='par_1_42' title="bbox 265 2686 1799 2761">
     <span class='ocr_line' id='line_1_42' title="bbox 265 2686 1799 2761; baseline -0.003 -16"><span class='ocrx_word' id='word_1_299' title='bbox 265 2691 593 2746; x_wconf 83' lang='lat' dir='ltr'><strong>curationem</strong></span> <span class='ocrx_word' id='word_1_300' title='bbox 637 2689 912 2761; x_wconf 84' lang='lat' dir='ltr'><strong>diligenter</strong></span> <span class='ocrx_word' id='word_1_301' title='bbox 942 2688 1168 2759; x_wconf 76' lang='lat' dir='ltr'><strong>explicat</strong></span> <span class='ocrx_word' id='word_1_302' title='bbox 1207 2686 1516 2742; x_wconf 90' lang='lat' dir='ltr'><strong>Comment.</strong></span> <span class='ocrx_word' id='word_1_303' title='bbox 1565 2687 1618 2742; x_wconf 91' lang='lat' dir='ltr'><strong>in</strong></span> <span class='ocrx_word' id='word_1_304' title='bbox 1669 2686 1799 2741; x_wconf 86' lang='lat' dir='ltr'><strong>Luc.</strong></span> 
     </span>
    </p>
   </div>
   <div class='ocr_carea' id='block_1_43' title="bbox 268 2778 1798 2844">
    <p class='ocr_par' dir='ltr' id='par_1_43' title="bbox 268 2778 1798 2844">
     <span class='ocr_line' id='line_1_43' title="bbox 268 2778 1798 2844; baseline -0.003 -6"><span class='ocrx_word' id='word_1_305' title='bbox 268 2784 366 2838; x_wconf 88' lang='lat' dir='ltr'><strong>lib.</strong></span> <span class='ocrx_word' id='word_1_306' title='bbox 387 2799 444 2837; x_wconf 89' lang='lat' dir='ltr'><strong>vt</strong></span> <span class='ocrx_word' id='word_1_307' title='bbox 475 2799 619 2837; x_wconf 86' lang='lat' dir='ltr'><strong>num.</strong></span> <span class='ocrx_word' id='word_1_308' title='bbox 635 2782 704 2840; x_wconf 80' lang='lat'><strong>57</strong></span> <span class='ocrx_word' id='word_1_309' title='bbox 717 2793 764 2837; x_wconf 92' lang='lat' dir='ltr'><strong>et</strong></span> <span class='ocrx_word' id='word_1_310' title='bbox 781 2781 875 2844; x_wconf 83' lang='lat'><strong>58,</strong></span> <span class='ocrx_word' id='word_1_311' title='bbox 898 2797 991 2836; x_wconf 88' lang='lat' dir='ltr'><strong>nec</strong></span> <span class='ocrx_word' id='word_1_312' title='bbox 1016 2790 1187 2835; x_wconf 85' lang='lat' dir='ltr'><strong>tamen</strong></span> <span class='ocrx_word' id='word_1_313' title='bbox 1205 2780 1274 2834; x_wconf 86' lang='lat' dir='ltr'><strong>ibi</strong></span> <span class='ocrx_word' id='word_1_314' title='bbox 1293 2778 1518 2834; x_wconf 72' lang='lat' dir='ltr'><strong>Martha:</strong></span> <span class='ocrx_word' id='word_1_315' title='bbox 1547 2779 1798 2834; x_wconf 85' lang='lat' dir='ltr'><strong>meminit.</strong></span> 
     </span>
    </p>
   </div>
   <div class='ocr_carea' id='block_1_44' title="bbox 265 2871 1800 2939">
    <p class='ocr_par' dir='ltr' id='par_1_44' title="bbox 265 2871 1800 2939">
     <span class='ocr_line' id='line_1_44' title="bbox 265 2871 1800 2939; baseline -0.004 -6"><span class='ocrx_word' id='word_1_316' title='bbox 265 2873 510 2933; x_wconf 84' lang='lat' dir='ltr'><strong>CAPUT</strong></span> <span class='ocrx_word' id='word_1_317' title='bbox 533 2872 924 2932; x_wconf 69' lang='lat' dir='ltr'><strong>PliIMUM.—l</strong></span> <span class='ocrx_word' id='word_1_318' title='bbox 939 2914 951 2928; x_wconf 93' lang='lat'><strong>.</strong></span> <span class='ocrx_word' id='word_1_319' title='bbox 974 2873 1169 2929; x_wconf 83' lang='lat' dir='ltr'><strong>Mirum</strong></span> <span class='ocrx_word' id='word_1_320' title='bbox 1184 2872 1320 2928; x_wconf 89' lang='lat' dir='ltr'><strong>satis</strong></span> <span class='ocrx_word' id='word_1_321' title='bbox 1335 2881 1443 2939; x_wconf 90' lang='lat' dir='ltr'><strong>est,</strong></span> <span class='ocrx_word' id='word_1_322' title='bbox 1457 2871 1800 2927; x_wconf 87' lang='lat' dir='ltr'><strong>dilectissimi</strong></span> 
     </span>
    </p>
   </div>
   <div class='ocr_carea' id='block_1_45' title="bbox 196 2965 1799 3040">
    <p class='ocr_par' dir='ltr' id='par_1_45' title="bbox 196 2965 1799 3040">
     <span class='ocr_line' id='line_1_45' title="bbox 196 2965 1799 3040; baseline -0.004 -14"><span class='ocrx_word' id='word_1_323' title='bbox 196 2973 430 3036; x_wconf 79' lang='lat' dir='ltr'><strong>fratres,</strong></span> <span class='ocrx_word' id='word_1_324' title='bbox 452 2967 594 3040; x_wconf 88' lang='lat' dir='ltr'><strong>quod</strong></span> <span class='ocrx_word' id='word_1_325' title='bbox 620 2969 674 3024; x_wconf 92' lang='lat' dir='ltr'><strong>in</strong></span> <span class='ocrx_word' id='word_1_326' title='bbox 704 2967 808 3023; x_wconf 92' lang='lat' dir='ltr'><strong>hoc</strong></span> <span class='ocrx_word' id='word_1_327' title='bbox 829 2965 1068 3037; x_wconf 89' lang='lat' dir='ltr'><strong>capitulo</strong></span> <span class='ocrx_word' id='word_1_328' title='bbox 1088 2965 1530 3034; x_wconf 84' lang='lat' dir='ltr'><strong>sapientissimus</strong></span> <span class='ocrx_word' id='word_1_329' title='bbox 1555 2965 1799 3021; x_wconf 90' lang='lat' dir='ltr'><strong>omnium</strong></span> 
     </span>
    </p>
   </div>
   <div class='ocr_carea' id='block_1_46' title="bbox 197 3059 1804 3131">
    <p class='ocr_par' dir='ltr' id='par_1_46' title="bbox 197 3059 1804 3131">
     <span class='ocr_line' id='line_1_46' title="bbox 197 3059 1804 3131; baseline -0.004 -10"><span class='ocrx_word' id='word_1_330' title='bbox 197 3065 490 3121; x_wconf 85' lang='lat' dir='ltr'><strong>hominum</strong></span> <span class='ocrx_word' id='word_1_331' title='bbox 517 3061 775 3118; x_wconf 88' lang='lat' dir='ltr'><strong>Salomon</strong></span> <span class='ocrx_word' id='word_1_332' title='bbox 809 3061 1074 3131; x_wconf 88' lang='lat' dir='ltr'><strong>propheta</strong></span> <span class='ocrx_word' id='word_1_333' title='bbox 1104 3059 1390 3130; x_wconf 87' lang='lat' dir='ltr'><strong>preposuit</strong></span> <span class='ocrx_word' id='word_1_334' title='bbox 1419 3060 1520 3115; x_wconf 89' lang='lat' dir='ltr'><strong>tria</strong></span> <span class='ocrx_word' id='word_1_335' title='bbox 1548 3059 1804 3130; x_wconf 90' lang='lat' dir='ltr'><strong>impossi-</strong></span> 
     </span>
    </p>
   </div>
   <div class='ocr_carea' id='block_1_47' title="bbox 195 3153 1800 3228">
    <p class='ocr_par' dir='ltr' id='par_1_47' title="bbox 195 3153 1800 3228">
     <span class='ocr_line' id='line_1_47' title="bbox 195 3153 1800 3228; baseline -0.004 -14"><span class='ocrx_word' id='word_1_336' title='bbox 195 3159 330 3214; x_wconf 88' lang='lat' dir='ltr'><strong>bilia</strong></span> <span class='ocrx_word' id='word_1_337' title='bbox 352 3172 505 3223; x_wconf 84' lang='lat' dir='ltr'><strong>esse,</strong></span> <span class='ocrx_word' id='word_1_338' title='bbox 535 3171 657 3228; x_wconf 64' lang='lat' dir='ltr'><strong>quae</strong></span> <span class='ocrx_word' id='word_1_339' title='bbox 685 3155 830 3212; x_wconf 90' lang='lat' dir='ltr'><strong>scire</strong></span> <span class='ocrx_word' id='word_1_340' title='bbox 849 3169 958 3210; x_wconf 90' lang='lat' dir='ltr'><strong>non</strong></span> <span class='ocrx_word' id='word_1_341' title='bbox 989 3163 1194 3225; x_wconf 91' lang='lat' dir='ltr'><strong>posset,</strong></span> <span class='ocrx_word' id='word_1_342' title='bbox 1228 3153 1390 3228; x_wconf 71' lang='grc'><strong>451</strong></span> <span class='ocrx_word' id='word_1_343' title='bbox 1419 3163 1674 3225; x_wconf 88' lang='lat' dir='ltr'><strong>quartum</strong></span> <span class='ocrx_word' id='word_1_344' title='bbox 1703 3154 1800 3208; x_wconf 85' lang='lat' dir='ltr'><strong>ad-</strong></span> 
     </span>
    </p>
   </div>
   <div class='ocr_carea' id='block_1_48' title="bbox 1907 1938 3510 2010">
    <p class='ocr_par' dir='ltr' id='par_1_48' title="bbox 1907 1938 3510 2010">
     <span class='ocr_line' id='line_1_48' title="bbox 1907 1938 3510 2010; baseline 0.002 -19"><span class='ocrx_word' id='word_1_345' title='bbox 1907 1953 2024 1992; x_wconf 92' lang='lat' dir='ltr'><strong>rum</strong></span> <span class='ocrx_word' id='word_1_346' title='bbox 2055 1938 2470 1995; x_wconf 90' lang='lat' dir='ltr'><strong>annuntiatione</strong></span> <span class='ocrx_word' id='word_1_347' title='bbox 2510 1950 2769 2010; x_wconf 86' lang='lat' dir='ltr'><strong>congesta</strong></span> <span class='ocrx_word' id='word_1_348' title='bbox 2802 1948 2948 2005; x_wconf 90' lang='lat' dir='ltr'><strong>sunt,</strong></span> <span class='ocrx_word' id='word_1_349' title='bbox 2979 1941 3096 1995; x_wconf 90' lang='lat' dir='ltr'><strong>suis</strong></span> <span class='ocrx_word' id='word_1_350' title='bbox 3124 1949 3251 1995; x_wconf 85' lang='lat' dir='ltr'><strong>sunt</strong></span> <span class='ocrx_word' id='word_1_351' title='bbox 3295 1952 3510 2008; x_wconf 88' lang='lat' dir='ltr'><strong>tempo-</strong></span> 
     </span>
    </p>
   </div>
   <div class='ocr_carea' id='block_1_49' title="bbox 1905 2029 3513 2099">
    <p class='ocr_par' dir='ltr' id='par_1_49' title="bbox 1905 2029 3513 2099">
     <span class='ocr_line' id='line_1_49' title="bbox 1905 2029 3513 2099; baseline 0.002 -15"><span class='ocrx_word' id='word_1_352' title='bbox 1905 2029 2058 2085; x_wconf 91' lang='lat' dir='ltr'><strong>ribus</strong></span> <span class='ocrx_word' id='word_1_353' title='bbox 2086 2041 2386 2099; x_wconf 88' lang='lat' dir='ltr'><strong>reservata,</strong></span> <span class='ocrx_word' id='word_1_354' title='bbox 2412 2035 2609 2090; x_wconf 90' lang='lat' dir='ltr'><strong>merito</strong></span> <span class='ocrx_word' id='word_1_355' title='bbox 2628 2033 2887 2089; x_wconf 87' lang='lat' dir='ltr'><strong>Salomon</strong></span> <span class='ocrx_word' id='word_1_356' title='bbox 2918 2043 3047 2089; x_wconf 90' lang='lat' dir='ltr'><strong>ante</strong></span> <span class='ocrx_word' id='word_1_357' title='bbox 3074 2033 3370 2089; x_wconf 83' lang='lat' dir='ltr'><strong>adventum</strong></span> <span class='ocrx_word' id='word_1_358' title='bbox 3403 2033 3513 2088; x_wconf 82' lang='lat' dir='ltr'><strong>Do-</strong></span> 
     </span>
    </p>
   </div>
   <div class='ocr_carea' id='block_1_50' title="bbox 1905 2125 3512 2200">
    <p class='ocr_par' dir='ltr' id='par_1_50' title="bbox 1905 2125 3512 2200">
     <span class='ocr_line' id='line_1_50' title="bbox 1905 2125 3512 2200; baseline 0.001 -20"><span class='ocrx_word' id='word_1_359' title='bbox 1905 2125 2035 2180; x_wconf 90' lang='lat' dir='ltr'><strong>mini</strong></span> <span class='ocrx_word' id='word_1_360' title='bbox 2088 2127 2259 2181; x_wconf 89' lang='lat' dir='ltr'><strong>nostri</strong></span> <span class='ocrx_word' id='word_1_361' title='bbox 2307 2125 2434 2182; x_wconf 81' lang='lat' dir='ltr'><strong>Jesu</strong></span> <span class='ocrx_word' id='word_1_362' title='bbox 2479 2127 2859 2198; x_wconf 78' lang='lat' dir='ltr'><strong>Christi,qnid</strong></span> <span class='ocrx_word' id='word_1_363' title='bbox 2910 2128 3087 2200; x_wconf 90' lang='lat' dir='ltr'><strong>aquila</strong></span> <span class='ocrx_word' id='word_1_364' title='bbox 3137 2128 3350 2194; x_wconf 90' lang='lat' dir='ltr'><strong>volans,</strong></span> <span class='ocrx_word' id='word_1_365' title='bbox 3382 2127 3512 2199; x_wconf 90' lang='lat' dir='ltr'><strong>quid</strong></span> 
     </span>
    </p>
   </div>
   <div class='ocr_carea' id='block_1_51' title="bbox 1904 2220 3513 2295">
    <p class='ocr_par' dir='ltr' id='par_1_51' title="bbox 1904 2220 3513 2295">
     <span class='ocr_line' id='line_1_51' title="bbox 1904 2220 3513 2295; baseline 0.003 -21"><span class='ocrx_word' id='word_1_366' title='bbox 1904 2233 2133 2289; x_wconf 88' lang='lat' dir='ltr'><strong>serpens</strong></span> <span class='ocrx_word' id='word_1_367' title='bbox 2165 2220 2217 2274; x_wconf 92' lang='lat' dir='ltr'><strong>in</strong></span> <span class='ocrx_word' id='word_1_368' title='bbox 2253 2230 2422 2291; x_wconf 90' lang='lat' dir='ltr'><strong>petra,</strong></span> <span class='ocrx_word' id='word_1_369' title='bbox 2457 2221 2586 2292; x_wconf 91' lang='lat' dir='ltr'><strong>quid</strong></span> <span class='ocrx_word' id='word_1_370' title='bbox 2629 2223 2781 2278; x_wconf 83' lang='lat' dir='ltr'><strong>navis</strong></span> <span class='ocrx_word' id='word_1_371' title='bbox 2823 2226 3108 2295; x_wconf 80' lang='lat' dir='ltr'><strong>navigans,</strong></span> <span class='ocrx_word' id='word_1_372' title='bbox 3145 2239 3267 2294; x_wconf 60' lang='lat' dir='ltr'><strong>quae</strong></span> <span class='ocrx_word' id='word_1_373' title='bbox 3298 2223 3513 2294; x_wconf 85' lang='lat' dir='ltr'><strong>invenis</strong></span> 
     </span>
    </p>
   </div>
   <div class='ocr_carea' id='block_1_52' title="bbox 1905 2310 3511 2386">
    <p class='ocr_par' dir='ltr' id='par_1_52' title="bbox 1905 2310 3511 2386">
     <span class='ocr_line' id='line_1_52' title="bbox 1905 2310 3511 2386; baseline 0.003 -22"><span class='ocrx_word' id='word_1_374' title='bbox 1905 2311 1990 2365; x_wconf 90' lang='lat' dir='ltr'><strong>via</strong></span> <span class='ocrx_word' id='word_1_375' title='bbox 2024 2312 2075 2366; x_wconf 93' lang='lat' dir='ltr'><strong>in</strong></span> <span class='ocrx_word' id='word_1_376' title='bbox 2107 2310 2398 2382; x_wconf 85' lang='lat' dir='ltr'><strong>jnventute</strong></span> <span class='ocrx_word' id='word_1_377' title='bbox 2419 2322 2586 2381; x_wconf 85' lang='lat' dir='ltr'><strong>esset,</strong></span> <span class='ocrx_word' id='word_1_378' title='bbox 2615 2314 2758 2370; x_wconf 87' lang='lat' dir='ltr'><strong>scire</strong></span> <span class='ocrx_word' id='word_1_379' title='bbox 2787 2330 2896 2369; x_wconf 93' lang='lat' dir='ltr'><strong>non</strong></span> <span class='ocrx_word' id='word_1_380' title='bbox 2927 2315 3103 2386; x_wconf 90' lang='lat' dir='ltr'><strong>potuit</strong></span> <span class='ocrx_word' id='word_1_381' title='bbox 3133 2335 3146 2372; x_wconf 92' lang='lat'>:</span> <span class='ocrx_word' id='word_1_382' title='bbox 3179 2315 3358 2370; x_wconf 89' lang='lat' dir='ltr'><strong>adhuc</strong></span> <span class='ocrx_word' id='word_1_383' title='bbox 3402 2329 3511 2370; x_wconf 92' lang='lat' dir='ltr'><strong>non</strong></span> 
     </span>
    </p>
   </div>
   <div class='ocr_carea' id='block_1_53' title="bbox 1905 2404 3512 2477">
    <p class='ocr_par' dir='ltr' id='par_1_53' title="bbox 1905 2404 3512 2477">
     <span class='ocr_line' id='line_1_53' title="bbox 1905 2404 3512 2477; baseline 0.002 -19"><span class='ocrx_word' id='word_1_384' title='bbox 1905 2413 2022 2458; x_wconf 85' lang='lat' dir='ltr'><strong>erat</strong></span> <span class='ocrx_word' id='word_1_385' title='bbox 2055 2413 2290 2474; x_wconf 88' lang='lat' dir='ltr'><strong>tempus,</strong></span> <span class='ocrx_word' id='word_1_386' title='bbox 2315 2420 2425 2473; x_wconf 86' lang='lat' dir='ltr'><strong>quo</strong></span> <span class='ocrx_word' id='word_1_387' title='bbox 2447 2404 2515 2461; x_wconf 91' lang='lat' dir='ltr'><strong>de</strong></span> <span class='ocrx_word' id='word_1_388' title='bbox 2539 2405 2727 2461; x_wconf 89' lang='lat' dir='ltr'><strong>umbra</strong></span> <span class='ocrx_word' id='word_1_389' title='bbox 2755 2422 2956 2477; x_wconf 90' lang='lat' dir='ltr'><strong>corpus</strong></span> <span class='ocrx_word' id='word_1_390' title='bbox 2987 2406 3160 2473; x_wconf 80' lang='lat' dir='ltr'><strong>ﬁeret,</strong></span> <span class='ocrx_word' id='word_1_391' title='bbox 3187 2418 3279 2462; x_wconf 91' lang='lat' dir='ltr'><strong>aut</strong></span> <span class='ocrx_word' id='word_1_392' title='bbox 3304 2409 3512 2463; x_wconf 85' lang='lat' dir='ltr'><strong>veritas</strong></span> 
     </span>
    </p>
   </div>
   <div class='ocr_carea' id='block_1_54' title="bbox 1905 2493 3513 2568">
    <p class='ocr_par' dir='ltr' id='par_1_54' title="bbox 1905 2493 3513 2568">
     <span class='ocr_line' id='line_1_54' title="bbox 1905 2493 3513 2568; baseline 0.002 -18"><span class='ocrx_word' id='word_1_393' title='bbox 1905 2493 1972 2550; x_wconf 90' lang='lat' dir='ltr'><strong>de</strong></span> <span class='ocrx_word' id='word_1_394' title='bbox 1997 2496 2186 2565; x_wconf 82' lang='lat' dir='ltr'><strong>ﬁgura.</strong></span> <span class='ocrx_word' id='word_1_395' title='bbox 2218 2495 2386 2552; x_wconf 88' lang='lat' dir='ltr'><strong>Nobis</strong></span> <span class='ocrx_word' id='word_1_396' title='bbox 2414 2511 2569 2565; x_wconf 88' lang='lat' dir='ltr'><strong>vero,</strong></span> <span class='ocrx_word' id='word_1_397' title='bbox 2613 2498 2809 2568; x_wconf 89' lang='lat' dir='ltr'><strong>quibus</strong></span> <span class='ocrx_word' id='word_1_398' title='bbox 2842 2499 3105 2555; x_wconf 91' lang='lat' dir='ltr'><strong>Dominus</strong></span> <span class='ocrx_word' id='word_1_399' title='bbox 3133 2507 3324 2554; x_wconf 88' lang='lat' dir='ltr'><strong>noster</strong></span> <span class='ocrx_word' id='word_1_400' title='bbox 3350 2497 3513 2554; x_wconf 88' lang='lat' dir='ltr'><strong>.lesus</strong></span> 
     </span>
    </p>
   </div>
   <div class='ocr_carea' id='block_1_55' title="bbox 1905 2586 3512 2661">
    <p class='ocr_par' dir='ltr' id='par_1_55' title="bbox 1905 2586 3512 2661">
     <span class='ocr_line' id='line_1_55' title="bbox 1905 2586 3512 2661; baseline 0.001 -18"><span class='ocrx_word' id='word_1_401' title='bbox 1905 2586 2154 2643; x_wconf 89' lang='lat' dir='ltr'><strong>Christus</strong></span> <span class='ocrx_word' id='word_1_402' title='bbox 2180 2587 2424 2644; x_wconf 87' lang='lat' dir='ltr'><strong>ostendit</strong></span> <span class='ocrx_word' id='word_1_403' title='bbox 2449 2587 2593 2659; x_wconf 89' lang='lat' dir='ltr'><strong>quod</strong></span> <span class='ocrx_word' id='word_1_404' title='bbox 2618 2590 2798 2644; x_wconf 90' lang='lat' dir='ltr'><strong>omnia</strong></span> <span class='ocrx_word' id='word_1_405' title='bbox 2824 2590 2891 2646; x_wconf 90' lang='lat' dir='ltr'><strong>de</strong></span> <span class='ocrx_word' id='word_1_406' title='bbox 2923 2590 3038 2661; x_wconf 90' lang='lat' dir='ltr'><strong>ipso</strong></span> <span class='ocrx_word' id='word_1_407' title='bbox 3067 2600 3255 2646; x_wconf 88' lang='lat' dir='ltr'><strong>essent</strong></span> <span class='ocrx_word' id='word_1_408' title='bbox 3279 2589 3333 2645; x_wconf 92' lang='lat' dir='ltr'><strong>in</strong></span> <span class='ocrx_word' id='word_1_409' title='bbox 3363 2589 3512 2660; x_wconf 87' lang='lat' dir='ltr'><strong>Lege</strong></span> 
     </span>
    </p>
   </div>
   <div class='ocr_carea' id='block_1_56' title="bbox 1905 2684 3512 2757">
    <p class='ocr_par' dir='ltr' id='par_1_56' title="bbox 1905 2684 3512 2757">
     <span class='ocr_line' id='line_1_56' title="bbox 1905 2684 3512 2757; baseline 0.001 -19"><span class='ocrx_word' id='word_1_410' title='bbox 1905 2684 2234 2753; x_wconf 88' lang='lat' dir='ltr'><strong>conscripta,</strong></span> <span class='ocrx_word' id='word_1_411' title='bbox 2259 2684 2456 2755; x_wconf 90' lang='lat' dir='ltr'><strong>quibus</strong></span> <span class='ocrx_word' id='word_1_412' title='bbox 2479 2684 2613 2740; x_wconf 91' lang='lat' dir='ltr'><strong>nihil</strong></span> <span class='ocrx_word' id='word_1_413' title='bbox 2636 2695 2722 2741; x_wconf 89' lang='lat' dir='ltr'><strong>est</strong></span> <span class='ocrx_word' id='word_1_414' title='bbox 2740 2685 3017 2741; x_wconf 92' lang='lat' dir='ltr'><strong>occultum</strong></span> <span class='ocrx_word' id='word_1_415' title='bbox 3044 2685 3188 2757; x_wconf 90' lang='lat' dir='ltr'><strong>quod</strong></span> <span class='ocrx_word' id='word_1_416' title='bbox 3216 2700 3322 2740; x_wconf 94' lang='lat' dir='ltr'><strong>non</strong></span> <span class='ocrx_word' id='word_1_417' title='bbox 3356 2699 3512 2740; x_wconf 85' lang='lat' dir='ltr'><strong>reve-</strong></span> 
     </span>
    </p>
   </div>
   <div class='ocr_carea' id='block_1_57' title="bbox 1907 2777 3514 2851">
    <p class='ocr_par' dir='ltr' id='par_1_57' title="bbox 1907 2777 3514 2851">
     <span class='ocr_line' id='line_1_57' title="bbox 1907 2777 3514 2851; baseline 0.001 -19"><span class='ocrx_word' id='word_1_418' title='bbox 1907 2777 2082 2842; x_wconf 85' lang='lat' dir='ltr'><strong>lctur;</strong></span> <span class='ocrx_word' id='word_1_419' title='bbox 2110 2788 2166 2834; x_wconf 92' lang='lat' dir='ltr'><strong>et</strong></span> <span class='ocrx_word' id='word_1_420' title='bbox 2198 2787 2547 2849; x_wconf 91' lang='lat' dir='ltr'><strong>posteaquam</strong></span> <span class='ocrx_word' id='word_1_421' title='bbox 2578 2779 2848 2851; x_wconf 89' lang='lat' dir='ltr'><strong>signatum</strong></span> <span class='ocrx_word' id='word_1_422' title='bbox 2889 2780 3043 2835; x_wconf 92' lang='lat' dir='ltr'><strong>illum</strong></span> <span class='ocrx_word' id='word_1_423' title='bbox 3077 2789 3288 2850; x_wconf 87' lang='lat' dir='ltr'><strong>septem</strong></span> <span class='ocrx_word' id='word_1_424' title='bbox 3320 2779 3514 2849; x_wconf 89' lang='lat' dir='ltr'><strong>sigillis</strong></span> 
     </span>
    </p>
   </div>
   <div class='ocr_carea' id='block_1_58' title="bbox 1907 2868 3510 2944">
    <p class='ocr_par' dir='ltr' id='par_1_58' title="bbox 1907 2868 3510 2944">
     <span class='ocr_line' id='line_1_58' title="bbox 1907 2868 3510 2944; baseline 0 -20"><span class='ocrx_word' id='word_1_425' title='bbox 1907 2868 2102 2925; x_wconf 92' lang='lat' dir='ltr'><strong>librum</strong></span> <span class='ocrx_word' id='word_1_426' title='bbox 2144 2886 2303 2926; x_wconf 92' lang='lat' dir='ltr'><strong>nemo</strong></span> <span class='ocrx_word' id='word_1_427' title='bbox 2330 2871 2476 2927; x_wconf 89' lang='lat' dir='ltr'><strong>alter</strong></span> <span class='ocrx_word' id='word_1_428' title='bbox 2503 2875 2680 2943; x_wconf 91' lang='lat' dir='ltr'><strong>potuit</strong></span> <span class='ocrx_word' id='word_1_429' title='bbox 2719 2888 2988 2937; x_wconf 89' lang='lat' dir='ltr'><strong>reserare,</strong></span> <span class='ocrx_word' id='word_1_430' title='bbox 3019 2888 3179 2944; x_wconf 88' lang='lat' dir='ltr'><strong>quam</strong></span> <span class='ocrx_word' id='word_1_431' title='bbox 3213 2871 3510 2937; x_wconf 88' lang='lat' dir='ltr'><strong>Christus;</strong></span> 
     </span>
    </p>
   </div>
   <div class='ocr_carea' id='block_1_59' title="bbox 1907 2964 3516 3033">
    <p class='ocr_par' dir='ltr' id='par_1_59' title="bbox 1907 2964 3516 3033">
     <span class='ocr_line' id='line_1_59' title="bbox 1907 2964 3516 3033; baseline 0.002 -16"><span class='ocrx_word' id='word_1_432' title='bbox 1907 2964 2228 3033; x_wconf 92' lang='lat' dir='ltr'><strong>permissum</strong></span> <span class='ocrx_word' id='word_1_433' title='bbox 2259 2975 2312 3020; x_wconf 93' lang='lat' dir='ltr'><strong>et</strong></span> <span class='ocrx_word' id='word_1_434' title='bbox 2340 2965 2604 3021; x_wconf 90' lang='lat' dir='ltr'><strong>indultum</strong></span> <span class='ocrx_word' id='word_1_435' title='bbox 2635 2975 2720 3023; x_wconf 90' lang='lat' dir='ltr'><strong>est</strong></span> <span class='ocrx_word' id='word_1_436' title='bbox 2747 2967 2923 3032; x_wconf 89' lang='lat' dir='ltr'><strong>nobis,</strong></span> <span class='ocrx_word' id='word_1_437' title='bbox 2951 2978 3007 3022; x_wconf 89' lang='lat' dir='ltr'><strong>ut</strong></span> <span class='ocrx_word' id='word_1_438' title='bbox 3036 2966 3218 3022; x_wconf 90' lang='lat' dir='ltr'><strong>omnia</strong></span> <span class='ocrx_word' id='word_1_439' title='bbox 3247 2976 3301 3021; x_wconf 92' lang='lat' dir='ltr'><strong>et</strong></span> <span class='ocrx_word' id='word_1_440' title='bbox 3329 2965 3516 3021; x_wconf 89' lang='lat' dir='ltr'><strong>videre</strong></span> 
     </span>
    </p>
   </div>
   <div class='ocr_carea' id='block_1_60' title="bbox 1907 3057 3514 3130">
    <p class='ocr_par' dir='ltr' id='par_1_60' title="bbox 1907 3057 3514 3130">
     <span class='ocr_line' id='line_1_60' title="bbox 1907 3057 3514 3130; baseline 0.001 -18"><span class='ocrx_word' id='word_1_441' title='bbox 1907 3057 2182 3127; x_wconf 88' lang='lat' dir='ltr'><strong>possimus</strong></span> <span class='ocrx_word' id='word_1_442' title='bbox 2226 3066 2284 3114; x_wconf 90' lang='lat' dir='ltr'><strong>et</strong></span> <span class='ocrx_word' id='word_1_443' title='bbox 2315 3073 2497 3127; x_wconf 83' lang='lat' dir='ltr'><strong>nosse,</strong></span> <span class='ocrx_word' id='word_1_444' title='bbox 2534 3060 2675 3114; x_wconf 89' lang='lat' dir='ltr'><strong>sicut</strong></span> <span class='ocrx_word' id='word_1_445' title='bbox 2708 3060 2824 3130; x_wconf 89' lang='lat' dir='ltr'><strong>ipse</strong></span> <span class='ocrx_word' id='word_1_446' title='bbox 2853 3060 3117 3116; x_wconf 91' lang='lat' dir='ltr'><strong>Dominus</strong></span> <span class='ocrx_word' id='word_1_447' title='bbox 3164 3061 3242 3115; x_wconf 86' lang='lat' dir='ltr'><strong>ait</strong></span> <span class='ocrx_word' id='word_1_448' title='bbox 3277 3077 3289 3113; x_wconf 93' lang='lat'><strong>:</strong></span> <span class='ocrx_word' id='word_1_449' title='bbox 3329 3058 3514 3125; x_wconf 89' lang='lat' dir='ltr'><strong>Pater,</strong></span> 
     </span>
    </p>
   </div>
   <div class='ocr_carea' id='block_1_61' title="bbox 1905 3151 3514 3229">
    <p class='ocr_par' dir='ltr' id='par_1_61' title="bbox 1905 3151 3514 3229">
     <span class='ocr_line' id='line_1_61' title="bbox 1905 3151 3514 3229; baseline 0.002 -24"><span class='ocrx_word' id='word_1_450' title='bbox 1905 3151 2154 3222; x_wconf 82' lang='lat' dir='ltr'><strong>conﬁteor</strong></span> <span class='ocrx_word' id='word_1_451' title='bbox 2182 3153 2296 3217; x_wconf 91' lang='lat' dir='ltr'><strong>tibi,</strong></span> <span class='ocrx_word' id='word_1_452' title='bbox 2338 3155 2464 3225; x_wconf 86' lang='lat' dir='ltr'><strong>quia</strong></span> <span class='ocrx_word' id='word_1_453' title='bbox 2493 3154 2810 3210; x_wconf 85' lang='lat' dir='ltr'><strong>abscondisti</strong></span> <span class='ocrx_word' id='word_1_454' title='bbox 2857 3155 2968 3211; x_wconf 68' lang='lat' dir='ltr'><strong>haec</strong></span> <span class='ocrx_word' id='word_1_455' title='bbox 3017 3173 3049 3210; x_wconf 93' lang='lat' dir='ltr'><strong>a</strong></span> <span class='ocrx_word' id='word_1_456' title='bbox 3085 3155 3428 3229; x_wconf 85' lang='lat' dir='ltr'><strong>sapientibus,</strong></span> <span class='ocrx_word' id='word_1_457' title='bbox 3465 3165 3514 3209; x_wconf 91' lang='lat' dir='ltr'><strong>et</strong></span> 
     </span>
    </p>
   </div>
   <div class='ocr_carea' id='block_1_62' title="bbox 197 3234 3518 3320">
    <p class='ocr_par' dir='ltr' id='par_1_62' title="bbox 197 3234 3518 3320">
     <span class='ocr_line' id='line_1_62' title="bbox 197 3234 3518 3320; baseline -0.001 -15"><span class='ocrx_word' id='word_1_458' title='bbox 197 3250 304 3306; x_wconf 91' lang='lat' dir='ltr'><strong>huc</strong></span> <span class='ocrx_word' id='word_1_459' title='bbox 317 3263 451 3307; x_wconf 86' lang='lat' dir='ltr'><strong>esse</strong></span> <span class='ocrx_word' id='word_1_460' title='bbox 471 3247 618 3318; x_wconf 92' lang='lat' dir='ltr'><strong>quod</strong></span> <span class='ocrx_word' id='word_1_461' title='bbox 636 3263 744 3303; x_wconf 91' lang='lat' dir='ltr'><strong>non</strong></span> <span class='ocrx_word' id='word_1_462' title='bbox 763 3245 972 3303; x_wconf 88' lang='lat' dir='ltr'><strong>valeret</strong></span> <span class='ocrx_word' id='word_1_463' title='bbox 992 3260 1294 3317; x_wconf 85' lang='lat' dir='ltr'><strong>agnoscere</strong></span> <span class='ocrx_word' id='word_1_464' title='bbox 1319 3264 1331 3298; x_wconf 92' lang='lat'><strong>:</strong></span> <span class='ocrx_word' id='word_1_465' title='bbox 1361 3244 1589 3318; x_wconf 82' lang='lat' dir='ltr'><strong>Vestigia</strong></span> <span class='ocrx_word' id='word_1_466' title='bbox 1609 3246 1800 3317; x_wconf 68' lang='lat' dir='ltr'><strong>aquila:</strong></span> <span class='ocrx_word' id='word_1_467' title='bbox 1827 3234 1873 3297; x_wconf 91' lang='lat' dir='ltr'><strong>C</strong></span> <span class='ocrx_word' id='word_1_468' title='bbox 1905 3246 2144 3300; x_wconf 83' lang='lat' dir='ltr'><strong>revelasti</strong></span> <span class='ocrx_word' id='word_1_469' title='bbox 2173 3264 2234 3301; x_wconf 90' lang='lat' dir='ltr'><strong>ea</strong></span> <span class='ocrx_word' id='word_1_470' title='bbox 2255 3248 2487 3319; x_wconf 84' lang='lat' dir='ltr'><strong>parvulis</strong></span> <span class='ocrx_word' id='word_1_471' title='bbox 2515 3247 2730 3320; x_wconf 78' lang='lat' dir='ltr'><strong>(Matth.</strong></span> <span class='ocrx_word' id='word_1_472' title='bbox 2760 3265 2839 3316; x_wconf 71' lang='lat' dir='ltr'><strong>XI,</strong></span> <span class='ocrx_word' id='word_1_473' title='bbox 2869 3249 2987 3320; x_wconf 76' lang='lat'><strong>25).</strong></span> <span class='ocrx_word' id='word_1_474' title='bbox 3024 3249 3090 3304; x_wconf 80' lang='lat' dir='ltr'><strong>Et</strong></span> <span class='ocrx_word' id='word_1_475' title='bbox 3123 3251 3322 3304; x_wconf 90' lang='lat' dir='ltr'><strong>iterum</strong></span> <span class='ocrx_word' id='word_1_476' title='bbox 3357 3266 3369 3302; x_wconf 90' lang='lat'><strong>:</strong></span> <span class='ocrx_word' id='word_1_477' title='bbox 3410 3247 3518 3303; x_wconf 83' lang='lat' dir='ltr'><strong>Vo-</strong></span> 
     </span>
    </p>
   </div>
   <div class='ocr_carea' id='block_1_63' title="bbox 195 3341 1806 3412">
    <p class='ocr_par' dir='ltr' id='par_1_63' title="bbox 195 3341 1806 3412">
     <span class='ocr_line' id='line_1_63' title="bbox 195 3341 1806 3412; baseline -0.002 -14"><span class='ocrx_word' id='word_1_478' title='bbox 195 3343 453 3407; x_wconf 76' lang='lat' dir='ltr'><strong>uolantis,</strong></span> <span class='ocrx_word' id='word_1_479' title='bbox 470 3341 580 3396; x_wconf 81' lang='lat' dir='ltr'><strong>vias</strong></span> <span class='ocrx_word' id='word_1_480' title='bbox 592 3341 844 3412; x_wconf 86' lang='lat' dir='ltr'><strong>serpentis</strong></span> <span class='ocrx_word' id='word_1_481' title='bbox 856 3357 1012 3411; x_wconf 90' lang='lat' dir='ltr'><strong>super</strong></span> <span class='ocrx_word' id='word_1_482' title='bbox 1022 3349 1244 3412; x_wconf 84' lang='lat' dir='ltr'><strong>petram,</strong></span> <span class='ocrx_word' id='word_1_483' title='bbox 1269 3349 1316 3394; x_wconf 91' lang='lat' dir='ltr'><strong>et</strong></span> <span class='ocrx_word' id='word_1_484' title='bbox 1325 3341 1533 3394; x_wconf 86' lang='lat' dir='ltr'><strong>semitas</strong></span> <span class='ocrx_word' id='word_1_485' title='bbox 1549 3341 1694 3394; x_wconf 82' lang='lat' dir='ltr'><strong>nauis</strong></span> <span class='ocrx_word' id='word_1_486' title='bbox 1712 3357 1806 3394; x_wconf 90' lang='lat' dir='ltr'><strong>na—</strong></span> 
     </span>
    </p>
   </div>
   <div class='ocr_carea' id='block_1_64' title="bbox 193 3431 1806 3509">
    <p class='ocr_par' dir='ltr' id='par_1_64' title="bbox 193 3431 1806 3509">
     <span class='ocr_line' id='line_1_64' title="bbox 193 3431 1806 3509; baseline -0.002 -17"><span class='ocrx_word' id='word_1_487' title='bbox 193 3438 449 3509; x_wconf 77' lang='lat' dir='ltr'><strong>vigantis,</strong></span> <span class='ocrx_word' id='word_1_488' title='bbox 472 3444 520 3491; x_wconf 87' lang='lat' dir='ltr'><strong>et</strong></span> <span class='ocrx_word' id='word_1_489' title='bbox 533 3435 748 3490; x_wconf 77' lang='lat' dir='ltr'><strong>uiasuiri</strong></span> <span class='ocrx_word' id='word_1_490' title='bbox 764 3435 815 3489; x_wconf 88' lang='lat' dir='ltr'><strong>in</strong></span> <span class='ocrx_word' id='word_1_491' title='bbox 821 3438 1097 3509; x_wconf 77' lang='lat' dir='ltr'><strong>jnventute</strong></span> <span class='ocrx_word' id='word_1_492' title='bbox 1113 3431 1295 3503; x_wconf 84' lang='lat' dir='ltr'><strong>(Prov.</strong></span> <span class='ocrx_word' id='word_1_493' title='bbox 1315 3449 1446 3498; x_wconf 90' lang='lat' dir='ltr'><strong>xxx,</strong></span> <span class='ocrx_word' id='word_1_494' title='bbox 1471 3431 1584 3504; x_wconf 79' lang='lat' dir='ltr'><strong>l9).</strong></span> <span class='ocrx_word' id='word_1_495' title='bbox 1603 3432 1728 3487; x_wconf 65' lang='lat' dir='ltr'><strong>Haec</strong></span> <span class='ocrx_word' id='word_1_496' title='bbox 1745 3449 1806 3489; x_wconf 89' lang='lat' dir='ltr'><strong>se</strong></span> 
     </span>
    </p>
   </div>
   <div class='ocr_carea' id='block_1_65' title="bbox 195 3528 1803 3603">
    <p class='ocr_par' dir='ltr' id='par_1_65' title="bbox 195 3528 1803 3603">
     <span class='ocr_line' id='line_1_65' title="bbox 195 3528 1803 3603; baseline -0.004 -15"><span class='ocrx_word' id='word_1_497' title='bbox 195 3536 424 3590; x_wconf 87' lang='lat' dir='ltr'><strong>nescire</strong></span> <span class='ocrx_word' id='word_1_498' title='bbox 443 3542 674 3589; x_wconf 90' lang='lat' dir='ltr'><strong>testatur</strong></span> <span class='ocrx_word' id='word_1_499' title='bbox 691 3533 782 3589; x_wconf 88' lang='lat' dir='ltr'><strong>ille</strong></span> <span class='ocrx_word' id='word_1_500' title='bbox 800 3533 1064 3603; x_wconf 62' lang='lat' dir='ltr'><strong>prolabeta</strong></span> <span class='ocrx_word' id='word_1_501' title='bbox 1086 3530 1369 3594; x_wconf 92' lang='lat' dir='ltr'><strong>Salomon,</strong></span> <span class='ocrx_word' id='word_1_502' title='bbox 1387 3528 1478 3600; x_wconf 92' lang='lat' dir='ltr'><strong>qni</strong></span> <span class='ocrx_word' id='word_1_503' title='bbox 1497 3539 1552 3582; x_wconf 90' lang='lat' dir='ltr'><strong>nt</strong></span> <span class='ocrx_word' id='word_1_504' title='bbox 1568 3528 1803 3598; x_wconf 89' lang='lat' dir='ltr'><strong>primum</strong></span> 
     </span>
    </p>
   </div>
   <div class='ocr_carea' id='block_1_66' title="bbox 195 3623 1805 3694">
    <p class='ocr_par' dir='ltr' id='par_1_66' title="bbox 195 3623 1805 3694">
     <span class='ocr_line' id='line_1_66' title="bbox 195 3623 1805 3694; baseline -0.004 -11"><span class='ocrx_word' id='word_1_505' title='bbox 195 3628 498 3684; x_wconf 85' lang='lat' dir='ltr'><strong>transactis</strong></span> <span class='ocrx_word' id='word_1_506' title='bbox 528 3627 772 3684; x_wconf 88' lang='lat' dir='ltr'><strong>infantiae</strong></span> <span class='ocrx_word' id='word_1_507' title='bbox 801 3627 1124 3683; x_wconf 88' lang='lat' dir='ltr'><strong>rudimentis</strong></span> <span class='ocrx_word' id='word_1_508' title='bbox 1145 3667 1160 3692; x_wconf 91' lang='lat'><strong>,</strong></span> <span class='ocrx_word' id='word_1_509' title='bbox 1190 3639 1365 3680; x_wconf 89' lang='lat' dir='ltr'><strong>annos</strong></span> <span class='ocrx_word' id='word_1_510' title='bbox 1391 3623 1698 3694; x_wconf 88' lang='lat' dir='ltr'><strong>juventutis</strong></span> <span class='ocrx_word' id='word_1_511' title='bbox 1722 3623 1805 3677; x_wconf 92' lang='lat' dir='ltr'><strong>in-</strong></span> 
     </span>
    </p>
   </div>
   <div class='ocr_carea' id='block_1_67' title="bbox 193 3718 1804 3793">
    <p class='ocr_par' dir='ltr' id='par_1_67' title="bbox 193 3718 1804 3793">
     <span class='ocr_line' id='line_1_67' title="bbox 193 3718 1804 3793; baseline -0.004 -16"><span class='ocrx_word' id='word_1_512' title='bbox 193 3737 428 3792; x_wconf 84' lang='lat' dir='ltr'><strong>gressus</strong></span> <span class='ocrx_word' id='word_1_513' title='bbox 444 3733 552 3788; x_wconf 87' lang='lat' dir='ltr'><strong>est,</strong></span> <span class='ocrx_word' id='word_1_514' title='bbox 572 3722 626 3777; x_wconf 93' lang='lat' dir='ltr'><strong>in</strong></span> <span class='ocrx_word' id='word_1_515' title='bbox 640 3722 834 3792; x_wconf 84' lang='lat' dir='ltr'><strong>quibus</strong></span> <span class='ocrx_word' id='word_1_516' title='bbox 855 3721 1030 3793; x_wconf 91' lang='lat' dir='ltr'><strong>posita</strong></span> <span class='ocrx_word' id='word_1_517' title='bbox 1047 3719 1223 3774; x_wconf 90' lang='lat' dir='ltr'><strong>adhuc</strong></span> <span class='ocrx_word' id='word_1_518' title='bbox 1237 3718 1450 3772; x_wconf 89' lang='lat' dir='ltr'><strong>infirma</strong></span> <span class='ocrx_word' id='word_1_519' title='bbox 1465 3725 1622 3782; x_wconf 75' lang='lat' dir='ltr'><strong>tetas,</strong></span> <span class='ocrx_word' id='word_1_520' title='bbox 1643 3730 1804 3784; x_wconf 87' lang='lat' dir='ltr'><strong>quem</strong></span> 
     </span>
    </p>
   </div>
   <div class='ocr_carea' id='block_1_68' title="bbox 192 3807 1804 3885">
    <p class='ocr_par' dir='ltr' id='par_1_68' title="bbox 192 3807 1804 3885">
     <span class='ocr_line' id='line_1_68' title="bbox 192 3807 1804 3885; baseline -0.006 -14"><span class='ocrx_word' id='word_1_521' title='bbox 192 3830 429 3872; x_wconf 85' lang='lat' dir='ltr'><strong>cursum</strong></span> <span class='ocrx_word' id='word_1_522' title='bbox 454 3815 584 3869; x_wconf 58' lang='lat' dir='ltr'><strong>vita}</strong></span> <span class='ocrx_word' id='word_1_523' title='bbox 606 3813 828 3885; x_wconf 84' lang='lat' dir='ltr'><strong>deligat,</strong></span> <span class='ocrx_word' id='word_1_524' title='bbox 855 3821 1010 3868; x_wconf 91' lang='lat' dir='ltr'><strong>nutat</strong></span> <span class='ocrx_word' id='word_1_525' title='bbox 1035 3816 1270 3876; x_wconf 87' lang='lat' dir='ltr'><strong>incerta;</strong></span> <span class='ocrx_word' id='word_1_526' title='bbox 1307 3809 1440 3864; x_wconf 88' lang='lat' dir='ltr'><strong>nihil</strong></span> <span class='ocrx_word' id='word_1_527' title='bbox 1459 3808 1605 3862; x_wconf 90' lang='lat' dir='ltr'><strong>aliud</strong></span> <span class='ocrx_word' id='word_1_528' title='bbox 1626 3824 1654 3861; x_wconf 91' lang='lat' dir='ltr'><strong>a</strong></span> <span class='ocrx_word' id='word_1_529' title='bbox 1672 3807 1804 3874; x_wconf 91' lang='lat' dir='ltr'><strong>Deo,</strong></span> 
     </span>
    </p>
   </div>
   <div class='ocr_carea' id='block_1_69' title="bbox 192 3899 1808 3980">
    <p class='ocr_par' dir='ltr' id='par_1_69' title="bbox 192 3899 1808 3980">
     <span class='ocr_line' id='line_1_69' title="bbox 192 3899 1808 3980; baseline -0.008 -14"><span class='ocrx_word' id='word_1_530' title='bbox 192 3925 362 3980; x_wconf 85' lang='lat' dir='ltr'><strong>quam</strong></span> <span class='ocrx_word' id='word_1_531' title='bbox 396 3909 724 3978; x_wconf 89' lang='lat' dir='ltr'><strong>sapientiam</strong></span> <span class='ocrx_word' id='word_1_532' title='bbox 757 3905 1048 3978; x_wconf 89' lang='lat' dir='ltr'><strong>postulavit</strong></span> <span class='ocrx_word' id='word_1_533' title='bbox 1080 3923 1093 3959; x_wconf 91' lang='lat'>:</span> <span class='ocrx_word' id='word_1_534' title='bbox 1131 3905 1271 3959; x_wconf 91' lang='lat' dir='ltr'><strong>inter</strong></span> <span class='ocrx_word' id='word_1_535' title='bbox 1303 3904 1443 3970; x_wconf 89' lang='lat' dir='ltr'><strong>ipsa,</strong></span> <span class='ocrx_word' id='word_1_536' title='bbox 1471 3912 1530 3956; x_wconf 93' lang='lat' dir='ltr'><strong>ut</strong></span> <span class='ocrx_word' id='word_1_537' title='bbox 1559 3899 1698 3965; x_wconf 80' lang='lat' dir='ltr'><strong>dixi,</strong></span> <span class='ocrx_word' id='word_1_538' title='bbox 1728 3901 1808 3955; x_wconf 86' lang='lat' dir='ltr'><strong>vi-</strong></span> 
     </span>
    </p>
   </div>
   <div class='ocr_carea' id='block_1_70' title="bbox 194 3993 1804 4070">
    <p class='ocr_par' dir='ltr' id='par_1_70' title="bbox 194 3993 1804 4070">
     <span class='ocr_line' id='line_1_70' title="bbox 194 3993 1804 4070; baseline -0.007 -13"><span class='ocrx_word' id='word_1_539' title='bbox 194 4011 266 4057; x_wconf 71' lang='lat' dir='ltr'><strong>tte</strong></span> <span class='ocrx_word' id='word_1_540' title='bbox 299 4007 641 4056; x_wconf 89' lang='lat' dir='ltr'><strong>tentamenta</strong></span> <span class='ocrx_word' id='word_1_541' title='bbox 668 3999 781 4070; x_wconf 72' lang='lat' dir='ltr'><strong>jam</strong></span> <span class='ocrx_word' id='word_1_542' title='bbox 812 3998 1058 4068; x_wconf 89' lang='lat' dir='ltr'><strong>sapiens,</strong></span> <span class='ocrx_word' id='word_1_543' title='bbox 1085 3997 1174 4068; x_wconf 87' lang='lat' dir='ltr'><strong>qui</strong></span> <span class='ocrx_word' id='word_1_544' title='bbox 1200 3997 1252 4050; x_wconf 93' lang='lat' dir='ltr'><strong>in</strong></span> <span class='ocrx_word' id='word_1_545' title='bbox 1279 3993 1574 4050; x_wconf 77' lang='lat' dir='ltr'><strong>dilectione</strong></span> <span class='ocrx_word' id='word_1_546' title='bbox 1598 4007 1804 4057; x_wconf 90' lang='lat' dir='ltr'><strong>rerum,</strong></span> 
     </span>
    </p>
   </div>
   <div class='ocr_carea' id='block_1_71' title="bbox 192 4082 1810 4164">
    <p class='ocr_par' dir='ltr' id='par_1_71' title="bbox 192 4082 1810 4164">
     <span class='ocr_line' id='line_1_71' title="bbox 192 4082 1810 4164; baseline -0.006 -16"><span class='ocrx_word' id='word_1_547' title='bbox 192 4092 344 4164; x_wconf 88' lang='lat' dir='ltr'><strong>quod</strong></span> <span class='ocrx_word' id='word_1_548' title='bbox 371 4092 628 4147; x_wconf 92' lang='lat' dir='ltr'><strong>omnibus</strong></span> <span class='ocrx_word' id='word_1_549' title='bbox 662 4089 903 4162; x_wconf 58' lang='lat' dir='ltr'><strong>praeiret,</strong></span> <span class='ocrx_word' id='word_1_550' title='bbox 926 4089 1111 4158; x_wconf 88' lang='lat' dir='ltr'><strong>elegit.</strong></span> <span class='ocrx_word' id='word_1_551' title='bbox 1143 4087 1235 4142; x_wconf 91' lang='lat' dir='ltr'><strong>Sic</strong></span> <span class='ocrx_word' id='word_1_552' title='bbox 1263 4085 1407 4141; x_wconf 91' lang='lat' dir='ltr'><strong>enim</strong></span> <span class='ocrx_word' id='word_1_553' title='bbox 1442 4087 1559 4154; x_wconf 88' lang='lat' dir='ltr'><strong>ipse</strong></span> <span class='ocrx_word' id='word_1_554' title='bbox 1591 4085 1642 4138; x_wconf 93' lang='lat' dir='ltr'><strong>in</strong></span> <span class='ocrx_word' id='word_1_555' title='bbox 1671 4082 1810 4138; x_wconf 91' lang='lat' dir='ltr'><strong>libro</strong></span> 
     </span>
    </p>
   </div>
   <div class='ocr_carea' id='block_1_72' title="bbox 192 4180 1810 4260">
    <p class='ocr_par' dir='ltr' id='par_1_72' title="bbox 192 4180 1810 4260">
     <span class='ocr_line' id='line_1_72' title="bbox 192 4180 1810 4260; baseline -0.009 -15"><span class='ocrx_word' id='word_1_556' title='bbox 192 4187 501 4260; x_wconf 70' lang='lat' dir='ltr'><strong>Sapientia:</strong></span> <span class='ocrx_word' id='word_1_557' title='bbox 529 4201 640 4242; x_wconf 76' lang='lat' dir='ltr'><strong>sua:</strong></span> <span class='ocrx_word' id='word_1_558' title='bbox 670 4199 729 4241; x_wconf 91' lang='lat' dir='ltr'><strong>se</strong></span> <span class='ocrx_word' id='word_1_559' title='bbox 759 4184 1050 4239; x_wconf 87' lang='lat' dir='ltr'><strong>Dominum</strong></span> <span class='ocrx_word' id='word_1_560' title='bbox 1075 4181 1509 4251; x_wconf 85' lang='lat' dir='ltr'><strong>omnipotentem</strong></span> <span class='ocrx_word' id='word_1_561' title='bbox 1540 4180 1810 4248; x_wconf 89' lang='lat' dir='ltr'><strong>depreca-</strong></span> 
     </span>
    </p>
   </div>
   <div class='ocr_carea' id='block_1_73' title="bbox 195 4277 1810 4349">
    <p class='ocr_par' dir='ltr' id='par_1_73' title="bbox 195 4277 1810 4349">
     <span class='ocr_line' id='line_1_73' title="bbox 195 4277 1810 4349; baseline -0.006 -9"><span class='ocrx_word' id='word_1_562' title='bbox 195 4296 312 4340; x_wconf 91' lang='lat' dir='ltr'><strong>tum</strong></span> <span class='ocrx_word' id='word_1_563' title='bbox 360 4284 537 4340; x_wconf 80' lang='lat' dir='ltr'><strong>luisse</strong></span> <span class='ocrx_word' id='word_1_564' title='bbox 584 4289 982 4339; x_wconf 83' lang='lat' dir='ltr'><strong>commemorat</strong></span> <span class='ocrx_word' id='word_1_565' title='bbox 1026 4298 1039 4334; x_wconf 91' lang='lat'>:</span> <span class='ocrx_word' id='word_1_566' title='bbox 1081 4278 1166 4334; x_wconf 89' lang='lat' dir='ltr'><strong>Da</strong></span> <span class='ocrx_word' id='word_1_567' title='bbox 1191 4279 1343 4346; x_wconf 83' lang='lat' dir='ltr'><strong>mihi,</strong></span> <span class='ocrx_word' id='word_1_568' title='bbox 1379 4279 1580 4349; x_wconf 91' lang='lat' dir='ltr'><strong>inquit,</strong></span> <span class='ocrx_word' id='word_1_569' title='bbox 1609 4277 1810 4332; x_wconf 86' lang='lat' dir='ltr'><strong>sedium</strong></span> 
     </span>
    </p>
   </div>
   <div class='ocr_carea' id='block_1_74' title="bbox 191 4368 1808 4446">
    <p class='ocr_par' dir='ltr' id='par_1_74' title="bbox 191 4368 1808 4446">
     <span class='ocr_line' id='line_1_74' title="bbox 191 4368 1808 4446; baseline -0.006 -12"><span class='ocrx_word' id='word_1_570' title='bbox 191 4390 412 4434; x_wconf 83' lang='lat' dir='ltr'><strong>tuarum</strong></span> <span class='ocrx_word' id='word_1_571' title='bbox 441 4377 755 4432; x_wconf 84' lang='lat' dir='ltr'><strong>assistricem</strong></span> <span class='ocrx_word' id='word_1_572' title='bbox 783 4374 1094 4446; x_wconf 82' lang='lat' dir='ltr'><strong>sapientiam</strong></span> <span class='ocrx_word' id='word_1_573' title='bbox 1121 4372 1281 4444; x_wconf 90' lang='lat' dir='ltr'><strong>(Sap.</strong></span> <span class='ocrx_word' id='word_1_574' title='bbox 1309 4388 1381 4435; x_wconf 83' lang='lat' dir='ltr'><strong>Ix,</strong></span> <span class='ocrx_word' id='word_1_575' title='bbox 1417 4369 1510 4442; x_wconf 68' lang='lat'><strong>4);</strong></span> <span class='ocrx_word' id='word_1_576' title='bbox 1542 4380 1603 4424; x_wconf 91' lang='lat' dir='ltr'><strong>ut</strong></span> <span class='ocrx_word' id='word_1_577' title='bbox 1641 4368 1808 4424; x_wconf 84' lang='lat' dir='ltr'><strong>sciam</strong></span> 
     </span>
    </p>
   </div>
   <div class='ocr_carea' id='block_1_75' title="bbox 193 4464 1808 4544">
    <p class='ocr_par' dir='ltr' id='par_1_75' title="bbox 193 4464 1808 4544">
     <span class='ocr_line' id='line_1_75' title="bbox 193 4464 1808 4544; baseline -0.007 -17"><span class='ocrx_word' id='word_1_578' title='bbox 193 4471 627 4544; x_wconf 87' lang='lat' dir='ltr'><strong>dispositionem</strong></span> <span class='ocrx_word' id='word_1_579' title='bbox 647 4469 800 4525; x_wconf 88' lang='lat' dir='ltr'><strong>orbis</strong></span> <span class='ocrx_word' id='word_1_580' title='bbox 822 4478 1112 4531; x_wconf 89' lang='lat' dir='ltr'><strong>terrarum,</strong></span> <span class='ocrx_word' id='word_1_581' title='bbox 1132 4466 1362 4521; x_wconf 84' lang='lat' dir='ltr'><strong>virtutes</strong></span> <span class='ocrx_word' id='word_1_582' title='bbox 1384 4464 1808 4529; x_wconf 91' lang='lat' dir='ltr'><strong>elementorum,</strong></span> 
     </span>
    </p>
   </div>
   <div class='ocr_carea' id='block_1_76' title="bbox 196 4557 1808 4622">
    <p class='ocr_par' dir='ltr' id='par_1_76' title="bbox 196 4557 1808 4622">
     <span class='ocr_line' id='line_1_76' title="bbox 196 4557 1808 4622; baseline -0.007 0"><span class='ocrx_word' id='word_1_583' title='bbox 196 4567 426 4622; x_wconf 89' lang='lat' dir='ltr'><strong>initium</strong></span> <span class='ocrx_word' id='word_1_584' title='bbox 455 4575 510 4621; x_wconf 90' lang='lat' dir='ltr'><strong>et</strong></span> <span class='ocrx_word' id='word_1_585' title='bbox 536 4561 1064 4620; x_wconf 90' lang='lat' dir='ltr'><strong>consummationem</strong></span> <span class='ocrx_word' id='word_1_586' title='bbox 1098 4568 1153 4615; x_wconf 89' lang='lat' dir='ltr'><strong>et</strong></span> <span class='ocrx_word' id='word_1_587' title='bbox 1183 4557 1531 4614; x_wconf 87' lang='lat' dir='ltr'><strong>medietatem</strong></span> <span class='ocrx_word' id='word_1_588' title='bbox 1563 4557 1808 4611; x_wconf 90' lang='lat' dir='ltr'><strong>omnium</strong></span> 
     </span>
    </p>
   </div>
   <div class='ocr_carea' id='block_1_77' title="bbox 1906 3335 3512 3414">
    <p class='ocr_par' dir='ltr' id='par_1_77' title="bbox 1906 3335 3512 3414">
     <span class='ocr_line' id='line_1_77' title="bbox 1906 3335 3512 3414; baseline 0.004 -24"><span class='ocrx_word' id='word_1_589' title='bbox 1906 3335 2003 3403; x_wconf 85' lang='lat' dir='ltr'><strong>bis,</strong></span> <span class='ocrx_word' id='word_1_590' title='bbox 2045 3338 2242 3409; x_wconf 91' lang='lat' dir='ltr'><strong>inquit,</strong></span> <span class='ocrx_word' id='word_1_591' title='bbox 2278 3341 2582 3408; x_wconf 87' lang='lat' dir='ltr'><strong>permissum</strong></span> <span class='ocrx_word' id='word_1_592' title='bbox 2608 3351 2682 3395; x_wconf 89' lang='lat' dir='ltr'><strong>est</strong></span> <span class='ocrx_word' id='word_1_593' title='bbox 2708 3343 2839 3396; x_wconf 88' lang='lat' dir='ltr'><strong>scire</strong></span> <span class='ocrx_word' id='word_1_594' title='bbox 2878 3343 3180 3414; x_wconf 75' lang='lat' dir='ltr'><strong>mysterium</strong></span> <span class='ocrx_word' id='word_1_595' title='bbox 3226 3343 3322 3396; x_wconf 83' lang='lat' dir='ltr'><strong>hoc</strong></span> <span class='ocrx_word' id='word_1_596' title='bbox 3354 3341 3512 3414; x_wconf 89' lang='lat' dir='ltr'><strong>(Luc.</strong></span> 
     </span>
    </p>
   </div>
   <div class='ocr_carea' id='block_1_78' title="bbox 1907 3436 3514 3508">
    <p class='ocr_par' dir='ltr' id='par_1_78' title="bbox 1907 3436 3514 3508">
     <span class='ocr_line' id='line_1_78' title="bbox 1907 3436 3514 3508; baseline 0.002 -19"><span class='ocrx_word' id='word_1_597' title='bbox 1907 3452 2020 3499; x_wconf 81' lang='lat' dir='ltr'><strong>vin,</strong></span> <span class='ocrx_word' id='word_1_598' title='bbox 2055 3436 2170 3508; x_wconf 80' lang='grc'><strong>10).</strong></span> <span class='ocrx_word' id='word_1_599' title='bbox 2219 3438 2349 3504; x_wconf 64' lang='lat' dir='ltr'><strong>Quae</strong></span> <span class='ocrx_word' id='word_1_600' title='bbox 2383 3437 2506 3494; x_wconf 89' lang='lat' dir='ltr'><strong>ideo</strong></span> <span class='ocrx_word' id='word_1_601' title='bbox 2537 3438 2722 3505; x_wconf 88' lang='lat' dir='ltr'><strong>retuli,</strong></span> <span class='ocrx_word' id='word_1_602' title='bbox 2753 3447 2816 3494; x_wconf 91' lang='lat' dir='ltr'><strong>ut</strong></span> <span class='ocrx_word' id='word_1_603' title='bbox 2865 3456 2973 3494; x_wconf 91' lang='lat' dir='ltr'><strong>non</strong></span> <span class='ocrx_word' id='word_1_604' title='bbox 3009 3448 3118 3494; x_wconf 88' lang='lat' dir='ltr'><strong>tam</strong></span> <span class='ocrx_word' id='word_1_605' title='bbox 3164 3439 3514 3494; x_wconf 89' lang='lat' dir='ltr'><strong>Salomoncm</strong></span> 
     </span>
    </p>
   </div>
   <div class='ocr_carea' id='block_1_79' title="bbox 1905 3530 3516 3606">
    <p class='ocr_par' dir='ltr' id='par_1_79' title="bbox 1905 3530 3516 3606">
     <span class='ocr_line' id='line_1_79' title="bbox 1905 3530 3516 3606; baseline 0.004 -23"><span class='ocrx_word' id='word_1_606' title='bbox 1905 3530 2050 3602; x_wconf 89' lang='lat' dir='ltr'><strong>quod</strong></span> <span class='ocrx_word' id='word_1_607' title='bbox 2079 3547 2185 3586; x_wconf 92' lang='lat' dir='ltr'><strong>non</strong></span> <span class='ocrx_word' id='word_1_608' title='bbox 2221 3533 2487 3602; x_wconf 88' lang='lat' dir='ltr'><strong>potuisset</strong></span> <span class='ocrx_word' id='word_1_609' title='bbox 2515 3534 2661 3589; x_wconf 89' lang='lat' dir='ltr'><strong>scire</strong></span> <span class='ocrx_word' id='word_1_610' title='bbox 2683 3533 3158 3602; x_wconf 89' lang='lat' dir='ltr'><strong>reprehenderim,</strong></span> <span class='ocrx_word' id='word_1_611' title='bbox 3183 3549 3346 3606; x_wconf 88' lang='lat' dir='ltr'><strong>quam</strong></span> <span class='ocrx_word' id='word_1_612' title='bbox 3370 3537 3516 3606; x_wconf 89' lang='lat' dir='ltr'><strong>quod</strong></span> 
     </span>
    </p>
   </div>
   <div class='ocr_carea' id='block_1_80' title="bbox 1907 3621 2862 3692">
    <p class='ocr_par' dir='ltr' id='par_1_80' title="bbox 1907 3621 2862 3692">
     <span class='ocr_line' id='line_1_80' title="bbox 1907 3621 2862 3692; baseline 0.002 -14"><span class='ocrx_word' id='word_1_613' title='bbox 1907 3637 2015 3678; x_wconf 92' lang='lat' dir='ltr'><strong>non</strong></span> <span class='ocrx_word' id='word_1_614' title='bbox 2045 3621 2238 3679; x_wconf 74' lang='lat' dir='ltr'><strong>inisset</strong></span> <span class='ocrx_word' id='word_1_615' title='bbox 2261 3624 2542 3692; x_wconf 89' lang='lat' dir='ltr'><strong>temporis,</strong></span> <span class='ocrx_word' id='word_1_616' title='bbox 2570 3634 2629 3678; x_wconf 93' lang='lat' dir='ltr'><strong>ut</strong></span> <span class='ocrx_word' id='word_1_617' title='bbox 2667 3624 2862 3680; x_wconf 91' lang='lat' dir='ltr'><strong>sciret.</strong></span> 
     </span>
    </p>
   </div>
   <div class='ocr_carea' id='block_1_81' title="bbox 1980 3714 3518 3789">
    <p class='ocr_par' dir='ltr' id='par_1_81' title="bbox 1980 3714 3518 3789">
     <span class='ocr_line' id='line_1_81' title="bbox 1980 3714 3518 3789; baseline 0.002 -18"><span class='ocrx_word' id='word_1_618' title='bbox 1980 3714 2210 3774; x_wconf 80' lang='lat' dir='ltr'><strong>CAPUT</strong></span> <span class='ocrx_word' id='word_1_619' title='bbox 2233 3716 2430 3772; x_wconf 72' lang='lat' dir='ltr'><strong>ll.—4.</strong></span> <span class='ocrx_word' id='word_1_620' title='bbox 2457 3716 2564 3773; x_wconf 91' lang='lat' dir='ltr'><strong>Sed</strong></span> <span class='ocrx_word' id='word_1_621' title='bbox 2585 3717 2697 3788; x_wconf 87' lang='lat' dir='ltr'><strong>jam</strong></span> <span class='ocrx_word' id='word_1_622' title='bbox 2730 3734 2798 3773; x_wconf 91' lang='lat' dir='ltr'><strong>ne</strong></span> <span class='ocrx_word' id='word_1_623' title='bbox 2823 3718 3100 3789; x_wconf 88' lang='lat' dir='ltr'><strong>proposita</strong></span> <span class='ocrx_word' id='word_1_624' title='bbox 3131 3717 3292 3774; x_wconf 89' lang='lat' dir='ltr'><strong>lectio</strong></span> <span class='ocrx_word' id='word_1_625' title='bbox 3313 3718 3518 3774; x_wconf 84' lang='lat' dir='ltr'><strong>diutius</strong></span> 
     </span>
    </p>
   </div>
   <div class='ocr_carea' id='block_1_82' title="bbox 1909 3808 3518 3882">
    <p class='ocr_par' dir='ltr' id='par_1_82' title="bbox 1909 3808 3518 3882">
     <span class='ocr_line' id='line_1_82' title="bbox 1909 3808 3518 3882; baseline 0.001 -18"><span class='ocrx_word' id='word_1_626' title='bbox 1909 3808 2215 3872; x_wconf 80' lang='lat' dir='ltr'><strong>dill‘eratnr,</strong></span> <span class='ocrx_word' id='word_1_627' title='bbox 2237 3826 2406 3881; x_wconf 92' lang='lat' dir='ltr'><strong>pauca</strong></span> <span class='ocrx_word' id='word_1_628' title='bbox 2433 3811 2586 3866; x_wconf 87' lang='lat' dir='ltr'><strong>vobis</strong></span> <span class='ocrx_word' id='word_1_629' title='bbox 2601 3826 2721 3882; x_wconf 68' lang='lat' dir='ltr'><strong>quae</strong></span> <span class='ocrx_word' id='word_1_630' title='bbox 2738 3811 2812 3866; x_wconf 90' lang='lat' dir='ltr'><strong>ita</strong></span> <span class='ocrx_word' id='word_1_631' title='bbox 2832 3811 2885 3866; x_wconf 91' lang='lat' dir='ltr'><strong>in</strong></span> <span class='ocrx_word' id='word_1_632' title='bbox 2899 3810 3257 3882; x_wconf 77' lang='lat' dir='ltr'><strong>qna-stionem</strong></span> <span class='ocrx_word' id='word_1_633' title='bbox 3271 3810 3518 3876; x_wconf 88' lang='lat' dir='ltr'><strong>veniunt,</strong></span> 
     </span>
    </p>
   </div>
   <div class='ocr_carea' id='block_1_83' title="bbox 1912 3903 3522 3976">
    <p class='ocr_par' dir='ltr' id='par_1_83' title="bbox 1912 3903 3522 3976">
     <span class='ocr_line' id='line_1_83' title="bbox 1912 3903 3522 3976; baseline 0 -18"><span class='ocrx_word' id='word_1_634' title='bbox 1912 3903 2148 3976; x_wconf 86' lang='lat' dir='ltr'><strong>propitio</strong></span> <span class='ocrx_word' id='word_1_635' title='bbox 2169 3905 2281 3960; x_wconf 90' lang='lat' dir='ltr'><strong>Deo</strong></span> <span class='ocrx_word' id='word_1_636' title='bbox 2306 3914 2514 3970; x_wconf 90' lang='lat' dir='ltr'><strong>nostro,</strong></span> <span class='ocrx_word' id='word_1_637' title='bbox 2531 3905 2761 3974; x_wconf 91' lang='lat' dir='ltr'><strong>cogitavi</strong></span> <span class='ocrx_word' id='word_1_638' title='bbox 2789 3920 3064 3975; x_wconf 84' lang='lat' dir='ltr'><strong>exponere</strong></span> <span class='ocrx_word' id='word_1_639' title='bbox 3089 3923 3102 3960; x_wconf 93' lang='lat'>:</span> <span class='ocrx_word' id='word_1_640' title='bbox 3127 3903 3251 3959; x_wconf 90' lang='lat' dir='ltr'><strong>Tria</strong></span> <span class='ocrx_word' id='word_1_641' title='bbox 3267 3915 3409 3972; x_wconf 90' lang='lat' dir='ltr'><strong>sunt,</strong></span> <span class='ocrx_word' id='word_1_642' title='bbox 3439 3903 3522 3959; x_wconf 92' lang='lat' dir='ltr'><strong>in-</strong></span> 
     </span>
    </p>
   </div>
   <div class='ocr_carea' id='block_1_84' title="bbox 1910 3995 3520 4067">
    <p class='ocr_par' dir='ltr' id='par_1_84' title="bbox 1910 3995 3520 4067">
     <span class='ocr_line' id='line_1_84' title="bbox 1910 3995 3520 4067; baseline 0.001 -19"><span class='ocrx_word' id='word_1_643' title='bbox 1910 3997 2048 4067; x_wconf 90' lang='lat' dir='ltr'><strong>quit,</strong></span> <span class='ocrx_word' id='word_1_644' title='bbox 2073 3996 2415 4066; x_wconf 88' lang='lat' dir='ltr'><strong>impossibilia</strong></span> <span class='ocrx_word' id='word_1_645' title='bbox 2442 3995 2573 4050; x_wconf 85' lang='lat' dir='ltr'><strong>milti</strong></span> <span class='ocrx_word' id='word_1_646' title='bbox 2595 3997 2749 4064; x_wconf 85' lang='lat' dir='ltr'><strong>scire,</strong></span> <span class='ocrx_word' id='word_1_647' title='bbox 2784 4007 2832 4052; x_wconf 86' lang='lat' dir='ltr'><strong>et</strong></span> <span class='ocrx_word' id='word_1_648' title='bbox 2863 4006 3102 4066; x_wconf 88' lang='lat' dir='ltr'><strong>quartum</strong></span> <span class='ocrx_word' id='word_1_649' title='bbox 3133 3999 3272 4067; x_wconf 83' lang='lat' dir='ltr'><strong>quod</strong></span> <span class='ocrx_word' id='word_1_650' title='bbox 3297 4013 3400 4051; x_wconf 88' lang='lat' dir='ltr'><strong>non</strong></span> <span class='ocrx_word' id='word_1_651' title='bbox 3428 4013 3520 4050; x_wconf 86' lang='lat' dir='ltr'><strong>co-</strong></span> 
     </span>
    </p>
   </div>
   <div class='ocr_carea' id='block_1_85' title="bbox 1911 4089 3523 4162">
    <p class='ocr_par' dir='ltr' id='par_1_85' title="bbox 1911 4089 3523 4162">
     <span class='ocr_line' id='line_1_85' title="bbox 1911 4089 3523 4162; baseline 0.002 -20"><span class='ocrx_word' id='word_1_652' title='bbox 1911 4104 2101 4160; x_wconf 87' lang='lat' dir='ltr'><strong>gnosco</strong></span> <span class='ocrx_word' id='word_1_653' title='bbox 2126 4090 2371 4162; x_wconf 84' lang='lat' dir='ltr'><strong>:uestigia</strong></span> <span class='ocrx_word' id='word_1_654' title='bbox 2399 4089 2590 4159; x_wconf 75' lang='lat' dir='ltr'><strong>aquila:</strong></span> <span class='ocrx_word' id='word_1_655' title='bbox 2614 4090 2860 4156; x_wconf 82' lang='lat' dir='ltr'><strong>uolantis,</strong></span> <span class='ocrx_word' id='word_1_656' title='bbox 2886 4099 2934 4145; x_wconf 88' lang='lat' dir='ltr'><strong>et</strong></span> <span class='ocrx_word' id='word_1_657' title='bbox 2955 4091 3065 4145; x_wconf 84' lang='lat' dir='ltr'><strong>vias</strong></span> <span class='ocrx_word' id='word_1_658' title='bbox 3091 4091 3345 4161; x_wconf 85' lang='lat' dir='ltr'><strong>serpentis</strong></span> <span class='ocrx_word' id='word_1_659' title='bbox 3365 4106 3523 4161; x_wconf 86' lang='lat' dir='ltr'><strong>super</strong></span> 
     </span>
    </p>
   </div>
   <div class='ocr_carea' id='block_1_86' title="bbox 1913 4184 3526 4258">
    <p class='ocr_par' dir='ltr' id='par_1_86' title="bbox 1913 4184 3526 4258">
     <span class='ocr_line' id='line_1_86' title="bbox 1913 4184 3526 4258; baseline -0.001 -19"><span class='ocrx_word' id='word_1_660' title='bbox 1913 4193 2131 4255; x_wconf 87' lang='lat' dir='ltr'><strong>petram,</strong></span> <span class='ocrx_word' id='word_1_661' title='bbox 2163 4195 2214 4240; x_wconf 92' lang='lat' dir='ltr'><strong>et</strong></span> <span class='ocrx_word' id='word_1_662' title='bbox 2245 4187 2453 4239; x_wconf 84' lang='lat' dir='ltr'><strong>semitas</strong></span> <span class='ocrx_word' id='word_1_663' title='bbox 2484 4187 2627 4239; x_wconf 82' lang='lat' dir='ltr'><strong>nauis</strong></span> <span class='ocrx_word' id='word_1_664' title='bbox 2666 4185 2982 4258; x_wconf 84' lang='lat' dir='ltr'><strong>nauigantis,</strong></span> <span class='ocrx_word' id='word_1_665' title='bbox 3013 4194 3062 4240; x_wconf 91' lang='lat' dir='ltr'><strong>et</strong></span> <span class='ocrx_word' id='word_1_666' title='bbox 3097 4185 3207 4238; x_wconf 87' lang='lat' dir='ltr'><strong>uias</strong></span> <span class='ocrx_word' id='word_1_667' title='bbox 3235 4184 3331 4239; x_wconf 83' lang='lat' dir='ltr'><strong>uiri</strong></span> <span class='ocrx_word' id='word_1_668' title='bbox 3357 4185 3411 4238; x_wconf 86' lang='lat' dir='ltr'><strong>in</strong></span> <span class='ocrx_word' id='word_1_669' title='bbox 3429 4188 3526 4257; x_wconf 85' lang='lat' dir='ltr'><strong>ju-</strong></span> 
     </span>
    </p>
   </div>
   <div class='ocr_carea' id='block_1_87' title="bbox 1912 4275 3523 4348">
    <p class='ocr_par' dir='ltr' id='par_1_87' title="bbox 1912 4275 3523 4348">
     <span class='ocr_line' id='line_1_87' title="bbox 1912 4275 3523 4348; baseline 0 -16"><span class='ocrx_word' id='word_1_670' title='bbox 1912 4287 2136 4332; x_wconf 85' lang='lat' dir='ltr'><strong>ventute.</strong></span> <span class='ocrx_word' id='word_1_671' title='bbox 2161 4277 2296 4345; x_wconf 88' lang='lat' dir='ltr'><strong>Quis</strong></span> <span class='ocrx_word' id='word_1_672' title='bbox 2313 4276 2458 4332; x_wconf 90' lang='lat' dir='ltr'><strong>enim</strong></span> <span class='ocrx_word' id='word_1_673' title='bbox 2489 4291 2768 4348; x_wconf 86' lang='lat' dir='ltr'><strong>umquam,</strong></span> <span class='ocrx_word' id='word_1_674' title='bbox 2795 4276 3138 4333; x_wconf 87' lang='lat' dir='ltr'><strong>dilectissimi</strong></span> <span class='ocrx_word' id='word_1_675' title='bbox 3170 4275 3394 4343; x_wconf 80' lang='lat' dir='ltr'><strong>fratres,</strong></span> <span class='ocrx_word' id='word_1_676' title='bbox 3427 4291 3523 4348; x_wconf 88' lang='lat' dir='ltr'><strong>po—</strong></span> 
     </span>
    </p>
   </div>
   <div class='ocr_carea' id='block_1_88' title="bbox 1915 4370 3524 4443">
    <p class='ocr_par' dir='ltr' id='par_1_88' title="bbox 1915 4370 3524 4443">
     <span class='ocr_line' id='line_1_88' title="bbox 1915 4370 3524 4443; baseline 0.001 -17"><span class='ocrx_word' id='word_1_677' title='bbox 1915 4372 2016 4426; x_wconf 91' lang='lat' dir='ltr'><strong>tuit</strong></span> <span class='ocrx_word' id='word_1_678' title='bbox 2035 4371 2137 4426; x_wconf 92' lang='lat' dir='ltr'><strong>ista</strong></span> <span class='ocrx_word' id='word_1_679' title='bbox 2164 4371 2531 4443; x_wconf 84' lang='lat' dir='ltr'><strong>cognoscere?</strong></span> <span class='ocrx_word' id='word_1_680' title='bbox 2552 4370 2716 4439; x_wconf 88' lang='lat' dir='ltr'><strong>Quasi</strong></span> <span class='ocrx_word' id='word_1_681' title='bbox 2739 4387 2869 4426; x_wconf 85' lang='lat' dir='ltr'><strong>vero</strong></span> <span class='ocrx_word' id='word_1_682' title='bbox 2896 4372 2968 4427; x_wconf 90' lang='lat' dir='ltr'><strong>sit</strong></span> <span class='ocrx_word' id='word_1_683' title='bbox 2991 4372 3147 4427; x_wconf 90' lang='lat' dir='ltr'><strong>facile</strong></span> <span class='ocrx_word' id='word_1_684' title='bbox 3173 4381 3230 4426; x_wconf 90' lang='lat' dir='ltr'><strong>ut</strong></span> <span class='ocrx_word' id='word_1_685' title='bbox 3253 4385 3524 4443; x_wconf 87' lang='lat' dir='ltr'><strong>suspensa</strong></span> 
     </span>
    </p>
   </div>
   <div class='ocr_carea' id='block_1_89' title="bbox 1913 4463 3522 4537">
    <p class='ocr_par' dir='ltr' id='par_1_89' title="bbox 1913 4463 3522 4537">
     <span class='ocr_line' id='line_1_89' title="bbox 1913 4463 3522 4537; baseline 0 -17"><span class='ocrx_word' id='word_1_686' title='bbox 1913 4465 2094 4537; x_wconf 88' lang='lat' dir='ltr'><strong>aquila</strong></span> <span class='ocrx_word' id='word_1_687' title='bbox 2133 4466 2184 4520; x_wconf 92' lang='lat' dir='ltr'><strong>in</strong></span> <span class='ocrx_word' id='word_1_688' title='bbox 2219 4464 2386 4520; x_wconf 91' lang='lat' dir='ltr'><strong>altum</strong></span> <span class='ocrx_word' id='word_1_689' title='bbox 2436 4463 2602 4520; x_wconf 89' lang='lat' dir='ltr'><strong>celeri</strong></span> <span class='ocrx_word' id='word_1_690' title='bbox 2648 4463 2886 4520; x_wconf 88' lang='lat' dir='ltr'><strong>elatione</strong></span> <span class='ocrx_word' id='word_1_691' title='bbox 2937 4477 3262 4533; x_wconf 88' lang='lat' dir='ltr'><strong>pennarum,</strong></span> <span class='ocrx_word' id='word_1_692' title='bbox 3301 4465 3522 4535; x_wconf 90' lang='lat' dir='ltr'><strong>plausus</strong></span> 
     </span>
    </p>
   </div>
   <div class='ocr_carea' id='block_1_90' title="bbox 1915 4556 3518 4629">
    <p class='ocr_par' dir='ltr' id='par_1_90' title="bbox 1915 4556 3518 4629">
     <span class='ocr_line' id='line_1_90' title="bbox 1915 4556 3518 4629; baseline -0.001 -15"><span class='ocrx_word' id='word_1_693' title='bbox 1915 4560 1999 4614; x_wconf 92' lang='lat' dir='ltr'><strong>sui</strong></span> <span class='ocrx_word' id='word_1_694' title='bbox 2021 4567 2078 4614; x_wconf 91' lang='lat' dir='ltr'><strong>et</strong></span> <span class='ocrx_word' id='word_1_695' title='bbox 2107 4559 2293 4629; x_wconf 89' lang='lat' dir='ltr'><strong>lapsus</strong></span> <span class='ocrx_word' id='word_1_696' title='bbox 2321 4557 2552 4629; x_wconf 86' lang='lat' dir='ltr'><strong>vestigia</strong></span> <span class='ocrx_word' id='word_1_697' title='bbox 2584 4556 2873 4612; x_wconf 77' lang='lat' dir='ltr'><strong>manifesta</strong></span> <span class='ocrx_word' id='word_1_698' title='bbox 2901 4557 3222 4622; x_wconf 90' lang='lat' dir='ltr'><strong>constituat,</strong></span> <span class='ocrx_word' id='word_1_699' title='bbox 3255 4565 3352 4611; x_wconf 90' lang='lat' dir='ltr'><strong>ant</strong></span> <span class='ocrx_word' id='word_1_700' title='bbox 3375 4558 3518 4612; x_wconf 88' lang='lat' dir='ltr'><strong>viam</strong></span> 
     </span>
    </p>
   </div>
   <div class='ocr_carea' id='block_1_91' title="bbox 195 4621 3523 4730">
    <p class='ocr_par' dir='ltr' id='par_1_91' title="bbox 195 4621 3523 4730">
     <span class='ocr_line' id='line_1_91' title="bbox 195 4621 3523 4730; baseline -0.004 -10"><span class='ocrx_word' id='word_1_701' title='bbox 195 4678 419 4730; x_wconf 87' lang='lat' dir='ltr'><strong>rerum,</strong></span> <span class='ocrx_word' id='word_1_702' title='bbox 441 4661 741 4717; x_wconf 85' lang='lat' dir='ltr'><strong>divisiones</strong></span> <span class='ocrx_word' id='word_1_703' title='bbox 763 4668 819 4715; x_wconf 91' lang='lat' dir='ltr'><strong>et</strong></span> <span class='ocrx_word' id='word_1_704' title='bbox 840 4659 1170 4714; x_wconf 87' lang='lat' dir='ltr'><strong>mutationes</strong></span> <span class='ocrx_word' id='word_1_705' title='bbox 1193 4667 1519 4728; x_wconf 91' lang='lat' dir='ltr'><strong>temporum,</strong></span> <span class='ocrx_word' id='word_1_706' title='bbox 1540 4657 1667 4711; x_wconf 91' lang='lat' dir='ltr'><strong>anni</strong></span> <span class='ocrx_word' id='word_1_707' title='bbox 1685 4670 1813 4710; x_wconf 79' lang='lat' dir='ltr'><strong>cur—</strong></span> <span class='ocrx_word' id='word_1_708' title='bbox 1836 4621 1889 4681; x_wconf 83' lang='lat' dir='ltr'><strong>D</strong></span> <span class='ocrx_word' id='word_1_709' title='bbox 1915 4652 2093 4724; x_wconf 84' lang='lat' dir='ltr'><strong>signet</strong></span> <span class='ocrx_word' id='word_1_710' title='bbox 2119 4653 2170 4706; x_wconf 92' lang='lat' dir='ltr'><strong>in</strong></span> <span class='ocrx_word' id='word_1_711' title='bbox 2195 4665 2384 4715; x_wconf 87' lang='lat' dir='ltr'><strong>vacno,</strong></span> <span class='ocrx_word' id='word_1_712' title='bbox 2414 4661 2468 4706; x_wconf 91' lang='lat' dir='ltr'><strong>et</strong></span> <span class='ocrx_word' id='word_1_713' title='bbox 2493 4649 2689 4705; x_wconf 90' lang='lat' dir='ltr'><strong>lineam</strong></span> <span class='ocrx_word' id='word_1_714' title='bbox 2722 4650 2806 4706; x_wconf 90' lang='lat' dir='ltr'><strong>sui</strong></span> <span class='ocrx_word' id='word_1_715' title='bbox 2829 4650 3041 4705; x_wconf 88' lang='lat' dir='ltr'><strong>volatus</strong></span> <span class='ocrx_word' id='word_1_716' title='bbox 3061 4648 3246 4713; x_wconf 91' lang='lat' dir='ltr'><strong>ducat,</strong></span> <span class='ocrx_word' id='word_1_717' title='bbox 3287 4649 3523 4720; x_wconf 88' lang='lat' dir='ltr'><strong>figatque</strong></span> 
     </span>
    </p>
   </div>
   <div class='ocr_carea' id='block_1_92' title="bbox 196 4750 1807 4828">
    <p class='ocr_par' dir='ltr' id='par_1_92' title="bbox 196 4750 1807 4828">
     <span class='ocr_line' id='line_1_92' title="bbox 196 4750 1807 4828; baseline -0.007 -12"><span class='ocrx_word' id='word_1_718' title='bbox 196 4775 321 4828; x_wconf 85' lang='lat' dir='ltr'><strong>sus,</strong></span> <span class='ocrx_word' id='word_1_719' title='bbox 351 4769 400 4814; x_wconf 92' lang='lat' dir='ltr'><strong>et</strong></span> <span class='ocrx_word' id='word_1_720' title='bbox 447 4757 834 4827; x_wconf 87' lang='lat' dir='ltr'><strong>dispositiones</strong></span> <span class='ocrx_word' id='word_1_721' title='bbox 875 4754 1177 4820; x_wconf 84' lang='lat' dir='ltr'><strong>stellarum,</strong></span> <span class='ocrx_word' id='word_1_722' title='bbox 1217 4763 1440 4807; x_wconf 89' lang='lat' dir='ltr'><strong>naturas</strong></span> <span class='ocrx_word' id='word_1_723' title='bbox 1470 4750 1807 4816; x_wconf 87' lang='lat' dir='ltr'><strong>animalium,</strong></span> 
     </span>
    </p>
   </div>
   <div class='ocr_carea' id='block_1_93' title="bbox 197 4841 1814 4915">
    <p class='ocr_par' dir='ltr' id='par_1_93' title="bbox 197 4841 1814 4915">
     <span class='ocr_line' id='line_1_93' title="bbox 197 4841 1814 4915; baseline -0.007 -7"><span class='ocrx_word' id='word_1_724' title='bbox 197 4864 256 4908; x_wconf 86' lang='lat' dir='ltr'><strong>et</strong></span> <span class='ocrx_word' id='word_1_725' title='bbox 281 4854 396 4907; x_wconf 90' lang='lat' dir='ltr'><strong>iras</strong></span> <span class='ocrx_word' id='word_1_726' title='bbox 423 4850 743 4915; x_wconf 82' lang='lat' dir='ltr'><strong>beSIiarum,</strong></span> <span class='ocrx_word' id='word_1_727' title='bbox 768 4849 874 4902; x_wconf 88' lang='lat' dir='ltr'><strong>vim</strong></span> <span class='ocrx_word' id='word_1_728' title='bbox 907 4854 1216 4911; x_wconf 85' lang='lat' dir='ltr'><strong>ventorum,</strong></span> <span class='ocrx_word' id='word_1_729' title='bbox 1239 4853 1296 4900; x_wconf 90' lang='lat' dir='ltr'><strong>et</strong></span> <span class='ocrx_word' id='word_1_730' title='bbox 1323 4841 1687 4914; x_wconf 86' lang='lat' dir='ltr'><strong>cogitationes</strong></span> <span class='ocrx_word' id='word_1_731' title='bbox 1716 4841 1814 4896; x_wconf 91' lang='lat' dir='ltr'><strong>ho-</strong></span> 
     </span>
    </p>
   </div>
   <div class='ocr_carea' id='block_1_94' title="bbox 200 4937 1813 5015">
    <p class='ocr_par' dir='ltr' id='par_1_94' title="bbox 200 4937 1813 5015">
     <span class='ocr_line' id='line_1_94' title="bbox 200 4937 1813 5015; baseline -0.009 -11"><span class='ocrx_word' id='word_1_732' title='bbox 200 4948 443 5015; x_wconf 89' lang='lat' dir='ltr'><strong>minum,</strong></span> <span class='ocrx_word' id='word_1_733' title='bbox 473 4944 811 5001; x_wconf 73' lang='lat' dir='ltr'><strong>diﬁcrentias</strong></span> <span class='ocrx_word' id='word_1_734' title='bbox 849 4943 1126 5005; x_wconf 91' lang='lat' dir='ltr'><strong>arborum,</strong></span> <span class='ocrx_word' id='word_1_735' title='bbox 1158 4950 1216 4996; x_wconf 91' lang='lat' dir='ltr'><strong>et</strong></span> <span class='ocrx_word' id='word_1_736' title='bbox 1252 4941 1483 4994; x_wconf 89' lang='lat' dir='ltr'><strong>virtutes</strong></span> <span class='ocrx_word' id='word_1_737' title='bbox 1532 4937 1813 4993; x_wconf 89' lang='lat' dir='ltr'><strong>radicum:</strong></span> 
     </span>
    </p>
   </div>
   <div class='ocr_carea' id='block_1_95' title="bbox 199 5029 1814 5105">
    <p class='ocr_par' dir='ltr' id='par_1_95' title="bbox 199 5029 1814 5105">
     <span class='ocr_line' id='line_1_95' title="bbox 199 5029 1814 5105; baseline -0.007 -9"><span class='ocrx_word' id='word_1_738' title='bbox 199 5041 454 5096; x_wconf 88' lang='lat' dir='ltr'><strong>omnium</strong></span> <span class='ocrx_word' id='word_1_739' title='bbox 485 5039 630 5094; x_wconf 89' lang='lat' dir='ltr'><strong>enim</strong></span> <span class='ocrx_word' id='word_1_740' title='bbox 677 5036 895 5104; x_wconf 77' lang='lat' dir='ltr'><strong>artifex,</strong></span> <span class='ocrx_word' id='word_1_741' title='bbox 928 5036 1002 5089; x_wconf 92' lang='lat' dir='ltr'><strong>ait</strong></span> <span class='ocrx_word' id='word_1_742' title='bbox 1031 5034 1188 5105; x_wconf 89' lang='lat' dir='ltr'><strong>(Sap.</strong></span> <span class='ocrx_word' id='word_1_743' title='bbox 1221 5048 1316 5097; x_wconf 86' lang='lat' dir='ltr'><strong>vtt,</strong></span> <span class='ocrx_word' id='word_1_744' title='bbox 1363 5029 1482 5102; x_wconf 75' lang='grc'><strong>21),</strong></span> <span class='ocrx_word' id='word_1_745' title='bbox 1513 5031 1700 5084; x_wconf 90' lang='lat' dir='ltr'><strong>docuit</strong></span> <span class='ocrx_word' id='word_1_746' title='bbox 1728 5045 1814 5084; x_wconf 88' lang='lat' dir='ltr'><strong>me</strong></span> 
     </span>
    </p>
   </div>
   <div class='ocr_carea' id='block_1_96' title="bbox 201 5123 1817 5206">
    <p class='ocr_par' dir='ltr' id='par_1_96' title="bbox 201 5123 1817 5206">
     <span class='ocr_line' id='line_1_96' title="bbox 201 5123 1817 5206; baseline -0.01 -14"><span class='ocrx_word' id='word_1_747' title='bbox 201 5135 503 5206; x_wconf 86' lang='lat' dir='ltr'><strong>sapientia.</strong></span> <span class='ocrx_word' id='word_1_748' title='bbox 531 5133 598 5188; x_wconf 83' lang='lat' dir='ltr'><strong>Et</strong></span> <span class='ocrx_word' id='word_1_749' title='bbox 628 5132 756 5187; x_wconf 90' lang='lat' dir='ltr'><strong>alibi</strong></span> <span class='ocrx_word' id='word_1_750' title='bbox 787 5133 903 5202; x_wconf 89' lang='lat' dir='ltr'><strong>ipse</strong></span> <span class='ocrx_word' id='word_1_751' title='bbox 928 5130 981 5184; x_wconf 92' lang='lat' dir='ltr'><strong>in</strong></span> <span class='ocrx_word' id='word_1_752' title='bbox 1008 5128 1202 5185; x_wconf 89' lang='lat' dir='ltr'><strong>eodem</strong></span> <span class='ocrx_word' id='word_1_753' title='bbox 1227 5127 1368 5182; x_wconf 90' lang='lat' dir='ltr'><strong>libro</strong></span> <span class='ocrx_word' id='word_1_754' title='bbox 1398 5142 1411 5179; x_wconf 93' lang='lat'>:</span> <span class='ocrx_word' id='word_1_755' title='bbox 1439 5123 1708 5187; x_wconf 81' lang='lat' dir='ltr'><strong>Inuocaui,</strong></span> <span class='ocrx_word' id='word_1_756' title='bbox 1734 5123 1817 5178; x_wconf 92' lang='lat' dir='ltr'><strong>in-</strong></span> 
     </span>
    </p>
   </div>
   <div class='ocr_carea' id='block_1_97' title="bbox 203 5215 1739 5302">
    <p class='ocr_par' dir='ltr' id='par_1_97' title="bbox 203 5215 1739 5302">
     <span class='ocr_line' id='line_1_97' title="bbox 203 5215 1739 5302; baseline -0.009 -19"><span class='ocrx_word' id='word_1_757' title='bbox 203 5230 356 5302; x_wconf 86' lang='lat' dir='ltr'><strong>quit,</strong></span> <span class='ocrx_word' id='word_1_758' title='bbox 382 5237 431 5282; x_wconf 81' lang='lat' dir='ltr'><strong>ct</strong></span> <span class='ocrx_word' id='word_1_759' title='bbox 454 5227 588 5282; x_wconf 84' lang='lat' dir='ltr'><strong>uenit</strong></span> <span class='ocrx_word' id='word_1_760' title='bbox 613 5227 668 5280; x_wconf 89' lang='lat' dir='ltr'><strong>in</strong></span> <span class='ocrx_word' id='word_1_761' title='bbox 692 5241 774 5279; x_wconf 91' lang='lat' dir='ltr'><strong>me</strong></span> <span class='ocrx_word' id='word_1_762' title='bbox 793 5223 1008 5294; x_wconf 88' lang='lat' dir='ltr'><strong>spiritus</strong></span> <span class='ocrx_word' id='word_1_763' title='bbox 1039 5220 1312 5293; x_wconf 69' lang='lat' dir='ltr'><strong>sapientia</strong></span> <span class='ocrx_word' id='word_1_764' title='bbox 1341 5217 1500 5289; x_wconf 89' lang='lat' dir='ltr'><strong>(Sap.</strong></span> <span class='ocrx_word' id='word_1_765' title='bbox 1537 5233 1634 5281; x_wconf 87' lang='lat' dir='ltr'><strong>vtt,</strong></span> <span class='ocrx_word' id='word_1_766' title='bbox 1661 5215 1739 5287; x_wconf 87' lang='lat'><strong>7).</strong></span> 
     </span>
    </p>
   </div>
   <div class='ocr_carea' id='block_1_98' title="bbox 281 5309 1814 5392">
    <p class='ocr_par' dir='ltr' id='par_1_98' title="bbox 281 5309 1814 5392">
     <span class='ocr_line' id='line_1_98' title="bbox 281 5309 1814 5392; baseline -0.01 -14"><span class='ocrx_word' id='word_1_767' title='bbox 281 5323 342 5379; x_wconf 78' lang='grc'><strong>2.</strong></span> <span class='ocrx_word' id='word_1_768' title='bbox 378 5323 446 5378; x_wconf 87' lang='lat' dir='ltr'><strong>Et</strong></span> <span class='ocrx_word' id='word_1_769' title='bbox 483 5320 610 5392; x_wconf 91' lang='lat' dir='ltr'><strong>quid</strong></span> <span class='ocrx_word' id='word_1_770' title='bbox 633 5329 739 5388; x_wconf 89' lang='lat' dir='ltr'><strong>est,</strong></span> <span class='ocrx_word' id='word_1_771' title='bbox 772 5315 1114 5374; x_wconf 89' lang='lat' dir='ltr'><strong>dilectissimi</strong></span> <span class='ocrx_word' id='word_1_772' title='bbox 1145 5314 1360 5376; x_wconf 83' lang='lat' dir='ltr'><strong>fratres,</strong></span> <span class='ocrx_word' id='word_1_773' title='bbox 1405 5311 1549 5383; x_wconf 92' lang='lat' dir='ltr'><strong>quod</strong></span> <span class='ocrx_word' id='word_1_774' title='bbox 1584 5321 1690 5365; x_wconf 90' lang='lat' dir='ltr'><strong>tam</strong></span> <span class='ocrx_word' id='word_1_775' title='bbox 1731 5309 1814 5364; x_wconf 90' lang='lat' dir='ltr'><strong>lo-</strong></span> 
     </span>
    </p>
   </div>
   <div class='ocr_carea' id='block_1_99' title="bbox 201 5405 1817 5490">
    <p class='ocr_par' dir='ltr' id='par_1_99' title="bbox 201 5405 1817 5490">
     <span class='ocr_line' id='line_1_99' title="bbox 201 5405 1817 5490; baseline -0.012 -16"><span class='ocrx_word' id='word_1_776' title='bbox 201 5419 406 5490; x_wconf 85' lang='lat' dir='ltr'><strong>cuples</strong></span> <span class='ocrx_word' id='word_1_777' title='bbox 429 5429 716 5488; x_wconf 87' lang='lat' dir='ltr'><strong>possessor</strong></span> <span class='ocrx_word' id='word_1_778' title='bbox 736 5411 1020 5484; x_wconf 69' lang='lat' dir='ltr'><strong>sapientiae</strong></span> <span class='ocrx_word' id='word_1_779' title='bbox 1045 5409 1332 5472; x_wconf 86' lang='lat' dir='ltr'><strong>Salomon,</strong></span> <span class='ocrx_word' id='word_1_780' title='bbox 1365 5421 1488 5460; x_wconf 90' lang='lat' dir='ltr'><strong>cum</strong></span> <span class='ocrx_word' id='word_1_781' title='bbox 1513 5405 1695 5458; x_wconf 89' lang='lat' dir='ltr'><strong>omnia</strong></span> <span class='ocrx_word' id='word_1_782' title='bbox 1722 5416 1817 5456; x_wconf 90' lang='lat' dir='ltr'><strong>co-</strong></span> 
     </span>
    </p>
   </div>
   <div class='ocr_carea' id='block_1_100' title="bbox 205 5498 1817 5583">
    <p class='ocr_par' dir='ltr' id='par_1_100' title="bbox 205 5498 1817 5583">
     <span class='ocr_line' id='line_1_100' title="bbox 205 5498 1817 5583; baseline -0.011 -16"><span class='ocrx_word' id='word_1_783' title='bbox 205 5512 521 5583; x_wconf 85' lang='lat' dir='ltr'><strong>gnovisset,</strong></span> <span class='ocrx_word' id='word_1_784' title='bbox 567 5522 689 5580; x_wconf 69' lang='lat' dir='ltr'><strong>qua:</strong></span> <span class='ocrx_word' id='word_1_785' title='bbox 719 5507 771 5562; x_wconf 92' lang='lat' dir='ltr'><strong>in</strong></span> <span class='ocrx_word' id='word_1_786' title='bbox 817 5504 1032 5560; x_wconf 83' lang='lat' dir='ltr'><strong>arcanis</strong></span> <span class='ocrx_word' id='word_1_787' title='bbox 1062 5501 1371 5556; x_wconf 90' lang='lat' dir='ltr'><strong>abditarum</strong></span> <span class='ocrx_word' id='word_1_788' title='bbox 1403 5498 1817 5568; x_wconf 82' lang='lat' dir='ltr'><strong>dispositionum</strong></span> 
     </span>
    </p>
   </div>
   <div class='ocr_carea' id='block_1_101' title="bbox 210 5592 1823 5664">
    <p class='ocr_par' dir='ltr' id='par_1_101' title="bbox 210 5592 1823 5664">
     <span class='ocr_line' id='line_1_101' title="bbox 210 5592 1823 5664; baseline -0.011 -3"><span class='ocrx_word' id='word_1_789' title='bbox 210 5605 549 5661; x_wconf 86' lang='lat' dir='ltr'><strong>tenebantur</strong></span> <span class='ocrx_word' id='word_1_790' title='bbox 569 5603 860 5661; x_wconf 88' lang='lat' dir='ltr'><strong>absconsa,</strong></span> <span class='ocrx_word' id='word_1_791' title='bbox 880 5597 998 5653; x_wconf 83' lang='lat' dir='ltr'><strong>haec</strong></span> <span class='ocrx_word' id='word_1_792' title='bbox 1019 5596 1120 5651; x_wconf 89' lang='lat' dir='ltr'><strong>sibi</strong></span> <span class='ocrx_word' id='word_1_793' title='bbox 1147 5592 1503 5664; x_wconf 89' lang='lat' dir='ltr'><strong>impossibilia</strong></span> <span class='ocrx_word' id='word_1_794' title='bbox 1535 5606 1661 5648; x_wconf 90' lang='lat' dir='ltr'><strong>esse</strong></span> <span class='ocrx_word' id='word_1_795' title='bbox 1684 5607 1823 5661; x_wconf 78' lang='lat' dir='ltr'><strong>pra:-</strong></span> 
     </span>
    </p>
   </div>
   <div class='ocr_carea' id='block_1_102' title="bbox 211 5688 1827 5770">
    <p class='ocr_par' dir='ltr' id='par_1_102' title="bbox 211 5688 1827 5770">
     <span class='ocr_line' id='line_1_102' title="bbox 211 5688 1827 5770; baseline -0.011 -12"><span class='ocrx_word' id='word_1_796' title='bbox 211 5700 439 5758; x_wconf 73' lang='lat' dir='ltr'><strong>tenditt</strong></span> <span class='ocrx_word' id='word_1_797' title='bbox 466 5700 679 5770; x_wconf 85' lang='lat' dir='ltr'><strong>Quippe</strong></span> <span class='ocrx_word' id='word_1_798' title='bbox 706 5698 795 5768; x_wconf 92' lang='lat' dir='ltr'><strong>qni</strong></span> <span class='ocrx_word' id='word_1_799' title='bbox 822 5711 850 5750; x_wconf 92' lang='lat' dir='ltr'><strong>a</strong></span> <span class='ocrx_word' id='word_1_800' title='bbox 886 5694 994 5750; x_wconf 90' lang='lat' dir='ltr'><strong>Deo</strong></span> <span class='ocrx_word' id='word_1_801' title='bbox 1021 5701 1168 5748; x_wconf 90' lang='lat' dir='ltr'><strong>esset</strong></span> <span class='ocrx_word' id='word_1_802' title='bbox 1191 5688 1528 5758; x_wconf 66' lang='lat' dir='ltr'><strong>sapientiam</strong></span> <span class='ocrx_word' id='word_1_803' title='bbox 1561 5702 1827 5743; x_wconf 87' lang='lat' dir='ltr'><strong>consecu-</strong></span> 
     </span>
    </p>
   </div>
   <div class='ocr_carea' id='block_1_103' title="bbox 212 5781 1826 5865">
    <p class='ocr_par' dir='ltr' id='par_1_103' title="bbox 212 5781 1826 5865">
     <span class='ocr_line' id='line_1_103' title="bbox 212 5781 1826 5865; baseline -0.01 -16"><span class='ocrx_word' id='word_1_804' title='bbox 212 5793 344 5859; x_wconf 77' lang='lat' dir='ltr'><strong>tus,</strong></span> <span class='ocrx_word' id='word_1_805' title='bbox 381 5795 470 5865; x_wconf 89' lang='lat' dir='ltr'><strong>qui</strong></span> <span class='ocrx_word' id='word_1_806' title='bbox 513 5800 742 5848; x_wconf 89' lang='lat' dir='ltr'><strong>noverat</strong></span> <span class='ocrx_word' id='word_1_807' title='bbox 783 5787 1074 5844; x_wconf 77' lang='lat' dir='ltr'><strong>mundanae</strong></span> <span class='ocrx_word' id='word_1_808' title='bbox 1105 5782 1483 5854; x_wconf 89' lang='lat' dir='ltr'><strong>dispositionis</strong></span> <span class='ocrx_word' id='word_1_809' title='bbox 1522 5781 1826 5846; x_wconf 90' lang='lat' dir='ltr'><strong>introitum,</strong></span> 
     </span>
    </p>
   </div>
   <div class='ocr_carea' id='block_1_104' title="bbox 217 5873 1826 5957">
    <p class='ocr_par' dir='ltr' id='par_1_104' title="bbox 217 5873 1826 5957">
     <span class='ocr_line' id='line_1_104' title="bbox 217 5873 1826 5957; baseline -0.009 -15"><span class='ocrx_word' id='word_1_810' title='bbox 217 5883 464 5957; x_wconf 84' lang='lat' dir='ltr'><strong>qualiter</strong></span> <span class='ocrx_word' id='word_1_811' title='bbox 513 5893 661 5941; x_wconf 87' lang='lat' dir='ltr'><strong>esset</strong></span> <span class='ocrx_word' id='word_1_812' title='bbox 719 5882 820 5938; x_wconf 86' lang='lat' dir='ltr'><strong>hoc</strong></span> <span class='ocrx_word' id='word_1_813' title='bbox 870 5879 1069 5936; x_wconf 88' lang='lat' dir='ltr'><strong>coelum</strong></span> <span class='ocrx_word' id='word_1_814' title='bbox 1112 5889 1278 5933; x_wconf 90' lang='lat' dir='ltr'><strong>omne</strong></span> <span class='ocrx_word' id='word_1_815' title='bbox 1323 5873 1469 5945; x_wconf 89' lang='lat' dir='ltr'><strong>quod</strong></span> <span class='ocrx_word' id='word_1_816' title='bbox 1524 5874 1826 5939; x_wconf 85' lang='lat' dir='ltr'><strong>cernimus,</strong></span> 
     </span>
    </p>
   </div>
   <div class='ocr_carea' id='block_1_105' title="bbox 1919 4746 3528 4818">
    <p class='ocr_par' dir='ltr' id='par_1_105' title="bbox 1919 4746 3528 4818">
     <span class='ocr_line' id='line_1_105' title="bbox 1919 4746 3528 4818; baseline -0.001 -14"><span class='ocrx_word' id='word_1_817' title='bbox 1919 4750 1971 4804; x_wconf 90' lang='lat' dir='ltr'><strong>in</strong></span> <span class='ocrx_word' id='word_1_818' title='bbox 1997 4747 2244 4818; x_wconf 84' lang='lat' dir='ltr'><strong>liquido?</strong></span> <span class='ocrx_word' id='word_1_819' title='bbox 2264 4747 2395 4814; x_wconf 86' lang='lat' dir='ltr'><strong>Quis</strong></span> <span class='ocrx_word' id='word_1_820' title='bbox 2424 4761 2648 4802; x_wconf 90' lang='lat' dir='ltr'><strong>cursum</strong></span> <span class='ocrx_word' id='word_1_821' title='bbox 2679 4748 2832 4803; x_wconf 88' lang='lat' dir='ltr'><strong>navis</strong></span> <span class='ocrx_word' id='word_1_822' title='bbox 2862 4746 3236 4818; x_wconf 89' lang='lat' dir='ltr'><strong>deprehendat</strong></span> <span class='ocrx_word' id='word_1_823' title='bbox 3262 4747 3317 4802; x_wconf 95' lang='lat' dir='ltr'><strong>in</strong></span> <span class='ocrx_word' id='word_1_824' title='bbox 3349 4746 3528 4802; x_wconf 82' lang='lat' dir='ltr'><strong>ﬂucti-</strong></span> 
     </span>
    </p>
   </div>
   <div class='ocr_carea' id='block_1_106' title="bbox 1921 4840 3526 4914">
    <p class='ocr_par' dir='ltr' id='par_1_106' title="bbox 1921 4840 3526 4914">
     <span class='ocr_line' id='line_1_106' title="bbox 1921 4840 3526 4914; baseline 0.001 -17"><span class='ocrx_word' id='word_1_825' title='bbox 1921 4841 2064 4898; x_wconf 86' lang='lat' dir='ltr'><strong>bus?</strong></span> <span class='ocrx_word' id='word_1_826' title='bbox 2085 4842 2205 4912; x_wconf 92' lang='lat' dir='ltr'><strong>qnis</strong></span> <span class='ocrx_word' id='word_1_827' title='bbox 2235 4841 2494 4896; x_wconf 90' lang='lat' dir='ltr'><strong>indicium</strong></span> <span class='ocrx_word' id='word_1_828' title='bbox 2520 4840 2660 4912; x_wconf 82' lang='lat' dir='ltr'><strong>ejus,</strong></span> <span class='ocrx_word' id='word_1_829' title='bbox 2694 4857 2790 4912; x_wconf 91' lang='lat' dir='ltr'><strong>per</strong></span> <span class='ocrx_word' id='word_1_830' title='bbox 2819 4857 2957 4911; x_wconf 90' lang='lat' dir='ltr'><strong>quos</strong></span> <span class='ocrx_word' id='word_1_831' title='bbox 2981 4857 3210 4914; x_wconf 89' lang='lat' dir='ltr'><strong>aggeres</strong></span> <span class='ocrx_word' id='word_1_832' title='bbox 3241 4851 3297 4897; x_wconf 92' lang='lat' dir='ltr'><strong>et</strong></span> <span class='ocrx_word' id='word_1_833' title='bbox 3319 4842 3526 4898; x_wconf 87' lang='lat' dir='ltr'><strong>limites</strong></span> 
     </span>
    </p>
   </div>
   <div class='ocr_carea' id='block_1_107' title="bbox 1921 4935 3528 5007">
    <p class='ocr_par' dir='ltr' id='par_1_107' title="bbox 1921 4935 3528 5007">
     <span class='ocr_line' id='line_1_107' title="bbox 1921 4935 3528 5007; baseline 0.001 -18"><span class='ocrx_word' id='word_1_834' title='bbox 1921 4935 2148 5001; x_wconf 90' lang='lat' dir='ltr'><strong>feratur,</strong></span> <span class='ocrx_word' id='word_1_835' title='bbox 2179 4935 2488 5006; x_wconf 78' lang='lat' dir='ltr'><strong>intelligat?</strong></span> <span class='ocrx_word' id='word_1_836' title='bbox 2513 4935 2717 4991; x_wconf 88' lang='lat' dir='ltr'><strong>Crebra</strong></span> <span class='ocrx_word' id='word_1_837' title='bbox 2746 4950 2967 5006; x_wconf 88' lang='lat' dir='ltr'><strong>semper</strong></span> <span class='ocrx_word' id='word_1_838' title='bbox 2996 4944 3051 4992; x_wconf 93' lang='lat' dir='ltr'><strong>et</strong></span> <span class='ocrx_word' id='word_1_839' title='bbox 3080 4935 3318 5007; x_wconf 88' lang='lat' dir='ltr'><strong>inquieta</strong></span> <span class='ocrx_word' id='word_1_840' title='bbox 3347 4943 3528 4990; x_wconf 91' lang='lat' dir='ltr'><strong>muta-</strong></span> 
     </span>
    </p>
   </div>
   <div class='ocr_carea' id='block_1_108' title="bbox 1923 5029 3524 5102">
    <p class='ocr_par' dir='ltr' id='par_1_108' title="bbox 1923 5029 3524 5102">
     <span class='ocr_line' id='line_1_108' title="bbox 1923 5029 3524 5102; baseline 0.001 -18"><span class='ocrx_word' id='word_1_841' title='bbox 1923 5031 2022 5095; x_wconf 91' lang='lat' dir='ltr'><strong>tio,</strong></span> <span class='ocrx_word' id='word_1_842' title='bbox 2049 5029 2175 5085; x_wconf 88' lang='lat' dir='ltr'><strong>dum</strong></span> <span class='ocrx_word' id='word_1_843' title='bbox 2208 5030 2367 5085; x_wconf 84' lang='lat' dir='ltr'><strong>undis</strong></span> <span class='ocrx_word' id='word_1_844' title='bbox 2397 5030 2746 5102; x_wconf 88' lang='lat' dir='ltr'><strong>sequacibus,</strong></span> <span class='ocrx_word' id='word_1_845' title='bbox 2789 5040 2883 5086; x_wconf 88' lang='lat' dir='ltr'><strong>aut</strong></span> <span class='ocrx_word' id='word_1_846' title='bbox 2910 5031 3162 5088; x_wconf 89' lang='lat' dir='ltr'><strong>obruitur</strong></span> <span class='ocrx_word' id='word_1_847' title='bbox 3209 5029 3352 5102; x_wconf 85' lang='lat' dir='ltr'><strong>quod</strong></span> <span class='ocrx_word' id='word_1_848' title='bbox 3381 5045 3524 5101; x_wconf 74' lang='lat' dir='ltr'><strong>pra:-</strong></span> 
     </span>
    </p>
   </div>
   <div class='ocr_carea' id='block_1_109' title="bbox 1923 5125 3532 5196">
    <p class='ocr_par' dir='ltr' id='par_1_109' title="bbox 1923 5125 3532 5196">
     <span class='ocr_line' id='line_1_109' title="bbox 1923 5125 3532 5196; baseline 0.001 -16"><span class='ocrx_word' id='word_1_849' title='bbox 1923 5126 2110 5191; x_wconf 89' lang='lat' dir='ltr'><strong>cessit,</strong></span> <span class='ocrx_word' id='word_1_850' title='bbox 2139 5135 2231 5179; x_wconf 89' lang='lat' dir='ltr'><strong>aut</strong></span> <span class='ocrx_word' id='word_1_851' title='bbox 2254 5125 2582 5196; x_wconf 89' lang='lat' dir='ltr'><strong>opprimitur</strong></span> <span class='ocrx_word' id='word_1_852' title='bbox 2606 5126 2752 5196; x_wconf 92' lang='lat' dir='ltr'><strong>quod</strong></span> <span class='ocrx_word' id='word_1_853' title='bbox 2783 5139 3028 5184; x_wconf 88' lang='lat' dir='ltr'><strong>secutum</strong></span> <span class='ocrx_word' id='word_1_854' title='bbox 3058 5135 3163 5182; x_wconf 91' lang='lat' dir='ltr'><strong>est.</strong></span> <span class='ocrx_word' id='word_1_855' title='bbox 3186 5126 3320 5193; x_wconf 82' lang='lat' dir='ltr'><strong>Quis</strong></span> <span class='ocrx_word' id='word_1_856' title='bbox 3345 5126 3401 5180; x_wconf 91' lang='lat' dir='ltr'><strong>in</strong></span> <span class='ocrx_word' id='word_1_857' title='bbox 3435 5139 3532 5195; x_wconf 88' lang='lat' dir='ltr'><strong>pe-</strong></span> 
     </span>
    </p>
   </div>
   <div class='ocr_carea' id='block_1_110' title="bbox 1925 5217 3533 5289">
    <p class='ocr_par' dir='ltr' id='par_1_110' title="bbox 1925 5217 3533 5289">
     <span class='ocr_line' id='line_1_110' title="bbox 1925 5217 3533 5289; baseline 0.001 -19"><span class='ocrx_word' id='word_1_858' title='bbox 1925 5225 2008 5271; x_wconf 92' lang='lat' dir='ltr'><strong>tra</strong></span> <span class='ocrx_word' id='word_1_859' title='bbox 2041 5217 2254 5286; x_wconf 87' lang='lat' dir='ltr'><strong>signum</strong></span> <span class='ocrx_word' id='word_1_860' title='bbox 2283 5217 2504 5288; x_wconf 90' lang='lat' dir='ltr'><strong>aliquod</strong></span> <span class='ocrx_word' id='word_1_861' title='bbox 2539 5219 2816 5288; x_wconf 90' lang='lat' dir='ltr'><strong>serpentis</strong></span> <span class='ocrx_word' id='word_1_862' title='bbox 2847 5218 3091 5289; x_wconf 88' lang='lat' dir='ltr'><strong>agnovit,</strong></span> <span class='ocrx_word' id='word_1_863' title='bbox 3124 5232 3248 5273; x_wconf 94' lang='lat' dir='ltr'><strong>cum</strong></span> <span class='ocrx_word' id='word_1_864' title='bbox 3277 5226 3331 5272; x_wconf 93' lang='lat' dir='ltr'><strong>et</strong></span> <span class='ocrx_word' id='word_1_865' title='bbox 3357 5225 3533 5272; x_wconf 86' lang='lat' dir='ltr'><strong>mate-</strong></span> 
     </span>
    </p>
   </div>
   <div class='ocr_carea' id='block_1_111' title="bbox 1926 5309 3528 5380">
    <p class='ocr_par' dir='ltr' id='par_1_111' title="bbox 1926 5309 3528 5380">
     <span class='ocr_line' id='line_1_111' title="bbox 1926 5309 3528 5380; baseline 0 -17"><span class='ocrx_word' id='word_1_866' title='bbox 1926 5310 2004 5364; x_wconf 91' lang='lat' dir='ltr'><strong>ria</strong></span> <span class='ocrx_word' id='word_1_867' title='bbox 2032 5310 2104 5364; x_wconf 91' lang='lat' dir='ltr'><strong>sit</strong></span> <span class='ocrx_word' id='word_1_868' title='bbox 2128 5309 2263 5365; x_wconf 92' lang='lat' dir='ltr'><strong>dura</strong></span> <span class='ocrx_word' id='word_1_869' title='bbox 2296 5325 2580 5378; x_wconf 84' lang='lat' dir='ltr'><strong>saxorum,</strong></span> <span class='ocrx_word' id='word_1_870' title='bbox 2611 5320 2667 5366; x_wconf 90' lang='lat' dir='ltr'><strong>et</strong></span> <span class='ocrx_word' id='word_1_871' title='bbox 2697 5311 2902 5366; x_wconf 91' lang='lat' dir='ltr'><strong>lubrica</strong></span> <span class='ocrx_word' id='word_1_872' title='bbox 2932 5319 3125 5364; x_wconf 88' lang='lat' dir='ltr'><strong>natura</strong></span> <span class='ocrx_word' id='word_1_873' title='bbox 3166 5309 3528 5380; x_wconf 82' lang='lat' dir='ltr'><strong>serpentum?</strong></span> 
     </span>
    </p>
   </div>
   <div class='ocr_carea' id='block_1_112' title="bbox 1930 5403 3526 5476">
    <p class='ocr_par' dir='ltr' id='par_1_112' title="bbox 1930 5403 3526 5476">
     <span class='ocr_line' id='line_1_112' title="bbox 1930 5403 3526 5476; baseline -0.001 -16"><span class='ocrx_word' id='word_1_874' title='bbox 1930 5406 2038 5460; x_wconf 80' lang='lat' dir='ltr'><strong>Aut</strong></span> <span class='ocrx_word' id='word_1_875' title='bbox 2063 5405 2342 5475; x_wconf 89' lang='lat' dir='ltr'><strong>quomodo</strong></span> <span class='ocrx_word' id='word_1_876' title='bbox 2363 5415 2590 5476; x_wconf 91' lang='lat' dir='ltr'><strong>possunt</strong></span> <span class='ocrx_word' id='word_1_877' title='bbox 2613 5406 2715 5460; x_wconf 68' lang='lat' dir='ltr'><strong>vite</strong></span> <span class='ocrx_word' id='word_1_878' title='bbox 2739 5405 2840 5460; x_wconf 88' lang='lat' dir='ltr'><strong>viri</strong></span> <span class='ocrx_word' id='word_1_879' title='bbox 2865 5405 2919 5459; x_wconf 91' lang='lat' dir='ltr'><strong>in</strong></span> <span class='ocrx_word' id='word_1_880' title='bbox 2936 5405 3223 5475; x_wconf 90' lang='lat' dir='ltr'><strong>jnventute</strong></span> <span class='ocrx_word' id='word_1_881' title='bbox 3243 5403 3526 5475; x_wconf 88' lang='lat' dir='ltr'><strong>cognosci,</strong></span> 
     </span>
    </p>
   </div>
   <div class='ocr_carea' id='block_1_113' title="bbox 1925 5497 3529 5569">
    <p class='ocr_par' dir='ltr' id='par_1_113' title="bbox 1925 5497 3529 5569">
     <span class='ocr_line' id='line_1_113' title="bbox 1925 5497 3529 5569; baseline 0.002 -19"><span class='ocrx_word' id='word_1_882' title='bbox 1925 5497 2016 5566; x_wconf 90' lang='lat' dir='ltr'><strong>qui</strong></span> <span class='ocrx_word' id='word_1_883' title='bbox 2048 5498 2191 5552; x_wconf 89' lang='lat' dir='ltr'><strong>unde</strong></span> <span class='ocrx_word' id='word_1_884' title='bbox 2219 5499 2422 5563; x_wconf 90' lang='lat' dir='ltr'><strong>veniat,</strong></span> <span class='ocrx_word' id='word_1_885' title='bbox 2451 5507 2508 5554; x_wconf 91' lang='lat' dir='ltr'><strong>et</strong></span> <span class='ocrx_word' id='word_1_886' title='bbox 2532 5513 2640 5568; x_wconf 90' lang='lat' dir='ltr'><strong>quo</strong></span> <span class='ocrx_word' id='word_1_887' title='bbox 2665 5506 2776 5560; x_wconf 87' lang='lat' dir='ltr'><strong>eat,</strong></span> <span class='ocrx_word' id='word_1_888' title='bbox 2803 5513 2908 5552; x_wconf 90' lang='lat' dir='ltr'><strong>non</strong></span> <span class='ocrx_word' id='word_1_889' title='bbox 2933 5505 3117 5567; x_wconf 89' lang='lat' dir='ltr'><strong>potest</strong></span> <span class='ocrx_word' id='word_1_890' title='bbox 3143 5497 3529 5569; x_wconf 75' lang='lat' dir='ltr'><strong>deprehendi?</strong></span> 
     </span>
    </p>
   </div>
   <div class='ocr_carea' id='block_1_114' title="bbox 1927 5589 3536 5661">
    <p class='ocr_par' dir='ltr' id='par_1_114' title="bbox 1927 5589 3536 5661">
     <span class='ocr_line' id='line_1_114' title="bbox 1927 5589 3536 5661; baseline 0.002 -19"><span class='ocrx_word' id='word_1_891' title='bbox 1927 5589 2056 5643; x_wconf 68' lang='lat' dir='ltr'><strong>llaec</strong></span> <span class='ocrx_word' id='word_1_892' title='bbox 2078 5600 2205 5644; x_wconf 91' lang='lat' dir='ltr'><strong>sunt</strong></span> <span class='ocrx_word' id='word_1_893' title='bbox 2226 5605 2348 5660; x_wconf 73' lang='lat' dir='ltr'><strong>quae</strong></span> <span class='ocrx_word' id='word_1_894' title='bbox 2366 5589 2806 5661; x_wconf 88' lang='lat' dir='ltr'><strong>sapientissimus</strong></span> <span class='ocrx_word' id='word_1_895' title='bbox 2823 5589 3083 5645; x_wconf 90' lang='lat' dir='ltr'><strong>Salomon</strong></span> <span class='ocrx_word' id='word_1_896' title='bbox 3106 5589 3371 5661; x_wconf 88' lang='lat' dir='ltr'><strong>propheta</strong></span> <span class='ocrx_word' id='word_1_897' title='bbox 3392 5589 3536 5646; x_wconf 85' lang='lat' dir='ltr'><strong>dixit</strong></span> 
     </span>
    </p>
   </div>
   <div class='ocr_carea' id='block_1_115' title="bbox 1928 5681 3532 5756">
    <p class='ocr_par' dir='ltr' id='par_1_115' title="bbox 1928 5681 3532 5756">
     <span class='ocr_line' id='line_1_115' title="bbox 1928 5681 3532 5756; baseline 0.001 -19"><span class='ocrx_word' id='word_1_898' title='bbox 1928 5696 1988 5737; x_wconf 89' lang='lat' dir='ltr'><strong>se</strong></span> <span class='ocrx_word' id='word_1_899' title='bbox 2016 5697 2123 5737; x_wconf 92' lang='lat' dir='ltr'><strong>non</strong></span> <span class='ocrx_word' id='word_1_900' title='bbox 2151 5681 2315 5756; x_wconf 64' lang='lat'><strong>452</strong></span> <span class='ocrx_word' id='word_1_901' title='bbox 2341 5698 2501 5754; x_wconf 90' lang='lat' dir='ltr'><strong>posse</strong></span> <span class='ocrx_word' id='word_1_902' title='bbox 2521 5696 2874 5752; x_wconf 85' lang='lat' dir='ltr'><strong>cognoscere.</strong></span> <span class='ocrx_word' id='word_1_903' title='bbox 2908 5681 3063 5738; x_wconf 79' lang='lat' dir='ltr'><strong>Nune</strong></span> <span class='ocrx_word' id='word_1_904' title='bbox 3091 5697 3223 5756; x_wconf 88' lang='lat' dir='ltr'><strong>ergo</strong></span> <span class='ocrx_word' id='word_1_905' title='bbox 3243 5683 3314 5739; x_wconf 92' lang='lat' dir='ltr'><strong>de</strong></span> <span class='ocrx_word' id='word_1_906' title='bbox 3343 5684 3532 5755; x_wconf 84' lang='lat' dir='ltr'><strong>singu-</strong></span> 
     </span>
    </p>
   </div>
   <div class='ocr_carea' id='block_1_116' title="bbox 1927 5774 3504 5853">
    <p class='ocr_par' dir='ltr' id='par_1_116' title="bbox 1927 5774 3504 5853">
     <span class='ocr_line' id='line_1_116' title="bbox 1927 5774 3504 5853; baseline 0.001 -22"><span class='ocrx_word' id='word_1_907' title='bbox 1927 5774 1993 5831; x_wconf 92' lang='lat' dir='ltr'><strong>lis</strong></span> <span class='ocrx_word' id='word_1_908' title='bbox 2025 5777 2190 5832; x_wconf 88' lang='lat' dir='ltr'><strong>rebus</strong></span> <span class='ocrx_word' id='word_1_909' title='bbox 2222 5778 2338 5830; x_wconf 88' lang='lat' dir='ltr'><strong>istis</strong></span> <span class='ocrx_word' id='word_1_910' title='bbox 2378 5775 2508 5846; x_wconf 88' lang='lat' dir='ltr'><strong>quid</strong></span> <span class='ocrx_word' id='word_1_911' title='bbox 2547 5775 2814 5843; x_wconf 86' lang='lat' dir='ltr'><strong>dicamus,</strong></span> <span class='ocrx_word' id='word_1_912' title='bbox 2847 5774 3054 5832; x_wconf 89' lang='lat' dir='ltr'><strong>audite.</strong></span> <span class='ocrx_word' id='word_1_913' title='bbox 3091 5846 3097 5853; x_wconf 85' lang='lat'><strong><em>_</em></strong></span> <span class='ocrx_word' id='word_1_914' title='bbox 3227 5845 3230 5849; x_wconf 18' lang='grc' dir='ltr'><em>ι</em></span> <span class='ocrx_word' id='word_1_915' title='bbox 3491 5844 3504 5852; x_wconf 27' lang='lat'><strong><em>1</em></strong></span> 
     </span>
    </p>
   </div>
   <div class='ocr_carea' id='block_1_117' title="bbox 2003 5855 3534 5941">
    <p class='ocr_par' dir='ltr' id='par_1_117' title="bbox 2003 5855 3534 5941">
     <span class='ocr_line' id='line_1_117' title="bbox 2003 5855 3534 5941; baseline -0.003 -17"><span class='ocrx_word' id='word_1_916' title='bbox 2003 5869 2057 5926; x_wconf 81' lang='lat'><strong>5&#39;.</strong></span> <span class='ocrx_word' id='word_1_917' title='bbox 2091 5872 2337 5941; x_wconf 76' lang='lat' dir='ltr'><strong>Aquilam</strong></span> <span class='ocrx_word' id='word_1_918' title='bbox 2371 5871 2423 5925; x_wconf 92' lang='lat' dir='ltr'><strong>in</strong></span> <span class='ocrx_word' id='word_1_919' title='bbox 2472 5873 2573 5925; x_wconf 88' lang='lat' dir='ltr'><strong>hoc</strong></span> <span class='ocrx_word' id='word_1_920' title='bbox 2621 5870 2743 5926; x_wconf 90' lang='lat' dir='ltr'><strong>loco’</strong></span> <span class='ocrx_word' id='word_1_921' title='bbox 2771 5869 3050 5926; x_wconf 87' lang='lat' dir='ltr'><strong>Christum</strong></span> <span class='ocrx_word' id='word_1_922' title='bbox 3086 5873 3370 5927; x_wconf 84' lang='lat' dir='ltr'><strong>Dominum</strong></span> <span class='ocrx_word' id='word_1_923' title='bbox 3406 5855 3534 5924; x_wconf 58' lang='lat' dir='ltr'><strong>nos;</strong></span> 
     </span>
    </p>
   </div>
  </div>
