3944 6310
534 305 643 362 695

1470 313 1566 370 sn
1600 312 1828 373 orsus
1871 317 2120 379 ssnon
2157 309 2488 384 annuos‘u
2531 325 2896 392 uersuum.

3716 350 3780 406 69
3788 355 3812 408 5

523 435 670 479 trum
701 423 959 480 debemus
985 426 1253 495 accipere,
1277 429 1370 499 qui
1396 439 1520 500 post
1541 432 1907 490 venerandam
1932 452 2119 492 resur«
2147 440 2200 502 Α
2225 457 2347 514 qua:
2369 444 2420 500 in
2448 443 2864 506 similitudinem
2890 465 2974 508 est
3000 467 3290 527 corporata
3319 462 3589 531 serpentis
3615 483 3629 518 :
3654 462 3677 500 ⁵
3699 482 3811 538 qua

523 518 850 586 rectionem,
878 535 980 590 qua
1012 520 1196 575 docuit
1225 520 1521 579 humanum
1549 539 1722 597 genus
1754 530 1808 584 in
1830 529 1999 585 vitam
2043 546 2130 588 re-

525 613 646 666 dire
684 627 847 682 posse
886 621 1010 683 post
1057 622 1314 682 mortem,
1347 618 1495 673 velut
1540 621 1720 691 aquila
1765 623 2029 678 revoiavit
2059 624 2129 680 ad

527 707 768 770 Patrem,
800 707 1037 777 praedam
1069 723 1258 765 secum
1290 711 1560 780 referens,
1599 714 1652 770 id
1685 725 1790 783 est,
1822 717 2122 786 hominem,

521 814 686 868 quem
718 810 977 870 rapuerat
1007 801 1076 857 de
1106 802 1352 861 faucibus
1373 806 1603 863 inimici.
1641 809 1769 866 Htec
1809 821 1892 868 est
1923 813 2123 884 aquila,

523 907 685 963 quam
714 893 966 950 Ezechiel
999 896 1262 968 propheta
1292 899 1346 953 in
1379 900 1525 956 illam
1570 903 1996 973 quadriformem
2043 920 2128 962 se-

520 983 647 1039 dem
688 995 742 1039 et
768 982 1065 1041 Cherubim
1097 989 1300 1046 vidisse
1345 1005 1406 1047 se
1451 994 1636 1049 retulit
1685 995 1830 1053 inter
1870 999 2124 1055 animalia

519 1091 641 1144 qua:
690 1079 978 1148 mysticqu
1032 1081 1344 1137 vehiculum
1392 1084 1526 1139 rotis
1567 1085 1756 1155 juncta
1799 1093 2123 1161 portabant;

521 1184 690 1223 unum
715 1171 860 1225 enim
883 1173 1084 1228 animal
1108 1175 1286 1231 simile
1311 1176 1490 1243 vituli,
1517 1180 1874 1254 aliudjleonis,
1903 1188 2122 1244 tertium

521 1261 764 1318 hominis
784 1306 799 1331 ,
827 1276 1088 1336 quartum
1120 1270 1319 1340 aquilas
1350 1273 1568 1334 (εικῆ.
1603 1292 1642 1338 ι,
1676 1277 1744 1335 il)
1773 1287 1823 1334 et
1847 1283 2002 1352 seq),
2049 1283 2124 1338 si-

516 1367 611 1410 cut
661 1357 713 1411 in
741 1357 1075 1431 Apocalypsi
1125 1361 1368 1420 Joannes
1414 1381 1474 1422 se
1523 1369 1728 1426 vidisse
1771 1377 2122 1445 conscripsit.

521 1448 790 1518 Primum,
835 1453 1032 1524 inquit,
1059 1457 1256 1512 animal
1294 1460 1464 1515 simile
1502 1465 1669 1530 uituli,
1713 1469 1994 1523 secundum
2020 1471 2126 1525 leo-

521 1544 624 1608 nis,
658 1546 871 1599 tertium
900 1547 1144 1617 hominis,
1173 1558 1222 1606 et
1249 1562 1495 1623 quartum
1523 1559 1714 1630 aquin
1734 1559 1918 1631 (Apoc.
1951 1579 2021 1628 tv,
2046 1565 2126 1635 7).

525 1647 552 1675 ³
599 1639 707 1695 Sed
737 1639 808 1696 de
853 1642 953 1697 hac
981 1645 1298 1702 animalium
1346 1649 1656 1720 aequalitate
1685 1655 1823 1711 alter
1861 1657 2014 1713 locus
2059 1659 2126 1714 ad

519 1733 864 1791 tractandum
898 1739 1242 1795 necessarius
1268 1749 1372 1797 est.
1398 1742 1553 1800 Nunc
1588 1747 1804 1804 interim
1838 1751 1984 1821 quod
2015 1765 2124 1808 cm-

521 1827 726 1898 pimus,
757 1828 1121 1899 explicemus.

593 1920 672 1975 5'.
727 1920 851 1975 ilmc
890 1932 976 1976 est
1017 1925 1223 1995 aquila,
1259 1927 1328 1983 de
1375 1943 1480 2000 qua
1515 1933 1779 2004 scriptum
1814 1946 1897 1992 est
1931 1956 1945 1992 :
1981 1938 2131 1995 Sicut

516 2015 698 2084 aquila
731 2017 854 2088 tegit
894 2018 1072 2073 nidum
1129 2037 1283 2076 suum
1322 2021 1505 2096 (Deut.
1553 2043 1726 2093 xxxu,
1763 2029 1874 2102 li),
1925 2032 1978 2088 id
2021 2044 2127 2101 est,

521 2108 779 2165 Christus
805 2111 1128 2170 Eccicsiam.
1153 2115 1220 2170 Et
1246 2117 1443 2174 iterum
1473 2118 1650 2190 inquit
1675 2139 1688 2178 :
1714 2121 1781 2178 In
1804 2125 1986 2181 umbra
2013 2129 2125 2183 ala-

521 2219 642 2256 rum
671 2213 879 2259 tuarum
923 2207 1139 2277 sperabo
1169 2207 1353 2280 (Paul.
1387 2227 1496 2279 LVI,
1540 2213 1618 2285 2).
1653 2215 1719 2270 Et
1753 2217 1948 2274 iterum
1982 2237 1994 2273 :
2031 2220 2131 2276 Re-

522 2297 796 2351 nouabitur
820 2299 951 2352 sicut
972 2301 1163 2371 aquila
1177 2305 1425 2375 juventus
1451 2313 1542 2360 tua
1564 2306 1736 2379 (Psal.
1766 2325 1860 2376 cn,
1888 2311 1968 2382 5).
1994 2312 2126 2368 Nam

521 2401 584 2445 ut
612 2391 792 2462 aquila
820 2392 1040 2459 colona,
1071 2397 1227 2464 quasi
1258 2398 1330 2451 ita
1359 2409 1537 2456 mater
1562 2402 1678 2457 nidi
1715 2418 1939 2476 semper
1969 2409 2130 2464 unius

519 2492 627 2548 est,
664 2499 764 2540 nec
808 2485 874 2540 ad
929 2490 1327 2556 procreandum
1372 2493 1620 2549 sobolem
1657 2493 1804 2552 aliud
1837 2499 2130 2570 aliquando

519 2578 701 2633 cubile
725 2581 1013 2650 perquirit,
1042 2592 1092 2637 et
1117 2598 1239 2637 cum
1266 2585 1499 2654 primum
1530 2587 1722 2645 calidis
1751 2593 1876 2648 ovis
1916 2601 2130 2650 maturo

523 2682 646 2726 ortu
678 2673 816 2727 fetus
843 2675 1088 2744 eruperit
1112 2676 1360 2744 interior,
1394 2680 1572 2749 pullos
1599 2681 1784 2740 educit
1815 2683 2124 2755 implumes,

523 2767 624 2822 hos
647 2780 842 2822 contra
866 2769 1058 2825 faciem
1086 2769 1278 2826 fervidi
1308 2773 1440 2828 solis
1463 2777 1710 2843 opponit,
1735 2788 1791 2832 et
1810 2780 1900 2850 qui
1927 2795 2128 2853 mgram

521 2872 576 2915 et
605 2862 896 2917 invalidam
923 2878 1155 2919 corusco
1178 2865 1457 2921 radiorum
1484 2869 1714 2939 appulsu
1731 2872 1903 2926 aciem
1924 2873 2130 2929 submi-

523 2953 660 3008 serit
689 2955 1000 3018 oculorum,
1026 2965 1275 3012 materno
1300 2957 1588 3015 damnatus
1616 2961 1864 3030 arbitrio,
1890 2973 1945 3018 et
1967 2979 1994 3018 a
2020 2965 2130 3020 tra-

525 3061 668 3102 trum
699 3050 978 3104 consortio
1009 3055 1295 3118 separatus
1321 3053 1578 3122 dejieitur
1604 3054 1658 3110 in
1691 3065 1918 3113 terram.
1959 3057 2027 3112 Et
2052 3060 2130 3113 si-

525 3149 618 3195 cut
665 3142 781 3194 avis
815 3143 916 3196 ista
965 3143 1187 3199 inimica
1217 3156 1535 3216 serpentum
1581 3158 1685 3215 est,
1715 3165 1856 3220 quos
1901 3151 2031 3206 dum
2074 3152 2127 3208 in

2233 541 2286 591 et
2318 539 2432 608 ipsa
2465 540 2640 612 imago
2669 555 2781 598 erat
2815 549 3062 618 corporis
3093 549 3334 619 Domini,
3367 551 3492 610 ideo
3523 561 3674 611 tantze
3714 561 3812 614 vir-

2231 631 2364 686 tutis
2396 633 2446 687 in
2476 650 2536 689 se
2567 643 2750 708 typum
2781 640 3032 710 gerebat,
3064 643 3109 698 is
3140 644 3230 715 qui
3262 646 3548 703 absorbuit
3584 651 3808 712 omnium

2231 722 2612 798 tEgyptiorum
2649 740 2994 800 potestatem.

2302 818 2352 871 7.
2387 818 2498 875 Hoc
2520 830 2603 875 est
2634 828 2766 895 ergo
2795 826 2940 896 quod
2972 827 3043 882 ait
3071 845 3084 882 :
3117 819 3354 903 Vestigia
3379 833 3567 905 aquilis
3586 835 3808 902 solantis;

2228 911 2350 983 quia
2382 914 2485 969 etsi
2519 926 2640 985 post
2688 918 2997 988 passionem
3040 931 3094 978 et
3137 927 3598 984 resurrectionem
3638 944 3805 1001 suam,

2231 1009 2593 1076 praesentibus
2622 1013 2906 1082 apostolis,
2953 1015 3216 1073 Dominus
3265 1028 3458 1076 noster
3498 1023 3731 1079 ascendit
3759 1025 3805 1081 in

2227 1103 2449 1170 omium,
2485 1114 2666 1162 tamen
2712 1108 2868 1178 cujus
2899 1109 3136 1169 hominis
3182 1121 3290 1170 t‘a‘m
3341 1118 3485 1173 altus
3535 1135 3720 1175 sensus
3759 1132 3804 1178 et

2229 1203 2411 1252 tantus
2438 1207 2540 1261 est.
2571 1210 2628 1255 ut
2669 1203 2945 1272 explicare
2977 1209 3168 1276 possit,
3217 1211 3493 1281 quomodo
3536 1213 3620 1268 illa
3668 1223 3802 1274 tanta

2230 1289 2485 1360 majestas
2515 1293 2584 1348 de
2627 1296 2768 1350 cmlo
2809 1308 2903 1354 aut
2932 1301 3119 1357 venire
3147 1302 3366 1373 dignata
3400 1304 3590 1374 fuerat,
3619 1317 3706 1362 aut
3735 1323 3803 1365 re

2227 1383 2372 1452 dire;
2398 1400 2520 1441 eum
2552 1387 2652 1445 hoc
2679 1392 2855 1448 solum
2877 1393 3035 1449 nobis
3066 1396 3210 1451 st-ire'
3236 1395 3422 1468 liceat,
3447 1399 3586 1469 quod
3611 1409 3697 1455 aut
3725 1416 3802 1458 ve-

2229 1478 2325 1544 nit,
2362 1487 2452 1534 aut
2482 1481 2677 1537 rediit?
2706 1483 2838 1553 Quis
2867 1488 3012 1543 enim
3044 1495 3380 1560 cegno'sccr'e
3417 1499 3589 1562 potest
3631 1509 3804 1564 quem-

2228 1568 2520 1627 admodum
2552 1569 2785 1630 Verbum
2833 1577 2883 1632 in
2917 1577 3198 1650 Virginem
3232 1581 3469 1650 venerit,
3510 1592 3566 1639 ut
3595 1593 3804 1656 repente

2230 1663 2564 1734 conciperet,
2615 1677 2670 1721 ut
2703 1675 2809 1723 tam
2855 1669 3072 1727 felicem
3106 1673 3274 1730 fetum
3324 1681 3506 1742 partus
3539 1677 3804 1749 virginalis

2229 1755 2550 1826 effunderet,
2583 1770 2642 1816 ut
2669 1761 2944 1819 hominem
2975 1765 3121 1821 Deus
3163 1767 3440 1833 indueret,
3473 1785 3624 1842 quem
3670 1780 3805 1828 totus

2159 1841 2204 1902 Β
2233 1852 2466 1907 mundus
2487 1869 2592 1910 non
2624 1865 2822 1926 potest,
2850 1873 2950 1914 nec
2978 1859 3226 1930 sufferre,
3258 1878 3359 1918 nec
3383 1841 3611 1935 capere?
3633 1865 3686 1921 id
3710 1875 3802 1932 est,

2232 1945 2375 2016 quod
2422 1948 2497 2003 ait
2545 1965 2558 2002 :
2610 1947 2839 2022 Vestigia
2868 1954 3060 2024 aquila:
3093 1955 3316 2011 volantis
3347 1975 3367 2012 :
3406 1957 3456 2012 id
3483 1969 3589 2024 est,
3619 1957 3805 2016 Christi

2233 2039 2445 2096 Domini
2469 2042 2810 2102 advenientis
2831 2047 2897 2102 ad
2923 2059 3143 2117 terram,
3171 2065 3235 2107 ac
3261 2051 3534 2110 redeuntis
3561 2053 3622 2108 ad
3649 2056 3802 2111 caelos

2232 2133 2457 2206 veStigia
2489 2137 2876 2208 comprehendi
2906 2143 3262 2213 enarrarique
3295 2149 3400 2200 non
3428 2153 3604 2215 posse.

2301 2291 2531 2350 CAPUT
2549 2293 2715 2348 lil.—
2731 2295 2786 2352 8.
2815 2296 2883 2350 Et
2903 2299 3032 2366 uias,
3059 2299 3255 2367 inquit,
3287 2305 3532 2372 serpentis
3553 2319 3706 2374 super
3731 2322 3806 2374 pe-

2230 2394 2385 2442 tram.
2417 2386 2542 2442 Dixi
2560 2387 2675 2458 jam
2700 2388 2954 2446 charitati
2979 2399 3174 2448 vestrm
3209 2396 3354 2465 quod
3376 2395 3605 2454 sinuosis
3635 2399 3805 2456 labeas

2235 2481 2494 2537 membris
2512 2482 2714 2538 nitidus
2726 2493 2783 2538 et
2797 2485 3050 2542 volubilis
3064 2487 3294 2544 coluber
3307 2491 3570 2549 tractibus
3582 2494 3808 2550 suisses—

2233 2573 2422 2644 tigium
2453 2573 2671 2646 aliquod
2689 2577 2744 2632 in
2772 2588 2948 2648 petra,
2966 2579 3092 2650 quia
3115 2595 3205 2637 res
3225 2594 3310 2638 est
3332 2584 3486 2651 dura,
3507 2599 3612 2640 non
3639 2585 3802 2642 faciat.

2234 2666 2492 2722 indicium
2517 2669 2661 2723 enim
2681 2673 2908 2726 monstri
2933 2671 3092 2744 hujus
3124 2689 3232 2729 non
3260 2675 3362 2731 nisi
3389 2677 3538 2733 molli
3563 2679 3808 2746 scriptura

2234 2762 2478 2831 signatur
2509 2763 2560 2816 in
2593 2763 3000 2832 puivere.Nunc
3021 2783 3151 2839 ergo
3181 2770 3457 2825 videamus
3483 2774 3606 2842 quis
3622 2773 3696 2827 sit
3721 2776 3808 2830 iste

2231 2870 2457 2926 serpens
2481 2898 2496 2924 ,
2531 2869 2617 2912 aut
2649 2874 2770 2929 quas
2801 2867 2974 2929 petra,
3007 2861 3057 2915 in
3102 2877 3208 2934 qua
3241 2866 3509 2934 serpentis
3539 2866 3809 2938 vestigium

2232 2964 2340 3004 non
2370 2961 2618 3020 apparet.
2663 2951 2812 3007 lianc
2844 2964 3050 3022 petram
3101 2957 3389 3012 Dominum
3436 2969 3677 3014 nostrum
3703 2973 3812 3015 esse

2232 3043 2506 3113 ambigere
2534 3060 2639 3098 non
2674 3045 2960 3102 debemus.
2993 3048 3086 3104 Sic
3117 3051 3266 3105 enim
3290 3053 3580 3121 Apustium
3602 3053 3707 3109 ait:
3733 3051 3813 3106 Bis

2232 3135 2413 3190 hebant
2426 3146 2595 3190 autem
2610 3137 2673 3192 de
2696 3139 2922 3209 spiritali
2939 3144 3168 3211 sequenti
3183 3155 3352 3211 petra,
3369 3156 3511 3214 petra
3532 3156 3700 3201 autern
3713 3156 3808 3202 ηε

527 3251 655 3290 aere
706 3237 914 3290 alarum
951 3238 1178 3308 remigio
1226 3239 1600 3295 subvectando
1647 3253 1980 3314 supponat,
2031 3245 2128 3302 hos

2237 3228 2470 3284 Christus
2495 3230 2539 3302 (l
2569 3230 2691 3285 Cor.
2722 3249 2777 3297 x,
2814 3232 2908 3304 d);
2940 3244 2995 3289 et
3021 3234 3484 3308 Psalmgrapims
3518 3257 3533 3294 :
3567 3239 3630 3294 In
3661 3247 3810 3310 petra,

520 3328 738 3382 obunco
763 3339 970 3393 rostro,
997 3337 1051 3383 et
1077 3331 1305 3384 armatis
1327 3334 1480 3401 quasi
1509 3333 1836 3403 quibusdam
1866 3337 2011 3401 telis,
2040 3349 2138 3407 pe-

527 3421 688 3476 dibus
715 3423 829 3477 suis
852 3422 1054 3478 lacerat
1077 3439 1140 3478 ac
1169 3423 1410 3488 divellit;
1446 3442 1581 3496 quos
1613 3443 1738 3484 cum
1768 3429 2016 3498 devorat,
2043 3443 2134 3488 ea-

531 3518 646 3572 lore
679 3534 778 3572 suo
804 3518 1025 3572 interno
1059 3519 1282 3575 noxium
1307 3520 1442 3574 illud
1474 3521 1622 3576 virus
1655 3525 1956 3595 exstinguit
1997 3545 2010 3580 :
2057 3528 2130 3581 ita

525 3626 658 3680 ergo
687 3622 742 3665 et
768 3611 1019 3667 Christus
1047 3613 1310 3668 Dominus
1335 3629 1494 3669 unam
1524 3615 1697 3686 diligit
1723 3615 2048 3684 Ecclesium,
2075 3627 2134 3673 ut

526 3707 704 3779 aquila
736 3707 918 3762 nidum
966 3723 1156 3774 suum;
1196 3725 1360 3779 quam
1402 3710 1473 3766 ab
1502 3721 1639 3766 testu
1682 3715 2128 3783 persecutiOnum

521 3802 735 3856 alarum
766 3815 986 3856 suarum
1017 3801 1262 3858 delendit
1289 3803 1608 3860 umbraculo
1636 3822 1648 3858 :
1680 3805 1763 3860 sic
1787 3819 2006 3876 quoque
2032 3821 2132 3862 ex-

526 3903 609 3948 tra
641 3893 946 3948 Ecclesium
982 3894 1223 3964 projicit,
1269 3895 1320 3949 in
1351 3897 1551 3966 quibus
1584 3897 1710 3953 lidei
1759 3898 1941 3953 iumen
1978 3898 2131 3954 inﬁr-

519 3999 672 4039 mum
704 3993 810 4051 est,
832 3985 923 4054 qui
955 3985 1171 4056 igneam
1205 3985 1625 4058 Evangeiiorum
1657 3989 1834 4045 lucem
1859 3992 2008 4048 vitiis
2030 4005 2133 4048 sat-

525 4078 808 4134 cularibus
832 4079 1098 4150 inquinati
1129 4078 1274 4136 ferre
1296 4096 1402 4135 non
1428 4093 1677 4152 possunt.

601 4171 655 4225 6.
691 4171 757 4225 Et
783 4180 841 4226 ut
871 4173 1050 4243 aquila
1082 4185 1374 4244 serpentes
1404 4175 1655 4243 devorat,
1703 4187 1762 4234 et
1799 4191 1990 4235 eorum
2041 4193 2131 4236 ve.

522 4277 665 4318 neua
693 4263 875 4318 calore
897 4266 1084 4337 coquit
1106 4267 1322 4322 interno
1348 4285 1360 4323 :
1389 4269 1461 4323 ita
1489 4277 1544 4324 et
1582 4268 1838 4326 Christus
1866 4272 2133 4330 Dominus

529 4367 742 4425 noster,
772 4373 1036 4428 percusso
1064 4359 1327 4427 dracone,
1372 4361 1423 4417 id
1464 4373 1571 4430 est,
1613 4363 1834 4420 diabolo
1867 4367 2128 4436 lacerato,

524 4451 671 4523 quod
700 4452 1002 4508 humanum
1031 4453 1136 4509 sibi
1167 4468 1372 4526 corpus
1401 4458 1655 4524 assumit,
1683 4471 1970 4528 peccatum
1996 4462 2128 4518 illud

521 4544 671 4614 quod
704 4544 980 4601 hominem
1015 4547 1238 4602 tenebat
1267 4548 1590 4618 obnoxium,
1627 4559 1902 4622 tamquam
1947 4556 2130 4624 perni-

2238 3323 2432 3394 inquit,
2463 3328 2704 3380 exaltasti
2727 3344 2808 3382 me
2838 3329 3010 3400 (Psal.
3035 3344 3122 3394 Ls,
3156 3332 3213 3400 5)
3235 3349 3250 3397 ;
3273 3332 3439 3406 5.53
3458 3344 3511 3390 et
3542 3334 3745 3406 Moyses
3765 3338 3812 3390 is

2234 3418 2447 3472 cantico
2480 3419 2890 3476 Deutcronomil
2923 3439 2937 3475 :
2982 3422 3218 3480 Laetaris
3243 3441 3330 3480 eos
3360 3426 3460 3481 mel
3488 3441 3556 3482 eo
3592 3437 3749 3498 pars.
3773 3436 3815 3480 st

2237 3511 2408 3565 oleant
2439 3511 2506 3567 de
2534 3513 2704 3568 solida
2734 3526 2883 3584 pstra
2908 3513 3091 3587 (Deut.
3126 3531 3298 3584 um.
3333 3521 3447 3591 13),
3476 3521 3530 3576 id
3558 3529 3662 3587 est,
3687 3523 3810 3593 qua!

2235 3603 2448 3661 dulcem
2489 3607 2714 3664 daturus
2744 3610 2810 3663 iis
2836 3621 2983 3666 esset
3025 3611 3310 3683 Evangelii
3354 3614 3703 3680 suavitatem.
3737 3625 3814 3670 ιιι

2233 3696 2500 3767 Spiritum
2529 3713 2778 3757 sanetum
2806 3719 2905 3774 per
2923 3704 3240 3761 chrismatis
3263 3709 3595 3763 unctionem.
3613 3709 3684 3763 BI
3699 3711 3810 3764 aliti

2233 3789 2309 3845 ait
2337 3810 2350 3845 :
2383 3790 2576 3848 Beatus
2610 3796 2701 3866 qui
2741 3804 2898 3860 tenet,
2929 3806 2978 3850 et
3007 3797 3193 3853 allidet
3221 3799 3449 3868 infantes
3494 3808 3612 3856 suos
3651 3803 3718 3854 ad
3739 3813 3815 3870 ρ-

2233 3892 2366 3938 tram
2405 3883 2830 3958 (Psal.cxxxvt,
2867 3887 2926 3960 9)
2971 3907 2984 3943 :
3030 3891 3174 3961 quod
3222 3893 3414 3963 utique
3460 3894 3513 3947 in
3561 3894 3812 3964 religiosis

2235 3977 2582 4045 parricidium
2613 3987 2754 4046 erat,
2778 3980 2824 4035 si
2855 3991 3006 4050 petra
3039 3984 3140 4039 ista
3167 3984 3394 4056 ﬁguram
3414 3983 3616 4041 Christi
3638 3999 3815 4058 corpu-

2232 4069 2310 4123 ris
2339 4083 2444 4124 non
2491 4070 2734 4126 haberet.
2775 4071 2948 4128 Nemo
2977 4074 3129 4130 enim
3173 4075 3364 4132 beatus
3394 4077 3448 4132 in
3491 4075 3686 4132 funere
3719 4086 3811 4138 est.

2231 4162 2323 4232 qui
2355 4161 2586 4218 infantes
2617 4179 2748 4220 suos
2774 4165 2946 4220 allidit
2973 4165 3042 4221 ad
3068 4175 3281 4238 petram
3317 4185 3331 4223 :
3367 4167 3462 4225 sed
3490 4167 3616 4225 ideo
3643 4169 3814 4225 beatus

2231 4261 2335 4319 est,
2359 4255 2506 4325 quod
2534 4256 2654 4313 illos
2685 4257 2972 4329 conjungit
2999 4259 3066 4314 ad
3097 4268 3332 4330 petram.

2300 4347 2354 4404 9.
2395 4347 2514 4404 Dixi
2585 4365 2718 4422 ergo
2769 4358 2978 4420 petram
3031 4352 3319 4408 Dominum
3372 4364 3428 4410 et
3477 4354 3804 4410 Saivatoretl

2232 4454 2480 4501 nostrum
2532 4447 2586 4502 in
2633 4446 2940 4520 Scripturis
3001 4449 3252 4504 omnibus
3295 4449 3549 4505 inveniri.
3593 4451 3814 4520 Serpens

2230 4551 2412 4597 autem
2444 4557 2510 4598 es
2557 4542 2678 4612 ipso
2708 4543 2944 4608 nomine,
2972 4555 2994 4583 ο
3021 4544 3163 4613 quod
3195 4545 3266 4600 sit
3311 4545 3581 4611 diabolus,
3607 4555 3814 4618 apparet

523 4637 735 4692 ciosum
765 4638 918 4694 virus
946 4640 1232 4707 exstinxit,
1263 4641 1407 4698 sicut
1452 4643 1747 4714 Apostolus
1779 4647 1854 4700 ait
1886 4662 1906 4700 :
1947 4647 2016 4701 Et
2061 4649 2125 4704 de

2237 4633 2368 4689 sicut
2395 4635 2642 4691 callidior
2682 4638 2926 4691 omnium
2953 4636 3256 4692 bestiarum
3278 4677 3293 4702 ,
3327 4651 3453 4709 quae
3495 4649 3623 4693 sunt
3669 4654 3813 4709 supra

521 4739 734 4800 peccato
753 4731 1021 4788 damnauit
1042 4745 1311 4804 peccatum
1341 4738 1395 4791 in
1416 4753 1573 4794 carne
1592 4755 1687 4793 sua
1707 4738 1889 4813 (Rom.
1905 4755 2022 4805 vm.
2041 4740 2100 4814 3)
2119 4759 2134 4808 ;

525 4829 582 4876 et
622 4820 753 4877 alibi
780 4839 794 4877 :
831 4822 936 4888 Qui
965 4842 1082 4878 cum
1123 4839 1363 4896 peccator
1393 4847 1492 4884 non
1523 4842 1673 4898 esset,
1707 4849 1804 4903 pro
1844 4836 1989 4889 nobis
2015 4851 2135 4906 pec-

525 4925 701 4971 catum
730 4917 852 4986 fecit
897 4918 962 4991 (il
993 4917 1114 4975 Cor.
1147 4937 1199 4986 ν,
1241 4923 1357 4994 2i).
1392 4925 1474 4980 Ad
1507 4925 1611 4982 hoc
1654 4941 1880 4998 quoque
1918 4929 2132 5002 Moyses

525 5018 840 5081 serpentem
873 5026 1087 5066 :eneum
1131 5014 1181 5068 in
1213 5029 1400 5071 eremo
1427 5019 1706 5088 suspendit
1751 5019 1805 5075 in
1845 5021 2015 5092 ligno,
2038 5023 2133 5094 qui

527 5103 787 5174 proprius
830 5113 952 5160 erat
986 5113 1143 5175 typus
1171 5109 1420 5178 corporis
1443 5109 1668 5179 Christi,
1715 5121 1773 5168 ut
1799 5115 2132 5185 quicumque

522 5197 579 5251 in
609 5193 736 5252 eu'm
761 5199 1054 5268 aspiceret,
1089 5213 1196 5253 non
1227 5200 1463 5271 periret;
1491 5218 1694 5274 corpus
1720 5207 1864 5262 enim
1894 5206 2131 5264 hominis

524 5304 624 5358 per
666 5292 1162 5364 transgressionem
1210 5311 1308 5351 vas
1347 5294 1523 5352 fuerat
1549 5300 1822 5370 serpentis
1852 5300 2126 5359 eli'ectum.

521 5382 614 5441 Sic
641 5397 696 5443 et
734 5387 864 5443 alibi
904 5389 1020 5459 ipso
1050 5389 1264 5461 Moyses
1309 5390 1516 5462 virgam
1552 5393 1781 5465 proiecit
1810 5396 1862 5453 in
1897 5405 2122 5466 terram,

600 5565 727 5643 "ita
753 5577 971 5643 mss._et
997 5570 1126 5626 edit.
1159 5577 1359 5638 prmter
1387 5571 1546 5627 Rom.
1597 5573 1687 5628 ubi
1733 5573 1928 5643 legitur
1959 5593 1972 5628 :
2018 5575 2127 5631 Sed

525 5638 804 5711 denorum
824 5639 1127 5711 animalium
1153 5643 1404 5708 qualitate
1421 5646 1554 5698 alter
1582 5645 1752 5711 locus,
1771 5638 1881 5700 etc.

600 5707 812 5789 hlium.
843 5710 997 5773 edit.,
1032 5707 1310 5789 Quw'quia
1337 5727 1381 5770 et
1409 5717 1522 5789 ipsa
1551 5717 1718 5786 imago
1740 5707 1860 5770 erat
1889 5720 2120 5788 corporis

526 5779 748 5860 Curis“,
769 5789 818 5833 et
847 5790 1001 5836 tanta:
1021 5779 1227 5839 uirtutis
1255 5787 1308 5860 in
1336 5803 1390 5840 se
1418 5779 1596 5860 lypum
1626 5779 1852 5860 gct'elrat,
1888 5779 2118 5846 omnium

525 5851 900 5928 Egyptlorum
930 5863 1230 5926 potestatem
1249 5847 1530 5920 absorbuit.
1561 5847 1672 5922 Nec
1701 5847 1931 5919 multum
1961 5862 2028 5921 ab
2054 5880 2119 5922 ea

2240 4734 2466 4794 terram,
2495 4727 2549 4784 id
2579 4737 2682 4792 est.
2713 4728 2965 4786 diabolus
2995 4745 3009 4783 :
3041 4730 3134 4801 qui
3178 4729 3300 4786 ideo
3339 4745 3574 4800 serpens
3596 4731 3812 4799 dicitur.

2236 4823 2381 4892 quod
2412 4824 2625 4879 occulte
2653 4833 2868 4895 serpat,
2898 4836 2953 4881 et
2981 4826 3124 4896 quod
3159 4840 3354 4882 sensus
3397 4825 3632 4882 hominis
3655 4828 3816 4883 tenui-

2237 4926 2318 4970 ter
2346 4915 2617 4972 illabendo
2645 4926 2921 4988 pertentet
2948 4935 2964 4974 :
2996 4933 3134 4986 quos
3157 4920 3202 4976 si
3233 4919 3557 4984 convicerit,
3583 4920 3812 4977 nteduiiis

2232 5022 2296 5062 se
2337 5007 2617 5063 hominum
2662 5019 2825 5080 atque
2874 5009 3090 5066 ossibus
3142 5013 3386 5084 implicat
3440 5026 3492 5070 et
3537 5013 3810 5086 immergit.

2232 5101 2333 5168 Qui
2364 5103 2417 5157 in
2448 5115 2678 5173 corpore
2709 5103 2974 5171 hominis,
3002 5105 3148 5176 quod
3187 5112 3534 5178 omnipotens
3577 5106 3812 5164 Christus

2234 5197 2377 5253 Deus
2424 5197 2706 5261 induerat,
2740 5197 2888 5253 nulla
2917 5197 3138 5254 malitia:
3171 5215 3283 5255 sua:
3310 5200 3484 5270 potuit
3516 5202 3812 5271 imprimere

2231 5292 2453 5364 vestigia
2481 5308 2496 5358 ;
2527 5293 2776 5364 quamvis
2824 5291 2958 5348 illud
3010 5309 3177 5350 ausus
3209 5293 3375 5351 fuerit
3417 5309 3561 5366 saepe
3589 5305 3811 5357 tentare.

2220 5391 2362 5446 sicut
2385 5394 2503 5461 ipse
2531 5391 2794 5446 Dominus
2816 5389 2872 5445 in
2901 5389 3203 5463 Evangelio
3224 5391 3302 5446 ait
3327 5410 3343 5447 ι
3372 5389 3508 5446 Ecss
3535 5391 3664 5446 seuit
3687 5392 3813 5457 prin-

2235 5587 2366 5629 mss.
2397 5579 2562 5644 atque
2591 5569 2874 5644 alimedit.
2920 5569 2972 5624 in
3001 5569 3183 5624 verbis
3211 5569 3490 5640 dill'erunt,
3523 5571 3616 5630 sed
3646 5571 3814 5644 potius

2233 5648 2285 5704 in
2314 5643 2603 5700 verborum
2636 5642 2851 5722 ordinm
2881 5657 3040 5712 quem
3076 5645 3476 5722 etscquimur;
3717 5711 3728 5722 ι
3785 5719 3790 5722 _

2306 5729 2326 5756 ε
2353 5716 2440 5772 Sic
2471 5726 2579 5770 vet.
2613 5713 2746 5769 edit.
2779 5729 2843 5768 ac
2888 5711 3020 5767 mss.
3054 5731 3065 5767 :
3100 5711 3242 5768 edit.
3262 5729 3394 5770 vero
3437 5713 3594 5770 Rom.
3650 5711 3810 5772 totum

2229 5792 2299 5846 ita
2345 5791 2791 5861 transpost'terat,
2825 5789 2979 5857 Quod
3012 5790 3079 5847 sit
3105 5786 3347 5844 callidior
3394 5790 3644 5846 mai-ut.
3691 5827 3706 5846 .
3749 5829 3761 5846 .
3797 5828 3810 5846 .

2225 5872 2444 5943 apparet
2473 5863 2614 5937 quod
2641 5876 2717 5921 est
2745 5863 2983 5921 diabolus
3010 5880 3028 5921 .°
3053 5861 3164 5936 qui,
3193 5871 3301 5920 etc.
