3944 6310
129 244 230 302 697

950 233 1317 293 SERMONES
1353 233 1412 290 S.
1458 231 1810 292 AMBRQSlQ
1850 233 2228 293 HACTENUS
2261 233 2599 294 ASCRIPTI.

3325 229 3432 289 αισι

129 377 250 430 cepa
278 361 462 415 mundi
487 360 661 432 hujus,
692 367 740 413 et
786 357 916 411 nihil
943 357 998 410 in
1042 372 1123 410 me
1147 356 1340 410 invenit
1381 352 1572 430 (han.
1607 369 1723 424 inv,
1755 359 1803 418 Α
1832 352 2220 425 comprehendi
2273 353 2498 409 omnino
2553 364 2659 406 non
2703 358 2920 421 posset,
2963 347 3424 420 quemadmodttm

129 455 255 527 50);
283 464 341 510 et
371 455 500 511 alibi
535 472 548 511 :
582 452 733 508 Nihil
760 451 994 525 proficiet
1021 452 1267 506 inimicus
1312 451 1368 505 in
1395 455 1478 516 co,
1503 459 1550 504 et
1581 449 1724 520 ﬁlius

127 549 420 620 iniquitatis
464 563 562 602 non
607 547 801 602 nocebit
851 547 896 600 et
927 545 1104 622 (Paul.
1138 557 1405 606 Lxxxvttt,
1435 541 1554 613 εδ).
1587 541 1715 600 Haec

126 649 212 697 est
254 655 392 710 ergo
441 649 622 710 petra,
657 637 711 694 id
755 647 875 705 est,
903 652 1034 694 caro
1077 638 1277 693 Christi
1318 636 1465 692 nulla
1517 636 1723 691 inimici

127 734 412 804 iniquitate
437 745 707 802 respersa,
737 731 794 786 in
822 745 926 802 qua
954 730 1246 800 serpentis,
1277 728 1331 784 id
1371 737 1476 796 est,
1512 729 1722 799 peccati

125 825 355 895 alicujus
383 824 668 894 vestigium
695 838 799 879 non
828 835 1077 894 apparet,
1103 830 1163 877 ut
1187 822 1450 891 scriptum
1476 826 1594 876 est:
1623 819 1726 888 Qui

126 926 386 990 peccatum
415 929 515 972 non
542 917 664 989 fecit
684 957 698 981 ,
725 931 819 973 nec
847 917 1000 971 dolus
1042 918 1278 972 inventus
1307 924 1382 971 est
1411 915 1464 970 in
1493 930 1583 970 ore
1610 918 1722 988 ejus

126 1009 170 1082 (l
199 1008 346 1066 Petr.
378 1025 438 1076 ιι,
466 1008 582 1082 29).

189 1102 424 1160 CAPUT
462 1101 738 1159 lV.--10.
773 1101 965 1158 Adhuc
994 1101 1121 1173 quid
1152 1101 1464 1172 subiungat,
1489 1099 1676 1155 audite
1703 1115 1718 1156 :

128 1194 189 1250 Et
210 1197 456 1261 semitas,
490 1195 696 1267 inquit,
729 1195 872 1250 novis
920 1195 1228 1266 navigantis.
1260 1193 1462 1249 Navem
1494 1191 1723 1263 adaeque

124 1289 425 1346 Ecclesiam
465 1289 728 1346 debemus
771 1290 1021 1361 accipere
1060 1292 1114 1346 in
1167 1292 1282 1347 salo
1328 1291 1511 1346 mundi
1563 1290 1722 1346 istius

122 1383 491 1450 constitutam,
523 1395 648 1455 quae
675 1385 885 1440 crebris
914 1393 1198 1441 ventorum
1232 1386 1506 1451 ﬂuctibus,
1530 1385 1583 1440 id
1614 1392 1720 1452 est,

125 1477 480 1534 tentationum
527 1479 702 1551 plagis
744 1487 800 1534 et
846 1481 1164 1538 verberibus
1212 1480 1513 1553 fatigatur:
1558 1495 1718 1551 quam

127 1570 320 1625 turbidi
347 1567 567 1638 (luctus,
599 1572 652 1627 id
681 1583 785 1642 est,
825 1573 984 1643 hujus
1005 1574 1187 1630 seculi
1218 1583 1459 1645 potestas
1479 1614 1496 1642 ,
1525 1587 1722 1629 conan-

125 1672 210 1718 tur
233 1663 298 1718 ad
329 1675 458 1719 sua
493 1666 809 1735 perducere.
841 1666 973 1734 Quze
1011 1667 1111 1723 etsi
1156 1667 1420 1723 undarum
1465 1665 1722 1724 ﬂuctibus

1828 444 2011 501 vivida
2041 459 2139 516 per
2165 445 2470 508 interitum,
2501 453 2555 500 et
2585 444 2736 499 dives
2763 454 2861 514 per
2887 441 3087 498 damna
3123 441 3386 498 reddatur
3405 485 3420 510 ,

1827 541 1968 597 sicut
1997 538 2074 595 ait
2097 555 2162 595 ex
2207 553 2440 610 persona
2469 538 2637 608 ipsius
2678 537 3142 610 Psalmographus
3171 554 3186 592 :
3217 536 3285 593 In
3326 539 3423 593 tri-

1828 634 2087 688 (iulatione
2112 633 2344 688 dilatasti
2369 649 2448 688 me
2475 631 2648 704 (Ptol.
2679 647 2752 700 tv,
2781 633 2860 704 2).
2893 632 3023 702 Qum
3049 633 3120 689 ob
3153 633 3255 688 hoc
3281 633 3423 689 mul—

1829 729 1898 782 tis
1941 727 1994 782 iu
2049 727 2182 782 locis
2223 733 2317 782 aut
2365 725 2467 780 soli
2512 736 2890 796 comparatur,
2924 735 3018 782 aut
3061 728 3206 782 lnnre
3242 742 3256 781 :
3302 741 3425 798 quas

1825 822 1926 877 etsi
1975 819 2246 884 tunditur,
2299 834 2407 875 non
2459 829 2752 876 movetur:
2785 829 2839 876 et
2887 821 2934 876 si
2985 829 3303 889 moveatur,
3337 835 3427 876 re-

1824 914 2020 985 surgit.

1903 1007 1988 1065 M.
2033 1005 2102 1061 Et
2130 1007 2266 1070 vias,
2298 1004 2403 1072 ait,
2430 1005 2526 1060 viri
2574 1005 2628 1059 in
2657 1006 2944 1076 juventute.
2979 1004 3074 1060 Vir
3101 1005 3232 1070 iste,
3262 1003 3424 1060 Chri-

1825 1111 1947 1157 stus
1975 1103 2236 1157 Dominus
2260 1110 2451 1156 noster
2477 1107 2564 1155 est
2586 1139 2602 1166 ,
2635 1099 2778 1154 sicut
2803 1099 2856 1153 in
2889 1098 3115 1155 Actibus
3143 1099 3427 1169 apostolo-

1825 1213 1944 1253 rum
1978 1199 2240 1268 scriptum
2286 1203 2370 1250 est
2401 1213 2413 1246 :
2442 1192 2608 1267 4⁵4
2643 1193 2753 1249 Viri
2783 1193 3064 1261 Israelita,
3099 1194 3274 1248 audite
3318 1194 3428 1248 haec

1823 1293 1978 1348 verba
2015 1308 2032 1346 :
2073 1291 2254 1346 Iesum
2308 1289 2640 1344 Nazarenam
2687 1289 2852 1343 uirum
2903 1303 2934 1341 a
2978 1285 3084 1342 Deo
3131 1288 3346 1342 electum
3369 1288 3426 1342 in

1824 1386 1998 1451 vobis,
2044 1386 2313 1440 virtutibus
2356 1395 2403 1439 et
2453 1384 2615 1455 signis
2659 1392 2706 1438 et
2754 1384 3004 1451 portentis
3083 1384 3426 1453 approbatum

1826 1483 1965 1555 (Act.
1997 1497 2055 1545 ll,
2088 1480 2214 1552 22);
2247 1489 2301 1536 et
2329 1481 2631 1552 Apostolus
2663 1496 2675 1532 :
2713 1477 2780 1534 Ut
2806 1494 2980 1532 omnes
3008 1478 3062 1531 in
3090 1477 3260 1547 uirum
3304 1491 3428 1550 per-

1825 1581 2012 1649 fectum
2035 1594 2298 1633 occanere
2320 1577 2659 1646 possimus,in
2681 1591 2976 1630 mensuram
2997 1573 3190 1628 Christi
3202 1572 3419 1646 (Ephes.

1825 1688 1900 1738 tv,
1934 1672 2057 1743 16);
2089 1680 2142 1726 et
2167 1671 2293 1725 alibi
2326 1689 2338 1724 :
2372 1669 2640 1725 Declinavi
2665 1683 2756 1724 uos
2800 1669 2890 1722 uni
2917 1668 3027 1722 viro
3052 1668 3298 1740 virginem
3337 1683 3425 1720 ca-

123 1767 211 1812 aut
239 1759 497 1828 procellis
526 1773 673 1830 stupe
697 1768 926 1816 vexatur
947 1801 962 1826 ,
992 1770 1173 1815 tamen
1207 1775 1501 1832 numquam
1535 1768 1714 1830 potest
1745 1762 1790 1824 Β
1819 1763 2206 1820 stamexltibcre
2231 1762 2436 1819 Christo
2461 1760 2530 1834 (il
2549 1759 2671 1816 Cor.
2703 1777 2777 1827 ιιι,
2805 1761 2883 1831 2).
2919 1759 3017 1816 llic
3043 1769 3128 1814 est
3159 1759 3238 1813 vir
3265 1757 3421 1827 cujus

121 1852 390 1906 sustinere
437 1851 818 1923 naufragium;
855 1853 978 1922 quia
1012 1853 1067 1908 in
1107 1854 1301 1909 arbore
1326 1853 1481 1923 ejus,
1512 1852 1568 1907 id
1596 1863 1712 1922 est,

121 1945 168 1998 in
196 1957 386 2010 cruce,
423 1939 672 2001 Christus
699 1946 960 2018 erigitur.
995 1948 1049 2001 in
1081 1947 1243 2016 puppi
1288 1946 1449 2001 Pater
1479 1946 1712 2014 residet,

123 2037 456 2107 gubernator
485 2051 700 2109 proram
731 2039 1045 2110 paracletus
1073 2048 1254 2094 servat
1279 2037 1537 2108 Spiritus.
1566 2039 1716 2094 itane

122 2139 468 2200 perangusta
511 2129 673 2200 hujus
719 2131 907 2186 mundi
939 2130 1077 2186 freta
1130 2129 1370 2184 duodeni
1413 2131 1466 2185 in
1499 2141 1716 2201 portum

121 2220 344 2292 remiges
374 2221 610 2289 ducunt,
635 2223 690 2278 id
711 2232 816 2290 est,
843 2221 1130 2279 duodecim
1155 2223 1414 2293 apostoli,
1437 2231 1493 2278 et
1521 2223 1718 2280 similis

122 2331 370 2374 numerus
401 2318 822 2388 prophetarum.

187 2410 268 2465 ll.
313 2409 446 2465 luds
471 2410 716 2465 Montani-
739 2419 894 2466 antra
928 2411 1122 2465 latratu
1160 2410 1281 2468 lalsi
1329 2410 1593 2467 carminis
1621 2426 1716 2467 re-

119 2511 340 2565 sonant,
368 2504 466 2574 qui
502 2504 714 2560 duabus
761 2503 977 2560 feminis
1026 2506 1420 2577 prophetissis,
1456 2505 1718 2562 Priscillae

117 2603 171 2649 et
230 2593 544 2652 Maximilla
602 2607 876 2668 tamquam
936 2598 1167 2670 alicujus
1227 2600 1425 2672 Scyllas
1513 2597 1718 2654 rabidis

117 2691 417 2745 succinctus.
475 2701 562 2746 est
605 2693 852 2748 canibus.
903 2691 964 2747 in
1006 2694 1105 2748 ista.
1153 2709 1303 2758 nave
1346 2694 1603 2749 Ecclesiae
1652 2708 1717 2750 ea

119 2779 337 2837 feliciter
407 2783 776 2853 przuterimus.
837 2785 966 2842 lude
1032 2787 1090 2840 in
1135 2786 1521 2843 Photinianam
1575 2787 1717 2843 Cha-

121 2876 315 2944 rybdim
364 2894 474 2932 mm
536 2879 847 2933 incidimus.
895 2879 1030 2934 inde
1071 2880 1224 2934 nullo
1272 2881 1437 2936 modo
1485 2882 1540 2936 in
1586 2880 1715 2935 illud

123 2967 454 3031 barathrum.
487 2968 644 3040 quasi
679 2968 886 3025 Dathan
917 2981 972 3026 et
1002 2969 1204 3025 Abiron
1225 3009 1243 3038 ,
1270 2971 1324 3025 id
1351 2981 1470 3035 est,
1498 2973 1550 3026 in
1594 2987 1718 3042 pro-

123 3059 335 3116 fundum
385 3062 584 3118 mortis
615 3062 824 3117 Ursacii
853 3071 912 3117 et
947 3062 1192 3120 Valentis
1219 3078 1326 3118 non
1368 3064 1715 3119 incurrimus.

1819 1858 1924 1912 via:
1950 1855 2208 1924 cognosci
2255 1856 2306 1909 in
2343 1855 2632 1925 iuventute
2661 1868 2768 1912 non
2817 1860 3071 1926 possunt.
3104 1851 3235 1918 Quis
3274 1852 3419 1905 enim

1791 1949 2090 2006 'zcsﬁmare
2120 1948 2301 2002 animo
2333 1945 2526 2020 possit,
2555 1955 2646 2000 aut
2672 1959 2870 2014 capere
2900 1953 3101 2016 quanta
3131 1942 3224 1998 ille
3255 1955 3420 2012 opera

1818 2044 2162 2108 exercuerit,
2191 2058 2314 2098 cum
2357 2040 2656 2102 secundum
2707 2038 2983 2101 hominem
3032 2044 3339 2094 moraretur
3365 2034 3420 2090 in

1820 2135 2022 2193 terris?
2050 2149 2173 2207 quae
2218 2134 2414 2191 itinera
2459 2133 2724 2192 virtutum.
2765 2129 3017 2212 duxerit?
3048 2130 3102 2184 in
3140 2143 3274 2203 quas
3305 2128 3424 2184 vias

1819 2228 2210 2288 beneﬁciorum
2254 2226 2402 2288 circa
2438 2224 2737 2284 humanum
2785 2238 2961 2297 genus
3003 2222 3168 2278 fuerit
3208 2223 3427 2292 ingrcs—

1819 2335 1938 2388 sus,
1967 2319 2102 2380 dum
2130 2317 2339 2378 claudis
2389 2316 2590 2389 pedum
2637 2317 2878 2374 restituit
2909 2315 3220 2372 ﬁrmitatem
3247 2355 3263 2381 ,
3291 2313 3424 2372 dum

1819 2415 1982 2472 comis
2032 2413 2242 2470 lumina
2294 2411 2494 2470 amissa
2529 2409 2707 2468 reddit
2733 2451 2750 2476 ,
2779 2419 2873 2472 aut
2903 2408 3135 2480 imponit
3160 2407 3379 2464 condita
3407 2449 3424 2476 ,

1820 2506 1948 2562 dum
1995 2506 2268 2576 eloquium
2317 2515 2539 2575 praestat
2603 2506 2803 2569 mutis,
2844 2512 2902 2560 et
2941 2503 3126 2559 surdis
3181 2503 3424 2560 insinuat

1821 2600 2063 2654 auditum
2089 2640 2104 2666 ,
2150 2598 2279 2656 dum
2320 2598 2529 2668 largum
2589 2597 2872 2668 sanguinis
2915 2596 3119 2654 lituum
3165 2597 3334 2652 siccat
3367 2595 3422 2653 in

1822 2691 2063 2758 Martha,
2097 2692 2224 2746 dum
2255 2691 2536 2747 daemones
2563 2689 2714 2761 pellit
2741 2706 2810 2745 ex
2845 2689 3036 2755 Maria,
3067 2688 3194 2743 dum
3218 2703 3423 2759 corpus

1821 2787 2050 2844 redivivi
2088 2785 2314 2856 spiritus
2363 2787 2546 2842 calore
2602 2784 2930 2855 constringit
2972 2783 3028 2848 in
3077 2783 3320 2846 Lazaro,
3371 2793 3428 2838 et

1820 2883 1965 2953 quod
1995 2897 2141 2938 mors
2168 2882 2267 2936 sibi
2303 2881 2602 2937 vindicaret
2628 2879 2696 2934 ad
2730 2894 2968 2950 plenam,
2999 2879 3088 2937 lux
3129 2877 3308 2934 denuo
3337 2892 3424 2932 rc-

1822 2975 1970 3045 cepit
2011 2974 2080 3030 ad
2108 2973 2316 3030 vitam?
2364 2972 2506 3042 Quid
2546 2972 2637 3034 ille
2669 2971 2876 3027 solidus
2903 2985 3124 3042 gressus
3156 2970 3212 3024 iu
3241 2969 3421 3024 ﬂucti-

1823 3069 1942 3135 bus,
1978 3067 2101 3138 quid
2134 3068 2377 3138 reliquias
2400 3066 2466 3120 de
2496 3066 2682 3135 paucis
2707 3063 2934 3130 panibus
2960 3063 3075 3132 plus
3106 3077 3417 3133 superesse,

125 3148 244 3208 inde
265 3153 454 3208 Arium
486 3152 870 3224 archipiratam
891 3195 910 3221 ,
939 3155 1032 3226 qui
1076 3171 1176 3211 nos
1207 3172 1301 3226 per
1341 3172 1491 3212 mare
1527 3156 1716 3213 Sacculi
1743 3155 1787 3219 C
1823 3172 2062 3219 siturata
2091 3161 2471 3223 multitudine,
2502 3175 2662 3230 quam
2691 3158 2861 3214 fuisse
2881 3157 2906 3212 τ
2930 3157 3068 3226 Quid
3117 3157 3336 3228 inopem
3367 3156 3420 3211 in

125 3248 184 3300 ad
211 3249 376 3304 instar
405 3249 710 3305 Pharaonis
739 3251 1042 3321 insequitur
1061 3292 1078 3317 ,
1109 3266 1222 3306 non
1252 3253 1535 3318 timemus;
1569 3254 1714 3308 illam

126 3339 326 3396 sellam
374 3350 660 3396 servantes
711 3342 764 3397 in
793 3342 932 3398 celo
952 3384 968 3410 ,
999 3359 1122 3414 quae
1156 3343 1338 3414 Magos
1370 3344 1622 3413 perduxit
1648 3346 1714 3399 ad

125 3432 410 3500 Christum,
445 3451 545 3506 per
571 3451 732 3506 quam
785 3451 886 3492 nos
914 3451 1138 3508 regnum
1165 3437 1262 3493 Dei
1285 3479 1300 3503 ,
1328 3439 1418 3508 qui
1451 3439 1715 3493 malorum

128 3528 352 3582 omnium
400 3528 617 3584 arturus
662 3539 747 3584 est
795 3540 1019 3599 portus,
1051 3539 1349 3600 exspectat.
1385 3530 1513 3585 inde
1561 3546 1717 3585 num-

128 3635 275 3689 quam
313 3636 411 3676 nos
441 3621 518 3676 de
549 3623 650 3676 hac
692 3623 816 3677 navi
863 3621 1127 3678 Ecclesia:
1159 3625 1525 3694 pratcipitatos
1573 3624 1714 3678 Mar-

127 3714 242 3770 cion
270 3716 360 3772 ille
409 3725 566 3774 cetus
597 3717 900 3774 absorbuit.
931 3716 1064 3773 Inde
1089 3718 1356 3774 Sabeliins
1403 3720 1574 3790 pirata
1609 3735 1718 3776 non

129 3809 282 3876 cepit.
315 3809 450 3868 Inde
479 3811 640 3867 nobis
669 3812 855 3883 aquilo
885 3827 1086 3868 nocere
1113 3829 1219 3868 non
1253 3815 1487 3882 poterit,
1522 3831 1718 3886 quam-

130 3902 199 3956 vis
225 3903 346 3960 inde
377 3905 494 3960 sint
522 3905 835 3962 antichristi
863 3907 1102 3962 violenta
1135 3907 1302 3962 ﬂabra
1351 3919 1574 3964 ventura
1601 3951 1616 3974 ,
1647 3911 1719 3965 si-

130 4003 212 4049 cut
257 3997 518 4069 scriptum
567 4008 694 4055 est:
757 3999 841 4054 Ea:
899 4001 1142 4071 aquilone
1195 4002 1534 4057 exardesccnt
1581 4004 1719 4058 mala

131 4086 327 4159 (λέγω.
356 4103 393 4159 t,
427 4092 544 4164 μ).
579 4091 712 4148 inde
739 4102 915 4165 syrtes
941 4095 1219 4165 gentilium
1239 4137 1254 4162 ,
1283 4106 1336 4150 et
1384 4097 1720 4167 periculosas

133 4181 352 4242 haereses
391 4195 447 4243 et
496 4187 754 4259 scopulos
817 4187 1122 4254 evitamus,
1171 4203 1311 4259 quos
1367 4190 1720 4261 superjacan

132 4287 270 4347 aqua!
313 4280 494 4335 tenuis
541 4279 774 4335 occultat
839 4279 1110 4351 allapsus;
1159 4283 1284 4352 quia
1331 4283 1571 4339 hmretici
1619 4283 1720 4341 sub

133 4380 382 4438 praetextu
413 4374 655 4428 nominis
679 4373 994 4442 christiani,
1028 4375 1290 4431 absconsa
1323 4377 1563 4448 perﬁdiae
1590 4394 1719 4436 sua

133 4459 295 4518 fallaci
323 4466 671 4522 conlessione
718 4467 833 4523 oris
858 4467 1155 4536 obducunt,
1186 4470 1240 4524 in
1271 4485 1391 4542 quas
1427 4471 1675 4528 homines
1699 4515 1714 4541 ,

1821 3259 1950 3312 vino
1977 3256 2185 3313 Galilaei
2211 3255 2456 3324 conjugis
2482 3263 2822 3324 apparatum,
2852 3253 2949 3309 sed
2993 3251 3204 3308 Domini
3235 3250 3420 3319 Operi-

1824 3352 1923 3405 bus
1972 3349 2307 3422 pretiosum?
2341 3349 2405 3404 Et
2454 3348 2558 3404 alia
2591 3349 2792 3416 multa,
2827 3349 2967 3404 sicut
3013 3348 3066 3401 in
3119 3344 3419 3415 Evangelio

1821 3444 2028 3498 dictum
2053 3451 2173 3510 est,
2208 3457 2330 3512 quae
2376 3443 2422 3497 si
2475 3443 2656 3497 omnia
2704 3443 2904 3512 scripta
2936 3450 3150 3506 essent,
3188 3439 3424 3494 mundus

1821 3551 1884 3592 ea
1913 3551 2110 3606 capere
2157 3551 2262 3590 non
2296 3535 2689 3609 posset;(Joan.
2723 3551 2833 3597 tm,
2863 3535 2982 3605 25).
3014 3534 3119 3589 Αιιι
3162 3534 3288 3602 quid
3326 3547 3424 3601 po-

1821 3639 2028 3685 strcmo
2056 3629 2350 3684 descensus
2381 3628 2449 3682 ad
2496 3628 2728 3693 inferos,
2763 3637 2855 3680 aut
2906 3641 3166 3681 ascensus
3213 3626 3277 3679 nd
3306 3639 3422 3679 cte-

1822 3725 1972 3780 lum‘i
2001 3722 2142 3793 Quid
2190 3719 2324 3782 illud
2372 3721 2514 3793 quod
2569 3724 2622 3777 in
2675 3721 2930 3791 passione
2960 3720 3130 3788 ipsius
3157 3719 3423 3786 integram

1821 3820 1960 3876 locis
2007 3817 2454 3875 consuetudinem
2506 3817 2585 3871 sol
2621 3816 2822 3870 habere
2869 3827 2974 3868 non
3019 3811 3220 3881 potuit;
3254 3821 3310 3864 ut
3338 3819 3422 3864 ta-

1821 3927 1976 3968 ceam
2005 3919 2217 3982 ruptum
2247 3909 2424 3965 velum
2449 3948 2463 3975 ,
2515 3908 2750 3980 lapidem
2787 3903 3127 3962 revolutum?
3168 3903 3260 3958 Ha:
3291 3916 3421 3973 ergo

1821 4006 1924 4061 vite
1955 4011 2078 4060 sunt
2111 4005 2164 4058 in
2206 4003 2524 4073 juventute,
2558 4016 2692 4071 quas
2726 4015 2832 4054 non
2867 4008 2974 4053 tam
3007 3996 3418 4068 deprehendere

1823 4099 2087 4171 propheta
2109 4139 2124 4165 ,
2158 4112 2320 4168 quam
2347 4111 2606 4152 enarrare
2636 4111 2695 4151 se
2727 4109 2833 4149 non
2866 4108 3027 4164 posse
3059 4101 3288 4148 testatus
3315 4098 3418 4147 est.

1893 4192 1982 4252 ili.
2025 4191 2190 4246 Tales
2252 4189 2338 4246 hic
2384 4189 2549 4245 etiam
2609 4187 2742 4244 dicit
2785 4188 2892 4244 uias
2943 4186 3258 4252 meretricis,
3310 4198 3428 4254 qua

1820 4296 2152 4360 posteaquam
2195 4284 2370 4340 abluta
2413 4293 2523 4352 est,
2572 4285 2699 4340 dicit
2748 4300 2802 4340 se
2851 4282 2983 4338 nihil
3046 4279 3170 4335 ntali
3218 4281 3423 4350 fecisse.

1822 4379 2006 4450 (Prov.
2043 4393 2173 4445 xxx,
2207 4377 2322 4450 10).
2357 4378 2615 4434 Meretrix
2665 4377 2767 4432 ista
2802 4375 3062 4432 Ecclesia!
3110 4384 3270 4446 typus
3299 4383 3385 4428 est
3410 4414 3426 4440 ,

1824 4475 2118 4546 aliquando
2148 4475 2199 4530 in
2228 4475 2482 4545 gentibus
2513 4473 2804 4528 constituta
2828 4513 2843 4539 ,
2875 4471 3145 4526 idolorum
3191 4469 3429 4525 cultibus

135 4552 250 4611 dum
281 4559 384 4615 illis
410 4559 556 4632 quod
587 4560 871 4618 christiani
902 4562 1045 4630 sint,
1078 4562 1212 4620 fides
1241 4564 1492 4634 habetur,
1522 4565 1718 4636 impin-
1741 4559 1796 4622 D
1823 4571 2026 4633 vitiata,
2057 4587 2218 4644 quam
2251 4585 2404 4628 vana:
2430 4569 2832 4640 superstitionis
2861 4578 3049 4639 stupra
3079 4568 3422 4638 polluerant;

136 4661 275 4718 gunt.

203 4745 282 4801 12.
323 4747 448 4806 llaec
491 4764 626 4822 ergo
654 4750 808 4806 navis
854 4749 1101 4808 Ecclesia
1129 4759 1233 4816 est.
1262 4767 1384 4824 quas
1405 4752 1506 4812 etsi
1536 4754 1715 4820 quoti-

138 4839 217 4896 die
237 4846 487 4900 satculum
521 4845 662 4901 istud
694 4853 968 4916 tamquam
994 4846 1211 4917 aliquod
1240 4848 1462 4920 pelagus
1487 4852 1716 4912 sortitur

141 4933 402 5007 infestum,
435 4953 725 5011 numquam
757 4940 976 4996 eliditur
1000 4941 1066 4996 ad
1090 4954 1304 5006 saxum,
1328 4958 1426 4998 nec
1455 4943 1716 5014 mergitur

141 5029 201 5084 ad
226 5031 562 5101 profundum.
593 5034 796 5092 Navem
823 5045 1002 5092 autem
1035 5035 1334 5094 Eoclesiam
1364 5053 1486 5094 esse
1514 5038 1714 5096 divinis

145 5124 456 5181 testimoniis
512 5129 836 5196 probamus,
885 5127 1024 5183 sicut
1072 5127 1190 5183 ait:
1236 5126 1360 5183 Illic
1404 5132 1717 5186 transierunt

145 5231 280 5272 naves
323 5215 734 5293 Tharsir(Psal.
769 5236 943 5291 XLVII,
976 5221 1076 5293 8);
1125 5233 1179 5278 et
1224 5223 1352 5280 alibi
1395 5241 1407 5279 :
1459 5223 1717 5284 Adversus

147 5323 328 5368 omnem
354 5331 527 5371 nauem
555 5317 713 5371 maris
742 5314 914 5389 (Emi.
943 5332 979 5379 ι.
1015 5315 1139 5386 1ϐ);
1187 5316 1312 5388 quia
1357 5328 1484 5376 sunt
1531 5319 1717 5376 Eccle-

148 5403 233 5457 siae
277 5409 482 5476 saeculi,
514 5413 636 5482 Quae
668 5419 834 5465 totam
865 5410 970 5465 sibi
1001 5424 1188 5480 Spem,
1222 5411 1365 5484 quod
1420 5411 1478 5465 lit
1519 5412 1568 5466 in
1614 5411 1718 5468 hoc

151 5501 412 5568 tempore,
443 5515 546 5557 non
600 5511 708 5557 tam
752 5502 822 5558 de
855 5501 992 5569 Deo,
1024 5517 1186 5574 quam
1241 5502 1309 5560 de
1357 5503 1720 5577 potestatibus

154 5586 296 5659 hujus
324 5594 502 5652 saeculi
532 5594 934 5666 repromittunt.

216 5688 299 5746 l5.
337 5690 441 5750 Sed
486 5693 627 5766 quod
658 5695 765 5762 ait,
799 5693 926 5750 γεω
963 5694 1111 5751 navis
1151 5696 1472 5768 navigantis,
1505 5697 1725 5770 proprie

161 5781 409 5862 signiticet
433 5788 572 5865 quod
605 5791 658 5849 in
691 5791 1110 5866 temporemiro
1140 5791 1302 5862 modo
1334 5792 1730 5871 persecutionis

1818 4679 1977 4736 quam
2001 4664 2263 4725 falsorum
2285 4664 2513 4720 deorum
2532 4664 2831 4722 adulteram
2857 4662 3066 4723 fecerat
3094 4659 3422 4717 multitudo:

1819 4759 2192 4830 lascisroaque
2237 4776 2302 4816 ac
2327 4768 2512 4828 turpes
2561 4759 2938 4831 incompositis
2970 4757 3210 4828 motibus
3256 4755 3430 4812 saltus

1820 4869 2102 4910 nemorum
2135 4863 2190 4910 et
2237 4855 2482 4910 lucorum
2537 4853 2740 4908 inculta
2783 4851 3087 4915 lustrabat,
3120 4848 3303 4904 dedita
3347 4847 3428 4899 lu-

1818 4947 1986 5003 xuriat
2013 4989 2028 5014 ,
2075 4963 2286 5019 pompa:
2332 4946 2614 5019 gentilium
2663 4947 2988 5014 mancipata.
3021 4943 3168 4996 lianc
3200 4945 3424 5010 postca-

1820 5055 1981 5110 quam
2041 5041 2303 5096 Dominus
2351 5051 2535 5096 noster
2563 5040 2720 5096 Jesus
2769 5037 3022 5094 Christus
3055 5048 3190 5104 puro
3217 5030 3426 5101 baptis-

1818 5134 1978 5188 matis
2026 5134 2172 5191 ionte
2212 5135 2481 5204 perfudit,
2512 5135 2845 5191 ablutionem
2898 5140 2953 5186 et
2993 5127 3240 5184 criminis
3269 5140 3428 5180 acce-

1818 5227 1899 5300 pit
1945 5235 2001 5283 et
2041 5227 2278 5282 nominis
2336 5244 2431 5300 per
2469 5229 2698 5300 gratiam
2732 5224 2878 5280 fidei.
2914 5222 3043 5276 Post
3079 5217 3428 5273 meretricem

1819 5320 1882 5376 ﬁt
1930 5322 2112 5393 virgo,
2145 5323 2270 5393 quia
2313 5322 2402 5376 uni
2470 5337 2529 5377 se
2579 5318 2869 5378 destinavit
2915 5314 3152 5384 Sponsa.
3197 5309 3330 5374 Nam
3363 5318 3420 5366 ει

1823 5415 1972 5470 Raab
2024 5416 2114 5472 illa
2161 5415 2421 5472 meretrix
2446 5410 2840 5476 liierichuntis,
2887 5423 3009 5480 qua:
3054 5406 3427 5476 speculatores

1823 5509 1952 5566 Jesu
2000 5507 2146 5568 Nave
2191 5509 2408 5580 excepit
2455 5507 2691 5579 hospitio
2724 5503 2914 5580 (Iosue
2945 5517 3020 5569 vt,
3047 5500 3167 5573 ἥδ),
3198 5510 3252 5556 et
3284 5499 3430 5570 quod

1825 5605 1983 5678 signo
2029 5601 2177 5666 cocci
2226 5607 2438 5676 signata
2469 5613 2591 5672 est,
2619 5599 2709 5674 qui
2739 5598 2896 5656 color
2948 5598 3172 5669 ﬁgurant
3225 5593 3433 5656 Christi

1829 5699 2110 5773 sanguinis
2161 5696 2469 5766 indicabat,
2518 5705 2572 5751 et
2617 5693 2761 5767 quod
2805 5693 3147 5752 eversionem
3197 5687 3433 5749 civitatis

1838 5795 2040 5866 evasit,
2069 5792 2329 5863 Ecclesia
2361 5801 2544 5871 typum
2577 5788 2799 5864 habuit,
2828 5804 2949 5869 quae
2977 5804 3074 5865 per
3119 5789 3440 5864 sanguinem
