3944 6310
551 215 676 278 699

1497 220 1590 277 AD
1628 219 1864 277 OPERA
1901 218 2150 277 SANCTI
2185 218 2516 278 AMBROSII
2556 217 2924 276 APPENDIX.
3702 224 3774 283 700

554 335 766 394 Christi
809 336 1018 393 ruinam
1049 335 1233 393 mundi
1276 337 1435 394 istius
1463 350 1658 394 secura
1686 351 1793 392 non
1824 338 2033 394 metuit.
2066 338 2159 394 Sic
2186 344 2237 403 Α
2265 338 2359 395 sed
2391 337 2446 394 in
2475 338 2726 394 omnibus
2774 348 2902 394 sunt
2939 346 3126 395 sancta
3158 337 3419 410 mysteria
3450 358 3464 394 :
3493 339 3584 396 tria
3601 341 3646 398 in
3666 341 3776 401 Chii.

559 428 708 484 enim
739 427 816 484 ait
846 427 1106 500 propheta
1133 446 1145 480 :
1179 427 1396 501 Accipe,
1433 429 1641 499 inquit,
1670 429 1761 483 tibi
1807 446 2021 484 uxorem
2053 431 2162 496 {or-

560 519 812 575 nicariam
833 561 848 586 ,
874 529 919 574 et
949 524 1032 590 {ac
1074 519 1212 591 ﬁlios
1266 520 1625 592 fornicationis
1675 519 1822 594 (Ose.
1854 537 1894 590 ι,
1915 521 1994 593 2).
2033 521 2164 579 Ubi-

559 630 667 686 que
698 616 868 682 enim,
900 615 1241 672 dilectissimi
1272 615 1494 682 fratres,
1521 617 1729 672 cultura
1759 615 2026 672 idolorum
2056 617 2164 672 lor-

562 709 765 766 nicatio
809 720 1119 782 nuncupata
1164 724 1286 779 est,
1320 720 1379 767 ut
1423 713 1476 766 in
1525 711 1856 784 Apocalypsi
1899 712 2162 783 scriptum

563 811 648 856 est
679 818 692 854 :
729 799 795 854 Et
818 801 945 856 sinis
971 803 1221 873 fornicari
1243 819 1413 858 servos
1438 818 1599 871 meos,
1631 814 1677 859 et
1714 808 2028 860 manducare
2051 806 2166 859 ido-

562 891 630 947 lis
677 892 942 948 immolata
987 893 1173 966 (Apoc.
1219 910 1293 963 ιι,
1341 895 1476 967 20).
1529 896 1773 967 Denique
1825 896 2164 952 Hierusalem

563 985 758 1043 civitas
806 987 898 1043 illa
942 988 1217 1060 quondam
1266 991 1464 1046 nobilis
1510 991 1900 1059 Hebraeorum,
1931 993 2169 1063 quoties-

563 1094 800 1154 cumque
841 1099 871 1138 a
900 1085 1132 1142 veritate
1175 1084 1504 1154 deﬂexerat,
1535 1096 1593 1143 et
1642 1086 1804 1142 idolis
1851 1088 2164 1158 serviebat,

564 1175 748 1232 statim
797 1177 1104 1234 meretricis
1139 1178 1408 1234 vocabulo
1446 1178 1863 1246 nominabatur,
1891 1182 2034 1234 sicut
2059 1180 2170 1234 cla-

563 1277 678 1324 mat
703 1269 890 1325 Esaias
924 1288 936 1324 :
968 1271 1239 1338 Quomodo
1269 1274 1410 1344 facta
1433 1282 1507 1327 est
1532 1274 1774 1327 meretrix
1797 1273 1978 1327 civitas
1998 1273 2170 1342 ﬁdelis

565 1362 700 1418 Sion
729 1363 900 1437 (Esai.
932 1381 972 1432 ι,
1003 1365 1135 1436 2t)?
1162 1365 1292 1422 Inde
1313 1377 1398 1422 est
1427 1382 1555 1437 ergo
1585 1367 1729 1437 quod
1759 1367 1834 1422 ait
1865 1367 2125 1423 Salomon
2153 1385 2165 1420 :

566 1454 715 1510 Talis
763 1467 934 1513 autem
981 1459 1061 1514 via
1090 1461 1323 1516 mulieris
1368 1462 1669 1528 meretricis,
1697 1478 1812 1533 qua:
1837 1475 2172 1534 posteaquam

561 1546 741 1602 abluta
771 1559 866 1618 est,
896 1550 1021 1605 dicit
1048 1567 1100 1606 se
1132 1550 1264 1607 nihil
1293 1554 1417 1608 mali
1455 1555 1638 1624 fecisse
1666 1553 1851 1627 (Prov.
1886 1572 2024 1622 xxx,
2051 1556 2167 1628 20).

1129 1668 1363 1725 SERMO
1401 1669 1612 1726 XLVII.

567 1775 625 1832 lu
676 1791 798 1848 cap.
844 1794 950 1834 xxx
1001 1779 1259 1838 Proverb.
1290 1782 1358 1839 de
1406 1782 1711 1840 ditferentia
1758 1783 2069 1841 Salomonis
2114 1793 2170 1841 et

1035 1874 1263 1931 aliorum
1292 1877 1706 1948 prophetarum.

568 1961 684 2017 Hoc
712 1965 963 2021 sermonis
990 1967 1360 2039 fragmentum,
1392 1970 1568 2024 statim
1597 1980 1749 2041 atque
1776 1971 1829 2026 in
1857 1972 1981 2026 edit.
2015 1972 2170 2028 Rom.

631 2057 832 2129 prodiit
867 2059 920 2114 in
958 2060 1127 2116 lucem
1150 2103 1165 2128 ,
1199 2061 1453 2117 Ambrosii
1500 2079 1602 2117 non
1642 2080 1750 2118 esse
1776 2080 1923 2119 nemo
1949 2081 2050 2120 non
2077 2065 2174 2118 ad-

634 2150 783 2204 vertit
811 2166 830 2205 :
855 2161 909 2205 at
952 2167 1066 2207 vero
1096 2157 1210 2227 ejus
1237 2163 1498 2210 auctorem
1527 2171 1555 2209 e
1585 2155 1803 2211 tenebris
1848 2173 2029 2212 eruere
2070 2172 2171 2210 non

638 2252 744 2296 tam
775 2259 996 2313 pronum
1027 2254 1144 2312 est;
1175 2247 1276 2301 nisi
1301 2248 1418 2319 quis
1447 2264 1511 2302 ea:
1538 2263 1597 2302 eo
1623 2248 1762 2319 quod
1794 2250 1938 2304 locus
1978 2250 2040 2304 de
2069 2265 2176 2303 me-

632 2333 823 2389 retrice
868 2335 922 2389 in
954 2333 1054 2392 hoc
1082 2347 1130 2391 et
1174 2338 1227 2391 in
1257 2339 1514 2407 superiori
1551 2355 1784 2394 sermone
1811 2338 2060 2395 Ecclesia:
2087 2356 2178 2394 ac-

634 2427 1028 2496 commodatus,
1062 2429 1242 2485 eodem
1285 2447 1486 2502 quoque
1535 2433 1688 2486 modo
1719 2433 1982 2502 expositus
2023 2449 2175 2502 repe-

635 2520 810 2574 riatur
835 2520 890 2574 in
922 2537 1158 2577 sermone
1185 2522 1242 2589 2,
1275 2523 1339 2577 de
1371 2523 1732 2596 Eleemosyna,
1764 2541 1913 2594 quem
1955 2524 2176 2580 Maximi

635 2629 746 2668 esse
789 2613 844 2667 in
875 2630 1169 2670 sermonum
1228 2616 1694 2687 prtetermissorum
1725 2633 1946 2673 censura
1989 2618 2177 2688 proba-

634 2705 800 2760 vimus
820 2747 836 2771 ,
869 2723 1049 2762 omnes
1078 2724 1163 2763 eos
1193 2709 1358 2763 eidem
1383 2710 1583 2763 auctori
1614 2711 1862 2781 conjectet
1907 2713 2178 2781 assignan-

637 2798 751 2852 dos.
779 2791 861 2852 A'd
888 2800 1000 2854 haec
1025 2800 1162 2855 illud
1187 2801 1495 2875 adjiciemus
1527 2803 1645 2856 huic
1673 2804 1898 2858 sermoni
1929 2821 1960 2858 a
1981 2802 2177 2858 Roma»

635 2895 718 2948 nis
764 2894 1052 2949 editoribus
1084 2896 1248 2951 multa
1278 2899 1438 2967 fuisse
1483 2898 1675 2966 partim
1718 2901 1956 2971 adjecta,
1989 2901 2175 2968 partim

636 2995 856 3054 mutata,
889 3004 1005 3056 qua:
1031 3005 1124 3043 nos
1155 3006 1182 3044 e
1223 2989 1341 3044 Vat.
1375 2992 1490 3046 cod.
1521 2993 1859 3048 restituimus.

2263 440 2372 498 sto,
2406 443 2459 486 et
2487 447 2653 487 unum
2689 432 2741 486 in
2772 430 3037 487 Ecclesia.

2335 524 2388 579 2.
2431 524 2562 580 Nam
2587 525 2728 597 quod
2751 525 2888 580 dixit
2915 526 3054 582 viam
3086 526 3236 580 navis
3264 526 3320 581 in
3349 541 3494 582 mare
3519 543 3573 582 se
3598 529 3778 590 invenire

2265 635 2374 676 non
2403 636 2562 691 posse
2583 663 2598 686 ,
2629 621 2729 677 hoc
2761 636 2864 677 non
2896 631 2978 678 est
3005 623 3124 676 sine
3152 622 3413 693 mysterio
3453 623 3666 680 verbum.
3687 627 3779 686 Nam

2267 713 2387 784 quis
2431 712 2458 751 b
2509 715 2652 770 inter
2697 713 2893 769 ﬂuctus
2940 714 3232 785 colligebat
3280 715 3455 780 viam,
3499 732 3640 786 quam
3677 723 3781 776 natis

2266 807 2506 862 transire
2558 807 2846 876 potuerat?
2889 806 3052 862 Navis
3099 809 3244 863 enim
3278 809 3504 863 transitu
3547 823 3633 864 suo
3665 811 3783 869 undas

2269 900 2503 966 scindit,
2531 908 2586 956 et
2611 901 2897 971 coagulat;
2933 910 2992 955 ut
3019 900 3226 956 sciatur
3267 899 3396 972 quia
3429 903 3626 969 transit,
3647 911 3694 958 et
3712 920 3782 960 non

2271 991 2537 1058 videatur,
2567 1008 2671 1063 qua
2703 992 2999 1048 transierit.
3035 992 3219 1047 Visum
3247 994 3397 1048 enim
3427 993 3611 1048 habere
3631 1005 3781 1063 potest,

2270 1086 2556 1154 vestigium
2591 1084 2903 1152 facerenon
2949 1095 3145 1156 potest.
3177 1085 3434 1140 Christus
3468 1097 3546 1141 est
3589 1088 3783 1152 navis,in

2270 1193 2376 1249 qua
2422 1177 2721 1234 ascendunt
2747 1180 2989 1234 omnium
3022 1178 3371 1234 credentium
3405 1180 3588 1234 anima:
3611 1222 3622 1247 ,
3645 1197 3733 1250 qua:
3749 1194 3784 1237 ut

2272 1283 2380 1329 tota
2416 1274 2646 1329 ﬁrmitas
2673 1275 2724 1328 in
2757 1274 3008 1330 ﬂuctibus
3039 1273 3326 1339 habeatur,
3359 1273 3430 1329 de
3457 1275 3590 1344 ligno
3612 1274 3780 1332 [abdca-

2274 1379 2384 1428 lur.
2413 1381 2465 1425 et
2492 1369 2561 1425 de
2590 1369 2737 1425 ferro
2764 1369 3072 1439 conligitur,
3095 1370 3197 1424 hoc
3219 1378 3305 1424 est
3330 1367 3574 1424 Christus
3596 1369 3641 1423 in
3664 1385 3784 1423 cruce.

2274 1463 2380 1521 Sed
2407 1465 2548 1534 quod
2577 1464 2710 1520 dicit
2738 1479 2927 1520 navem
2958 1464 3077 1519 sine
3109 1463 3371 1534 vestigio,
3395 1462 3517 1518 ideo
3541 1466 3648 1530 quia
3666 1475 3682 1502 ε
3700 1464 3788 1520 ier-

2272 1559 2399 1616 bum
2431 1561 2523 1617 Dei
2553 1561 2847 1617 vehemens
2877 1576 2975 1632 per
3005 1575 3192 1615 aurem
3233 1560 3541 1628 penetravit
3563 1559 3620 1613 ad
3648 1560 3788 1614 viscera

2272 1653 2501 1710 collecto
2553 1656 2769 1710 homine
2814 1669 2912 1710 suo
2958 1656 3100 1710 inter
3129 1653 3388 1710 homines
3417 1655 3653 1721 nascitur,
3678 1656 3788 1710 Maria

2196 1745 2244 1806 B
2275 1747 2425 1818 virgo
2470 1759 2714 1818 generat.
2749 1748 2966 1805 Transit
3012 1749 3169 1804 navis
3216 1763 3316 1818 per
3365 1763 3536 1814 mare,
3561 1759 3608 1802 et
3633 1749 3787 1803 nullaiu

2277 1843 2436 1897 undis
2479 1842 2703 1912 vestigia
2739 1859 2752 1896 :
2788 1843 2934 1898 venit
2982 1841 3234 1897 Christus
3277 1841 3351 1897 de
3378 1840 3547 1906 ctelo,
3572 1856 3682 1896 aure
3700 1855 3786 1896 con-

2275 1936 2508 2008 cipitur,
2541 1945 2700 1992 utero
2745 1945 2988 2006 tempore
3035 1946 3188 1990 certo
3217 1941 3499 2006 portatur.
3526 1932 3652 1988 Talis
3683 1932 3788 1986 Marii

2274 2033 2430 2102 virgo
2459 2032 2728 2087 remansit
2747 2074 2762 2098 ,
2795 2041 3080 2102 postquam
3110 2031 3364 2101 peperit,
3394 2027 3565 2099 qualis
3590 2026 3788 2082 luitantc-

2275 2141 2439 2196 quam
2490 2125 2724 2181 Verbum
2746 2122 2774 2162 ἀ
2803 2140 2936 2181 aure
2964 2124 3235 2193 concepit.
3280 2122 3476 2178 Merito
3512 2120 3720 2177 Salomon
3741 2120 3789 2172 iu-

2277 2228 2363 2275 ter
2377 2218 2636 2290 Spiritum
2657 2229 2902 2275 sanctum
2914 2261 2928 2286 ,
2950 2227 3005 2276 et
3023 2217 3351 2288 sapientiam
3374 2216 3612 2288 ignorare
3628 2229 3674 2271 se
3690 2213 3786 2281 dicit,

2277 2322 2333 2370 et
2358 2313 2674 2384 mysterium
2703 2311 2930 2378 indicat,
2961 2310 3104 2382 quod
3136 2311 3380 2381 ignorat.

2350 2406 2404 2461 ὃ.
2448 2405 2652 2462 Deinde
2681 2405 2970 2476 proﬁtetur
3017 2419 3077 2461 se
3113 2419 3222 2460 non
3253 2402 3448 2459 videre
3476 2401 3690 2459 semitam
3711 2416 3786 2455 set-

2278 2501 2456 2571 pentis
2505 2499 2559 2555 in
2614 2509 2763 2570 petra
2798 2518 2811 2554 :
2841 2499 2984 2570 quod
3015 2499 3388 2555 communiter
3417 2498 3642 2554 omnibus
3671 2496 3788 2550 honi-

2280 2593 2438 2648 nibus
2465 2598 2647 2663 patet;
2677 2593 2801 2662 quia
2821 2593 3025 2648 a‘statis
3053 2603 3300 2661 tempore
3325 2607 3451 2647 cum
3482 2599 3609 2646 terra
3633 2588 3787 2644 solvitur

2279 2689 2333 2744 in
2367 2688 2641 2757 pulverem
2673 2729 2687 2753 ,
2735 2687 2804 2742 de
2835 2687 3060 2742 latibulo
3090 2701 3192 2742 suo
3217 2699 3480 2756 egressus
3504 2698 3706 2753 serpens,
3727 2681 3788 2734 in-

2279 2782 2565 2852 pressione
2587 2781 2835 2850 corporis
2861 2781 2942 2836 sui
2975 2782 3024 2835 in
3056 2790 3196 2835 terra
3225 2778 3400 2852 5.56
3423 2785 3650 2846 corrupta
3673 2785 3786 2844 ροιεει

2278 2874 2567 2946 designare
2594 2875 2845 2930 semitam
2877 2892 2890 2929 :
2921 2874 3016 2930 sed
3045 2889 3167 2929 cum
3196 2873 3264 2927 ad
3296 2883 3506 2941 petram
3534 2867 3784 2940 pervenerit,

2281 2982 2388 3023 non
2442 2967 2570 3024 facit
2616 2968 2669 3022 iu
2717 2967 2930 3037 lapide,
2960 2966 3105 3038 quod
3151 2965 3284 3022 fecit
3325 2965 3380 3020 in
3415 2965 3636 3035 pulvere.
3661 2959 3726 3016 Sic
3753 2969 3786 3013 et

2279 3075 2507 3131 serpens
2550 3060 2798 3116 diabolus
2841 3061 2894 3116 in
2946 3061 3078 3132 ipsis
3124 3060 3405 3116 natalibus
3453 3056 3620 3113 mundi
3651 3053 3788 3109 invenit

639 3143 696 3199 1.
733 3144 877 3200 Ante
923 3145 1216 3202 adventum
1239 3146 1440 3204 Christi
1465 3149 1765 3206 Salvatoris
1815 3151 2015 3218 nostri,
2048 3166 2175 3222 pro-
2201 3153 2244 3215 C
2277 3153 2684 3225 corruptibilem
2733 3163 2954 3222 terram,
2985 3153 3154 3210 Adam
3206 3163 3263 3210 et
3313 3155 3482 3209 Evam
3527 3152 3711 3206 libenter
3729 3161 3787 3202 au-

570 3236 749 3307 pheta:
797 3239 983 3308 multi,
1014 3250 1281 3310 concepto
1324 3242 1532 3312 Spiritu
1574 3254 1800 3312 sancto,
1830 3243 2009 3300 futura
2041 3261 2179 3300 nuu-

567 3331 807 3398 tiarunt,
841 3333 983 3389 inter
1031 3349 1170 3406 quos
1215 3345 1272 3391 et
1296 3335 1554 3393 Salomon
1589 3339 1710 3394 loco
1746 3355 1847 3394 suo
1887 3349 1941 3395 et
1987 3339 2179 3396 ordine

570 3438 671 3494 pro
698 3426 1038 3495 temporibus
1065 3439 1388 3486 numeratur
1417 3448 1430 3484 :
1458 3431 1556 3488 sed
1589 3431 1731 3488 inter
1755 3433 1891 3488 alios
1913 3441 1968 3488 et
2000 3435 2174 3504 ipsum

567 3527 654 3572 est
681 3519 859 3590 aliqua
888 3520 1166 3578 distantia.
1202 3523 1438 3594 Ideoque
1486 3526 1670 3581 caeteri
1709 3527 1778 3582 de
1807 3527 1925 3581 solo
1969 3526 2176 3598 Spiritu

573 3610 740 3666 locuti
773 3621 920 3678 sunt,
941 3614 1199 3671 Salomon
1218 3623 1402 3672 autem
1433 3617 1566 3674 etde
1595 3618 1800 3688 Spiritu
1827 3627 1884 3674 et
1904 3619 2180 3690 deadjun—

567 3714 657 3760 cta
684 3706 949 3777 sapientia
982 3719 1067 3764 est
1095 3709 1329 3768 locutus.
1364 3711 1607 3782 Denique
1635 3711 1798 3786 555
1822 3713 1926 3769 hoc
1958 3722 1983 3751 κ
2011 3723 2178 3770 testa-

570 3807 661 3853 tur
692 3797 895 3855 loeutio
919 3843 933 3867 ,
967 3817 1130 3872 quam
1175 3819 1243 3860 ex
1268 3805 1448 3860 verbis
1480 3805 1602 3874 ejus
1633 3806 1947 3862 audivimus
1976 3807 2178 3862 recita-

566 3900 716 3958 tam;
765 3895 893 3950 dum
927 3896 1067 3952 inter
1114 3899 1438 3969 sapientiam
1484 3909 1540 3955 et
1586 3901 1844 3972 Spiritum
1885 3901 2176 3972 proﬁtetur

568 3988 932 4055 ignorantiam
963 4003 1138 4058 suam,
1171 4007 1293 4047 cum
1323 3993 1494 4049 dicit:
1527 3992 1649 4049 Tria
1673 4006 1812 4058 sunt,
1843 3995 2035 4066 inquit,
2061 4012 2176 4063 qua:

571 4096 676 4135 non
715 4081 980 4154 intelligo,
1015 4086 1148 4139 viam
1176 4087 1320 4142 navis
1364 4087 1417 4141 in
1464 4103 1637 4155 mare,
1670 4089 1899 4143 semitam
1927 4091 2178 4158 serpentis

568 4177 626 4230 in
659 4184 878 4244 petram,
913 4185 960 4231 et
985 4179 1254 4250 uestigium
1279 4181 1468 4251 aquila:
1492 4181 1712 4236 volantis
1742 4181 1794 4236 in
1823 4197 1946 4237 aera
1977 4198 1996 4237 :
2025 4198 2175 4254 quar-

572 4277 681 4323 tum
708 4272 846 4340 quod
872 4270 1180 4341 investigare
1209 4291 1311 4329 non
1356 4291 1599 4345 possum,
1633 4278 1730 4331 hoc
1768 4285 1842 4331 est
1864 4317 1878 4342 ,
1909 4275 2175 4332 mulierem

573 4364 822 4419 moecham
847 4408 862 4435 ,
893 4383 1009 4437 qua:
1034 4384 1150 4422 cum
1177 4370 1334 4424 semel
1379 4369 1559 4424 abluta
1609 4370 1806 4440 fuerit,
1841 4370 2006 4425 credit
2048 4387 2101 4426 se
2127 4372 2180 4425 in

569 4468 677 4515 toto
726 4476 828 4514 non
874 4477 1106 4531 peccasse
1153 4461 1352 4533 (Prov.
1389 4479 1499 4519 xxx
1521 4505 1536 4530 ,
1569 4465 1674 4532 l9,
1707 4460 1826 4535 20).
1860 4463 1984 4519 Haec
2013 4465 2174 4520 verba

2280 3247 2520 3302 dieutem
2552 3261 2674 3318 quae
2717 3247 2932 3302 locutus
2975 3256 3059 3302 est
3087 3245 3241 3320 (Gen.
3277 3263 3362 3313 ιιι,
3395 3247 3420 3300 1
3474 3255 3519 3300 et
3542 3241 3668 3315 seq.).
3693 3239 3787 3295 Fecit

2281 3337 2334 3393 in
2363 3339 2584 3394 auribus
2629 3340 2880 3394 semitam
2903 3381 2918 3404 ,
2949 3338 3076 3394 fecit
3104 3346 3160 3393 et
3188 3339 3240 3393 in
3276 3337 3540 3408 pedibus,
3569 3335 3716 3406 quibus
3735 3333 3785 3385 in-

2281 3432 2569 3488 terdictum
2601 3431 2777 3488 fuerat
2811 3434 2914 3488 iter
2960 3431 3026 3487 ad
3055 3432 3348 3498 arborem;
3385 3431 3512 3487 fecit
3535 3440 3583 3485 et
3606 3430 3647 3482 in
3672 3429 3785 3479 maui-

2281 3524 2400 3589 bus,
2429 3524 2624 3596 quibus
2651 3532 2983 3581 contrectata
3013 3533 3140 3579 sunt
3167 3539 3328 3594 poma
3363 3541 3375 3576 :
3409 3522 3532 3577 fecit
3554 3531 3574 3558 ε
3603 3522 3644 3574 in
3665 3515 3782 3572 lateri-

2279 3617 2404 3684 bus,
2435 3618 2634 3687 quibus
2665 3617 2894 3672 necdum
2925 3631 3224 3681 coucessae,
3257 3616 3546 3673 celebrata:
3582 3623 3681 3668 sunt
3704 3623 3786 3677 iiin

2279 3707 2390 3763 tiae.
2422 3707 2576 3764 Tunc
2624 3723 2853 3777 serpens
2900 3710 3075 3778 potuit
3125 3708 3176 3762 in
3226 3708 3557 3778 primitivum
3597 3702 3786 3757 hominem

2277 3801 2433 3872 quasi
2471 3803 2522 3856 in
2581 3802 2857 3872 pulverem
2914 3801 3200 3872 vestigium
3256 3801 3474 3866 facere,
3523 3795 3722 3869 pervenit
3749 3791 3786 3845 ad

2279 3903 2523 3964 petram,
2555 3911 2675 3965 qua:
2725 3905 2808 3950 est
2853 3893 3100 3950 Christus
3148 3893 3312 3966 (talis
3357 3893 3506 3950 enim
3550 3890 3692 3945 lactus
3718 3893 3789 3939 erat

2283 3983 2518 4052 tAdam,
2549 3987 2726 4056 qualis
2747 3997 2799 4043 et
2831 3986 3079 4044 Christus
3106 3996 3189 4042 est
3215 4002 3282 4042 ex
3312 3986 3512 4055 utero),
3535 3982 3649 4038 vidit
3667 3977 3788 4035 simili-

2281 4079 2525 4134 tudinem
2573 4090 2890 4149 cuopertam
2941 4077 3341 4149 corporezsed
3390 4088 3688 4149 cognoscere
3721 4083 3787 4122 nun

2278 4173 2456 4244 potuit
2495 4171 2858 4242 tnajestatem.
2915 4172 3096 4227 Potuit
3141 4181 3198 4228 et
3229 4173 3408 4242 ipsum
3441 4168 3705 4228 tentandum
3732 4177 3787 4230 ag-

2277 4267 2433 4339 gredi
2469 4285 2481 4320 :
2512 4267 2605 4323 sed
2637 4266 2886 4322 Christus
2937 4281 3040 4321 nec
3089 4266 3523 4337 obtemperavit,
3563 4277 3648 4318 nec
3681 4261 3788 4312 iratus

2278 4371 2397 4427 est;
2427 4362 2556 4434 quia
2590 4362 2667 4417 ira
2699 4377 2836 4431 opus
2867 4371 2950 4416 est
2979 4359 3182 4416 diaboli
3217 4379 3230 4416 :
3257 4359 3354 4416 sed
3377 4375 3498 4416 cum
3522 4355 3688 4414 diaboli
3707 4365 3787 4406 cou-

2280 4469 2480 4530 tempta
2527 4466 2655 4515 sunt
2692 4456 2888 4529 verbaf,
2920 4471 3146 4526 serpens
3184 4455 3237 4512 in
3272 4463 3428 4528 petra
3458 4452 3699 4524 vestigium
3720 4460 3786 4501 non

570 4554 846 4609 communi
889 4569 1056 4612 sensu
1105 4558 1261 4627 quasi
1311 4557 1382 4614 de
1413 4559 1576 4629 vulgo
1622 4556 1870 4613 videntur
1899 4557 2130 4613 collecta
2159 4599 2174 4624 ,
2206 4547 2256 4608 D
2282 4553 2429 4610 fecit.

647 4702 672 4730 τι
700 4692 860 4750 Rom.
893 4693 1051 4758 edit.,
1079 4705 1294 4750 testatur
1338 4697 1515 4750 lectio.
1557 4733 1574 4749 .
1618 4737 1631 4748 .
1676 4735 1690 4746 .
1722 4693 1865 4749 Nam
1895 4693 2021 4748 dum
2051 4710 2179 4761 quo-

571 4766 811 4822 rumdam
838 4769 1200 4836 mysteriorum
1225 4768 1489 4837 propriam
1508 4767 1776 4837 proﬁtetur
1803 4766 2174 4836 ignorantiam,

566 4839 843 4908 assignare
871 4839 1171 4893 distantiam
1198 4840 1396 4894 videtur
1441 4841 1575 4894 inter
1603 4839 1911 4908 sapientiam
1937 4837 2035 4892 sibi
2063 4837 2173 4891 col-

574 4909 734 4983 latam
762 4921 811 4966 et
835 4910 1101 4978 spiritum.
1139 4909 1277 4964 Dicit
1305 4927 1424 4983 ergo
1452 4929 1471 4964 :
1495 4909 1621 4965 Tria
1652 4919 1779 4964 sunt
1812 4909 1941 4964 mihi
1972 4910 2174 4983 impos-

569 4981 748 5038 sibilia
779 4984 942 5045 scire,
973 4992 1027 5039 et
1053 4993 1302 5052 quartum
1332 4980 1473 5052 quod
1507 4999 1615 5036 non
1643 4997 1916 5052 cognosco
1949 4999 1961 5034 :
1990 4980 2170 5036 Semi-

571 5062 655 5108 tas
686 5057 839 5110 navis
866 5054 1191 5127 uavigautis.
1222 5055 1334 5108 vias
1358 5054 1628 5121 serpentis
1658 5068 1822 5124 super
1853 5063 2082 5127 petram,
2118 5059 2174 5106 et

573 5128 796 5199 vestigia
845 5123 1040 5198 aquilae
1070 5127 1338 5199 volantis,
1369 5136 1425 5180 et
1450 5135 1716 5199 quartum!
1730 5123 2010 5199 quodnon
2043 5138 2174 5194 cog-

571 5195 759 5262 nosco,
795 5195 908 5255 vias
937 5199 1034 5254 viri
1069 5199 1120 5253 in
1148 5195 1636 5267 juventutc."l‘alis
1667 5197 1756 5250 via
1785 5195 2032 5267 mulieris
2060 5210 2173 5250 lue-

571 5272 807 5333 retricis,
839 5287 960 5341 quae
1007 5265 1406 5337 cum‘fecerit,
1439 5279 1721 5340 postquam
1759 5265 1940 5322 abluta
1972 5265 2135 5322 fuerit
2157 5308 2172 5334 ,

572 5341 707 5398 nihil
737 5343 865 5396 dicit
894 5357 954 5398 se
983 5343 1179 5398 fecisse
1211 5342 1360 5396 mali.

646 5411 674 5450 δ
704 5411 863 5466 Rom.
894 5414 1049 5480 edit.,
1080 5417 1215 5468 inter
1241 5413 1431 5482 ﬂuctus
1477 5410 1794 5482 ostenderet,
1823 5411 1903 5464 vel
1930 5411 2174 5480 prtescrio

573 5481 709 5537 beret
753 5483 916 5548 uiam,
947 5502 1050 5554 qua
1076 5488 1220 5540 navis
1244 5481 1554 5540 transierit?
1584 5481 1748 5537 Navis
1777 5482 1915 5554 enim
1955 5483 2175 5535 transitu

573 5569 684 5608 suo
711 5554 876 5609 undas
905 5553 1128 5621 scindit,
1163 5567 1210 5612 et
1239 5558 1380 5612 illico
1409 5574 1463 5610 se
1493 5555 1634 5608 unda
1665 5553 1945 5608 condensat
1971 5568 1990 5616 ;
2020 5563 2073 5607 ut
2101 5554 2175 5606 vi-

574 5625 760 5680 deatur
796 5626 918 5694 quia
966 5630 1182 5695 transit,
1213 5638 1260 5682 et
1304 5645 1406 5682 non
1434 5629 1651 5682 sciatur.
1697 5666 1712 5680 .
1757 5666 1771 5679 .
1816 5663 1831 5678 .
1861 5640 1975 5695 quae
2001 5634 2054 5679 ut
2083 5626 2176 5694 ﬁr-

575 5697 868 5771 miusinter
892 5698 1082 5771 ﬂuctus
1108 5702 1365 5771 eve/tatur,
1400 5699 1464 5771 de
1491 5700 1656 5771 ligno,
1685 5707 1792 5753 etc.

651 5780 674 5809 ε
706 5768 910 5825 Eadem
960 5769 1119 5840 edit.,
1155 5770 1377 5827 Verbum
1425 5768 1728 5827 Dei'vit'um
1784 5779 1831 5824 ct
1879 5768 2058 5837 efﬁcax
2085 5786 2177 5839 per

2279 4708 2457 4746 aurem
2487 4700 2716 4762 penetrat
2763 4689 2832 4743 ad
2868 4689 3064 4762 viscera
3091 4689 3204 4762 sine
3234 4689 3459 4762 laesione,
3489 4695 3534 4762 et
3555 4683 3785 4762 nomine“;

2281 4755 2510 4832 sumpto',
2549 4763 2774 4817 Verbum
2801 4763 2932 4816 inter
2959 4761 3192 4814 homines
3222 4761 3456 4815 nascitur
3483 4761 3583 4814 sine
3605 4757 3669 4811 sui
3688 4755 3784 4833 dim-

2282 4837 2521 4898 nutione,
2569 4847 2615 4889 et
2667 4833 2841 4887 Maria
2899 4834 3043 4902 virgo
3095 4844 3306 4904 generat
3367 4833 3478 4886 sine
3521 4836 3781 4904 corruptions

2281 4904 2488 4961 Transit
2520 4922 2640 4976 ergo
2667 4906 2829 4960 navis.
2868 4943 2882 4958 .
2911 4945 2925 4959 .
2956 4900 3221 4976 [uestigia
3248 4911 3542 4968 remanent;
3564 4900 3662 4972 quia
3681 4900 3780 4950 venit.

2278 4990 2384 5034 etc.

2351 5047 2377 5086 ά
2409 5048 2571 5104 Rom.
2605 5047 2763 5110 edit.,
2793 5064 2922 5102 aure
2961 5048 3250 5118 conceperit
3271 5090 3283 5109 .
3313 5058 3361 5103 et
3403 5057 3538 5100 utero
3568 5047 3780 5118 gestarent.

2281 5120 2494 5175 Merito.
2540 5164 2552 5176 .
2600 5161 2612 5173 .
2659 5157 2673 5175 .
2705 5131 2754 5175 et
2783 5121 3010 5188 infusam
3039 5117 3349 5190 sapientiam
3376 5117 3779 5190 distantiampoﬁtlo

2279 5192 2403 5247 dum
2434 5194 2675 5264 ignorare
2699 5208 2753 5246 se
2782 5184 2875 5264 per
2905 5184 3169 5264 Spiritum
3201 5203 3436 5246 sanctum
3469 5184 3780 5264 Mysteriui'ttis-

2278 5249 2607 5334 dicat,"quod
2659 5280 2748 5332 per
2777 5249 3018 5317 collatdm
3059 5263 3361 5334 sapientiam
3399 5249 3652 5332 ignoFabat.

2278 5353 2397 5407 que.
2426 5325 2457 5390 ’.
2483 5325 2516 5389 ’.
2564 5377 2577 5392 .
2610 5325 2765 5406 super
2818 5343 3036 5406 petram.
3064 5325 3344 5390 Commune
3389 5325 3462 5388 est
3485 5373 3496 5397 ,
3523 5339 3566 5385 et
3590 5325 3776 5382 omittit.

2278 5416 2388 5464 etc.

2356 5488 2378 5517 ε
2423 5479 2622 5535 Eadem
2655 5478 2811 5545 edit.,
2845 5479 2900 5532 in
2927 5477 3172 5532 lateribus
3189 5519 3205 5544 ,
3229 5478 3356 5532 dum
3380 5479 3441 5532 ab
3463 5477 3530 5531 eis
3550 5487 3633 5527 non
3652 5467 3775 5533 ιιιίιιε·

2282 5561 2403 5606 rant
2427 5568 2682 5606 concessa:
2703 5593 2717 5615 ,
2751 5561 2860 5606 etc.

2358 5621 2378 5660 ἲ
2417 5624 2573 5676 Rom.
2608 5611 2766 5688 edit.,
2792 5622 2960 5676 Adam
2991 5622 3053 5675 de
3080 5620 3204 5675 limo
3227 5664 3240 5682 ,
3273 5623 3440 5687 qualis
3459 5630 3505 5674 et
3526 5611 3776 5688 Christi“?

2282 5711 2346 5751 ea:
2382 5694 2611 5765 Virginis
2637 5681 2802 5758 utero,
2827 5693 2951 5748 uidit
2966 5692 3186 5746 hominis
3205 5681 3682 5765 similitudinumsed
3697 5681 3773 5731 ωυ-

2283 5763 2492 5838 pertam'
2509 5783 2726 5837 corpore
2753 5781 3056 5837 cognoscere
3079 5780 3180 5819 non
3207 5766 3376 5838 potuit
3411 5763 3693 5834 maiestatem.
