3944 6310
161 263 279 319 701‘

957 258 1332 318 SERMONES
1367 259 1424 318 S.
1464 259 1818 320 AMBROSIO
1856 262 2222 322 HACTENUS
2260 253 2596 325 ASCRIPTI.

3326 264 3433 321 702

219 378 269 432 4.
308 373 540 431 Tertium
587 386 714 428 vero
757 386 817 428 se
863 387 971 428 non
1016 371 1348 429 intellexisse
1397 381 1427 412 ι
1468 381 1718 431 testatur.
1749 383 1801 442 Α
1829 377 2014 433 volatu
2041 376 2068 416 δ
2098 379 2362 449 impetum
2389 381 2458 436 ad
2485 379 2849 448 inferoslecit,
2865 390 3198 455 sanctosque
3214 382 3433 454 rapiens

156 469 331 540 Aquila
358 467 668 539 intelligitur
711 465 989 536 Christus,
1021 468 1112 540 qui
1134 468 1316 524 volatu
1363 484 1462 526 suo
1491 471 1720 527 descen-

157 564 228 620 dit
264 563 326 617 ad
358 570 547 618 terras.
598 560 750 631 Quod
803 560 1052 618 animalis
1101 577 1272 634 genus
1311 580 1418 620 non
1463 567 1720 632 nutritur,

155 662 246 719 nisi
269 659 492 732 primum
517 659 734 714 castitas
760 661 1146 730 comprobetur
1173 661 1360 716 matris
1377 701 1393 729 ,
1435 671 1492 716 ut
1520 662 1725 732 apertis

153 755 327 820 oculis,
345 755 546 824 absque
571 752 925 825 palpitatione
954 762 1124 809 totum
1139 755 1366 823 aspiciat
1392 753 1588 810 solem.
1615 754 1722 811 bie—

151 851 245 906 rito
265 848 401 903 enim
430 846 528 900 hoc
556 847 752 901 animal
770 857 1120 918 comparatur
1137 848 1437 915 Salvatori;
1463 848 1719 918 quoniam

1831 471 1899 526 ad
1928 487 2164 542 superna
2189 476 2470 530 remeavit.

1903 566 1959 624 5.
2000 566 2263 634 Quartum
2290 569 2436 640 quod
2475 569 2606 626 dicit
2646 569 2716 627 de
2760 570 2990 627 muliere
3036 569 3288 636 moecha,
3337 567 3429 625 hic

1832 660 2030 715 mulier
2076 660 2323 716 Ecclesia
2373 662 2714 734 intelligitur,
2762 679 2886 735 qua:
2937 663 3138 718 dudum
3191 677 3428 735 sequens

1831 752 2010 819 idola,
2051 752 2318 809 fornicata
2361 754 2474 810 ibat
2518 765 2640 826 post
2685 757 2817 812 deos
2864 756 3114 813 alienos:
3161 755 3259 814 sed
3293 755 3428 823 ubi,

1828 849 2044 918 cognita
2062 849 2320 915 veritate,
2352 847 2510 905 sedes
2535 859 2558 888 ο
2581 865 2718 920 quas
2739 848 2942 905 dudum
2961 851 3278 922 collegerat,
3303 864 3428 905 cum

149 956 258 998 cum
283 938 480 1009 aliquid
510 952 700 1009 rapere
749 939 1016 1007 voluerit,
1064 955 1173 996 non
1213 940 1458 1011 vestigiis
1483 940 1725 998 ambulat
1825 940 1995 995 semel
2025 937 2191 996 fuerit
2217 941 2488 1011 baptismo
2513 942 2658 1008 lota,
2687 956 2912 1011 carens,
2946 942 3122 999 credit
3166 957 3228 1000 se
3267 957 3428 998 num-

149 1043 337 1098 terras,
367 1030 462 1088 sed
495 1031 773 1088 excelsum
800 1033 949 1103 eligit
984 1033 1202 1090 locum:
1248 1034 1328 1089 sic
1373 1043 1430 1090 et
1475 1034 1722 1091 Christus

146 1127 241 1183 alta
265 1139 418 1182 cruce
452 1139 782 1196 suspensus,
835 1134 1058 1183 tonante
1107 1126 1335 1200 strepitu
1385 1137 1440 1182 et
1487 1128 1719 1184 terribili

210 1277 233 1307 ⁸
258 1269 412 1323 Rom.
442 1265 601 1334 edit.,
635 1277 881 1336 testatur,
928 1283 1110 1340 nempe
1152 1268 1365 1340 uestigia
1396 1268 1586 1340 aquila:
1634 1284 1722 1323 eo-

145 1341 304 1396 lautis.

205 1412 229 1451 δ
256 1413 452 1470 Eadem
509 1413 669 1469 Rom.
717 1412 877 1472 edit..
910 1413 1158 1484 impetum
1187 1411 1250 1465 ab
1283 1411 1463 1482 inferis
1487 1413 1716 1482 Τισίεω.

141 1484 266 1557 quod
282 1485 402 1539 dicit
427 1485 492 1539 de
511 1487 605 1540 viis
634 1485 728 1540 uiri
742 1484 792 1537 in
814 1487 1102 1557 juventute,
1123 1494 1168 1537 et
1195 1484 1405 1538 muliere
1431 1485 1716 1551 meretrice,

141 1556 238 1610 hac
257 1558 539 1628 μετάξει-..η
571 1567 628 1611 ut
654 1556 934 1628 fornicaria
961 1557 1088 1628 ibat.

206 1637 227 1665 ο
254 1626 408 1682 Rom.
437 1629 601 1691 edit.,
621 1625 748 1698 quas
773 1625 972 1680 dudum
995 1626 1236 1696 elegerat,
1263 1627 1580 1696 relinquens,
1611 1643 1727 1680 cum

138 1699 283 1770 semel
304 1699 454 1768 fuerit
487 1699 739 1767 baptismo
769 1715 800 1751 a
844 1707 1054 1770 peccato
1084 1699 1228 1763 lota,
1261 1714 1444 1770 carens
1492 1698 1718 1770 delictis,

136 1769 248 1824 dicit
274 1785 326 1824 se
349 1787 632 1836 numquam
653 1768 927 1842 peccasse:
960 1778 1016 1823 at
1067 1784 1171 1824 ms.
1225 1778 1282 1823 ut
1319 1768 1372 1823 in
1407 1779 1556 1824 textu
1583 1813 1597 1837 ,
1630 1769 1719 1824 ubi

137 1849 298 1912 tamen
323 1856 422 1912 pro
443 1841 592 1897 sedes
612 1885 627 1908 ,
655 1841 1166 1912 mallemussordes.

196 1910 221 1950 ἀ
258 1910 384 1968 Post
411 1915 579 1969 verba
610 1914 899 1967 renascitur
927 1910 1060 1977 Deo,
1086 1911 1211 1967 Vat.
1254 1911 1426 1967 codex
1475 1911 1712 1978 desinit;

133 1994 183 2040 at
206 1985 481 2057 subiungit
512 1984 672 2040 Rom.
700 1985 832 2039 edit.
860 1993 915 2038 ut
934 1985 1111 2038 scribit
1136 1985 1412 2052 Apostolus
1437 1986 1505 2037 ad
1534 1982 1718 2038 Corin-

1824 1048 1985 1104 quam
2017 1048 2296 1104 peccasse,
2322 1033 2380 1088 lit
2412 1033 2638 1100 munda,
2659 1033 2718 1089 iit
2743 1050 2906 1102 nova,
2924 1034 3172 1107 deposita
3198 1048 3429 1090 conver-

1823 1128 2036 1185 satione
2077 1127 2264 1184 szcculi
2295 1147 2308 1185 :
2344 1128 2578 1185 moritur
2627 1127 2866 1197 diabolo,
2900 1127 2927 1166 ά
2958 1129 3266 1186 renascitur
3293 1127 3426 1184 Deo.

1828 1270 1961 1323 thias
1989 1286 2008 1323 :
2065 1269 2121 1326 Si
2151 1269 2274 1339 quis
2303 1284 2435 1340 ergo
2485 1271 2536 1324 in
2595 1269 2814 1325 Christo
2841 1286 2978 1326 nova
3017 1281 3264 1326 creatura
3308 1275 3427 1340 est,

1828 1351 2011 1396 vetera
2047 1338 2412 1406 transierunt,
2441 1356 2572 1397 ecce
2600 1341 2737 1396 facta
2766 1354 2893 1396 sunt
2922 1343 3100 1397 omnia
3132 1357 3292 1396 nova.
3321 1338 3427 1393 De-

1826 1413 1980 1478 nique
2022 1415 2200 1468 merito
2227 1413 2350 1467 dicit
2372 1429 2426 1468 se
2455 1413 2588 1468 nihil
2615 1414 2796 1482 fecisse
2821 1417 2980 1480 mali;
3011 1414 3134 1482 quia
3162 1430 3251 1484 per
3279 1428 3427 1482 rege-

1826 1485 2108 1559 nerationis
2138 1494 2513 1559 sacramentum
2538 1487 2609 1538 ita
2630 1495 2750 1559 sunt
2774 1489 2886 1559 ejus
2905 1486 3097 1540 abolita
3112 1494 3345 1559 peccata,
3369 1499 3430 1536 ac

1826 1557 1873 1628 si
1898 1557 2036 1628 facta
2067 1573 2168 1610 non
2195 1557 2445 1628 fuissent;
2469 1574 2561 1611 nec
2581 1568 2700 1610 sunt
2720 1558 2772 1611 in
2794 1555 2900 1612 'Dei
2917 1557 3181 1620 memoria,
3216 1567 3270 1610 ut
3298 1555 3431 1609 Eze-

1825 1627 1959 1682 chiel
1987 1627 2238 1698 propheta
2269 1638 2504 1697 testatur,
2527 1628 2703 1683 dicens
2728 1644 2746 1682 :
2772 1628 2893 1684 Vita
2915 1629 3062 1683 vivet
3091 1637 3146 1682 et
3175 1644 3283 1682 non
3309 1641 3426 1681 mo-

1828 1702 2021 1770 rietur,
2049 1703 2293 1754 omnium
2349 1701 2496 1754 enim
2541 1700 2865 1755 delictorum
2923 1701 3042 1770 ejus
3067 1712 3428 1770 quati-uanue

1826 1769 1987 1830 fecit.
2018 1787 2126 1826 non
2159 1771 2536 1842 recordabitur
2555 1773 2625 1826 ei.
2653 1770 2722 1825 In
2745 1770 2842 1826 hoc
2887 1769 3104 1842 namque
3133 1771 3186 1825 in
3215 1779 3428 1842 mortem

1823 1859 1876 1896 se
1897 1841 2115 1897 tradidit
2139 1841 2374 1897 Christus
2398 1885 2412 1906 ,
2448 1854 2501 1896 ut
2536 1843 2816 1907 Apostolus
2846 1843 2915 1897 ad
2951 1840 3202 1909 Ephesios
3227 1840 3426 1909 scribit,

1824 1925 1879 1968 ut
1901 1916 2156 1969 exhiberet
2186 1916 2296 1983 ipse
2319 1915 2416 1968 sibi
2438 1915 2723 1984 gloriosam
2754 1913 3042 1970 Ecclesiam
3084 1931 3185 1969 non
3235 1913 3428 1968 haben-

1825 1996 1926 2042 tem
1945 1987 2201 2040 maculam
2220 2028 2236 2054 ,
2269 2003 2431 2055 neque
2453 2003 2656 2058 rugam.

1046 2251 1674 2339 SERMONES
1751 2252 1914 2337 DE
1987 2251 2497 2338 SANCTIS.

562 2517 726 2592 555
762 2516 994 2574 SERMO
1032 2515 1270 2572 XLVIII.

243 2612 296 2668 In
327 2612 469 2670 lesto
499 2621 705 2668 sanctae
730 2610 961 2683 Agnetis
987 2609 1215 2680 virginis
1241 2619 1292 2664 et
1321 2609 1598 2681 martyris.

132 2704 272 2760 Hunc
309 2720 599 2760 sermonem
620 2703 864 2758 hactenus
888 2703 1143 2758 ineditum
1167 2721 1192 2756 e
1219 2701 1377 2756 tribus
1409 2719 1528 2757 mss.
1561 2701 1721 2773 pra'lo

189 2799 571 2864 commisimus,
639 2797 881 2851 nimirum
956 2794 1357 2861 Valliclarensi,
1415 2792 1720 2867 Remigiano

186 2900 326 2961 atque
350 2890 538 2963 Regio,
572 2890 624 2944 in
651 2891 834 2961 quibus
858 2888 1095 2942 omnibus
1121 2887 1449 2942 Ambrosium
1478 2896 1716 2940 nostrum

189 2983 393 3052 prtefert
420 2991 708 3037 auctorem.
739 2979 972 3036 Tametsi
1002 2991 1172 3036 autem
1201 2997 1502 3052 persuasum
1533 2979 1720 3036 habea-

187 3093 295 3131 mus
316 3077 487 3130 sancti
536 3071 774 3129 Doctoris
805 3077 967 3147 {etum
1019 3092 1122 3130 non
1164 3092 1298 3141 esse,
1329 3076 1612 3147 elegantior
1640 3085 1718 3130 ta-

187 3189 294 3226 men
319 3172 468 3226 nobis
517 3175 625 3225 visa
669 3181 743 3224 est
785 3173 966 3224 eadem
1010 3170 1181 3242 apella
1201 3211 1214 3237 ,
1246 3186 1399 3240 quam
1426 3179 1480 3224 ut
1508 3187 1540 3223 a
1567 3170 1717 3224 tineis

185 3281 282 3318 non
311 3264 627 3319 vindicetur.

1821 2532 1886 2573 ac
1913 2517 2308 2589 repugnatione
2335 2514 2502 2570 animi
2531 2513 2716 2569 mundi
2746 2511 2774 2552 ι)
2798 2511 2976 2569 dulcia
2999 2519 3353 2579 recusantes,
3377 2520 3430 2566 ct

1821 2613 1941 2682 ejus
1959 2627 2064 2667 non
2094 2619 2406 2667 recusantes
2425 2617 2640 2664 austera
2671 2650 2684 2673 ,
2713 2607 2780 2663 ad
2801 2605 3200 2663 delectationes
3227 2620 3426 2677 perpe-

1823 2714 1943 2760 tuas
1964 2714 2022 2760 et
2058 2703 2350 2776 ad'gaudia
2380 2715 2583 2758 aeterna
2620 2703 2951 2774 pertingant.

1895 2799 1948 2853 3.
1992 2796 2118 2853 Haec
2147 2798 2394 2852 dicentes
2424 2812 2532 2851 non
2565 2795 2938 2866 vituperamus
2967 2793 3258 2865 coniugum
3273 2803 3425 2848 casta

1822 2888 2150 2945 commercia
2179 2930 2194 2953 ,
2252 2888 2348 2943 sed
2394 2889 2664 2959 virginum
2701 2887 3163 2957 perseverantiam
3193 2885 3425 2940 adorna-

1818 2998 1972 3050 mus;
2003 2998 2109 3038 non
2136 2982 2282 3038 enim
2298 2982 2579 3053 virginitas
2599 2992 2621 3021 ε
2640 2983 2798 3036 malis
2817 2981 2980 3038 rebus
3005 2979 3422 3054 superponenda

1819 3088 1938 3144 est,
1989 3077 2084 3135 sed
2121 3086 2207 3132 est
2238 3076 2398 3132 rebus
2427 3077 2649 3147 optimis
2696 3075 3055 3146 prmferenda.
3099 3076 3232 3143 Qua:
3271 3075 3419 3132 enim

1819 3172 2038 3228 mundis
2065 3171 2341 3239 mundior,
2369 3181 2428 3227 et
2449 3171 2651 3227 sanctis
2679 3172 2926 3228 sanctior
2944 3181 3030 3228 est
3048 3215 3064 3238 ,
3089 3187 3195 3227 non
3220 3169 3427 3242 indiget

1821 3267 2083 3320 malarum
2129 3279 2310 3320 rerum
2362 3265 2762 3335 vituperatione
2821 3264 3052 3320 laudari.
3110 3265 3424 3336 Sequantur

189 3360 237 3412 l.
275 3355 411 3412 Cum
447 3358 503 3412 in
551 3363 664 3412 toto
693 3357 898 3413 mundo
947 3358 1224 3429 virgineus
1255 3357 1358 3412 llos
1398 3357 1584 3412 Mariae
1613 3357 1712 3410 im~
1744 3344 1791 3409 C
1822 3360 2003 3427 itaque
2047 3368 2234 3414 sancta
2269 3358 2520 3429 conjugia
2573 3359 3009 3430 patriarcharum
3055 3359 3320 3430 coniuges
3367 3361 3420 3414 in

120 3450 514 3506 marcessibiles
545 3464 778 3506 coronas
806 3452 1082 3516 innectat,
1111 3459 1165 3505 et
1193 3449 1583 3519 sceptrigeram
1615 3463 1715 3518 pn-

117 3543 256 3600 doris
282 3546 464 3601 aulam
505 3545 852 3600 immaculato
882 3553 1172 3602 conservet
1217 3543 1448 3609 aii'ectu;
1476 3557 1718 3613 eousque

116 3632 388 3707 integritas
421 3638 798 3708 perseveravit
823 3637 888 3691 ad
921 3637 1180 3709 palmam,
1211 3645 1268 3690 ut
1298 3635 1350 3689 in
1385 3635 1579 3705 puellis
1605 3644 1719 3690 tro-

116 3744 278 3799 pusum
324 3730 637 3787 sanctitatis
687 3731 997 3801 arriperet,
1029 3739 1085 3787 et
1131 3746 1226 3801 per
1273 3730 1500 3800 vestigia
1531 3728 1718 3783 matris

113 3822 326 3894 virginis
355 3823 427 3879 ad
459 3825 744 3881 caelestem
775 3824 1071 3880 thalamum
1105 3824 1438 3894 perveniret.
1472 3821 1607 3876 Hinc
1632 3830 1716 3876 est

111 3917 245 3988 quod
292 3919 504 3975 annulo
554 3919 883 3991 ﬁdeiAgncs
926 3934 986 3975 se
1034 3919 1229 3974 asserit
1257 3918 1633 3985 subarratam,
1665 3924 1719 3970 et

109 4009 302 4067 clamat
330 4027 392 4069 se
438 4027 627 4069 amore
674 4013 1050 4069 constrictum.
1077 4021 1103 4050 α
1143 4012 1188 4067 Ο
1232 4027 1393 4082 quam
1447 4009 1714 4066 imitabile

111 4103 408 4176 virginibus
450 4107 602 4177 virgo
653 4107 728 4160 tui
780 4105 1049 4161 tradidisti
1079 4105 1279 4161 amoris
1304 4103 1616 4174 exemplum
1641 4105 1654 4157 ι
1684 4117 1717 4158 o

109 4213 264 4268 quam
290 4209 544 4254 sanctum
592 4199 905 4270 pectoribus
933 4199 1195 4272 virgineis
1224 4198 1458 4253 tribuisti
1485 4211 1718 4265 respon-

109 4307 221 4349 sum
246 4336 261 4363 ,
290 4296 698 4352 contemnendo
729 4296 916 4353 mundi
944 4295 1179 4361 divitias,
1213 4294 1550 4351 exsecrando
1597 4309 1717 4348 car-

109 4392 189 4446 nis
212 4393 709 4464 concupiscentias,
741 4402 797 4448 et
822 4392 995 4448 solam
1020 4389 1221 4447 Christi
1252 4387 1712 4462 pulchritudinem

110 4481 412 4540 adamando
434 4487 448 4540 !

176 4576 227 4631 Ξ.
268 4578 538 4635 Accedite
561 4579 628 4634 ad
662 4579 894 4648 puellam
920 4621 932 4646 ,
960 4577 1159 4650 puellm
1179 4618 1194 4642 ,
1225 4588 1282 4632 et
1307 4576 1504 4632 discite
1535 4577 1587 4630 in
1616 4591 1710 4630 an-

108 4670 188 4723 nis
241 4670 490 4728 infantiae
517 4675 708 4744 quales
760 4674 813 4729 in
871 4684 1091 4744 pectore
1120 4687 1220 4728 suo
1264 4673 1409 4728 circa
1459 4685 1704 4725 amorem

104 4759 300 4818 Christi
331 4764 580 4820 ﬂammas
607 4766 936 4822 accenderit.
973 4765 1109 4819 Dicit
1140 4780 1198 4820 se
1215 4766 1443 4819 amatori
1473 4780 1573 4819 suo
1595 4779 1712 4818 ser-

105 4869 230 4910 vare
261 4857 429 4912 [idem
450 4900 466 4926 ,
499 4867 554 4913 et
583 4860 701 4928 ejus
728 4874 932 4929 corpus
959 4860 1350 4928 concupiscere
1371 4860 1542 4912 solum
1571 4900 1586 4925 ,
1621 4857 1713 4929 qui

104 4961 203 5019 pro
231 4965 424 5006 amore
451 4953 694 5008 omnium
727 4953 921 5007 mortis
967 4966 1075 5006 non
1107 4952 1381 5006 recusavit
1414 4952 1709 5006 interitum.

103 5041 591 5117 Discite,virgines
619 5046 1100 5110 Christi,amorem
1129 5045 1180 5098 in
1210 5044 1376 5117 456
1399 5045 1574 5113 puella
1599 5044 1709 5099 fer-

104 5147 346 5207 ventem,
368 5150 424 5196 et
443 5155 632 5196 omnes
664 5139 846 5195 mundi
870 5139 1093 5194 divitias
1115 5139 1264 5194 velut
1286 5149 1530 5193 stercora
1555 5153 1716 5194 recu-

99 5243 334 5291 santem.
368 5234 498 5292 ideo
538 5235 686 5292 enim
715 5243 1028 5292 sanctorum
1056 5249 1154 5305 per
1177 5233 1388 5289 litteras
1415 5234 1700 5289 traduntur

98 5329 389 5396 exempla,
440 5339 498 5383 ut
541 5328 921 5400 unusquisque
964 5341 1062 5397 pro
1098 5327 1369 5398 qualitate
1410 5339 1573 5380 sexus
1598 5367 1612 5388 ,
1652 5333 1708 5380 et

103 5435 201 5488 pro
223 5430 390 5477 mtate
412 5437 676 5480 annorum
703 5423 925 5479 modum
953 5423 1034 5478 sui
1067 5421 1333 5492 propositi
1373 5429 1593 5487 teneat,
1655 5430 1711 5476 et

103 5514 249 5569 sicut
273 5531 375 5585 per
389 5516 651 5588 virginem
677 5518 917 5590 virgines
933 5559 949 5584 ,
982 5517 1054 5572 ita
1077 5525 1130 5571 et
1161 5531 1260 5588 per
1279 5516 1564 5588 conjugem
1586 5531 1715 5572 con-

95 5609 255 5680 juges
287 5610 508 5668 vincere
535 5613 797 5668 saeculum
835 5625 935 5683 pro
965 5609 1170 5666 Christi
1204 5625 1394 5666 amore
1423 5608 1718 5678 studeant,

173 5759 199 5826 ς
230 5749 427 5826 Codex
455 5751 713 5826 Vallisclv
747 5753 799 5826 0_
815 5769 971 5826 quam
998 5753 1240 5808 mirabile
1268 5764 1362 5818 est,
1391 5761 1499 5809 etc.

172 5809 202 5859 δ
233 5816 386 5880 Idem
433 5809 841 5895 codett,dulcid
883 5823 1212 5894 recusantes,
1261 5809 1361 5896 per,
1399 5834 1604 5882 austera
1631 5823 1700 5878 ad

1822 3450 2084 3522 religione
2113 3451 2304 3520 posita:
2326 3491 2342 3517 ,
2385 3466 2450 3505 ac
2489 3451 2691 3506 divinis
2716 3452 2918 3508 litteris
2951 3452 3289 3519 informatio,
3322 3453 3428 3529 Sa-_

1822 3559 1962 3609 ram,
2009 3543 2348 3610 Rebeccam,
2392 3543 2728 3612 Rachelem,
2771 3545 3015 3608 Annam,
3067 3544 3375 3600 Susannam
3404 3559 3432 3611 ,‘

1822 3638 2122 3704 Sephoram
2173 3639 2454 3693 imitentur
2485 3655 2717 3695 uxores:
2759 3638 2968 3696 Christi
3009 3655 3139 3695 vero
3180 3641 3422 3710 virgines

1819 3733 1994 3788 solam
2041 3731 2322 3802 Virginem
2382 3742 2612 3788 matrem
2662 3733 2903 3804 Virginis
2948 3733 3174 3790 luminis
3220 3734 3420 3788 subse-

1817 3837 2074 3898 quantur.

1890 3926 1945 3979 Δ.
1989 3923 2158 3992 Hujus
2183 3921 2504 3992 pedissequa
2545 3922 2726 3992 Agnes
2756 3919 3075 3976 beatissima
3103 3919 3173 3975 de
3201 3934 3262 3975 se
3305 3934 3421 3974 ma-

1817 4032 1984 4085 gnttm
2018 4015 2293 4086 pudicitia;
2322 4015 2581 4070 excitavit
2605 4013 2948 4083 exemplum,
2978 4028 3100 4066 cttm
3133 4010 3420 4082 virginita-

1820 4117 1926 4164 tem
1961 4107 2196 4178 prmtulit
2214 4106 2360 4173 vite,
2391 4121 2716 4176 omnemque
2743 4121 2771 4158 ει
2795 4120 2856 4161 se
2873 4119 3118 4158 amorem
3141 4115 3418 4159 terrenum

1821 4219 1918 4270 per
1947 4217 2192 4258 amorem
2243 4201 2525 4258 cmlestem
2562 4199 2882 4270 expellens,
2929 4208 3193 4268 tropaeum
3241 4199 3423 4254 crucis

1817 4295 2016 4352 Christi
2043 4295 2310 4366 arripuit;
2339 4303 2394 4350 et
2419 4304 2526 4348 tam
2557 4302 2742 4348 contra
2773 4290 3032 4346 libidines
3061 4306 3221 4361 quam
3253 4291 3419 4346 etiam

1817 4402 2001 4448 contra
2047 4391 2304 4446 universa
2351 4387 2620 4460 supplicia
2655 4387 2761 4442 ﬁde
2803 4389 2980 4457 potius
3013 4395 3225 4440 armata
3254 4401 3418 4456 quam

1817 4486 1998 4551 ferro,
2044 4485 2259 4541 fortiter
2301 4483 2580 4540 dimicavit
2633 4491 2690 4538 et
2737 4481 2888 4538 vicit.
2950 4481 3159 4551 Aspicit
3181 4479 3421 4551 denique

1817 4577 2186 4634 blandientem
2227 4587 2282 4632 et
2309 4576 2494 4633 renuit
2522 4593 2534 4628 :
2579 4575 2878 4630 minantem
2901 4614 2918 4640 ,
2950 4582 3005 4628 et
3032 4561 3307 4644 despicit:
3338 4573 3420 4627 in-

1813 4672 2066 4729 cendium
2111 4669 2372 4734 attendit,
2424 4677 2479 4724 et
2519 4666 2684 4723 ridet.
2730 4666 2915 4722 Nescit
2951 4666 3158 4737 aliquid
3198 4679 3417 4728 amare.

1811 4765 1973 4839 5,57
2001 4763 2144 4835 quod
2180 4764 2406 4828 transit;
2435 4770 2503 4816 'et
2543 4761 2669 4815 dum
2702 4762 2864 4816 nimis
2891 4761 3254 4832 virginitatem
3287 4759 3419 4814 dili-

1811 4860 1918 4930 git,
1947 4871 2047 4911 nec
2080 4854 2310 4909 ludihrla
2332 4897 2346 4921 ,
2381 4868 2484 4909 nec
2509 4855 2789 4918 llammas,
2843 4867 2947 4909 nec
2977 4853 3240 4924 supplicia
3265 4893 3280 4917 ,
3313 4866 3416 4906 nec

1813 4947 2104 5005 carnifices
2143 4948 2370 5002 metuit:
2425 4956 2706 5016 postremo
2756 4961 2857 5001 nec
2901 4946 3138 5017 gladium
3183 4945 3416 4998 furentis

1812 5041 2190 5113 persecutoris
2239 5039 2478 5108 expavit.
2512 5037 2876 5109 Compellitur
2903 5039 3056 5107 virgo
3095 5047 3412 5092 ornamenta

1813 5138 2095 5207 suscipere
2121 5134 2400 5200 corporis,
2431 5132 2527 5190 sed
2559 5135 2771 5198 renuit;
2802 5132 3060 5204 quoniam
3087 5131 3196 5201 jam
3222 5146 3412 5186 susce-

1807 5241 1962 5304 perat
1993 5230 2195 5288 mentis
2230 5247 2242 5283 :
2273 5238 2328 5284 et
2354 5230 2480 5297 quia
2504 5245 2610 5283 non
2642 5227 2712 5283 de
2734 5227 3002 5295 elegantia
3033 5224 3280 5295 corporis
3311 5225 3413 5279 hu-

1811 5326 1952 5380 mani
1982 5323 2201 5394 placere
2230 5320 2509 5384 studebat,
2537 5321 2660 5390 quia
2696 5319 2922 5373 timebat
2946 5317 3012 5371 de
3028 5317 3272 5372 lmditale
3294 5319 3415 5372 ani-

1809 5435 1912 5476 ma:
1939 5418 2174 5473 Domino
2200 5415 2493 5485 displicere
2512 5455 2524 5476 ,
2547 5413 2713 5467 dabat
2744 5411 3083 5480 interiusper
3115 5411 3274 5467 ﬁdem
3301 5428 3415 5468 sum

1814 5515 2014 5571 mentis
2027 5511 2352 5575 candorem,
2368 5519 2530 5578 atque
2546 5505 3008 5578 pulchritudinem
3027 5508 3414 5580 aniinte,quam

1816 5607 2141 5672 excolebat;
2187 5613 2242 5658 et
2272 5611 2532 5673 quantum
2564 5599 2775 5655 sciebat
2817 5599 2962 5672 quod
2995 5602 3230 5657 animam
3260 5617 3414 5661 suam

1807 5753 1920 5863 del:
1923 5760 2134 5881 €56.13:
2142 5791 2388 5891 .Remigq
2411 5818 2564 5876 malis
2590 5817 2744 5876 rebus
2764 5823 3104 5894 supponenda
3149 5835 3260 5899 est,
3301 5833 3415 5882 etc.
