3944 6310
516 257 618 314 703

1449 257 1544 316 AD
1581 257 1815 317 OPERA
1851 258 2098 318 SANCTI
2136 259 2464 344 AIBBOSN
2503 261 2872 322 APPENDIK.
3669 273 3742 332 illi

519 377 808 445 pulchram
840 375 1044 430 faceret
1070 417 1083 440 ,
1118 385 1324 432 tantum
1353 377 1407 431 in
1436 389 1532 432 sua
1554 391 1721 432 carne
1745 377 2109 435 erubescebat
2139 385 2186 444 Α
2214 381 2498 447 mundum,
2535 397 2595 439 se
2623 383 2916 442 exhibebat
2965 385 3307 443 immundum
3333 405 3347 442 :
3385 389 3477 445 sed
3526 391 3745 462 ingressus

513 483 572 523 se
595 483 716 523 esse
745 468 1071 524 formosam:
1105 477 1424 540 tantumque
1446 470 1651 526 stttdult
1679 471 1974 542 displicere
1993 485 2114 529 car-

511 561 730 618 nalibus
758 563 811 618 in
846 565 1028 618 carnis
1057 574 1280 634 specta
1304 606 1320 632 ,
1353 576 1557 636 quanto
1599 565 1821 625 Christo
1873 567 2110 634 institit,

509 666 564 713 et
585 657 704 726 eius
724 657 935 727 angelis
958 658 1324 728 eoinplacere.

578 751 632 806 5.
676 749 947 806 Turbatur
992 752 1215 820 iuvenis
1245 769 1272 806 a
1318 753 1496 824 puella
1545 765 1919 827 contemptus,
1954 765 2011 814 et
2040 771 2106 814 se

510 844 834 902 muneribus
881 847 1228 916 complacare
1280 862 1443 920 posse
1488 850 1836 917 existimans,
1891 865 2112 921 aurum,

510 952 754 1009 gemmas
778 940 1194 1010 congeminans,
1227 950 1430 1004 vestes,
1477 943 1680 1012 pradia
1709 945 1950 1013 pretiosa
1981 957 2116 1000 con-

502 1041 705 1089 vectat.
737 1034 845 1090 Sed
878 1034 1006 1106 quia
1052 1034 1260 1090 Christi
1290 1035 1531 1091 cbaritas
1569 1039 1806 1108 pretium
1853 1040 2114 1108 pecunia-

510 1140 630 1180 rum
664 1141 770 1181 non
803 1124 990 1193 habet,
1017 1127 1170 1198 virgo
1199 1127 1568 1183 sacratissima
1597 1129 1650 1183 in
1683 1144 1782 1184 suo
1810 1129 1982 1202 gradu
2023 1143 2114 1186 us-

508 1237 614 1292 que
646 1219 713 1278 ad
753 1221 1036 1292 sanguinis
1083 1221 1407 1286 cllusionem
1456 1224 1797 1294 permansit;
1847 1226 2110 1298 quoniam

509 1329 612 1369 suo
643 1314 792 1370 illam
841 1315 1110 1384 sanguine
1139 1316 1527 1376 subarraverat
1554 1313 1826 1376 Christus.
1877 1317 1959 1378 Ad
1983 1334 2116 1378 con—

511 1407 888 1476 cupiscentem
919 1407 1085 1478 igitur
1115 1409 1412 1463 revertitur
1436 1422 1657 1476 census,
1691 1419 1749 1466 et
1790 1411 2112 1467 inconcussa

508 1499 798 1570 virginitas
849 1499 1070 1555 Cbrism
1101 1501 1271 1562 semel
1327 1501 1510 1557 oblata
1541 1502 1820 1574 perdurat.
1877 1505 2104 1574 Discite,

509 1595 749 1666 virgines
771 1594 996 1661 Christi,
1023 1613 1229 1660 normre
1255 1598 1514 1668 puellaris
1543 1599 1818 1670 exempla,
1850 1609 1906 1656 et
1931 1601 2115 1658 oblata

515 1690 620 1746 sub
647 1691 832 1761 specie
881 1692 1098 1762 pietatis
1128 1693 1446 1747 munuscula
1495 1694 1736 1749 virorum
1769 1704 1880 1748 tota
1934 1696 2114 1751 inten-

2217 476 2284 531 ad
2309 476 2619 544 libidinem,
2651 478 2716 533 sd
2754 478 3093 536 adorandum
3146 481 3432 538 Dominum
3463 484 3650 539 meritis
3673 487 3748 541 vir-

2218 569 2354 639 ginis
2383 569 2704 637 tenebatur;
2734 583 2790 626 et
2819 574 3004 629 exibat
3029 574 3161 630 inde
3189 575 3288 629 Dei
3326 591 3532 641 servus,
3560 581 3636 647 qui
3663 581 3747 636 dia-

2219 661 2325 716 boli
2359 661 2535 718 fuerat
2561 677 2755 720 servus
2781 666 2926 722 intus
2948 668 3260 739 ingressus;
3295 668 3322 706 δ
3347 681 3400 724 et
3432 678 3510 726 tot
3536 671 3643 728 facti
3659 686 3749 731 sunt

2217 753 2418 811 Christi
2445 759 2708 825 cultores,
2737 769 2870 830 quot
2894 761 3148 818 diabolus
3190 774 3540 835 corruptores
3562 779 3616 821 se
3639 777 3751 837 pata-

2218 858 2370 905 verat
2395 850 2617 921 virginis
2649 853 2948 911 invenisse.

2287 941 2341 999 8.
2384 941 2667 1000 Retuanslt
2717 947 2900 1017 itaque
2936 949 3178 1018 juvenis,
3248 952 3338 1012 qui
3402 953 3752 1023 reprobationis

2219 1034 2384 1106 hujus
2415 1047 2608 1093 auctor
2647 1039 2929 1095 exstiterat
2965 1060 2978 1096 :
3004 1043 3094 1112 qui
3123 1057 3186 1098 se
3209 1043 3435 1114 putabat
3465 1045 3756 1103 defensores!

2217 1130 2439 1202 virginis
2466 1147 2747 1203 superare,
2796 1135 2886 1191 hic
2915 1137 3270 1207 splendorem
3322 1141 3451 1195 dum
3493 1155 3758 1211 provocare

2216 1221 2282 1277 ad
2312 1223 2516 1293 luxum,
2551 1225 2716 1288 vitam
2749 1242 2911 1300 quam
2936 1228 3230 1290 videbatur
3262 1231 3488 1302 habere,
3514 1236 3757 1300 amisit;et

2218 1327 2449 1371 mortem
2479 1331 2640 1388 quam
2671 1318 2977 1388 qumrebat,
3013 1322 3240 1378 invenit.
3291 1323 3597 1380 Succedunt
3621 1329 3758 1384 rides.

2220 1409 2365 1466 tibus
2407 1411 2686 1484 lacryma‘,
2742 1422 2799 1468 et
2848 1414 3247 1472 insultantibus
3275 1418 3437 1474 finem
3472 1419 3759 1476 lamentatio-

2219 1516 2315 1558 nes
2341 1503 2648 1574 impouunt.
2681 1504 2931 1566 Attendit
2963 1509 3116 1580 virgo
3164 1509 3438 1582 lugentem
3475 1510 3763 1581 judicem,et

2217 1609 2380 1666 quem
2389 1596 2710 1667 gminantem
2740 1609 2868 1656 ante
2898 1609 3333 1671 contempserat,
3361 1619 3502 1658 nunc
3521 1603 3756 1675 deprecan-

2221 1696 2326 1742 tem
2357 1688 2599 1744 exaudit.
2627 1689 2777 1745 illico
2802 1690 2966 1762 igitur
2989 1701 3051 1748 ut
3073 1694 3241 1764 erepit
3265 1710 3428 1749 orare
3452 1710 3547 1765 pro
3573 1705 3758 1762 mortus,

517 1785 668 1839 tione
719 1783 978 1855 respuite,
1011 1795 1065 1848 et
1114 1785 1268 1857 quasi
1302 1785 1477 1843 rabidi
1518 1788 1670 1843 cauis
1703 1804 1918 1844 morsus
1963 1789 2110 1844 omni
2143 1789 2191 1849 B
2218 1791 2270 1836 ει
2297 1793 2327 1836 ι
2366 1783 2599 1838 mortuis
2627 1783 2832 1840 excitat
2857 1784 3092 1854 saIVIIM,
3127 1786 3220 1856 qui
3252 1788 3415 1842 morti
3450 1787 3762 1861 fueratdeptt-

517 1891 641 1936 cum
672 1877 872 1949 gaudio
901 1889 1174 1940 recusate.
1208 1882 1247 1934 A
1282 1897 1390 1952 quo
1419 1897 1527 1940 non
1561 1881 1838 1953 receperis
1872 1882 2016 1954 quod
2052 1883 2112 1940 ti-

520 1985 672 2025 meas
698 1971 816 2038 Dei,
852 1986 959 2025 non
993 1972 1231 2042 accipias
1260 1972 1403 2043 quod
1427 1973 1621 2045 diligas
1644 1974 1829 2032 mttndi
1858 1997 1872 2031 ;
1903 1976 2113 2046 accipe,

515 2065 725 2134 accipe,
782 2065 960 2136 virgo,
1010 2067 1104 2122 sed
1149 2068 1293 2138 quod
1339 2069 1510 2124 amori
1568 2079 1776 2124 aiterno
1845 2069 2112 2141 proficiat.

519 2156 980 2229 Quotiescumque
1005 2159 1074 2214 ab
1096 2159 1318 2216 homine
1347 2172 1638 2217 consecuta
1672 2163 1837 2218 fueris
1865 2177 2113 2230 censum,

513 2247 597 2304 sic
625 2251 833 2322 accipe,
869 2259 929 2306 ut
971 2260 1024 2308 te
1067 2252 1268 2308 Christi
1317 2268 1575 2325 sponsam
1621 2269 1912 2326 agnoscas.
1963 2256 2120 2322 Videt

513 2341 610 2398 ille
641 2343 788 2399 intus
819 2344 872 2398 itt
919 2353 1104 2400 mente
1133 2345 1261 2416 quid
1295 2347 1500 2413 facias,
1553 2358 1606 2403 et
1656 2363 1817 2418 quam
1850 2359 2115 2419 expetcno

512 2444 598 2491 ter
623 2436 740 2508 ejus
771 2437 1014 2508 virgines
1041 2440 1322 2495 comiteris
1353 2441 1610 2497 attendit.

581 2531 634 2586 6.
681 2531 872 2588 Videte
898 2548 1030 2606 ergo
1063 2534 1336 2605 quomodo
1359 2536 1607 2607 sequitur
1650 2535 1836 2606 Agnes
1866 2534 2112 2591 Mariam.

527 2624 662 2681 Post
715 2627 1008 2698 opprobria
1064 2629 1274 2684 nullum
1325 2629 1504 2699 potuit
1559 2631 1775 2700 penitus
1821 2629 2116 2687 formidare

517 2720 873 2790 supplicium,
902 2723 992 2776 cui
1016 2724 1180 2778 etiam
1212 2723 1444 2796 lupanar
1467 2724 1823 2796 turpitudinis
1851 2724 2004 2780 locus
2031 2723 2113 2782 ef-

512 2813 695 2870 ficitur
725 2816 1026 2884 orationis;
1059 2825 1113 2872 et
1141 2817 1230 2872 ubi
1260 2817 1510 2872 diabolus
1534 2817 1582 2874 ei
1611 2817 1967 2888 ignominiam
1997 2832 2118 2874 cor-

513 2908 785 2979 ruptionis
815 2919 1238 2984 praeparaverat,
1270 2910 1381 2966 illic
1409 2925 1529 2966 eam
1559 2913 1812 2982 excipere
1858 2911 1986 2966 fecit
2011 2909 2119 2969 Do-

516 3005 697 3060 minus
725 3022 986 3061 coronam
1011 3022 1123 3062 suze
1145 3007 1474 3078 virginitatis
1504 3015 1561 3062 et
1588 3007 1843 3077 palmam.
1881 3004 1993 3062 Hoc
2034 3012 2120 3062 est

517 3099 570 3152 in
617 3099 731 3154 suis
776 3099 1002 3155 sedibus
1048 3099 1234 3156 hostes
1280 3101 1525 3168 vincere,
1575 3101 1845 3170 captivam
1895 3098 2115 3156 ductam

2221 1883 2401 1942 tatus;
2433 1883 2486 1931 et
2508 1876 2573 1931 ad
2605 1875 2858 1946 gaudium
2884 1887 3098 1945 evocat,
3123 1880 3216 1952 qui
3246 1876 3424 1938 fuerat
3453 1881 3760 1954 praecipitatus

2220 1966 2272 2020 iu
2305 1967 2531 2026 luctutn.
2568 1967 2703 2024 Nam
2735 1970 2827 2040 qui
2850 1969 3089 2027 incestus
3129 1971 3306 2030 fuerat
3335 1985 3598 2036 mortuus,
3624 1984 3760 2029 castus

2218 2059 2686 2134 messurgit;
2743 2072 2798 2120 et
2849 2061 2911 2123 fit
2951 2063 3279 2133 praedicator
3341 2066 3656 2132 castimonii.
3695 2069 3760 2136 qui

2220 2167 2537 2226 persecutor
2577 2157 2866 2212 exstiterat
2895 2159 3189 2212 castitatis.

2290 2248 2345 2304 9.
2389 2248 2468 2304 Ad
2503 2253 2619 2306 hinc
2664 2251 2918 2328 sacrilegi
2970 2251 3367 2306 conturbantur
3410 2253 3462 2306 in
3494 2253 3700 2323 templis,
3723 2264 3762 2306 ct

2217 2339 2497 2398 Christum
2529 2343 2630 2398 ista
2663 2345 2922 2400 miracula
2954 2345 3245 2401 facientem
3277 2361 3387 2401 non
3415 2347 3664 2410 timentes,
3689 2364 3757 2402 ex-

2217 2435 2388 2489 citant
2415 2435 2741 2490 seditionem
2772 2437 3025 2504 ignobilis
3056 2438 3237 2509 vulgi;
3269 2449 3330 2492 ιιι
3366 2439 3505 2494 ratio
3532 2455 3638 2509 qua:
3662 2453 3757 2494 sua-

2219 2529 2382 2585 debat
2411 2530 2572 2586 linem
2604 2531 2957 2599 seditionum,
2989 2533 3331 2588 clamoribus
3353 2535 3526 2604 pulsa,
3552 2535 3700 2590 locum
3721 2534 3759 2588 in

2221 2623 2496 2679 mentibus
2527 2623 2807 2681 hominum
2836 2627 3082 2683 invenire
3110 2643 3218 2684 non
3248 2637 3454 2700 posset.
3494 2626 3636 2685 Paler
3658 2644 3754 2684 vero

2219 2717 2465 2772 suscitati
2509 2717 2606 2774 filii
2641 2719 2811 2774 tristis
2852 2719 3144 2790 abscessit,
3187 2733 3242 2778 et
3292 2731 3354 2778 ut
3380 2722 3590 2794 legitur,
3627 2723 3762 2778 turbis

2223 2810 2527 2868 furentibus
2553 2812 2820 2870 vicarium
2850 2814 3166 2886 dereliquit.
3203 2815 3463 2888 Virgineo
3496 2819 3653 2890 itaque
3675 2832 3764 2873 cor-

2219 2905 2338 2974 pori
2384 2903 2682 2962 stridentes
2731 2922 3108 2980 prmparawrre
3165 2909 3442 2975 flammas,
3486 2911 3574 2967 sed
3601 2927 3753 2978 corpus

2220 2997 2362 3067 quod
2409 2998 2660 3054 incendia
2713 2999 2996 3057 libidinum
3050 3013 3430 3073 superaverat,
3473 3005 3759 3076 refrigerium

2221 3092 2274 3144 in
2306 3091 2502 3147 mediis
2534 3091 2772 3149 flammis
2814 3095 3025 3151 invenit
3055 3113 3066 3150 :
3101 3109 3155 3152 et
3187 3114 3310 3168 qua:
3338 3098 3405 3153 ad
3431 3098 3530 3154 hoc
3559 3099 3765 3155 iocosiu-

516 3191 786 3261 virginem
829 3193 894 3246 ad
943 3193 1246 3264 penetralia
1281 3196 1423 3265 regis
1466 3193 1777 3260 iibidluunt,
1826 3194 2002 3264 ipsum
2029 3205 2116 3250 re-
2142 3185 2188 3248 C
2221 3199 2406 3253 gressa
2438 3185 2635 3254 fuerat.
2665 3198 2722 3243 ιιι
2746 3188 2987 3258 πάεΐθῖν
3012 3192 3178 3262 coepit
3204 3207 3302 3264 Per
3325 3203 3563 3249 sanctam
3590 3194 3766 3264 νίτὲίηίο

514 3299 638 3356 gem
667 3299 696 3339 a
730 3286 960 3356 virgine,
985 3301 1144 3358 quam
1166 3289 1556 3359 captivaverat,
1587 3287 1812 3355 victum,
1836 3297 1888 3342 et
1913 3287 2115 3343 victum

512 3391 638 3431 cum
689 3377 916 3450 virginis
968 3381 1244 3451 triumpho
1293 3382 1477 3447 exire;
1536 3396 1658 3436 nam
1706 3379 1795 3452 qui
1841 3389 2115 3448 tenuerat,

516 3479 700 3526 tentus
727 3481 810 3528 est
841 3491 853 3528 :
891 3475 982 3545 qui
1015 3484 1272 3540 traxerat,
1325 3483 1534 3530 tractus
1566 3484 1687 3530 est:
1722 3473 1811 3546 qui
1865 3472 2118 3531 occidere

519 3579 581 3620 se
606 3567 848 3634 putabat,
882 3565 1094 3622 occisus
1125 3578 1228 3624 est.

589 3661 640 3714 7.
688 3661 925 3734 Denique
955 3670 1014 3716 ut
1063 3664 1356 3735 probemus
1389 3661 1660 3718 diabolum
1686 3678 1713 3715 a
1746 3663 1953 3732 virgine
1990 3672 2117 3718 tunc

519 3751 688 3810 fuisse
722 3756 942 3818 victum,
978 3756 1121 3811 illius
1148 3755 1362 3826 juvenis
1411 3754 1609 3811 factum
1637 3753 1704 3811 ad
1737 3756 1980 3810 animum
2029 3769 2118 3810 re-

515 3862 791 3915 vocemus,
826 3865 987 3920 quem
1019 3860 1212 3906 contra
1252 3850 1477 3920 Agnetis
1507 3848 1788 3904 infantiam
1834 3847 1910 3902 sic
1938 3859 2118 3902 arma-

511 3951 665 3995 verat
714 3941 987 4009 initnicus,
1023 3951 1080 3997 ut
1107 3942 1310 3998 nudam
1352 3943 1552 3998 faceret
1584 3941 1723 3997 trahi
1776 3940 1842 3995 ad
1890 3941 2118 4011 lupanar

513 4049 610 4106 per
659 4038 874 4107 vulgus,
907 4038 1009 4092 sub
1042 4053 1174 4094 voce
1209 4040 1574 4110 prrrconantis
1621 4038 1797 4107 ducis,
1843 4036 2112 4109 populum

516 4127 584 4180 ad
638 4128 920 4184 libidinem
955 4129 1256 4187 invitantis.
1313 4129 1473 4188 llunc
1516 4147 1646 4204 ergo
1698 4131 1894 4188 ducem
1945 4131 2114 4188 fuisse

515 4221 716 4277 diaboli
744 4238 902 4278 nemo
928 4236 1011 4280 est
1039 4226 1130 4296 qui
1159 4227 1397 4294 dubitet;
1425 4241 1479 4285 et
1503 4229 1646 4285 victo
1669 4229 1828 4294 duce,
1860 4227 2117 4298 populum

519 4329 647 4371 esse
681 4327 996 4386 superatum
1027 4321 1280 4377 omnibus
1313 4333 1502 4379 uotum
1545 4333 1628 4379 est
1655 4341 1668 4380 :
1702 4319 1979 4395 superatis
2007 4337 2121 4376 au—

521 4419 630 4466 tem
653 4425 777 4468 cum
824 4429 923 4467 suo
962 4413 1100 4470 duce
1133 4416 1370 4488 populis,
1417 4426 1706 4492 tyrannum
1740 4417 1915 4474 teneri
1945 4414 2120 4487 capti-

519 4518 644 4558 vum
673 4506 924 4560 omnibus
971 4519 1141 4582 patet.
1175 4506 1403 4566 Constat
1443 4520 1624 4569 autem
1657 4510 1936 4567 diabolum
1967 4524 2122 4582 supe-

519 4603 724 4663 ratum,
757 4597 972 4668 quoties
996 4608 1184 4656 contra
1215 4603 1482 4674 virginem
1515 4621 1666 4662 arma
1697 4603 1961 4686 arripuit;
1992 4617 2117 4660 nam

517 4690 824 4759 ex5poliata
855 4691 1031 4764 virgo,
1066 4695 1309 4752 crinibus
1343 4699 1577 4769 tegitur:
1610 4707 1662 4754 et
1695 4698 1890 4753 nudata
1921 4697 1990 4754 ab
2024 4697 2121 4754 lto-

519 4783 758 4842 minibus
786 4787 962 4850 malis.
991 4791 1323 4848 vestiebatur
1353 4795 1421 4850 ab
1447 4794 1654 4866 angelis
1677 4793 1866 4850 bonis:
1887 4800 1941 4849 et
1963 4791 2119 4848 tiam-

512 4885 640 4932 nata
674 4877 727 4932 in
759 4879 1062 4950 prostibqu
1096 4883 1472 4955 turpitudinis,
1508 4887 1560 4941 in
1605 4887 1813 4957 gremio
1861 4887 2119 4957 apparuit

512 4971 806 5026 castitatis.
863 4970 1109 5027 Efficitur
1132 4978 1426 5038 oratorium
1467 4979 1784 5050 angelorum
1815 4980 1991 5046 locus,
2021 4977 2114 5050 qui

521 5061 859 5132 perditarum
894 5065 1426 5136 fueratanimarum;
1457 5081 1511 5127 et
1538 5071 1624 5128 ubi
1651 5088 1869 5144 semper
1900 5070 2122 5127 naufra-

521 5167 742 5224 gaverat
761 5157 1003 5224 castitas,
1033 5158 1143 5214 illic
1167 5169 1251 5215 est
1273 5172 1531 5218 coronata
1554 5164 1856 5234 virginitas.
1880 5163 2126 5235 Denique

521 5251 773 5318 populos,
805 5267 944 5323 quos
968 5269 1146 5324 praico
1180 5254 1244 5310 ad
1279 5255 1561 5312 libidinem
1590 5258 1940 5323 invitaverat,
1971 5257 2124 5329 virgo

523 5343 587 5396 ad
637 5348 1011 5414 captivitatem
1061 5349 1296 5405 obtinuit
1332 5372 1345 5408 :
1374 5361 1427 5406 et
1458 5368 1596 5424 quos
1625 5353 1690 5407 ad
1724 5367 1844 5408 eam
1871 5351 2125 5412 diabolus

524 5433 836 5504 inquinatos
877 5439 1109 5511 induxit,
1141 5443 1229 5498 illa
1261 5460 1288 5500 a
1317 5460 1376 5500 se
1419 5429 1652 5502 mundos
1684 5445 1879 5518 ejecit;
1925 5459 2118 5501 omnes

525 5537 761 5592 namque
802 5529 1118 5599 singillatim
1168 5535 1418 5607 ingressi,
1455 5553 1592 5593 unus
1633 5537 1867 5594 alterum
1900 5546 1923 5574 θ
1957 5538 2122 5593 susti-

523 5615 687 5670 nebat
713 5617 1039 5689 ingressum,
1067 5642 1226 5696 quem
1251 5645 1554 5700 egressum,
1578 5631 1708 5687 dum
1735 5647 1840 5686 non
1873 5628 2122 5686 crederet

601 5746 989 5845 effatin‘ebat,
1035 5757 1086 5813 id
1135 5771 1238 5831 est,
1287 5764 1395 5822 fixo
1446 5766 1679 5845 vestigio
1734 5762 2013 5831 manebat.
2069 5771 2123 5820 ει

534 5820 912 5892 exspectabat.

2226 3287 2391 3334 tatem
2416 3280 2633 3351 algere;
2663 3292 2720 3336 ut
2744 3283 2985 3339 disceret
3028 3286 3314 3356 virginitas
3355 3285 3595 3342 flammas
3621 3287 3702 3342 sibi
3726 3293 3766 3341 et

2222 3373 2470 3430 incendia
2504 3374 2719 3446 penitus
2748 3376 3021 3433 dominari
3056 3395 3166 3434 non
3199 3395 3386 3450 posse.

2296 3469 2382 3526 l0.
2424 3468 2535 3525 Nec
2581 3471 2702 3526 illos
2738 3473 2967 3541 periisse
2995 3473 3257 3539 :estimes,
3297 3489 3439 3544 quos
3471 3489 3566 3545 pro
3594 3473 3798 3530 nomine.

2220 3561 2424 3620 Christi
2482 3567 2829 3636 consumpsit
2876 3568 3224 3633 incendium;
3277 3585 3401 3625 nam
3452 3586 3569 3625 cum
3613 3566 3768 3642 legeris

2223 3657 2394 3713 Ellam
2427 3658 2641 3730 ignibus
2673 3668 2910 3730 raptum,
2934 3673 2987 3717 et
3013 3677 3211 3733 pueros
3236 3671 3350 3718 tres
3382 3664 3434 3718 in
3466 3663 3648 3718 mediis
3667 3659 3771 3733 igni-

2221 3751 2320 3806 bus
2344 3751 2492 3806 nulla
2519 3754 2734 3808 ratione
2765 3765 3119 3826 consumptos
3152 3773 3164 3810 :
3189 3768 3285 3811 aut
3313 3757 3440 3828 quia
3464 3753 3766 3811 Laurentium

2220 3845 2483 3899 craticula
2518 3857 2905 3916 consumptum
2958 3847 3163 3904 recolis
3187 3857 3243 3903 ct
3272 3847 3483 3921 Agnem
3521 3849 3646 3904 sicut
3667 3846 3777 3903 'l'lte-

2220 3936 2360 3993 clam
2384 3935 2724 3996 flammarum
2749 3939 2941 4012 globos
2987 3942 3231 3997 evasisse
3269 3943 3577 4012 cognoscis,
3615 3939 3774 3996 nullam

2224 4031 2276 4086 in
2300 4030 2384 4087 bis
2401 4032 2695 4101 suSpiceris
2718 4035 3041 4090 varietatem
3073 4033 3198 4089 fidei
3229 4043 3360 4090 tunc
3393 4035 3582 4101 fuisse;
3610 4049 3696 4089 una
3716 4040 3775 4088 et-

2221 4123 2365 4180 enim
2415 4125 2550 4181 fides
2577 4135 2795 4182 sanctos
2826 4127 2923 4183 Dei
2955 4127 3006 4182 in
3053 4129 3308 4200 passione
3339 4130 3603 4193 exercuit,
3636 4133 3684 4183 et
3713 4123 3772 4179 di-

2223 4231 2381 4273 verso
2403 4232 2604 4289 genere
2631 4219 2932 4290 gloriarum
2975 4219 3214 4276 reddidit
3244 4221 3539 4292 utrobique
3563 4220 3774 4275 victores.

2220 4312 2353 4368 Nam
2399 4312 2489 4383 qui
2533 4323 2890 4384 consumptus
2917 4323 3003 4371 est
3031 4324 3256 4388 martyr,
3303 4315 3540 4371 exsultat
3582 4332 3597 4368 :
3635 4324 3682 4369 et
3711 4309 3776 4381 qui

2220 4405 2396 4461 evasit
2433 4405 2625 4472 victor,
2658 4407 2933 4463 exsultat:
2967 4415 3020 4462 ct
3047 4406 3244 4463 lsaiam
3287 4418 3500 4464 sectum
3529 4411 3773 4478 martyrem

2223 4500 2374 4569 fecit,
2403 4509 2458 4557 et
2507 4501 2784 4558 Danielem
2814 4501 3036 4558 leonum
3081 4503 3288 4558 rabiem
3336 4516 3648 4572 morsusque
3675 4513 3774 4554 cou-

2229 4604 2585 4663 temuentem,
2631 4594 3079 4666 probatissimum
3136 4594 3279 4649 Deus
3317 4593 3673 4650 confessorem
3705 4605 3778 4645 es-

2229 4690 2429 4762 pressit
2467 4707 2480 4744 :
2513 4703 2622 4760 quo
2669 4688 2811 4743 facto
2856 4699 3123 4759 utrosque
3164 4685 3371 4743 diaboli
3420 4686 3644 4742 ostendit
3683 4696 3780 4738 esse

2230 4786 2500 4850 vittores;
2549 4796 2690 4838 unus
2737 4781 2886 4838 enim
2941 4783 3176 4838 moritur
3217 4791 3270 4838 et
3322 4781 3630 4853 triumphat,
3675 4775 3781 4833 alitis

2230 4877 2408 4934 evadit
2444 4885 2499 4932 ct
2521 4886 2734 4946 regnat.

2304 4972 2392 5027 ll.
2425 4969 2710 5040 Venijam,
2733 4970 2910 5040 virgo,
2930 4968 2997 5023 ad
3025 4966 3351 5032 thalamum,
3375 4981 3533 5037 quem
3554 4960 3778 5036 qttasisti:

2225 5073 2279 5120 et
2303 5079 2400 5134 pro
2421 5045 2608 5117 amore
2629 5063 2816 5132 sponsi
2843 5061 3083 5129 gladium
3111 5060 3458 5132 percussoris
3483 5059 3713 5119 admitte;
3739 5059 3780 5107 ut

2225 5173 2482 5230 sponSam
2509 5168 2561 5214 te
2583 5156 2870 5228 virginitas
2895 5155 3244 5212 immaculata
3269 5147 3777 5226 comprobethrlsti.

2225 5261 2280 5310 et
2309 5260 2605 5325 martyrem
2634 5253 2911 5308 confessio
2956 5251 3185 5323 probata
3218 5251 3523 5322 consignet.
3551 5245 3680 5303 Felix
3705 5257 3776 5298 ca-

2226 5358 2374 5403 terva
2405 5346 2698 5417 virginum,
2729 5348 2930 5420 quibus
2952 5347 3196 5404 Studium
3227 5355 3314 5404 est
3346 5356 3448 5402 tua:
3468 5337 3774 5400 confessionis

2227 5443 2380 5511 sequi
2421 5441 2678 5512 vestigia;
2734 5442 3012 5497 habebunt
3057 5445 3202 5497 enim
3238 5451 3420 5498 tecum
3471 5449 3695 5494 coronam
3736 5430 3773 5483 in

2228 5535 2397 5603 coelo,
2428 5547 2550 5604 quae
2582 5543 2759 5590 tecum
2792 5535 3178 5606 superaverint
3202 5535 3481 5591 inimicum
3510 5535 3557 5590 in
3587 5524 3768 5586 mundo.

2229 5629 2363 5688 Nam
2410 5632 2550 5686 sicut
2583 5629 2681 5686 tibi
2724 5629 2909 5687 Mariae
2951 5632 3182 5704 vestigia
3233 5629 3570 5704 prosequenti
3599 5619 3771 5698 partici-

2302 5764 2343 5842 b_
2371 5765 2581 5842 Desunt
2609 5765 2662 5822 in
2693 5765 2817 5823 cod.
2853 5765 3089 5840 Remlg.,
3121 5773 3172 5825 et
3195 5775 3268 5826 tot
3305 5768 3434 5842 facti
3464 5771 3668 5822 sunt..."
3688 5758 3766 5814 vir-

2234 5835 2372 5916 ginis
2400 5837 2670 5898 invenisse.
3016 5835 3033 5840 ⁷
3305 5835 3316 5842 ⁷
3429 5849 3431 5852 ‘
