3944 6310
109 307 196 366 709

893 298 1271 364 SERMONBS
1310 298 1370 363 S.
1409 293 1768 363 AMBROSIO
1808 295 2174 363 HACTENUS
2211 298 2543 363 ASCRIPTI.

3264 301 3368 363 7l0

103 443 187 490 eo,
218 419 308 476 etsi
337 427 512 476 tacere
543 419 822 490 volumus,
863 420 1028 477 silere
1056 436 1163 478 non
1192 435 1517 492 possumus;
1547 420 1664 490 ipse
1691 421 1738 480 Λ
1770 417 1986 482 clamat,
2021 419 2161 472 sicut
2187 419 2448 489 scriptum
2477 428 2562 475 est
2586 417 2655 474 de
2679 417 2931 476 Joanne:
2964 416 3079 493 Ego
3117 435 3232 476 sum
3271 436 3370 475 vos:

103 519 226 575 enim
253 515 488 570 Joannes
514 530 616 569 vox
639 513 929 570 clamantis
955 515 1173 572 dicitur.
1200 517 1334 583 Quis
1362 516 1547 588 igitur,
1570 516 1662 587 qui

103 625 265 666 vocem
309 606 504 673 laudet,
552 615 608 663 et
659 608 867 662 taceat?
909 609 1204 665 clamorem
1246 609 1566 676 admiretur,
1609 619 1664 666 et

103 699 408 759 mutussit?
454 700 546 757 Ait
585 699 729 756 enim
773 704 890 772 ipse
925 701 995 758 de
1033 717 1122 758 se:
1156 701 1267 777 Ego
1297 720 1411 758 sum
1434 720 1532 759 vos:
1552 705 1658 758 cla.

101 797 269 852 mantis
299 795 349 849 in
385 795 583 850 deserto
613 794 793 868 (Joan.
824 813 861 864 ι,
893 797 1007 869 25).
1051 797 1245 854 Videte
1272 799 1401 870 quid
1426 797 1659 865 dixerit;

101 907 190 947 non
219 888 352 945 enim
380 888 457 943 ait
485 897 693 944 tantum
717 907 729 943 :
759 888 873 961 Ego
899 905 1018 946 sum
1050 906 1186 957 vox;
1215 891 1311 947 sed
1342 901 1397 949 et
1419 891 1661 948 claman—

101 984 159 1040 tis
184 997 312 1038 vox:
343 981 553 1037 scilicet
581 991 637 1037 ut
663 981 730 1038 ad
761 982 918 1038 ﬁdem
955 983 1396 1055 consequendam
1428 1001 1530 1040 vox
1560 1000 1659 1040 au-

101 1097 174 1136 res
200 1083 462 1149 penetret,
493 1077 701 1132 clamor
734 1076 899 1133 corda
942 1078 1253 1134 concutiat:
1301 1096 1402 1134 vox
1434 1095 1659 1152 regnum

99 1171 349 1245 praedicet,
380 1169 587 1225 clamor
606 1169 875 1240 judicium
904 1171 1286 1228 committetur.

157 1267 202 1321 5.
223 1265 433 1335 Magnus
463 1264 627 1336 igitur
653 1264 914 1333 Joannes,
942 1267 1097 1337 cujus
1121 1265 1472 1338 magnitudini
1496 1267 1659 1322 etiam

98 1360 322 1418 Salvator
347 1359 718 1415 testimonium
750 1359 1032 1431 perhibet,
1065 1361 1252 1416 dicens
1280 1379 1293 1415 :
1335 1359 1479 1415 Inter
1513 1370 1662 1415 natos

96 1455 340 1508 mulierum
363 1455 530 1525 major
551 1469 652 1507 non
675 1462 749 1508 est
763 1453 969 1508 Joanne
987 1451 1226 1523 Baptista
1249 1451 1398 1524 (Luc.
1422 1467 1518 1518 vtt,
1539 1451 1658 1523 28).

94 1546 594 1613 ΡιωοεΙΙὶιοιιιιοιίε,
642 1547 848 1603 eminet
893 1547 1181 1614 universis,
1228 1545 1500 1602 antecedit
1535 1561 1665 1617 pro-

95 1642 281 1711 phetas,
323 1641 728 1712 supergreditur
775 1642 1138 1712 patriarchas;
1188 1651 1244 1696 et
1276 1641 1524 1713 quisquis
1592 1640 1662 1697 de

93 1733 294 1789 muliere
313 1734 574 1801 nascitur,
607 1734 829 1790 interior
854 1743 940 1791 est
968 1734 1196 1791 Joanne.

1767 511 2044 565 clamantis
2084 513 2138 566 in
2171 512 2370 566 deserto
2395 511 2576 585 (Joan.
2608 528 2648 579 ι,
2675 511 2793 585 25).
2823 512 2940 570 Non
2974 514 3118 570 enim
3159 523 3369 570 tantum

1766 605 1818 660 in
1854 605 1949 660 illo
1976 613 2222 676 tempore
2247 606 2783 676 clamavitJoannes,
2810 624 2918 680 quo
2949 607 3236 679 pharisaeis
3274 625 3373 666 an-

1765 699 2024 755 nuntians
2062 700 2351 756 Dominum
2392 700 2753 768 Salvatorem,
2779 702 2950 758 dixit:
3002 703 3195 760 Par-ate
3232 705 3370 758 uiam

1769 791 1999 858 Domini,
2024 803 2192 848 rectas
2213 793 2368 864 facile
2395 795 2604 850 semitas
2635 799 2747 869 ejus
2779 795 2998 868 (Matth.
3033 814 3111 865 ιιι,
3145 797 3202 869 5)
3229 813 3244 863 ;
3277 797 3374 854 sed

1764 895 1822 943 et
1850 886 2014 943 hodie
2043 887 2247 943 clamat
2277 889 2331 943 in
2363 887 2542 953 nobis,
2572 898 2628 944 et
2651 890 2804 945 vocis
2832 905 2946 946 sum
2990 892 3237 946 tonitruo
3273 891 3375 948 de-

1763 991 1907 1038 serta
1938 991 2251 1039 nostrorum
2278 983 2524 1039 concutit
2546 993 2919 1055 peccatorum.
2940 987 3016 1040 Ac
3037 985 3163 1042 licet
3185 995 3375 1042 saneta

1765 1078 2012 1151 martyrii
2036 1087 2213 1135 morte
2233 1077 2542 1143 dormierit,
2565 1093 2669 1134 vox
2697 1087 2877 1136 tamen
2909 1078 3030 1150 ejus
3055 1079 3220 1146 vivit;
3247 1079 3379 1137 dicit

1763 1171 1910 1226 enini
1939 1180 1995 1226 et
2024 1170 2181 1227 nobis
2213 1171 2409 1228 hodie:
2446 1169 2638 1227 Parate
2665 1172 2800 1227 uiam
2827 1170 3060 1240 Domini,
3090 1182 3256 1228 rectas
3287 1180 3372 1246 ja-

1764 1264 1862 1320 cite
1889 1267 2095 1321 semitas
2125 1266 2274 1336 ejus;
2303 1279 2527 1338 semper
2554 1265 2702 1322 enim
2735 1265 3017 1338 Scriptura
3045 1267 3228 1324 divina
3257 1267 3374 1324 cla-

1764 1365 1876 1412 mat
1906 1368 1961 1413 et
1992 1357 2253 1428 loquitur.

1833 1448 1890 1505 2.
1933 1449 2087 1507 Unde
2112 1460 2168 1508 et
2196 1450 2262 1507 ad
2292 1449 2425 1508 Cain
2453 1451 2587 1508 dicit
2612 1451 2756 1508 Deus
2782 1469 2795 1506 :
2835 1451 2953 1508 Vos:
2972 1454 3241 1526 sanguinis
3267 1457 3379 1528 [ναι

1764 1543 1857 1596 tris
1888 1545 1963 1597 tui
1992 1545 2182 1599 clamat
2210 1549 2280 1600 ad
2306 1563 2386 1600 me
2417 1544 2574 1619 (Gen.
2611 1562 2694 1614 tv,
2721 1547 2833 1618 10).
2859 1545 3019 1603 Nulla
3041 1548 3230 1620 utique
3252 1565 3380 1606 salt-

1763 1637 1939 1708 guinis
1970 1655 2072 1694 vox
2116 1649 2235 1707 est,
2285 1641 2381 1696 sed
2423 1641 2666 1696 clamare
2714 1640 2917 1696 dicitur
2964 1641 3184 1714 sanguis
3211 1683 3226 1708 ,
3279 1642 3377 1714 qui

1763 1730 2032 1789 innocens
2059 1733 2263 1791 ell’usus
2291 1743 2373 1791 est
2399 1776 2414 1801 ,
2462 1750 2570 1791 non
2607 1745 2714 1789 tam
2740 1749 2878 1792 voce
2902 1749 3067 1808 quam
3095 1749 3290 1804 causa;
3323 1745 3381 1794 et

151 1826 198 1881 6.
235 1823 334 1882 Sed
361 1826 624 1882 debemus
655 1827 944 1898 diligenter
975 1826 1273 1897 inquirere,
1307 1841 1404 1882 cur
1435 1827 1505 1882 ita
1545 1826 1654 1883 Do-
1683 1834 1734 1896 Β
1762 1823 2115 1895 interpellare
2145 1827 2434 1904 Dominum
2469 1844 2574 1883 nou
2609 1829 2999 1899 prosecutione
3029 1829 3254 1901 eloquii,
3278 1829 3380 1887 sed

91 1924 247 1978 minus
269 1921 486 1986 dixerit,
521 1922 624 1978 hoc
652 1931 738 1978 est
762 1940 776 1977 :
807 1921 954 1977 Inter
980 1932 1126 1977 natos
1148 1922 1447 1988 mulierum,
1471 1931 1524 1978 et
1550 1936 1658 1977 non

91 2017 247 2086 potius
281 2015 476 2070 dixerit
507 2033 520 2069 :
553 2015 700 2071 Inter
736 2013 876 2070 ﬁlios
921 2017 1161 2071 virorum
1209 2031 1315 2071 non
1361 2024 1446 2072 est
1488 2015 1662 2084 major

89 2108 294 2179 Joanne,
325 2126 449 2167 cum
478 2111 664 2182 utique
692 2111 952 2167 mulieres
976 2121 1133 2168 natos
1157 2111 1276 2167 sine
1303 2111 1432 2166 viris
1459 2110 1661 2165 habere

91 2220 180 2261 non
227 2206 452 2276 possint.
502 2206 616 2261 lloc
644 2215 825 2263 autem
857 2206 1016 2270 dixit,
1049 2205 1177 2277 quia
1209 2205 1552 2262 numerosior
1577 2213 1662 2260 est

90 2303 249 2372 proles
275 2303 587 2372 mulierum,
617 2319 778 2374 quam
808 2305 1084 2372 virorum;
1135 2313 1217 2360 est
1244 2304 1387 2359 enim
1416 2302 1661 2359 mulieris

91 2398 215 2453 ﬁlius
240 2441 253 2466 ,
292 2399 378 2470 qui
408 2399 512 2455 viri
543 2400 688 2456 lilius
710 2414 815 2455 non
845 2408 948 2456 est.
1003 2399 1248 2470 Denique
1275 2407 1460 2454 sancta
1493 2396 1658 2453 Maria

88 2491 252 2561 genuit
276 2490 468 2558 ﬁlium,
491 2493 582 2563 qui
603 2503 810 2562 patrem
839 2489 1112 2548 hominem
1146 2506 1252 2546 non
1279 2491 1531 2555 haberet;
1558 2489 1662 2544 Do-

89 2580 244 2636 minus
273 2582 416 2637 enim
445 2592 531 2639 est
559 2584 805 2638 mulieris
834 2582 997 2648 ﬁlius,
1027 2592 1081 2638 et
1107 2583 1205 2637 viri
1234 2582 1374 2636 ﬁlius
1414 2598 1520 2636 non
1552 2589 1658 2648 est,

88 2674 209 2730 sicut
247 2675 368 2730 dicit
403 2676 740 2746 Apostolus:
772 2685 797 2712 ι
824 2675 1050 2730 Factum
1097 2675 1159 2728 de
1199 2674 1434 2740 muliere,
1468 2675 1662 2745 factum

87 2768 168 2821 sub
192 2768 318 2840 Lege
342 2766 546 2838 (Galat.
573 2784 648 2837 tv,
676 2768 768 2840 4);
800 2777 860 2823 ut
901 2769 992 2839 qui
1031 2775 1260 2822 matrem
1292 2766 1345 2821 in
1378 2767 1537 2821 terris
1568 2764 1662 2819 ha-

87 2860 182 2926 bet,
211 2861 428 2919 Patrem
455 2862 685 2918 haberet
712 2863 765 2917 in
797 2861 974 2918 cmlis.
1009 2861 1148 2933 Ergo
1177 2861 1228 2915 in
1258 2859 1472 2916 laudem
1499 2859 1663 2916 Joan-

88 2956 160 3010 nis
205 2955 533 3013 l‘ecundioris
573 2971 736 3013 sexus
766 2954 1046 3028 generatio
1079 2955 1317 3026 ponitur,
1360 2963 1413 3009 ut
1459 2953 1662 3009 nullius

88 3048 147 3104 ab
175 3066 233 3105 eo
256 3051 514 3107 nativitas
545 3061 850 3122 separetur.

151 3144 197 3197 7.
239 3143 374 3200 Dicit
405 3147 548 3201 lorte
591 3145 826 3214 aliquis:
876 3141 933 3200 Si
980 3143 1119 3199 inter
1167 3151 1325 3199 natos
1371 3142 1660 3199 mulierum

1764 1915 2137 1989 indignatione
2181 1921 2502 1987 commissi;
2550 1936 2614 1976 ac
2657 1932 2868 1978 reatum
2918 1938 3076 1978 suum
3109 1937 3218 1980 non
3263 1933 3373 1980 tam

1764 2011 2058 2068 verborum
2088 2027 2351 2070 accusare
2380 2014 2729 2071 sermonibus
2753 2057 2769 2082 ,
2820 2031 2983 2087 quam
3021 2015 3379 2073 conscientia:

1765 2106 1936 2178 ipsius
1992 2107 2156 2182 462
2210 2109 2602 2167 criminatione
2653 2112 3051 2183 constringere.
3119 2112 3380 2182 Quamvis

1763 2200 1910 2256 enim
1939 2203 2138 2256 malum
2167 2201 2369 2258 factum
2398 2203 2444 2259 si
2472 2202 2526 2259 in
2558 2205 2728 2260 verbo
2755 2205 3114 2276 producatur,
3145 2219 3379 2261 excusa-

1765 2291 1968 2348 tionem
1992 2292 2228 2350 fortasse
2259 2294 2486 2366 recipit,
2536 2295 2640 2351 nisi
2688 2297 3024 2352 conscientia
3054 2308 3368 2364 revocetur,

1767 2404 1876 2444 non
1907 2398 2090 2459 potest
2118 2391 2390 2446 excusari.
2432 2401 2454 2430 ο
2481 2389 2828 2447 Conscientia
2860 2391 3006 2448 enim
3038 2407 3190 2447 reum
3214 2407 3374 2449 suum

1763 2497 1984 2553 semper
2006 2483 2166 2540 tacita
2188 2484 2307 2540 sine
2329 2483 2763 2541 contradictione
2784 2483 3372 2556 convincitctjudicat.

1836 2577 1890 2632 5.
1937 2575 2219 2648 Hodieque
2249 2591 2384 2648 ergo
2412 2576 2650 2632 Joannes
2673 2577 2872 2632 clamat
2898 2586 2955 2633 et
2980 2577 3114 2634 dicit
3139 2595 3150 2632 :
3179 2577 3378 2635 Parata

1767 2669 1900 2723 riam
1930 2667 2176 2734 Domini,
2225 2679 2389 2724 rectas
2417 2670 2574 2741 facile
2601 2671 2812 2725 semitas
2851 2675 2982 2744 ejus.
3018 2671 3220 2728 Parare
3246 2686 3377 2745 ergo

1760 2761 2014 2832 jubemur
2042 2763 2185 2818 viam
2216 2762 2453 2831 Domini,
2487 2763 2696 2820 scilicet
2723 2779 2829 2820 non
2856 2779 3108 2836 aggerem
3135 2765 3372 2834 itineris,

1765 2856 1861 2911 sed
1893 2855 2016 2911 ﬁdei
2048 2855 2379 2926 puritatem;
2409 2855 2676 2912 Dominus
2705 2857 2850 2914 enim
2891 2866 3163 2915 terrenam
3204 2859 3376 2917 serui-

1767 2957 1873 3004 tam
1901 2949 2116 3020 carpit,
2161 2949 2255 3006 sed
2288 2964 2383 3020 per
2413 2960 2624 3006 secreta
2657 2951 2862 3006 mentis
2892 2951 3115 3008 incedit.
3157 2951 3214 3009 Si
3245 2951 3377 3025 quid

1766 3041 1928 3112 igitur
1952 3041 2005 3097 in
2037 3042 2140 3098 hac
2170 3043 2257 3097 via
2288 3042 2447 3099 fuerit
2475 3043 2720 3099 moribus
2749 3059 3027 3116 asperum,
3052 3045 3379 3106 crudelitate

1768 3135 1985 3204 durum,
2015 3139 2438 3195 conversatione
2465 3138 2732 3210 pollutum
2758 3181 2772 3205 ,
2796 3141 3058 3210 jubemur
3087 3142 3376 3212 mundare,

88 3234 241 3305 major
278 3246 357 3290 est
385 3235 652 3302 Joannes,
686 3235 946 3306 numquid
973 3236 1136 3292 etiam
1164 3237 1337 3307 major
1365 3248 1447 3293 est
1469 3237 1656 3291 Salva-
1689 3238 1734 3302 C
1767 3247 2080 3303 exaequare,
2136 3248 2509 3305 componere;
2565 3241 2627 3290 ut
2670 3234 3068 3304 superveniens
3115 3235 3379 3292 Dominus

89 3328 231 3384 tore?
255 3330 440 3395 Absit;
463 3329 706 3386 Joannes
729 3331 874 3387 enim
909 3341 1068 3386 natus
1106 3329 1374 3396 mulieris,
1416 3329 1662 3385 Christus

86 3429 245 3476 autem
275 3423 500 3494 virginis
529 3433 688 3479 natus
708 3433 792 3478 est
818 3441 829 3476 :
861 3423 950 3479 ille
981 3423 1348 3493 corruptibilis
1372 3423 1509 3478 uteri
1533 3422 1664 3478 sini-

84 3512 173 3568 bus
199 3514 398 3572 eﬁ’nsus
429 3527 515 3572 est
535 3558 550 3584 ,
589 3517 691 3573 iste
729 3515 1024 3586 impolluta:
1055 3517 1230 3571 vulvae
1258 3517 1389 3572 ﬂore
1414 3515 1663 3586 progeni-

86 3615 177 3661 tus.
203 3607 324 3664 ldeo
348 3619 534 3665 autem
565 3624 690 3666 cum
715 3609 942 3665 Joannis
968 3608 1246 3664 nativitate
1265 3606 1474 3662 Domini
1499 3621 1664 3678 gene-

83 3699 208 3756 ratio
231 3701 545 3772 deputatur,
577 3701 605 3740 δ
636 3718 704 3758 ne
733 3702 992 3757 Dominus
1022 3709 1172 3758 extra
1204 3701 1484 3756 veritatem
1513 3699 1664 3754 vide-

83 3806 219 3855 retur
247 3815 367 3856 esse
398 3799 734 3858 conditionis
765 3799 1038 3854 humanae.

677 3890 908 3948 SERMO
947 3891 1057 3946 LII.

232 3985 308 4040 De
339 3987 450 4042 vita
480 3984 724 4057 ejusdem
753 3984 924 4040 sancti
957 3984 1184 4039 Joannis
1211 3984 1486 4055 Baptistae.

81 4075 172 4132 llic
199 4095 364 4136 sermo
395 4081 599 4136 tametsi
621 4099 652 4135 a
673 4080 928 4136 Gratiano
953 4090 1000 4135 et
1024 4078 1184 4136 Ivone
1206 4080 1296 4136 sub
1317 4079 1523 4134 nomine
1540 4079 1663 4132 Am-

141 4171 290 4227 brosii
315 4176 506 4229 citatus
535 4174 714 4246 fuerit,
744 4173 876 4227 nihil
905 4183 1075 4227 tamen
1106 4189 1214 4244 pra:
1239 4189 1292 4228 se
1321 4175 1418 4243 fert
1444 4171 1663 4226 Ambro-

141 4263 202 4317 sii
221 4280 240 4318 :
265 4266 356 4318 sed
388 4283 478 4321 nec
507 4266 791 4336 quidquam
822 4265 1083 4335 afﬁnitatis
1113 4265 1261 4318 liabet
1291 4280 1409 4318 cum
1429 4263 1664 4336 superio-

138 4357 294 4426 ribus,
322 4359 760 4430 quemadmodum
786 4375 848 4414 επ
869 4363 979 4432 ejus
1003 4359 1236 4424 exordio,
1278 4376 1369 4414 nec
1394 4375 1497 4413 non
1520 4376 1582 4413 ex
1603 4374 1661 4412 eo

137 4452 268 4518 quod
316 4453 620 4527 longissime
663 4453 726 4506 ab
763 4452 870 4507 illis
900 4453 954 4507 in
986 4449 1128 4507 Gall.
1151 4451 1264 4506 cod.
1303 4452 1658 4526 disjungatur,

137 4553 292 4610 patet.
317 4546 461 4613 Quin
485 4548 642 4603 etiam
675 4549 719 4600 si
743 4546 856 4618 quis
879 4547 1121 4601 attentius
1143 4545 1293 4599 illum
1322 4545 1621 4600 discusserit
1641 4588 1656 4614 ,

1767 3343 1874 3382 non
1899 3327 2138 3382 offendat
2166 3327 2220 3382 iu
2246 3328 2426 3392 nobis,
2457 3327 2552 3383 sed
2583 3328 2754 3399 magis
2775 3328 3017 3398 reperiat
3044 3329 3187 3384 viam
3211 3327 3382 3386 casti-

1768 3431 1876 3476 tate
1904 3436 2116 3491 puram,
2142 3421 2438 3492 proclivem
2471 3420 2601 3488 ﬁde,
2633 3422 3000 3494 eleemosynis
3021 3423 3379 3481 eminentem.

1766 3515 1920 3584 Quod
1961 3523 2142 3570 autem
2177 3514 2270 3569 tali
2317 3515 2514 3570 itinere
2561 3514 2817 3570 incedere
2863 3515 3041 3570 soleat
3090 3515 3373 3582 Dominus,

1768 3607 2040 3678 Propheta
2064 3606 2346 3672 describit,
2380 3607 2603 3663 dicens:
2634 3605 2746 3663 Iter
2767 3607 2926 3680 facile
2947 3609 3014 3666 ei.
3039 3608 3127 3677 qui
3149 3609 3382 3664 ascendit

1766 3715 1924 3768 super
1948 3716 2204 3764 occasum,
2230 3698 2490 3754 Dominus
2522 3716 2707 3755 nomen
2736 3709 2809 3754 est
2827 3701 2872 3756 ei
2893 3699 3068 3773 (Psal.
3095 3716 3261 3767 vatt,
3287 3701 3371 3774 5).

1838 3793 1896 3848 4.
1941 3791 2049 3848 Sed
2080 3791 2385 3862 videamus,
2418 3793 2538 3864 ipse
2567 3794 2809 3850 Joannes
2848 3795 2940 3866 qui
2991 3809 3185 3865 parare
3231 3796 3376 3852 viam

1771 3885 2001 3941 Domino
2023 3887 2201 3956 jubet,
2231 3903 2390 3957 quam
2424 3887 2542 3958 ipse
2569 3887 2716 3942 viain
2748 3889 3031 3958 paraverit
3077 3888 3374 3945 Salvatori.

1767 3979 1872 4035 Per
1897 3979 2076 4035 omnia
2105 3981 2288 4052 plane,
2333 3980 2654 4037 adveniente
2685 3979 2929 4048 Christo,
2959 3981 3234 4038 tramitem
3272 3983 3376 4038 via:

1766 4089 1879 4128 sua:
1907 4075 2213 4146 composuit
2255 4084 2310 4131 et
2348 4074 2568 4130 direxit.
2607 4073 2742 4130 Nam
2772 4074 2874 4130 l'uit
2913 4075 3104 4146 utique
3123 4075 3374 4146 jejunus,

1768 4165 2008 4234 humilis,
2040 4182 2234 4237 parcus
2265 4175 2321 4222 et
2348 4169 2534 4240 virgo;
2585 4182 2779 4224 omnes
2822 4171 2968 4224 enim
3013 4168 3111 4224 has
3140 4170 3376 4226 virtutes

1766 4261 1884 4333 ejus
1911 4262 2260 4333 Evangelista
2287 4263 2612 4321 describens
2640 4265 2751 4320 ait:
2785 4263 2911 4336 Ipse
2938 4276 3112 4324 autem
3138 4265 3378 4323 Joannes

1767 4357 2007 4410 vestitum
2037 4357 2261 4413 habebat
2293 4360 2359 4414 de
2383 4359 2506 4430 pilis
2535 4361 2884 4428 camelorum,
2915 4372 2961 4417 et
2993 4379 3128 4418 zona
3158 4364 3380 4434 pellicea

1768 4451 1908 4505 circa
1938 4451 2141 4506 lumbos
2170 4453 2302 4523 ejus.
2335 4452 2473 4509 Esca
2508 4464 2682 4510 autem
2716 4456 2828 4528 ejus
2863 4466 3010 4510 erant
3046 4457 3260 4513 locusta:
3285 4499 3299 4525 ,
3329 4467 3380 4515 et

1767 4543 1870 4598 mel
1897 4545 2132 4600 silvestre
2171 4545 2406 4619 (Matth.
2454 4563 2535 4615 nt,
2563 4547 2620 4616 4,
2651 4547 2742 4620 5).
2777 4548 2910 4618 Quae
2951 4551 3118 4622 igitur
3147 4549 3174 4589 ἀ
3203 4552 3381 4625 major

134 4641 366 4695 eumdem
392 4642 669 4711 comperiet
693 4641 898 4696 laciniis
924 4650 1160 4695 constare
1191 4637 1312 4692 hinc
1340 4639 1462 4694 inde
1486 4655 1664 4708 sump—
1689 4645 1743 4705 Ι)
1769 4636 2050 4693 humilitas
2085 4638 2140 4694 in
2179 4640 2447 4710 propheta
2465 4681 2481 4707 ,
2537 4657 2701 4712 quant
2746 4643 3077 4714 contemptis
3117 4644 3380 4704 mollibus

136 4729 230 4796 tis;
254 4733 676 4804 quandoquidem
705 4732 844 4804 quod
880 4749 938 4788 eo
963 4731 1149 4804 legitur
1181 4731 1244 4786 de
1272 4731 1520 4802 sanguine
1540 4731 1667 4785 Abel

137 4821 414 4891 clamante,
440 4827 583 4900 infra
605 4828 660 4882 in
688 4843 922 4882 sermone
938 4827 1005 4882 59
1032 4825 1311 4892 reperitur,
1345 4833 1391 4880 et
1419 4825 1558 4896 quod
1580 4825 1664 4878 hic

135 4916 194 4972 de
223 4920 552 4989 concubinis,
578 4922 843 4976 monac/tis
870 4921 1168 4991 clericisque
1189 4920 1501 4991 disputatur,
1528 4920 1662 4988 peti-

135 5015 239 5062 tum
277 5010 486 5066 videtur
522 5029 587 5068 ea:
622 5013 941 5069 sermonibus
985 5012 1296 5069 Caesarianis
1333 5011 1442 5068 292
1481 5021 1529 5066 et
1556 5011 1665 5068 295

135 5101 372 5170 Append.
406 5105 627 5179 August.
664 5108 883 5178 aliisque
913 5107 1196 5163 nonnullis.

138 5193 186 5248 l.
210 5195 458 5254 Diximus
486 5201 752 5272 superiori
787 5201 1088 5267 Domiuiea,
1115 5217 1236 5256 eum
1269 5200 1469 5256 silentii
1491 5201 1660 5256 nostri

71 5286 273 5343 veniam
301 5303 636 5363 peteremus,
669 5293 814 5365 quod
841 5311 936 5366 pro
956 5295 1132 5351 salute
1153 5295 1451 5362 communi,
1483 5309 1667 5351 sacer-

69 5378 279 5439 dOtibus
318 5387 488 5441 etiam
533 5390 859 5456 tacentibus,
902 5389 1151 5445 doctrina
1197 5391 1502 5462 evangelica
1553 5405 1663 5446 non

73 5480 260 5543 taceat,
309 5486 368 5534 et
409 5481 554 5548 quod
598 5482 877 5538 silentium
929 5498 1120 5538 eorum
1157 5482 1438 5553 suppleret
1477 5481 1662 5538 divina

71 5571 372 5639 sententia;
405 5588 624 5648 semper
649 5578 794 5634 enim
825 5577 1008 5634 divina
1038 5577 1318 5648 Scriptura
1347 5577 1584 5650 loquitur
1609 5587 1664 5634 et

148 5738 172 5805 ᾗ
210 5731 392 5805 Codex
421 5735 656 5805 Tlteod.,
693 5737 892 5794 Natum
919 5739 982 5793 de
1011 5739 1244 5793 muliere.

146 5799 174 5838 δ
211 5803 359 5861 Idem
392 5807 589 5875 codex,
622 5799 682 5865 ne
714 5810 969 5866 Dominus
1003 5821 1150 5866 extra
1179 5821 1443 5866 naturam.

155 5882 176 5912 °
216 5875 424 5936 Omnes
453 5879 610 5971 cidit”
644 5885 968 5940 Conscientia
996 5885 1132 5940 enim
1161 5895 1359 5940 reatum
1385 5899 1567 5940 suum:
1591 5896 1683 5940 c0-

1770 4730 2130 4800 indumentis,
2155 4733 2390 4804 pilorum
2410 4737 2710 4805 asperitate
2726 4736 2952 4792 vestiri?
2973 4736 3105 4806 Qua:
3125 4738 3380 4795 devotior

1769 4824 1903 4880 ﬁdes
1925 4865 1940 4892 ,
1971 4841 2133 4895 quam
2163 4827 2516 4896 praecinctum
2549 4842 2686 4884 zona
2720 4838 2967 4900 paratum
2997 4845 3122 4888 esse
3151 4847 3374 4902 semper

1769 4919 1836 4974 ad
1867 4935 2032 4976 omne
2062 4922 2340 4977 servitutis
2370 4921 2737 4992 obsequium?
2762 4922 2896 4993 Qua:
2924 4924 3244 4994 praeclarior
3273 4924 3374 4981 ab-

1768 5011 2029 5068 stinentia
2048 5055 2062 5078 ,
2091 5029 2252 5085 quam
2283 5015 2485 5086 spretis
2514 5015 2638 5072 vita:
2669 5015 2832 5087 hujus
2859 5016 3092 5082 deliciis,
3125 5015 3375 5073 stridulis

1768 5107 1915 5162 vesci
1946 5106 2170 5162 locustis
2197 5122 2260 5162 ac
2289 5107 2452 5164 melle
2475 5107 2756 5165 silvestri?

1842 5199 1895 5256 5.
1937 5200 2068 5267 Qua:
2096 5201 2278 5256 omnia
2309 5203 2428 5258 lucc
2450 5202 2707 5273 quoniam
2737 5200 3016 5273 pr0phetas
3044 5200 3165 5258 usui
3188 5211 3370 5273 erant,

1766 5292 2010 5347 arbitror
2036 5292 2090 5347 in
2122 5293 2206 5348 his
2237 5294 2370 5365 ipsis
2402 5293 2744 5366 prophetiam
2776 5293 2968 5350 fuisse.
3007 5292 3141 5348 Nam
3184 5294 3374 5365 utique

1765 5403 1892 5446 cum
1923 5392 2261 5460 pramuntius
2289 5391 2492 5447 Christi
2519 5389 2909 5446 vestimentum
2932 5387 3169 5444 habebat
3189 5402 3374 5447 came-

1765 5481 1943 5538 lorum
1973 5485 2272 5555 asperitate
2318 5491 2669 5550 contextum,
2703 5479 2834 5552 quid
2872 5479 3022 5535 aliud
3064 5478 3371 5551 signiﬁcat,

1769 5578 1876 5634 nisi
1902 5579 2048 5652 quod
2080 5581 2194 5652 ipse
2211 5579 2466 5636 Christus
2491 5575 2789 5632 adveniens
2818 5588 3020 5631 usurus
3049 5583 3199 5632 esset
3224 5573 3378 5631 indu-

1768 5736 1871 5794 dcx
1900 5737 2169 5807 Lugd.....
2199 5753 2340 5792 reum
2374 5751 2540 5790 suunt.

1851 5808 1876 5846 (³
1905 5805 2024 5866 Vet.
2044 5809 2388 5880 cdit.,major
2414 5824 2567 5862 causa
2596 5805 2942 5878 humilitatis;
2970 5806 3127 5864 Rom.
3161 5814 3216 5863 et
3240 5805 3365 5870 cod.

1791 5881 1992 5957 Lugd.,
2016 5884 2186 5958 major
2216 5880 2502 5939 humilitas.
