3944 6310
620 275 714 344 711

1539 281 1631 345 ΑΙ)
1669 277 1906 350 ΟΡΕΒᾼ
1943 278 2190 338 SANC'I‘I
2233 259 2565 347 tusnostt
2604 259 2977 348 serenant.
3729 292 3801 348 ηε

611 408 855 457 mentum
908 397 1128 454 humani
1177 395 1447 468 corporis,
1493 395 1638 465 quod
1685 405 1805 453 erat
1855 405 2200 468 peccatorum
2232 397 2277 457 Α
2307 407 2495 453 reatur
2515 399 3174 466 consortium,tnereatur
3193 408 3250 456 et
3277 413 3468 458 nomen
3486 403 3801 472 uxoriszprazsta

606 495 902 564 asperitate
937 493 1260 547 densatum:
1311 499 1367 546 et
1405 490 1551 561 quod
1578 490 1726 548 velut
1760 491 2208 547 immundissinta:

605 585 817 653 bestite,
849 585 954 641 hoc
982 592 1088 651 est,
1118 583 1338 656 gentilis
1367 584 1549 654 populi
1581 583 1951 642 circumdatus
1971 582 2205 647 exuviis,

605 676 1011 736 deformitatem
1044 674 1161 746 ejus
1188 674 1303 746 ipse
1329 673 1611 746 gestaret?
1645 673 1792 730 Zona
1822 688 1950 729 vero
1981 672 2207 743 pellicea

603 773 734 844 quid
777 771 920 828 aliud
967 771 1340 837 demonstrat,
1389 770 1492 824 nisi
1530 769 1668 824 hanc
1709 767 1953 839 fragilem
1985 782 2204 830 carnem

603 873 869 928 nostram,
901 878 1021 934 quae
1064 872 1195 919 ante
1233 861 1524 920 adventum
1569 860 1777 922 Christi
1827 859 2211 924 dominabatur

601 958 672 1016 ad
699 957 851 1022 vitia,
881 965 1006 1029 post
1033 957 1325 1018 adventum
1352 956 1471 1026 eius
1499 955 1806 1020 restrictum
1834 967 1958 1012 esse
1993 951 2060 1008 ad
2100 951 2209 1008 vir-

603 1062 818 1120 tutem;
864 1060 921 1116 ut
945 1067 1066 1124 qua
1103 1061 1235 1110 ante
1282 1049 1610 1117 luxuriandu
1645 1049 1974 1114 dilatabatur
2005 1049 2059 1102 in
2087 1049 2206 1118 pin.

596 1148 913 1220 gucdinem,
949 1163 1093 1208 nunc
1123 1146 1455 1210 abstinendo
1483 1153 1862 1204 attenuaretur
1893 1145 1946 1208 in
1971 1144 2208 1216 pellem?

675 1243 729 1298 6.
771 1241 994 1305 Exitum
1029 1256 1160 1302 vero
1187 1240 1304 1312 eius
1334 1255 1497 1310 quam
1527 1239 1742 1304 beatum
1771 1238 2031 1310 legimus,
2062 1236 2210 1294 scili-

598 1344 690 1391 cet
730 1333 872 1404 quod
921 1334 1142 1404 psaltria
1193 1334 1336 1403 regis
1387 1333 1495 1387 lilia
1525 1342 1550 1369 ιι
1575 1341 1695 1402 post
1739 1332 1891 1388 illam
1935 1330 2205 1394 mimicam

602 1427 942 1498 voluptatem
973 1436 1137 1496 caput
1164 1426 1282 1497 ejus
1309 1427 1567 1498 petierit?
1593 1425 1732 1494 Quid
1767 1425 1964 1480 mirum
1993 1423 2040 1480 si
2069 1424 2210 1492 psal-

601 1523 710 1586 tria
734 1520 936 1584 occidit
967 1523 1290 1592 prophetam
1336 1519 1530 1592 (Marc.
1562 1535 1637 1588 vt,
1663 1518 1794 1589 27)?
1837 1517 2056 1576 Scimus
2083 1517 2207 1587 quia

598 1615 816 1684 luxuria
845 1630 1062 1686 semper
1088 1627 1170 1674 est
1200 1614 1418 1670 inimica
1443 1615 1668 1684 justiti-.e
1687 1655 1700 1680 ,
1732 1623 1787 1682 et
1808 1611 2068 1684 iniquitas
2089 1612 2209 1668 sine

596 1711 907 1776 cessatione
930 1711 1274 1781 persequitur
1298 1710 1602 1766 veritatem.
1629 1707 1686 1764 ln
1709 1725 1816 1778 quo
1838 1707 1982 1768 tacto
1998 1705 2208 1777 grande

2311 492 2631 556 concubina:
2670 503 2773 554 tum
2809 493 3116 558 libertatem
3160 502 3218 556 et
3259 508 3456 552 nomen
3497 496 3672 564 uxoris;
3696 513 3802 557 neut

2309 582 2522 642 adulter
2551 584 2630 644 sis
2657 583 2859 655 potius,
2891 600 3054 654 quam
3082 584 3328 644 maritus.

2383 674 2472 730 10.
2515 675 2623 736 Sed
2650 687 2705 739 et
2733 676 2826 734 ille
2856 677 2959 734 iter
2988 676 3120 740 facit
3145 677 3379 738 Domino
3407 678 3717 748 Christianus.
3744 689 3804 755 qui

2309 766 2668 844 professionis
2695 784 2811 836 sua:
2835 769 3058 834 exhibet
3080 771 3129 826 ei
3163 769 3326 838 ﬁdele
3352 772 3609 838 servitium
3626 817 3640 840 ,
3662 786 3705 838 et
3724 793 3805 836 cas-

2312 859 2519 922 titatem
2551 876 2714 934 quam
2751 861 3043 933 promisit,
3093 862 3332 931 custodit
3360 873 3468 926 tam
3496 875 3672 932 mente,
3697 884 3806 937 quam

2309 967 2565 1024 corpore.
2596 953 2736 1010 Sunt
2768 955 2916 1014 enim
2956 954 3206 1027 plerique
3243 957 3336 1027 qui
3373 957 3665 1027 singularem
3695 960 3806 1020 titan
3894 1011 3895 1028 ξ

2313 1056 2699 1119 proponentes,
2731 1047 2929 1120 singuli
2959 1063 3084 1116 esse
3114 1065 3223 1106 non
3256 1061 3501 1120 possunt,
3531 1052 3612 1116 sed
3635 1069 3807 1122 quarunt

2309 1137 2413 1193 sibi
2442 1139 2802 1196 contubernia
2823 1181 2840 1209 ,
2876 1153 3036 1212 atque
3067 1141 3275 1208 utinam
3310 1141 3555 1206 fratrum.
3581 1142 3603 1181 δ
3627 1145 3807 1206 Invenisti

2309 1232 2664 1304 christianum
2683 1235 3035 1306 monachum,
3055 1237 3141 1292 cui
3168 1252 3294 1294 cum
3315 1236 3487 1307 fratre
3504 1252 3601 1304 non
3617 1243 3806 1306 cantent.

2309 1335 2364 1388 et
2385 1327 2639 1398 libentius
2663 1329 2712 1384 ei
2734 1330 2992 1386 convenit
3015 1345 3140 1386 cum
3158 1345 3354 1388 sorore
3379 1350 3393 1386 :
3425 1333 3514 1402 qui
3535 1349 3625 1392 non
3645 1339 3809 1406 sequius:

2309 1420 2580 1486 seniorem
2616 1421 2770 1480 utilia
2801 1433 3243 1488 commonentem
3270 1465 3288 1491 ,
3319 1433 3377 1488 et
3415 1426 3638 1496 sequitur
3668 1429 3810 1496 adules-
3894 1420 3895 1484 ἲ

2309 1513 2580 1578 centulam
2612 1513 2908 1584 incongrua
2941 1515 3393 1583 cachinuantem;
3439 1517 3558 1588 ejus
3589 1521 3669 1576 etsi
3697 1523 3810 1579 εἱιιςιι

2313 1618 2432 1666 rum
2465 1618 2664 1688 corpus
2691 1606 2784 1671 sit,
2807 1608 2986 1662 anima
3012 1623 3118 1662 non
3151 1617 3332 1679 potest
3360 1623 3483 1674 esse
3511 1611 3701 1670 sincera.

2387 1697 2473 1750 ll.
2519 1697 2624 1752 Sed
2659 1708 2713 1752 et
2738 1697 2828 1754 ille
2855 1699 3093 1757 clericus
3123 1702 3228 1758 iter
3253 1702 3489 1770 Domino
3510 1703 3640 1772 facit,
3672 1708 3740 1777 qui
3761 1722 3812 1762 sc»

603 1809 929 1876 mysterium
961 1805 1310 1868 continetur;
1341 1817 1465 1872 nam
1493 1801 1681 1872 utique
1710 1801 1826 1871 ipsa
1858 1800 2076 1870 psaltria
2106 1799 2208 1870 ὃν·
2237 1794 2284 1871 β
2313 1790 2552 1846 cundum
2584 1789 2938 1862 Ενίιηεθιίυῐη
2973 1793 3128 1860 vivit.
3159 1803 3215 1856 et
3237 1797 3338 1865 per
3365 1795 3545 1864 omnia
3570 1797 3812 1869 obtemperat

599 1913 827 1969 ttagoga:
855 1906 942 1954 est
969 1896 1339 1967 comparanda
1361 1936 1374 1962 ,
1400 1910 1523 1966 quae
1550 1894 1854 1960 Christum,
1887 1893 2016 1950 dum
2049 1893 2207 1957 luxu-

600 1993 796 2057 riatur,
827 1992 1048 2053 occidit.
1089 1990 1244 2060 Quod
1283 2001 1464 2055 autem
1519 1990 1620 2044 ista
1662 1987 1888 2058 psaltria
1920 1985 2205 2058 Synagoga

599 2086 712 2151 sit,
743 2086 875 2146 dicit
904 2086 1171 2142 Dominus
1200 2084 1266 2140 ad
1295 2083 1511 2140 Judaaos
1536 2100 1549 2136 :
1598 2081 1933 2154 Cantavimus
1960 2082 2126 2148 vobis,
2158 2088 2208 2140 et

599 2197 708 2242 non
738 2180 971 2236 saltastis
1003 2177 1226 2251 (Matth.
1261 2195 1335 2244 ιι,
1369 2177 1488 2249 l7).

672 2274 726 2330 7.
767 2272 876 2330 Cur
899 2284 1081 2330 autent
1111 2287 1143 2328 a
1167 2271 1396 2328 Joannis
1415 2286 1650 2342 corpore
1666 2278 1828 2340 caput
1847 2270 2086 2326 ablatum
2113 2269 2205 2336 sit,

595 2366 883 2428 manifesta
909 2383 999 2422 res
1022 2375 1126 2422 est.
1157 2365 1576 2432 Joannes,sicut
1605 2363 1903 2434 Scripturis
1921 2364 2207 2430 astruitur,

602 2471 788 2533 lyp,qu
809 2459 967 2532 Legis
985 2460 1245 2531 gerebat:
1265 2458 1584 2525 deDontino
1597 2466 1780 2514 autem
1805 2457 2059 2527 legimus,
2081 2456 2207 2527 quia

596 2555 704 2616 viri
752 2565 918 2625 caput
955 2553 1206 2610 Christus
1246 2561 1330 2610 est
1367 2552 1410 2624 (l
1442 2549 1563 2607 Cor.
1599 2566 1686 2618 χι,
1718 2549 1800 2621 '5).
1849 2549 1994 2620 Ergo
2025 2564 2147 2604 cum
2175 2564 2205 2603 a

598 2647 829 2712 Joannis
857 2663 1092 2717 corpore
1128 2645 1438 2716 caputeius
1467 2643 1742 2712 aufertur,
1779 2643 2034 2700 Christus
2074 2656 2208 2712 quo-

601 2740 898 2806 dammodo
926 2756 957 2796 a
985 2739 1190 2796 iudicis
1226 2739 1387 2810 chis
1421 2737 1729 2803 cultoribus
1757 2747 2066 2808 separatur.
2100 2734 2208 2790 Be-

600 2835 803 2896 mansit
851 2833 999 2890 enim
1048 2834 1155 2889 illis
1204 2833 1321 2892 sine
1363 2831 1645 2896 Salvatore
1687 2829 1800 2889 Lex
1846 2829 2117 2885 exanimis
2153 2839 2208 2886 et

600 2939 893 2996 truncata;
935 2943 1061 2985 nam
1103 2942 1168 2984 ex
1209 2942 1277 2983 eo
1320 2926 1502 2998 utique
1543 2925 1716 2982 Judrei
1756 2923 1940 2980 divina
1971 2938 2078 2986 non
2121 2937 2207 2978 sa-

601 3025 780 3095 piunt,
807 3039 872 3079 ex
902 3037 1011 3092 quo
1041 3022 1159 3078 sine
1185 3021 1364 3090 capite
1387 3033 1511 3076 esse
1541 3027 1844 3089 coeperunt.

677 3117 732 3176 8.
761 3116 869 3178 lter
901 3116 1061 3187 igitur
1094 3113 1221 3169 facit
1253 3113 1508 3180 Domino,
1538 3112 1635 3183 qui
1656 3114 1797 3168 inter
1822 3120 2050 3168 caeteras
2073 3125 2205 3166 con-

602 3209 856 3269 tinentia:
895 3211 1130 3264 virtutes
1162 3207 1496 3264 matrimonii
1537 3207 1762 3262 limitem
1803 3220 1908 3261 non
1947 3204 2199 3274 excedit,

601 3317 707 3360 nec
737 3301 977 3372 conjugii
1011 3301 1388 3372 praescriptum
1420 3300 1714 3364 terminum
1747 3297 2054 3354 adulterina
2077 3312 2202 3368 per-

602 3395 869 3456 mixtione
900 3395 1280 3452 commaculat.
1314 3393 1454 3450 Sunt
1494 3393 1639 3448 enim
1680 3391 1926 3448 nonnulli
1954 3389 2047 3462 qui
2077 3405 2200 3445 cum

601 3490 812 3562 legibus
827 3504 1026 3548 uxores
1055 3488 1332 3555 duxerint,
1355 3496 1544 3544 contra
1573 3487 1879 3545 Divinitatis
1902 3485 2076 3557 legem
2097 3483 2202 3540 sibi

600 3584 814 3644 sociant
845 3582 1182 3646 concubinas
1203 3624 1218 3648 ,
1266 3595 1372 3636 non
1405 3581 1770 3651 intelligentes
1805 3577 1950 3650 quod
1987 3587 2202 3634 contra-

599 3677 785 3740 hendo
817 3677 1163 3742 matrimonia
1184 3719 1198 3744 ,
1251 3676 1487 3746 propriis
1508 3690 1568 3734 se
1597 3674 1828 3734 vinculis
1857 3671 2201 3737 constrinxe-

597 3784 753 3836 runt:
800 3775 890 3844 qui
922 3773 1068 3830 enim
1097 3773 1308 3844 legibus
1336 3772 1491 3827 duxit
1519 3784 1770 3835 uxorem,
1814 3766 2099 3838 proﬁtetur
2142 3780 2200 3821 se

596 3877 786 3924 contra
817 3867 990 3938 legem
1020 3881 1126 3922 non
1161 3879 1286 3920 esse
1316 3863 1606 3920 facturum.
1632 3861 1804 3928 Reum
1835 3874 1968 3930 ergo
1996 3860 2112 3928 ipse
2141 3872 2201 3914 se

596 3965 809 4032 statuit,
843 3963 933 4032 qui
965 3959 1280 4022 adhibendo
1312 3958 1416 4015 sibi
1447 3957 1786 4024 adulteram,
1810 3953 1899 4026 jus
1931 3952 2198 4024 pollicita-

595 4060 764 4118 tionis
790 4057 1023 4116 excedit.

666 4153 720 4208 9.
764 4151 872 4208 Sed
901 4151 1036 4208 dicit
1061 4149 1296 4219 aliquis:
1329 4147 1568 4206 Uxorem
1613 4162 1718 4200 non
1748 4143 1958 4210 habeo,
1990 4152 2046 4198 et
2073 4141 2201 4207 ideo

593 4245 730 4302 mihi
755 4243 1068 4305 ancillulam
1091 4243 1321 4300 sociavi.
1350 4240 1492 4298 Audi
1515 4237 1644 4310 quid
1671 4237 1815 4293 dicat
1832 4234 2110 4306 Scriptura
2130 4234 2198 4290 ad

594 4337 908 4401 Abraham:
958 4336 1107 4408 Ejice
1151 4335 1440 4401 ancillam,
1477 4343 1523 4388 et
1561 4331 1730 4402 ﬁlium
1760 4334 1906 4404 ejus;
1931 4346 2031 4394 non
2062 4330 2198 4390 enim

593 4437 759 4500 [iteres
795 4435 890 4498 erit
914 4434 1058 4505 ﬁlius
1088 4431 1293 4491 ancillw
1323 4447 1440 4486 cum
1478 4428 1590 4500 ﬁlio
1624 4429 1800 4492 libera:
1835 4425 1951 4498 (52,
1977 4443 2028 4496 q.
2059 4425 2116 4493 4,
2145 4441 2194 4480 c.

595 4529 750 4590 Dicat
777 4527 1010 4599 aliquis).
1044 4525 1102 4583 Si
1128 4526 1290 4598 igitur
1316 4523 1528 4590 ancilla:
1564 4520 1704 4582 [ilius
1734 4521 1911 4589 bmres
1942 4535 2050 4584 non
2077 4527 2193 4585 cst,

592 4639 727 4695 ergo
754 4638 854 4678 nec
886 4621 1030 4678 ﬁlius
1071 4629 1175 4680 est.
1215 4620 1326 4676 Cur
1374 4632 1506 4690 ergo
1545 4616 1807 4688 quatitur
1853 4615 1962 4681 tale
2006 4614 2197 4685 coniu-
2301 4621 2417 4693 ipse
2445 4635 2544 4678 nos
2575 4620 2782 4690 reﬁcit;
2814 4587 2913 4682 est
2943 4587 3090 4683 enim
3127 4587 3814 4700 omnibusmcopiis‘relcrm

589 4720 763 4791 giutn,
790 4717 859 4774 de
887 4731 996 4788 quo
1023 4723 1312 4786 susceptus
1337 4713 1485 4777 lilius
1515 4727 1615 4774 nec
1644 4710 2006 4778 successionis
2028 4708 2200 4778 possit

591 4813 772 4870 haeres
803 4825 929 4869 esse
959 4809 1112 4881 (Gen.
1147 4825 1259 4874 xu,
1293 4808 1384 4880 10)
1403 4850 1416 4875 ,
1439 4824 1541 4864 nec
1561 4805 1727 4880 563
1753 4803 2066 4876 sanguinis?
2088 4802 2198 4860 Nec

588 4907 735 4967 enim
770 4905 974 4963 habere
1005 4913 1179 4974 potest
1211 4902 1546 4963 haereditatis
1570 4899 1906 4959 consortium
1927 4941 1942 4965 ,
1967 4898 2059 4968 qui
2084 4911 2196 4958 non

590 5000 749 5058 habet
784 4997 1016 5070 originis
1045 4995 1411 5066 privilegium.
1454 4993 1592 5058 Cur,
1640 4993 1895 5064 inquam,
1935 4991 2196 5060 qureritur

587 5093 694 5148 tale
715 5089 1158 5152 contubernium,
1187 5087 1256 5142 de
1284 5101 1391 5156 quo
1415 5086 1528 5150 uati
1553 5085 1648 5146 lilii
1680 5100 1786 5140 non
1817 5081 2146 5146 matrimonii
2174 5123 2192 5149 ,

585 5186 684 5250 sed
713 5193 884 5244 testes
913 5184 1024 5247 sint
1042 5180 1337 5238 adulterii?
1360 5178 1469 5235 Cur
1492 5177 1801 5249 ltujttsmodi
1823 5179 2191 5248 suscipiuntur

584 5279 877 5350 adullerini
899 5319 915 5347 ,
962 5279 1054 5348 qui
1088 5275 1230 5347 patri
1262 5274 1459 5345 pudori
1485 5275 1614 5340 sint,
1649 5289 1754 5336 non
1789 5272 2020 5332 honori?
2053 5273 2195 5330 Dicit

587 5370 904 5443 Scriptura:
939 5369 1311 5434 Adulterarum
1352 5367 1449 5435 ﬁlii
1472 5382 1575 5432 non
1613 5365 1808 5430 initiati
1833 5374 2012 5434 erunt,
2054 5367 2190 5426 etab

586 5463 764 5535 iniquo
789 5463 935 5520 thoro
965 5480 1137 5526 semen
1163 5461 1588 5528 exterminabitur
1618 5460 1776 5534 (Sag.
1812 5477 1891 5527 Ill,
1927 5461 2040 5533 l6).
2073 5461 2188 5524 Mu-

587 5551 687 5612 lier
714 5557 877 5626 igitur
901 5564 990 5612 tua
1021 5557 1066 5614 si
1099 5555 1300 5621 talibus
1330 5555 1571 5622 moribus
1602 5553 1828 5625 praedita
1855 5563 1961 5622 est,
1993 5562 2052 5610 ut
2073 5570 2189 5612 tne-

659 5727 683 5755 "
724 5716 908 5788 Codex
938 5717 1142 5788 Lugd,
1175 5727 1292 5788 post
1319 5719 1465 5772 illaut
1495 5718 1760 5773 inimicam
1786 5717 2122 5787 voluptatem.

657 5788 683 5830 ι)
725 5787 898 5857 Lugd.
933 5787 1084 5850 cett},
1115 5787 1299 5844 Inreni
1326 5791 1481 5844 etiam
1502 5789 1863 5854 christianum,
1887 5799 1994 5846 etc.

660 5873 680 5902 ε
722 5859 911 5918 Codex
935 5858 1110 5930 Lugd.
1133 5898 1151 5930 ,
1191 5860 1508 5920 sacerdotem
1547 5861 1710 5934 exigis
1749 5871 1887 5934 pan,
1927 5870 1974 5919 et
2006 5869 2053 5919 te
2081 5877 2184 5921 non

2310 1884 2617 1956 sacerdoti;
2664 1885 2926 1958 aliquanti
2958 1886 3101 1948 enim
3136 1903 3259 1956 cuni
3300 1889 3412 1952 sint
3453 1891 3621 1950 minus
3649 1895 3809 1956 subditi,

2309 1978 2546 2040 moleste
2577 1981 2775 2048 lerunt,
2806 1995 2926 2038 cum
2951 1999 2979 2036 a
3003 1984 3315 2046 senioribus
3339 1999 3638 2058 arguuntur.
3659 1987 3809 2046 Dicm:

2309 2071 2562 2131 Graviter
2591 2075 2842 2144 irascitur
2865 2078 3174 2156 cpiscopus,
3201 2081 3500 2152 patientior
3519 2097 3626 2152 esse
3641 2083 3808 2140 deberet.

2308 2165 2449 2222 Audi
2481 2181 2610 2238 ergo
2633 2209 2649 2235 ,
2696 2169 2902 2240 optime
2942 2172 3169 2234 clerice:
3204 2184 3225 2212 ε
3250 2174 3565 2243 Sacerdotis
3596 2177 3731 2249 exigis
3757 2195 3812 2248 pt-

2308 2258 2584 2329 tientiam,
2616 2273 2670 2318 et
2703 2264 2776 2320 tui
2810 2281 2916 2326 non
2949 2265 3123 2338 exigis
3143 2266 3528 2344 disciplinam?
3565 2271 3719 2330 Nescis
3738 2275 3811 2342 quia

2309 2351 2443 2407 mihi
2465 2352 2655 2416 salutis
2687 2371 2848 2416 causa
2878 2373 3108 2429 arguere
3135 2360 3432 2429 aliquando
3462 2365 3733 2438 permissum
3749 2377 3811 2431 est,

2310 2444 2404 2501 tibi
2443 2463 2734 2518 numquam
2784 2466 3011 2522 peccare
3055 2469 3384 2512 concessum
3435 2459 3548 2526 est?
3587 2460 3694 2516 dicit
3722 2462 3813 2516 enim

2307 2535 2640 2608 Apostolus:
2685 2539 2907 2615 Increpa
2945 2554 3258 2618 opportune,
3306 2549 3589 2626 importune
3629 2569 3748 2624 ergit:
3777 2551 3812 2619 (Ι

2295 2628 2445 2686 ,Tint.
2477 2647 2553 2699 tv,
2585 2631 2664 2702 2).
2708 2635 2839 2696 E510
2869 2652 3000 2710 ergo
3044 2637 3098 2696 in
3136 2641 3396 2702 omnibus
3433 2644 3662 2708 subditus
3695 2660 3814 2702 stoer-

2308 2724 2445 2792 doti,
2479 2725 2522 2784 si
2555 2726 2636 2782 vis
2663 2743 2786 2800 cum
2816 2743 2939 2790 esse
2964 2741 3328 2808 mansuetum.

2909 2821 3144 2892 SERHQ
3185 2824 3317 2882 Llll.

2379 2911 2435 2967 ln
2466 2912 2629 2970 natali
2661 2923 2977 2980 sanctorum
3007 2920 3383 2992 apostolorum
3413 2920 3555 2978 Petri
3583 2933 3628 2979 ct
3649 2923 3777 2980 Pauli.

2308 3002 2450 3058 Huic
2489 3008 2713 3061 sermoni
2745 3009 2874 3062 nihil
2903 3010 3110 3064 omnino
3136 3011 3302 3082 inesse
3332 3013 3814 3088 deprehetnlimasdn

2380 3098 2612 3156 brosiani
2651 3101 2809 3174 styli;
2840 3113 2884 3161 et
2915 3107 3146 3176 quamvis
3176 3109 3229 3172 in
3259 3124 3381 3168 mu.
3410 3110 3692 3177 quibusdam
3711 3113 3815 3165 tanta

2382 3193 2639 3250 Antistitis
2662 3197 2868 3260 nomine
2891 3197 3226 3268 inscribqlttr,
3253 3202 3310 3256 in
3339 3203 3690 3273 antiquioribus
3707 3216 3815 3258 tam

2380 3290 2571 3344 nemini
2597 3291 2860 3347 tribuitur.
2887 3291 3069 3358 Posset
3093 3296 3226 3368 {orte
3249 3312 3317 3362 an
3338 3299 3516 3352 ueteris
3536 3298 3728 3360 auctoris
3742 3297 3815 3350 inde

2379 3384 2575 3453 putari,
2607 3386 2744 3456 quod
2771 3402 3060 3444 numerosae
3090 3403 3422 3462 paganorum
3445 3393 3753 3448 conversiones
3768 3391 3816 3456 div

2378 3489 2565 3534 cantur
2594 3483 2769 3550 facta,
2799 3482 2902 3542 nisi
2929 3483 3248 3554 commodius
3285 3485 3358 3552 ad.
3393 3488 3712 3560 apostolorum
3733 3501 3814 3556 prc-

2377 3571 2682 3628 dicationent
2712 3573 2792 3630 ha:
2820 3576 3152 3646 referrentur.

2378 3687 2429 3742 l.
2473 3687 2716 3744 Natalem
2761 3689 3200 3747 beatissimorum
3238 3697 3606 3764 apostolorum
3643 3694 3760 3751 Petri
3785 3704 3816 3746 u

2304 3778 2453 3836 Pauli
2485 3778 2648 3836 hodie
2671 3781 3044 3850 celebrantes,
3079 3782 3278 3842 fratres
3300 3787 3628 3854 charissimi,
3654 3786 3815 3844 diversis

2303 3873 2481 3944 epulis
2517 3889 2615 3929 nos
2647 3874 2869 3930 reﬁcere
2899 3875 3161 3936 debemus
3182 3919 3198 3944 ,
3241 3887 3300 3938 et
3324 3887 3528 3936 tantam
3555 3881 3813 3937 festivitatem

2303 3979 2495 4035 magna
2529 3981 2652 4023 cum
2683 3967 2874 4026 laetitia
2897 3968 3194 4026 celebrare.
3230 3969 3259 4024 (ι
3279 3971 3418 4040 Quis
3441 3973 3585 4034 enim
3611 3971 3754 4028 talium
3770 3969 3815 4023 ti-

2302 4071 2489 4114 rorum
2515 4059 2922 4124 solemnitatem
2965 4077 3074 4120 non
3118 4077 3316 4134 magna
3359 4077 3486 4120 cum
3529 4065 3694 4121 limiti:
3714 4063 3815 4119 debet

2300 4151 2621 4210 celebrare?
2661 4153 2798 4222 Quis
2835 4155 2982 4212 enim
3033 4155 3226 4215 talium
3264 4157 3510 4228 virorum
3556 4158 3814 4215 solemnitate

2302 4260 2408 4302 non
2449 4261 2676 4318 magnos
2717 4247 2820 4304 sibi
2863 4248 3121 4322 exhibeat
3156 4263 3483 4322 apparatus;
3528 4263 3586 4310 ut
3627 4268 3717 4324 quo
3741 4249 3814 4322 plus

2298 4342 2640 4412 cxpenderit,
2665 4344 2787 4414 plus
2807 4359 2868 4400 se
2889 4345 3172 4416 apostolos
3187 4348 3479 4406 conﬁrmet
3501 4349 3702 4406 amare?

2369 4436 2425 4492 ἢ.
2470 4435 2860 4495 Verumtamen
2891 4453 2998 4496 non
3034 4453 3172 4510 opus
3213 4449 3300 4498 est
3328 4444 3557 4513 proprio
3583 4450 3757 4510 sumptu
3776 4435 3814 4489 ad

2298 4527 2654 4587 refectionem
2684 4538 2960 4591 nostram:
2996 4547 3120 4591 nam
3146 4532 3314 4588 natali
3338 4547 3440 4591 suo
3463 4544 3672 4592 sanctus
3687 4531 3814 4588 Petrus

2299 4727 2394 4773 vas
2420 4713 2560 4784 ejus,
2594 4715 2742 4785 quod
2775 4715 2852 4772 illi
2899 4715 2968 4774 de
3011 4718 3160 4776 coelo
3191 4721 3459 4777 esurienti
3505 4722 3722 4780 delatum
3749 4725 3814 4773 est.

2295 4806 2467 4878 Igitur
2497 4806 2594 4878 qui
2619 4809 2832 4876 esurit,
2880 4811 3021 4866 sicut
3052 4811 3248 4869 Petrus
3269 4853 3287 4880 ,
3335 4813 3584 4872 reﬁcitur
3613 4814 3710 4886 ipse
3737 4824 3812 4866 cum

2296 4903 2483 4959 Petro.
2538 4901 2609 4960 Ut
2644 4902 2774 4974 quid
2824 4919 2958 4976 ergo
3006 4921 3377 4978 prspttt‘emus
3416 4910 3572 4970 nobis
3612 4897 3814 4981 propritim

2297 4994 2623 5066 prandium,
2664 5010 2789 5053 cum
2827 4997 3136 5067 apostolico
3165 4999 3376 5058 ferculo
3420 4998 3815 5073 saginemurtcur

2300 5093 2459 5148 nobis
2489 5093 2832 5162 inquiramus
2861 5102 3108 5150 terrenas
3131 5097 3317 5166 epulas
3335 5137 3352 5162 ,
3377 5111 3502 5152 cum
3531 5097 3814 5154 mlestum-

2295 5185 2417 5256 pias
2441 5185 2775 5244 habeamus?
2800 5186 2939 5244 Dicit
2968 5187 3115 5245 enim
3141 5198 3376 5246 sanctus
3387 5189 3560 5259 Lucas
3585 5192 3634 5245 in
3659 5184 3813 5245 Actibus

2293 5279 2672 5348 apostolorum
2721 5289 2846 5349 post
2889 5280 3196 5351 orationem
3238 5281 3502 5349 esurienti
3549 5281 3690 5337 Petro
3719 5277 3814 5332 cita

2293 5371 2484 5430 horam
2517 5379 2730 5428 sextam
2757 5379 2950 5440 aperto
2974 5372 3125 5436 coelo,
3141 5387 3238 5432 vas
3257 5373 3528 5446 quoddam
3549 5367 3814 5447 splendida!

2290 5464 2443 5522 velut
2483 5464 2709 5524 linteum
2759 5463 2934 5522 luisse
2971 5465 3246 5535 delatum,
3293 5469 3356 5525 in
3387 5482 3496 5539 quo
3523 5474 3664 5524 erant
3691 5457 3813 5518 mnia

2289 5556 2668 5628 quadrupedis.
2688 5565 2746 5619 et
2769 5558 3018 5629 repentia
3046 5567 3244 5629 terrm,
3290 5569 3346 5621 st
3371 5560 3605 5621 volatilia
3635 5554 3762 5615 coeli;
3779 5557 3814 5604 ει

2295 5733 2321 5772 e
2363 5728 2378 5771 ι
2415 5728 2432 5772 τ
2467 5758 2481 5780 ,
2604 5762 2616 5774 .

2324 5733 2412 5826 πάρ
2435 5728 2822 5859 allatum...
2855 5792 3000 5853 debet
3024 5793 3304 5862 celebrare,
3330 5794 3388 5852 in
3419 5793 3615 5852 nostris
3627 5785 3809 5848 estnihil

2293 5875 2426 5926 mss.
2455 5863 2671 5922 desunt.
