3944 6310
77 276 169 334 715
849 262 1225 325 SERMONES
1262 267 1323 326 S.
1364 259 1714 326 AMBROSIO
1753 262 2124 325 HACTENUS
2161 266 2496 327 ASCRIPTI.
3227 270 3335 329 ιιι

73 391 255 449 dixisse
281 383 554 441 Dominttm
580 381 647 438 ad
677 395 800 439 eum
827 399 840 437 :
876 382 1050 451 Pctre,
1083 403 1240 462 surge
1261 403 1280 442 :
1317 388 1548 453 immota,
1582 399 1628 443 et
1657 389 1704 447 Λ
1735 385 1974 440 resoluta
1989 387 2360 443 membrorum
2375 387 3338 459 sarcina.magisadhmrentChristo,

75 484 300 541 manduca
329 479 460 554 (Art.
489 495 544 546 Χ,
578 479 640 534 ll
669 489 716 534 et
739 477 896 549 seq.).
1732 478 1873 533 sicut
1911 478 1988 532 ait
2027 479 2226 533 Paulus
2258 481 2572 550 apostolus:
2605 478 2866 549 Dissolvi,
2893 490 2943 536 et
2979 499 3095 537 cum
3126 481 3334 539 Christo

133 579 181 631 5.
219 574 352 630 Ecce
383 573 566 628 Petrus
588 612 602 635 ,
647 572 736 642 qui
765 571 899 626 dicit
927 573 1056 628 alibi
1085 592 1097 626 :
1140 575 1337 628 Aurum
1367 584 1412 629 et
1443 593 1630 646 argen-
1730 587 1872 636 esse,
1906 571 2068 625 multa
2098 571 2284 625 melius
2317 571 2543 642 (Philip.
2575 589 2616 642 t,
2645 574 2764 645 25).
2791 573 2909 630 Νοιι
2943 590 3073 646 ergo
3102 575 3330 632 dicenda

73 682 162 726 tum
196 685 288 722 non
315 675 385 722 est
415 664 537 719 mihi
567 663 719 736 (Act.
764 681 823 720 ut
843 708 858 733 ,
884 666 946 732 6)
975 683 990 733 ;
1041 684 1183 724 nunc
1227 669 1461 724 convivii
1507 670 1627 741 ejus
1730 674 1812 719 est
1833 679 2121 736 mors,qua
2146 667 2563 732 interveniente,
2583 684 2835 726 caremus
2857 672 3318 741 persecutoribus,

73 763 318 817 vasculum
365 758 699 830 splendidius
743 771 827 815 est
871 769 1131 832 argento:
1182 771 1239 818 ut
1279 765 1368 834 qui
1403 774 1628 836 propter
1727 765 1782 812 et
1808 757 2028 812 Christo
2051 760 2452 814 connectimur.
2476 760 2592 816 Non
2616 773 2703 817 est
2728 764 2889 833 plane
2909 764 3136 819 dicenda
3161 780 3332 830 mors.

67 854 311 912 Christum
343 861 367 890 α
388 852 588 924 ξυνεθηῆ
616 854 854 924 speciem
888 853 1197 924 refutasset’
1232 875 1325 928 per
1345 858 1622 914 ChrisluIn
1727 866 1848 922 qua:
1887 852 2107 907 Christo
2147 862 2422 908 mortuum
2466 855 2714 922 socians,
2759 857 2966 912 lucrum
3006 859 3174 915 εηίεἱι
3208 875 3332 914 mo-

65 947 246 1019 argenti
265 945 432 1001 nitore
453 945 737 1002 ditaretur.
754 947 1029 1004 Pransuro
1053 950 1218 1019 igitur
1241 951 1403 1008 Petro
1425 953 1617 1010 desunt

1781 945 1920 1000 entis
1938 987 1952 1011 ,
1980 946 2122 1002 sicut
2152 947 2228 1001 ait
2265 947 2456 1003 beatus
2481 949 2802 1016 Apostolus:
2843 951 2976 1006 Mihi
3000 955 3138 1008 enim
3166 955 3334 1009 eicere

64 1059 290 1100 cocorum
319 1053 622 1114 apparatus,
646 1042 843 1098 desunt
867 1043 1125 1114 obsequia
1149 1044 1622 1104 famulorumzsed
1727 1036 1961 1093 Christus
1977 1048 2071 1105 est,
2103 1049 2150 1094 et
2179 1041 2522 1096 moritucrum
2542 1041 2861 1116 (Ibid/il).
2882 1045 2971 1099 llla
3000 1055 3180 1102 autem
3203 1063 3332 1104 vera

63 1134 185 1207 quod
212 1143 288 1191 est
334 1135 525 1189 melius
547 1176 560 1199 ,
604 1134 904 1191 ministeria
947 1135 1128 1191 divina
1175 1154 1282 1192 ηυη
1306 1138 1525 1207 desum,
1567 1150 1623 1196 ει
1726 1141 1810 1186 est
1841 1148 2014 1198 mors,
2041 1149 2162 1205 quae
2189 1135 2353 1190 etiam
2377 1137 2649 1192 viventem
2676 1137 2950 1194 hominem
2987 1151 3332 1210 peccatorum

64 1227 240 1284 utiliori
282 1228 696 1283 commutatione
748 1238 941 1283 sancto
991 1229 1128 1295 viro,
1182 1231 1324 1300 quod
1374 1230 1531 1288 deest
1567 1233 1619 1287 in
1728 1236 1906 1282 mvrle
1951 1229 2309 1299 constringit;
2354 1231 2478 1300 quia
2523 1231 2773 1301 quamvis
2817 1236 3000 1289 Vivere
3043 1235 3326 1300 Videalur,

63 1325 216 1390 terris,
243 1323 468 1378 abundat
499 1323 550 1376 in
582 1323 770 1388 ccelis;
805 1336 858 1378 ut
890 1339 948 1379 se
977 1326 1186 1379 reficiat
1214 1326 1358 1380 enim
1388 1326 1581 1383 Petrus
1603 1369 1617 1393 ,
1724 1320 2026 1376 sceleribus
2074 1332 2254 1378 tamen
2300 1325 2412 1378 suis
2453 1327 2615 1380 morti
2657 1326 2768 1396 jam
2803 1329 3013 1383 videtur
3046 1331 3332 1397 addictus,

64 1436 156 1476 non
181 1418 448 1475 cellarium
480 1418 711 1474 sollicite
753 1429 1053 1487 reseratur,
1087 1420 1180 1476 sed
1210 1421 1408 1476 coelum
1442 1421 1618 1492 ipsum
1724 1418 1868 1472 sicut
1893 1418 1969 1472 ait
1997 1419 2294 1488 Apostolus
2311 1420 2376 1475 de
2398 1421 2489 1476 illa
2512 1422 2772 1478 deliciosa
2800 1424 2980 1478 vidua:
3009 1424 3137 1479 Iltcc
3163 1437 3332 1480 autem

61 1514 280 1586 protinus
310 1514 564 1584 aperitur.
592 1513 620 1552 δ
659 1515 912 1586 Legimus
955 1516 1007 1571 in
1038 1517 1334 1588 Scripturis
1370 1529 1617 1575 sanctum

1781 1527 1896 1564 vens
1925 1521 2132 1566 mortua
2161 1523 2234 1568 est
2267 1511 2308 1584 (Ι
2339 1513 2475 1567 Tim.
2510 1531 2564 1579 v,
2598 1515 2674 1586 6).

61 1605 209 1660 Eliam
251 1607 300 1659 in
341 1604 556 1661 deserto
585 1607 762 1662 corvis
802 1607 1236 1664 ministrantibus
1271 1620 1485 1682 pastum
1518 1612 1619 1681 (Ill
2327 1607 2560 1664 SERllO
2599 1609 2733 1664 LlV.

59 1696 168 1770 Reg.
196 1712 316 1761 xvn.
345 1695 432 1769 6);
463 1707 666 1769 quanto
694 1700 890 1755 melius
916 1700 1130 1767 Petrus,
1155 1704 1241 1757 cui
1265 1719 1371 1758 non
1397 1720 1616 1773 parvam
1796 1699 1872 1756 De
1904 1700 2148 1770 neglecta
2180 1702 2531 1759 solemnitate
2562 1703 2844 1759 beatorum
2878 1707 3254 1776 apostolorum

57 1805 213 1846 escam
246 1799 376 1846 tetra
415 1793 534 1847 avis
563 1793 821 1864 porrigit.
873 1793 968 1849 sed
1002 1795 1274 1865 integrum
1305 1797 1616 1852 convivium
1646 1785 1694 1846 Β
2319 1797 2462 1852 Petri
2494 1806 2548 1852 ct
2577 1798 2750 1854 Pauli.

55 1883 313 1939 multitudo
341 1885 582 1956 angelica
610 1885 987 1942 subministrat
1014 1889 1026 1941 !
1726 1885 1872 1942 Edit.
1903 1888 2064 1959 antiq.
2090 1899 2136 1942 et
2160 1888 2324 1943 codex
2350 1888 2522 1961 Lugd.
2553 1890 2673 1945 huic
2703 1895 2926 1948 sermoni
2953 1895 3163 1950 titulum
3194 1913 3330 1966 pra:-

113 1975 261 2050 m
291 1975 342 2032 4.
384 1976 512 2032 Post
542 1979 850 2034 orationem
887 1995 1016 2051 ergo
1042 1982 1215 2036 esurit
1249 1982 1446 2038 Petrus
1477 1981 1614 2052 (Act.

56 2084 101 2134 ι,
128 2069 528 2141 l0).Mirandum
559 2086 659 2126 cur
689 2083 938 2127 sanctum
967 2075 1138 2128 virum
1165 2084 1286 2145 post
1310 2075 1615 2130 orationem

56 2163 200 2218 fames
228 2173 500 2234 sequatur,
529 2180 654 2219 cum
684 2165 862 2220 soleat
892 2164 1064 2221 fames
1094 2169 1342 2223 oratione
1377 2167 1610 2238 depelli,

54 2262 100 2309 et
120 2254 350 2310 esuriens
377 2255 556 2311 anima
589 2271 694 2312 non
728 2256 826 2312 nisi
860 2258 1334 2315 obsecrationibus
1355 2259 1616 2331 saginari.

52 2347 140 2404 Sed
170 2360 286 2420 puto
308 2350 523 2406 Petrum
551 2360 678 2422 post
704 2352 1008 2408 orationem
1039 2369 1144 2408 non
1177 2355 1359 2409 cibum
1383 2355 1621 2411 esurisse

53 2440 322 2510 hominum,
361 2444 456 2500 sed
501 2446 773 2504 salutem:
824 2462 926 2502 nec
970 2447 1148 2503 inedia
1199 2460 1454 2503 vexatum
1497 2465 1619 2506 esse

51 2539 284 2606 corporis,
307 2539 398 2595 sed
422 2537 607 2612 inopia
631 2541 968 2597 credentium
992 2543 1291 2600 laborasse.
1315 2542 1448 2599 Cum
1473 2545 1617 2600 enim

51 2627 274 2686 Iudaicus
314 2634 542 2704 populus
588 2633 825 2704 perﬁdus
864 2644 920 2690 et
968 2634 1255 2706 ingratus,
1300 2635 1394 2690 illo
1427 2637 1621 2706 praedi-

49 2736 207 2793 cante,
238 2727 450 2784 Christo
495 2744 611 2784 non
657 2729 930 2798 crederet,
976 2729 1172 2786 famem
1215 2730 1619 2802 quodammodo

53 2816 219 2876 Petrus
260 2820 339 2876 sui
384 2823 550 2879 ol'ticii
597 2824 936 2889 sustinebat;
979 2823 1176 2881 famem
1207 2827 1353 2881 enim
1393 2826 1616 2896 patitur,

1791 1980 1959 2051 ﬁgunt
2000 1981 2075 2036 De
2104 1982 2412 2052 Margarita.
2452 1983 2572 2038 Non
2609 1985 2814 2055 quidem
2846 1998 3008 2053 recte,
3049 1989 3140 2042 sed
3167 1989 3332 2043 multo

1794 2077 1941 2146 pejus
1967 2072 2120 2128 Rom.
2155 2076 2280 2130 edit.
2317 2077 2469 2131 illum
2497 2079 2728 2132 inscribit
2755 2079 2810 2133 In
2836 2079 3001 2135 Festo
3031 2081 3086 2137 S.
3123 2080 3328 2149 Lucize,

1797 2177 1918 2231 etc.,
1953 2185 2067 2220 cum
2099 2174 2163 2223 de
2186 2181 2366 2224 sancta
2397 2170 2493 2224 illa
2524 2171 2578 2224 in
2609 2183 2715 2226 toto
2755 2190 2987 2229 sermone
3026 2176 3228 2229 nullum
3259 2177 3328 2230 sit

1793 2260 2023 2314 verbum.
2065 2262 2255 2316 Verum
2296 2263 2457 2336 igitur
2492 2265 2882 2333 inscriptionem
2915 2285 2940 2320 e
2971 2268 3086 2321 cod.
3122 2269 3334 2340 Remig.

1794 2352 2130 2407 restituimus.
2179 2353 2332 2420 Quod
2361 2371 2517 2424 porro
2559 2357 2627 2409 ad
2657 2367 2918 2411 auctorem
2949 2358 3107 2428 hujus
3137 2377 3334 2414 senue-

1795 2446 1905 2512 nis,
1939 2456 2105 2518 potest
2133 2449 2340 2516 quidem
2367 2449 2452 2502 hic
2481 2449 2618 2502 idem
2655 2467 2765 2505 esse
2786 2491 2800 2515 ,
2845 2453 2932 2520 qui
2961 2461 3010 2505 et
3036 2469 3330 2508 sermonum

1791 2539 1894 2602 42.
1925 2540 1999 2596 45
2027 2552 2075 2595 et
2104 2540 2206 2606 4b;
2236 2542 2330 2597 sed
2353 2543 2442 2614 qui
2470 2543 2740 2599 Ambrosio
2771 2545 2923 2598 illum
2951 2549 3214 2618 arrogabit
3237 2590 3250 2613 ,
3285 2551 3329 2603 is

1793 2633 1847 2686 in
1889 2632 2233 2688 Ambrosiana
2282 2635 2505 2690 lectione
2547 2654 2733 2707 parum
2775 2649 3032 2692 versatum
3071 2657 3125 2695 se
3155 2640 3330 2696 decla-

1793 2727 1950 2782 rabit.

1795 2823 1849 2877 1.
1893 2821 2040 2878 Satis
2070 2823 2136 2878 ad
2180 2826 2579 2882 correctionem
2621 2836 2858 2882 vestram
2892 2829 3128 2884 arbitror
3169 2845 3328 2900 posse

1721 2915 2008 2982 sufficere,
2046 2916 2248 2973 fratres
2290 2919 2511 2985 dilecti,
2560 2919 2704 2987 quod
2734 2922 3010 2976 anteriore
3050 2923 3331 2978 Dominica

106 3009 151 3063 5.
194 3010 242 3065 lit
286 3014 634 3069 ccenaculum
699 3013 858 3084 igitur
915 3012 982 3067 ad
1038 3013 1341 3069 orationem
1390 3014 1618 3070 festinus
1721 3009 2102 3080 profecturus,
2143 3011 2288 3066 nulla
2330 3013 2485 3067 vobis
2518 3028 2796 3068 sacrarum
2829 3013 3131 3070 litterarum
3163 3017 3327 3087 spiri-

49 3105 263 3160 ascendit
286 3104 477 3177 (Ibid.,
504 3106 594 3180 9).
626 3107 772 3163 Bene
810 3106 887 3160 ait
931 3107 983 3161 in
1023 3107 1359 3162 ctenaeulum
1390 3106 1458 3161 ad
1489 3122 1616 3163 ora-
1722 3103 1848 3158 talia
1873 3103 2016 3158 dona
2047 3104 2272 3175 largitus
2303 3104 2442 3159 sim:
2477 3105 2570 3159 sed
2600 3113 2804 3159 tantum
2833 3122 2930 3161 vos
2961 3108 3250 3177 increpans
3272 3119 3327 3165 et

52 3196 224 3252 tionem
241 3201 545 3256 ascendisse
570 3200 952 3270 Petrum;quia
968 3200 1146 3255 omnis
1167 3201 1620 3272 sanctusquando
1645 3188 1692 3252 C
1725 3213 1958 3267 arguens
1991 3214 2088 3268 pro
2116 3207 2361 3267 peccato,
2395 3203 2515 3254 sine
2549 3198 2726 3270 aliqua
2761 3200 3162 3269 pra-dicatiunis
3193 3218 3327 3257 con-

52 3301 172 3354 orat,
191 3292 490 3364 relinquens
514 3294 770 3361 humilia,
791 3294 875 3349 vel
895 3303 1129 3357 terrena,
1150 3292 1204 3348 iu
1229 3293 1397 3348 altum
1422 3293 1619 3349 mentis
1722 3291 1988 3344 solutione
2011 3289 2339 3345 dimiserim.
2370 3291 2522 3346 Volui
2547 3293 2688 3345 enim
2714 3309 2812 3346 vos
2837 3292 2938 3348 hoc
2959 3293 3136 3360 ipsum
3168 3295 3329 3352 intel-

54 3386 328 3453 extollitur,
355 3389 488 3444 etin
519 3388 760 3444 sublime
790 3403 1087 3456 suspensus
1122 3388 1351 3456 rapitur,
1389 3396 1442 3442 et
1472 3387 1620 3458 cogi-
1721 3381 1889 3452 ligcre
1907 3399 2067 3452 quam
2094 3383 2334 3454 graviter
2366 3385 2746 3451 peccaveritis,
2781 3387 2873 3454 qui
2905 3385 3086 3441 divina
3111 3389 3326 3458 eloquia

55 3479 230 3535 latione
254 3493 435 3538 sancta
465 3483 609 3540 εωιο
640 3482 855 3537 vicinus
879 3480 1137 3536 efticitur.
1177 3479 1355 3546 Atque
1393 3480 1463 3534 ibi
1496 3494 1621 3534 esu-
1721 3475 1911 3529 audire
1939 3475 2164 3530 minime
2193 3477 2491 3531 meruistis.
2523 3476 2648 3532 llarc
2680 3480 2824 3532 enim
2853 3479 3196 3535 saecrdomm
3234 3498 3328 3540 vc-

54 3568 190 3626 rienti
219 3572 322 3638 illi,
353 3575 452 3630 hoc
482 3583 588 3642 est,
620 3573 875 3644 cogitanti
906 3573 958 3627 in
986 3571 1167 3626 cordis
1195 3571 1279 3625 sui
1315 3570 1618 3625 sublimiori
1723 3569 1953 3624 hemens
1980 3583 2034 3625 et
2063 3569 2286 3641 c0piosa
2315 3570 2551 3625 vindicta
2585 3579 2704 3637 est,
2751 3573 2987 3642 indignis
3017 3575 3328 3646 quibusque

52 3661 154 3719 loco
177 3682 268 3737 pro
287 3669 458 3725 salute
483 3669 698 3725 Judaici
724 3669 938 3738 populi,
985 3667 1218 3724 offertur
1250 3681 1345 3721 vas
1371 3667 1620 3721 diverso-
1721 3663 2113 3732 scripturarum
2159 3663 2464 3719 caelestium
2511 3676 2850 3719 sat-ramenta
2899 3683 3004 3720 non
3051 3669 3320 3722 credere:

53 3772 158 3814 rum
179 3777 423 3832 generum
450 3764 780 3820 animalibus
801 3765 1045 3836 plenum,
1069 3765 1217 3820 velut
1238 3762 1519 3819 divinitate
1540 3761 1622 3815 di-
1724 3771 1845 3821 nec,
1875 3755 2020 3812 sicut
2047 3758 2121 3810 ait
2152 3757 2437 3822 Dominus,
2466 3759 2592 3812 dare
2619 3770 2851 3812 sanctum
2879 3760 3094 3814 canibus
3113 3802 3126 3824 ,
3165 3778 3327 3832 neque

52 3864 190 3908 ccnte
226 3853 331 3910 illi:
363 3856 443 3912 Tu
477 3857 528 3912 in
558 3857 780 3913 Judaeos
819 3855 967 3910 solos
997 3856 1208 3921 esuris,
1255 3871 1386 3911 ecce
1423 3853 1618 3908 famem
1723 3851 2040 3921 margaritas
2082 3852 2334 3923 projicere
2371 3867 2648 3922 porcorum
2688 3853 2902 3924 pedibus
2947 3853 3330 3908 conculcantlas

54 3944 160 4000 ﬁdei
185 3957 281 4006 tua:
305 3961 625 4007 cunctarum
653 3950 896 4020 gentium
924 3949 1239 4005 diversitate
1262 3946 1618 4004 reficio.l\'am
1726 3944 1947 4018 (Matth.
1977 3961 2074 4012 vn,
2104 3945 2182 4015 6).

54 4035 213 4109 utique
234 4040 444 4099 diversa
472 4044 732 4100 animalia
762 4043 994 4099 collecta
1023 4044 1073 4098 in
1104 4058 1212 4098 uno
1243 4042 1500 4110 vasculo,
1533 4040 1621 4096 di-
1795 4037 1850 4092 ἓ.
1894 4037 2082 4093 Perdit
2111 4040 2256 4094 enim
2291 4041 2534 4096 cmlestis
2564 4041 2878 4112 margaritre
2905 4041 3158 4111 gratiam,
3181 4043 3328 4113 quis-

50 4142 299 4188 versarum
328 4137 571 4208 gentium
615 4139 970 4208 congregatio
1009 4137 1238 4192 collecta
1285 4137 1338 4191 in
1373 4151 1478 4191 una
1521 4135 1622 4191 Ec-
1723 4135 1846 4206 quis
1870 4150 1991 4191 eam
2022 4145 2044 4172 θ
2075 4134 2380 4192 foedissimo
2408 4138 2679 4207 peccatori
2705 4136 3054 4192 circumdare
3081 4147 3330 4200 conatur;

52 4221 197 4278 clcsia
225 4227 663 4286 demonstratur:
693 4247 815 4302 qua:
846 4230 1088 4286 Ecclesia
1130 4231 1183 4285 in
1225 4230 1368 4285 illius
1402 4230 1622 4284 vasculo
1724 4245 1941 4300 gemma
1971 4230 2141 4298 enim,
2175 4231 2312 4284 sicut
2341 4230 2440 4300 ipsi
2472 4231 2646 4298 scitis,
2681 4231 2783 4286 nisi
2821 4246 2954 4286 auro
2991 4246 3098 4287 non
3131 4247 3334 4288 convc-

54 4318 348 4392 splendido,
378 4326 508 4382 dum
543 4341 652 4380 non
683 4325 848 4380 habet
885 4325 1154 4380 maculam
1188 4339 1362 4394 neque
1394 4338 1580 4393 rugam
1606 4365 1621 4390 ,
1724 4326 1828 4391 nit,
1862 4325 2156 4394 margarita
2195 4325 2300 4380 nisi
2336 4325 2593 4395 pretiosis
2633 4323 2927 4380 monilibus
2954 4340 3060 4379 non
3089 4333 3328 4395 aptatur.

53 4410 189 4470 lintei
219 4416 391 4474 nitore
421 4419 761 4490 resplendet.
794 4418 851 4474 ln
882 4434 984 4489 qua
1010 4419 1240 4489 primum
1277 4416 1475 4475 animal
1511 4416 1624 4473 Deo
1727 4417 1916 4474 Estote
1953 4433 2084 4489 ergo
2120 4434 2313 4474 aurum
2361 4421 2620 4490 optimum
2643 4459 2658 4486 ,
2701 4418 2864 4492 465
2909 4427 3088 4476 estote
3127 4420 3332 4476 monile

50 4521 106 4561 ex
130 4513 372 4580 gentibus
401 4514 655 4571 centurio
679 4511 973 4569 Cornelius
1000 4513 1334 4568 immolatur.
1728 4513 2059 4582 pretiosum;
2093 4522 2153 4568 ut
2180 4511 2355 4581 possit
2381 4513 2432 4567 in
2461 4513 2615 4569 vobis
2641 4513 2932 4584 margarita
2958 4513 3219 4583 spiritalis
3250 4512 3334 4568 in—

113 4601 160 4655 6.
201 4604 272 4661 De
302 4607 402 4662 hoc
437 4623 570 4680 ergo
607 4607 830 4662 vasculo
860 4621 958 4661 suo
989 4605 1151 4660 hodie
1180 4621 1282 4660 nos
1319 4605 1496 4661 reiicit
1524 4605 1624 4660 Pe-
1653 4594 1702 4656 D
1728 4605 1895 4662 cludi.
1930 4605 2216 4676 Margarita
2250 4607 2393 4662 enim
2428 4606 2684 4662 Christus
2718 4618 2798 4662 est
2842 4607 3136 4673 Dominus,
3167 4623 3330 4678 quam

49 4700 178 4760 trUs;
211 4713 328 4754 cum
355 4701 499 4754 enim
547 4699 800 4756 videmus
835 4697 1113 4771 gentilium
1148 4697 1334 4753 turbas
1363 4699 1429 4754 ad
1463 4698 1622 4754 fidem
1729 4701 2036 4772 negotiator
2069 4701 2162 4756 ille
2189 4699 2347 4756 dives
2380 4700 2432 4754 in
2463 4699 2785 4773 Evangelio,
2809 4701 3043 4756 venditis
3073 4701 3331 4756 omnibus

52 4787 446 4849 christianitatis
478 4810 791 4862 accurrere,
817 4795 978 4850 simul
999 4809 1119 4849 cum
1149 4795 1413 4865 apostolis
1438 4801 1624 4863 gratu-
1729 4796 1896 4851 rebus
1927 4796 2065 4864 suis,
2099 4811 2285 4851 emere
2318 4795 2632 4860 festinavit;
2677 4806 2731 4851 et
2757 4798 2948 4852 maluit
2979 4813 3170 4853 omnes
3198 4812 3334 4866 quas

48 4884 227 4944 lantur.
263 4891 374 4948 Non
398 4893 547 4948 enim
580 4891 778 4947 mortui
811 4901 956 4957 sunt,
979 4905 1210 4961 quorum
1243 4903 1500 4944 curamus
1534 4904 1629 4944 na-
1728 4890 1986 4957 habebat,
2013 4890 2199 4945 smeuli
2229 4906 2472 4960 gemmas
2501 4892 2788 4953 amittere.
2834 4901 3040 4947 tantum
3081 4902 3141 4948 ut
3171 4908 3332 4947 unam

48 4981 192 5038 talem
219 4984 412 5043 hodie:
451 4988 548 5043 sed
590 4986 762 5042 renati
797 4999 818 5024 ο
854 4985 1040 5040 vivunt
1067 4984 1261 5054 plane;
1291 4984 1414 5054 quia
1445 4984 1629 5054 parti-
1730 4985 1932 5042 Christi
1963 4994 2174 5041 emeret
2203 4985 2553 5055 margaritam
2587 4984 2805 5058 (Matth.
2839 4986 3096 5057 xui,46).

46 5075 179 5145 cipcs
201 5079 377 5136 effecti
404 5080 774 5147 snnthriSti,
798 5079 888 5149 qui
912 5079 1017 5132 vita
1041 5085 1124 5133 est
1143 5078 1627 5144 omnium.Quam-
1800 5083 1853 5136 5.
1885 5080 2041 5138 Unde
2078 5091 2132 5138 et
2165 5097 2286 5152 ego,
2319 5081 2535 5148 fratres,
2577 5097 2673 5153 pro
2733 5083 3124 5153 magnitudine,
3179 5078 3324 5148 quod

49 5167 122 5222 vis
163 5171 298 5226 enim
344 5189 579 5245 corpora
623 5173 876 5244 passione
911 5185 1050 5225 cmsa
1111 5169 1250 5235 sint,
1295 5170 1628 5241 interruptus
1731 5175 2151 5241 commiseratis.
2200 5175 2407 5242 delicti,
2440 5174 2587 5230 nolui
2618 5176 2769 5230 vobis
2811 5175 3048 5245 pandere
3079 5173 3330 5244 Evange-

48 5269 212 5321 tainen
244 5283 348 5325 non
382 5279 466 5324 est
496 5267 523 5305 ἀ
555 5267 691 5324 ordo
727 5265 981 5332 vivendi;
1006 5265 1212 5337 jngiter
1246 5265 1390 5321 enim
1435 5274 1491 5321 et
1520 5267 1629 5323 Deo
1731 5267 1849 5323 lica:
1879 5267 2189 5324 refectionis
2219 5268 2464 5340 eloquia;
2495 5268 2589 5324 sed
2613 5267 2784 5338 magis
2806 5269 3052 5338 ingerere
3069 5266 3331 5320 animosa:

48 5359 232 5428 gratias
258 5373 444 5435 agunt,
471 5372 528 5420 et
556 5363 741 5419 laudes
761 5361 1030 5418 Salvatori
1052 5359 1332 5426 referunt;
1357 5359 1462 5416 nisi
1484 5360 1628 5432 quod
1734 5361 2122 5434 indignationis
2149 5361 2422 5434 injuriam,
2468 5371 2522 5417 et
2554 5361 2705 5432 prius
2734 5375 2829 5415 vos
2874 5359 3196 5414 verberibus
3225 5359 3335 5429 spi—

52 2917 127 2986 qui
156 2918 362 2973 minime
387 2917 634 2976 fructum
665 2919 751 2976 sui
779 2919 982 2975 laboris
1009 2921 1336 2988 assequitur.

1864 5563 1963 5604 ium
1974 5601 1985 5604 _
2204 5563 2238 5604 El

1972 5601 1987 5616 .
2204 5578 2238 5617 te

1737 5578 2026 5690 ontlmiiliiit.
2055 5649 2175 5690 cum
2201 5649 2302 5689 ms.
2329 5632 2522 5702 Lugd.,
2548 5630 2676 5686 ordo
2699 5632 2996 5697 viventium;
3019 5632 3342 5692 concinnius

1739 5706 1831 5762 alii
1862 5707 2016 5773 cod.,
2046 5707 2172 5759 ordo
2201 5704 2424 5760 vivendi.

116 5575 137 5646 ξι
172 5566 304 5646 Cod.
335 5567 501 5646 Vind.
535 5568 813 5646 aC‘MlCll”
838 5566 1035 5646 argenti
1064 5563 1557 5646 stipem‘refutasset.

115 5637 138 5711 ξ’
173 5637 333 5695 [idem
365 5641 487 5711 cod.
523 5641 827 5711 omittunt:
858 5637 1101 5711 Legimus
1133 5637 1628 5711 inUScripturisv...

51 5708 410 5791 subministrat.
440 5710 512 5791 Et
538 5710 883 5767 intrazBeue
909 5705 981 5765 ait
1011 5709 1302 5764 ascendisse
1338 5705 1568 5791 Petrum.
1631 5789 1638 5791 Α
1739 5706 1838 5791 alii
1862 5705 2424 5791 c‘od.,ordo_pieendi.
2513 5790 2520 5791 γ
2586 5775 2608 5791 ¹
2723 5775 2735 5791 _
2887 5776 2926 5791 ἢ
3027 5776 3038 5788 _
3179 5782 3197 5791 Δ
3261 5779 3291 5791 η

119 5792 140 5820 ε
177 5780 375 5841 Omnes
401 5783 535 5839 edit.
563 5827 580 5850 ,
616 5785 788 5838 vivunt
828 5798 996 5850 pane;
1028 5797 1221 5837 oumes
1266 5795 1434 5848 mss.,
1461 5781 1638 5835 visunt
1818 5788 1841 5816 ε
1885 5778 1959 5832 lta
1989 5787 2101 5832 vet.
2126 5777 2298 5850 edin;
2340 5786 2399 5850 at
2420 5790 2552 5850 mss.
2578 5775 2758 5850 ALugd.
2793 5791 2857 5832 ac
2887 5776 3135 5848 Remig.,
3168 5779 3348 5848 [mdis-

53 5854 217 5927 planc.
250 5854 390 5911 lnlra
423 5846 718 5911 vero'edit.
756 5846 918 5910 Rom.
949 5853 1090 5922 sola,
1121 5853 1209 5924 qui
1241 5853 1393 5924 panis
1419 5846 1529 5907 uita
1568 5859 1642 5907 est
1747 5852 1878 5906 sima
1905 5850 2134 5922 pectori;
2160 5847 2362 5907 melius
2386 5847 2528 5904 haud
2559 5846 2747 5917 dubie,
2781 5846 3070 5919 [mitissimo
3091 5846 3284 5920 pecori.

279 5951 564 6015 Ρηιιοι..
603 5949 804 6012 XVII.

2764 5943 2843 6006 23
