3944 6310
625 273 732 334 715

1532 261 1626 324 AD
1661 263 1894 324 OPEBA
1939 259 2184 323 SANC'I'I
2221 259 2548 324 AMBROSII
2581 263 2946 324 APPENDIX.
3759 269 3825 327 lli

623 387 874 446 ritalibus
895 381 1206 448 emendare,
1235 395 1300 436 ac
1325 379 1406 436 sic
1427 378 1736 450 margaritas
1763 377 1936 434 ditare
1979 377 2223 432 muneri-
2247 380 2304 440 Α
2329 377 2550 444 faceret,
2577 389 2632 434 et
2661 379 2884 434 remetis
2911 378 3210 450 quamlibet
3263 377 3460 434 finibus
3503 385 3690 448 sperata
3727 383 3826 436 nobis

621 483 744 537 bus.
785 479 970 544 Malui,
1011 477 1255 548 inquam,
1311 481 1596 544 peccaturo
1635 481 1876 528 vestrum
1919 469 2216 526 incusando

617 577 816 632 acriter
839 575 1139 644 increpare,
1171 583 1330 641 quam
1363 563 1966 624 leniterdissimulando
1979 563 2214 630 nutrire;

615 665 860 738 quisquis
889 665 1032 720 enim
1082 662 1307 716 fratrem
1357 675 1462 716 non
1491 661 1672 732 arguit
1703 667 2042 730 peccantem,
2075 672 2212 728 quo-

615 758 910 816 dammodo
967 757 1215 812 hortatur
1263 765 1322 810 ut
1377 765 1585 826 peccet.
1611 753 1750 809 Nolo
1791 761 1970 808 autem
2019 751 2216 822 putetis

613 853 760 926 quod
787 869 894 908 non
923 851 992 907 de
1015 867 1204 907 amore
1235 849 1449 916 iaciam,
1483 863 1580 904 vos
1606 847 1807 920 saepius
1833 845 2212 910 verberando;

609 947 753 1003 illius
780 946 948 1010 enim,
981 945 1072 1016 qui
1101 943 1460 1013 castigatione
1489 941 1681 1012 dignus
1709 951 1817 1006 est,
1847 939 1964 1010 plus
1979 947 2212 1004 amatur,

613 1041 756 1096 sicut
777 1043 853 1093 ait
871 1037 1148 1108 Scriptura
1159 1045 1350 1090 sancta
1373 1053 1385 1090 :
1413 1035 1578 1102 Quem
1605 1035 1740 1088 enim
1751 1033 1922 1105 diligit
1939 1029 2214 1100 Dominus,

609 1133 866 1203 corripit:
893 1132 1115 1202 castigat
1141 1140 1312 1186 autem
1371 1145 1573 1185 onlnem
1627 1129 1817 1200 ﬁlium,
1845 1143 1994 1198 quem
2031 1125 2215 1196 recipit

615 1227 804 1300 (Hebr.
839 1241 972 1294 Illi,
1001 1225 1080 1297 6).

681 1324 738 1378 4.
773 1320 944 1376 Dicite
963 1320 1108 1374 enim
1135 1317 1266 1374 mibi
1314 1317 1358 1372 si
1403 1331 1510 1372 non
1555 1315 1852 1370 dolendum
1893 1315 2056 1370 fuerit
2113 1313 2217 1370 hoc

611 1423 921 1488 peccaturo,
977 1412 1058 1468 sic
1091 1427 1190 1466 vos
1243 1410 1436 1466 salinis
1469 1417 1666 1464 vestrae
1703 1409 2052 1466 itninemores
2091 1417 2216 1464 tunc

609 1509 800 1572 fuisse,
833 1516 892 1561 ut
919 1504 1246 1562 beatissimis
1267 1503 1528 1574 apostolis
1553 1503 1714 1560 Petro
1737 1513 1794 1558 et
1825 1503 1993 1556 Paulo
2043 1502 2216 1556 hono-

609 1601 934 1659 rificentiam
967 1600 1187 1654 minime
1217 1598 1594 1664 reddideritis;
1619 1613 1740 1652 cum
1760 1599 2038 1668 ipsosessc
2069 1599 2212 1653 scia-

609 1699 684 1754 tis
711 1697 962 1753 doctores
993 1695 1253 1767 gentium,
1287 1705 1536 1750 auctores
1579 1703 1904 1765 martyrum,
1939 1693 2215 1762 principes

2322 475 2621 546 patrocinia
2683 484 3056 546 corrogarant.
3113 473 3432 530 Studiorum
3481 472 3716 546 siquidem
3747 491 3828 531 sunt

2321 569 2630 640 bujusmodi
2657 569 2928 641 suffragia,
2961 585 3068 624 non
3099 569 3378 634 locorum,
3413 567 3630 638 proinde
3647 571 3752 640 apud
3771 573 3830 624 de-

2321 665 2577 720 mesticos
2599 661 2692 718 Dei
2709 673 2914 716 tantum
2935 661 3344 718 intercessionis
3357 663 3712 732 promerueris,
3725 678 3828 732 quae

2319 763 2435 812 tum
2467 755 2839 814 verterationis
2863 754 3216 826 impenderis.
3243 752 3474 824 Oportet
3495 753 3661 822 itaque
3683 765 3726 809 ut
3744 755 3828 812 alie.

2321 865 2426 906 nos
2465 851 2646 920 potius
2677 850 2834 906 nobis
2887 849 3110 904 devotio
3154 848 3413 918 religiosa
3435 847 3684 910 conciliet,
3728 865 3827 918 quin

2319 943 2462 1001 forte
2495 945 2744 1017 proprios
2839 943 2997 1000 nobis
3025 943 3366 1014 negligentia
3393 939 3666 1012 irreligiosi
3699 945 3830 1012 teporis

2319 1039 2545 1096 alienat.

2389 1135 2444 1188 2.
2462 1135 2856 1204 Agnoscamus,
2877 1131 3201 1198 cbarissimi,
3219 1131 3365 1188 circa
3379 1131 3828 1188 Ecclesiamnosttaa

2319 1227 2628 1282 uberiorem
2643 1227 2949 1282 divinorum
2969 1241 3259 1282 munerum
3283 1225 3608 1296 largitatem.
3631 1223 3830 1280 Erulum

2319 1318 2507 1376 felices
2535 1321 2878 1392 singularum
2939 1321 3152 1376 urbium
3207 1319 3417 1389 populi,
3446 1317 3492 1372 si
3547 1319 3688 1372 unius
3709 1321 3830 1372 saltm

2321 1415 2574 1484 martyris
2603 1413 2847 1485 reliquiis
2877 1415 3186 1468 muniantur
3213 1431 3224 1464 :
3249 1428 3380 1468 ecce
3405 1427 3508 1468 nos
3527 1413 3722 1483 populos
3743 1429 3830 1466 mn-

2319 1517 2498 1577 tyrum
2539 1506 2896 1576 possidemus.
2927 1505 3174 1562 Gaudeat
3205 1517 3350 1560 terra
3383 1517 3564 1560 nostra
3591 1509 3736 1560 nutrit
3769 1521 3830 1560 ca-

2319 1599 2532 1656 lestinm
2555 1601 2810 1665 militum,
2827 1611 2881 1656 et
2899 1609 3168 1655 tantarun
3187 1616 3248 1670 pa
3259 1615 3386 1655 retis
3401 1599 3622 1654 fet-unda
3637 1600 3828 1654 νίτέιιιιιπι.

2319 1693 2488 1750 Recte
2513 1695 2694 1764 itaque
2715 1703 2768 1750 et
2789 1709 2856 1752 ex
2907 1693 3092 1750 debito
3125 1711 3152 1748 a
3211 1693 3337 1748 flliis
3387 1693 3622 1764 parentis
3657 1691 3830 1746 κει-ἱειεὶι

607 1791 986 1848 sacerdotum:
1021 1804 1120 1845 nec
1147 1787 1425 1842 volueritis
1453 1803 1643 1842 eertum
1672 1787 1902 1840 natalem
1933 1785 2216 1840 nobiscum
2249 1789 2296 1850 B
2325 1785 2514 1841 borum
2567 1786 2852 1842 beatorum
2905 1799 3202 1858 martyrum
3253 1785 3600 1841 celebrantur
3645 1785 3829 1854 insignit;

611 1887 1020 1946 feativissimum
1041 1885 1342 1950 celebrare,
1373 1893 1537 1954 atque
1575 1882 1655 1936 illi
1701 1881 1910 1938 etelesti
1952 1881 2217 1936 interesse

611 1982 884 2049 convivio,
907 1982 959 2036 in
989 1995 1098 2050 quo
1131 1995 1228 2050 pro
1261 1987 1561 2048 martyrum
1593 1991 1814 2032 suorum
1841 1983 1984 2029 tanta
2006 1973 2214 2040 laetitia,

611 2077 972 2136 substantiam
1001 2076 1130 2130 vitae
1155 2075 1270 2144 ipse
1307 2072 1462 2126 nobis
1497 2081 1522 2114 ι
1553 2071 1814 2126 Dominus
1853 2069 2217 2126 ministravit?

617 2173 787 2228 Vultis
817 2181 998 2227 autem
1049 2168 1190 2224 scire
1233 2167 1452 2239 quantis
1485 2166 1645 2220 bonis
1693 2163 1924 2219 fraudati
1971 2162 2216 2218 fueritis?

609 2266 944 2336 interrogate
967 2262 1182 2330 fratres,
1207 2262 1296 2332 qni
1327 2273 1452 2316 tunc
1483 2259 1742 2330 temporis
1771 2273 1980 2314 mecum
2015 2257 2218 2326 pariter

607 2359 924 2426 adfuerunt,
949 2373 1110 2430 quam
1141 2354 1332 2412 refecti
1355 2371 1383 2410 a
1421 2353 1700 2408 Dominica
1733 2365 1919 2406 mensa
1949 2350 2216 2406 discesse-

607 2455 740 2522 rint,
775 2454 860 2509 vel
887 2454 1074 2523 quales
1101 2465 1286 2508 secum
1311 2449 1530 2504 domoin
1581 2447 1856 2518 spiritales
1879 2445 2100 2502 divitias
2129 2460 2217 2500 rc-

607 2535 966 2620 portaverint.

679 2641 732 2696 5.
767 2639 946 2696 Unum
977 2639 1110 2704 scio,
1143 2635 1286 2706 quod
1313 2636 1356 2692 si
1389 2635 1512 2704 quis
1535 2634 1626 2690 illa
1653 2635 1742 2689 die
1791 2633 2094 2688 honoratus
2121 2643 2216 2687 aut

607 2735 762 2790 dives
793 2735 862 2789 ob
891 2734 1126 2786 natalem
1161 2730 1254 2785 ﬁlii
1283 2731 1366 2784 sui
1393 2729 1460 2784 ad
1491 2728 1759 2783 derimum
1813 2743 1982 2799 usque
2011 2727 2212 2782 millia-

607 2830 750 2887 rium
781 2829 846 2884 ad
871 2827 1154 2898 prandium
1179 2825 1504 2897 rogavisset,
1529 2833 1754 2894 promer
1781 2833 2062 2878 accuratas
2083 2838 2216 2892 epu-

609 2925 714 2988 las,
747 2931 803 2978 et
827 2920 1125 2991 inaequales
1169 2933 1452 2972 mensuras
1481 2918 1684 2988 absque
1711 2916 1876 2970 dubio
1917 2931 2012 2972 vos
2041 2915 2215 2970 ituros

609 3015 800 3074 fuisse.
827 3014 1016 3086 Igitur,
1050 3011 1267 3078 fratres,
1299 3011 1750 3082 quatiescumque
1779 3019 2210 3080 martyrnmme-

611 3109 842 3163 muriam
893 3103 1252 3168 celebramus,
1301 3101 1686 3172 praetermissis
1731 3098 1984 3155 ontuibus
2029 3099 2212 3154 saeculi

2321 1878 2486 1952 466
2509 1883 2597 1951 qui
2633 1881 3006 1936 illuminantes
3035 1882 3236 1936 virtute
3259 1879 3384 1935 fidei
3413 1895 3526 1936 suae
3557 1879 3830 1935 innumerabi-

2321 1973 2402 2028 les
2424 1975 2672 2044 populos,
2702 1973 2806 2030 soli
2833 1973 3273 2043 quidemillatam
3303 1975 3408 2028 sibi
3429 1989 3646 2028 sensere
3661 1985 3830 2032 uertem.

2319 2067 2414 2122 sed
2439 2083 2545 2124 non
2585 2069 2688 2124 soli
2721 2069 2916 2124 mortis
2947 2083 3059 2122 sua:
3091 2069 3352 2124 beneficia
3389 2067 3733 2136 possederunt.
3771 2066 3830 2120 Itu-

2321 2178 2506 2218 mensa
2531 2163 2676 2218 eiiim
2709 2162 2802 2219 Dei
2831 2163 3000 2218 nostri
3031 2164 3204 2234 pietas
3221 2161 3504 2232 multiplex
3527 2161 3588 2214 ad
3601 2161 3828 2225 bonitatem,

2321 2265 2376 2312 et
2401 2256 2593 2310 artifex
2619 2257 2684 2311 ad
2735 2259 2991 2322 salutem,
3035 2271 3348 2326 proponens
3399 2255 3614 2310 arduam
3653 2257 3828 2306 virtutum

2323 2350 2581 2420 palmam,
2619 2365 2743 2404 raro
2800 2351 3106 2420 appetitore
3167 2350 3487 2421 pretiosam,
3521 2349 3574 2404 iu
3625 2363 3828 2418 paneatius
3907 2397 3909 2421 ε

2321 2441 2613 2512 triuinptiis
2645 2442 3002 2514 plurimorum
3023 2442 3330 2498 commodis
3373 2441 3645 2512 prospicit.
3685 2441 3828 2496 illorum

2321 2533 2588 2605 siquidem
2613 2535 2806 2592 merita
2831 2545 3017 2591 nostra
3045 2536 3158 2592 vult
3179 2551 3304 2592 esse
3345 2523 3620 2606 suffragia:
3647 2535 3831 2604 simulque

2319 2629 2446 2684 dum
2481 2629 2636 2686 nobis
2669 2630 2828 2685 fidem
2853 2647 3038 2686 veram
3068 2631 3206 2686 duro
3249 2632 3496 2702 m::rtyrii
3547 2645 3700 2700 agone
3737 2645 3830 2682 cii-m-

2321 2725 2560 2790 mendat;
2615 2725 2968 2782 afﬂictionem
3021 2727 3452 2798 pra-cedentium
3505 2725 3830 2782 instructionem

2319 2815 2490 2874 efficit
2513 2827 2854 2888 posterorum
2867 2860 2879 2873 .

2391 2915 2445 2968 5.
2471 2913 2679 2982 Quanta
2703 2923 2788 2970 est
2815 2915 2963 2970 circa
2991 2930 3090 2970 nos
3121 2915 3216 2970 Dei
3243 2915 3414 2970 nostri
3435 2910 3832 2970 sollicitudollilos

2317 3009 2617 3074 examinat,
2651 3017 2710 3062 ut
2737 3023 2834 3064 nos
2863 3009 3115 3064 erudiat:
3147 3009 3272 3064 illos
3305 3009 3558 3075 conterit,
3595 3017 3646 3062 nt
3669 3021 3744 3060 nos
3774 3021 3832 3056 no

2321 3099 2532 3170 quirat;
2563 3115 2862 3172 eorumque
2889 3101 3162 3156 cruciatus
3191 3109 3412 3158 nostros
3439 3101 3546 3156 vult
3563 3114 3672 3156 esse
3689 3095 3834 3168 profct-

611 3204 846 3266 aclibus,
873 3199 902 3240 ὶι
935 3202 1052 3256 sine
1079 3199 1255 3269 aliqua
1289 3197 1548 3252 dilatione
1571 3211 1900 3252 concurrere
1923 3195 2209 3256 debemus.
2241 3193 2286 3254 C
2323 3201 2426 3247 tus.
2459 3193 2650 3250 Merito
2679 3211 2808 3266 ergo
2831 3211 2926 3250 eos
2983 3196 3232 3260 colimus,
3281 3196 3374 3266 qui
3413 3193 3649 3266 periculis
3667 3193 3756 3246 suis
3773 3206 3832 3261 pn-

613 3297 844 3353 reddere
867 3295 972 3350 illis
1011 3293 1501 3358 honorificentiam,
1535 3292 1622 3360 qni
1651 3291 1810 3346 nobis
1837 3291 2064 3346 salutem
2091 3305 2217 3360 pro-

611 3391 826 3448 fusione
847 3389 930 3446 sui
951 3387 1232 3461 sanguinis
1248 3395 1593 3457 pepererunt,
1617 3388 1705 3454 qui
1733 3393 2004 3456 tamquam
2035 3401 2217 3440 sacra-

609 3495 664 3543 ta
693 3485 869 3541 hostia
903 3499 1000 3555 pro
1015 3493 1196 3538 nostra
1215 3481 1600 3550 propitiatioue
1615 3479 1845 3534 Domino
1873 3491 2002 3535 sunt
2025 3479 2212 3548 oblati,

608 3581 913 3654 prmsertint
927 3595 1048 3634 cum
1067 3577 1208 3632 dicat
1228 3575 1294 3632 ad
1311 3587 1528 3632 sanctos
1540 3591 1668 3632 Suos
1681 3577 2024 3648 omnipotens
2045 3577 2214 3633 Deus:

612 3675 718 3743 Qui
745 3691 829 3728 vos
861 3674 1100 3738 Itonorat,
1129 3689 1210 3728 me
1247 3669 1502 3726 honorat:
1533 3679 1582 3724 et
1632 3670 1718 3740 qui
1747 3687 1836 3724 vos
1889 3671 2106 3738 spernit,
2141 3687 2221 3724 me

608 3766 804 3838 spernit
853 3765 1006 3838 (Luc.
1061 3781 1116 3828 κ,
1167 3762 1276 3833 16).
1313 3761 1566 3832 Ουίεειιιίθ
1603 3777 1734 3832 ergo
1757 3761 1989 3816 licuerat
2018 3771 2218 3834 marty-

605 3875 716 3925 res,
751 3856 1437 3914 honoratethristum:ct
1463 3855 1550 3926 qui
1580 3853 1786 3925 spernit
1800 3865 2038 3924 sanctos,
2067 3869 2220 3926 sper-

609 3955 691 4009 nit
717 3961 776 4010 et
803 3953 1113 4008 Dominum.

1239 4043 1476 4100 SERMO
1501 4041 1610 4097 LV.

795 4140 853 4194 In
887 4139 1051 4194 natali
1079 4136 1180 4194 SS.
1205 4136 1415 4191 Nazarii
1444 4143 1501 4190 ct
1539 4133 1682 4188 Celsi
1715 4143 2036 4207 martyrum.

619 4235 720 4292 Hic
743 4251 910 4290 sermo
933 4249 1037 4288 non
1061 4241 1224 4286 exstat
1245 4230 1447 4286 incdit.
1481 4229 1686 4284 Amerb.
1713 4245 1875 4300 neque
1923 4229 2100 4296 Eras.,
2131 4231 2222 4285 sed

691 4344 782 4383 nec
803 4329 856 4381 in
891 4327 1012 4380 ullis
1035 4342 1159 4380 mss.
1192 4339 1320 4390 quos
1351 4323 1558 4394 quidem
1605 4323 1780 4376 videre
1823 4323 1970 4378 nobis
1997 4325 2218 4392 licuerit,

689 4421 960 4490 reperitur.
1021 4416 1090 4474 Ut
1147 4427 1320 4474 autem
1353 4433 1466 4472 eum
1499 4415 1756 4471 Ambrosii
1785 4434 1886 4471 non
1927 4434 2037 4472 esse
2059 4419 2160 4486 qui:
2175 4419 2222 4472 is

687 4513 968 4584 intelligat,
1015 4529 1130 4565 cum
1169 4527 1228 4566 co
1277 4519 1480 4564 tantum
1529 4510 1846 4578 conferenda
1885 4521 1959 4566 est
2012 4511 2223 4566 Paulini

2321 3295 2506 3358 guant,
2537 3297 2594 3344 et
2623 3291 2825 3344 nostris
2849 3289 3178 3346 utilitatibus
3227 3289 3485 3356 militant,
3521 3289 3606 3360 qui
3643 3303 3724 3358 per
3747 3287 3836 3338 lucis

2323 3382 2553 3452 ritusque
2581 3391 2949 3453 contemptum
2979 3382 3212 3438 edocent
3251 3397 3354 3438 nos
3381 3393 3628 3454 quantum
3647 3380 3738 3434 Deo
3757 3391 3836 3430 nos

2323 3485 2408 3530 tro
2435 3473 2732 3530 debeamus
2751 3475 3026 3531 affectum.
3059 3475 3384 3532 Noverimns
3435 3477 3602 3548 itaque
3629 3475 3734 3546 quia
3771 3486 3834 3524 om
3905 3499 3907 3548 ς

2322 3567 2442 3622 sine
2471 3584 2664 3639 magno
2689 3569 3005 3625 discriminc
3043 3570 3112 3625 de
3147 3570 3428 3641 religiensis
3455 3568 3666 3624 veritate
3691 3566 3836 3620 dubii:—

2323 3677 2468 3728 mus,
2485 3677 2647 3732 quam
2673 3673 2943 3720 tantorum
2975 3667 3238 3736 sanguine
3257 3667 3620 3720 confirmatam
3643 3661 3836 3718 sidentes.

2323 3756 2496 3828 Magni
2521 3757 2744 3829 periculi
2781 3776 2868 3815 res
2891 3771 2998 3822 εει.
3027 3762 3074 3816 si
3103 3771 3224 3830 post
3257 3761 3631 3830 pmpbetarum
3665 3755 3834 3810 meum.

2327 3863 2446 3922 post
2467 3853 2840 3925 apostolorum
2867 3855 3198 3924 testimonia,
3225 3839 3646 3926 postmartyrum
3663 3851 3838 3904 vulnera.

2325 3959 2563 4005 veterem
2589 3951 2748 4006 fidem
2775 3952 2925 4022 quasi
2955 3951 3224 4007 novellam
3275 3952 3542 4008 discutere
3587 3959 3838 4019 prximus.

2324 4051 2381 4100 et
2405 4052 2530 4116 post
2559 4055 2665 4100 tam
2685 4045 3002 4102 manifestos
3021 4046 3186 4102 duces
3211 4047 3262 4100 in
3289 4060 3474 4101 errore
3499 4053 3790 4114 pcnnaneas,
3807 4045 3842 4090 rt

2327 4149 2450 4208 post
2477 4137 2824 4196 morientium
2849 4140 3078 4196 sudores
3107 4140 3280 4196 otiosa
3310 4137 3656 4210 diSputationc
3681 4143 3842 4188 conuen-

2327 4231 2446 4288 das.

2397 4327 2454 4382 4.
2481 4325 2938 4398 Corigratulamur
2969 4343 3120 4399 ergo,
3147 4325 3486 4384 dilectissimi
3533 4321 3730 4378 fratres.
3763 4331 3842 4370 nn-

2327 4435 2446 4489 gna:
2469 4421 2590 4476 fidei
2623 4431 2839 4486 vestrm,
2871 4438 2968 4492 per
2993 4437 3154 4492 quam
3181 4421 3310 4476 dum
3341 4420 3542 4475 exsules
3561 4413 3742 4486 proﬂua
3757 4409 3840 4464 ciu-

2331 4516 2492 4569 ritate
2513 4515 2807 4583 Suscipitis,
2841 4517 3002 4570 etiam
3035 4513 3241 4568 incolas
3271 4513 3502 4586 paradisi
3529 4519 3576 4565 et
3605 4507 3719 4564 caeli
3743 4505 3842 4557 cirri
3903 4507 3905 4586 ί

689 4607 920 4660 narratio
938 4647 952 4668 ,
985 4620 1088 4674 qua
1107 4603 1342 4657 iuventas
1356 4601 1544 4655 horum
1568 4615 1855 4674 martyrum
1879 4605 2126 4674 reliquias
2141 4606 2224 4660 de-
2251 4596 2302 4656 Ι)
2333 4607 2533 4662 habere
2561 4609 2857 4663 meruistis.
2887 4608 3108 4663 Beatum
3125 4605 3308 4678 itaque
3329 4607 3589 4662 Nazarium
3615 4607 3840 4668 ntartyrt‘

696 4701 894 4754 scribit.
922 4697 1126 4752 Etenim
1159 4699 1500 4760 inventionem
1547 4699 1694 4752 illam
1745 4701 1988 4754 extremis
2025 4711 2222 4754 tantum

689 4795 856 4850 sancti
871 4791 1115 4862 Episcopi
1137 4793 1284 4846 annis
1298 4793 1480 4846 asserit
1495 4795 1736 4858 evenisse,
1755 4811 1870 4847 cum
1895 4795 2032 4848 idem
2053 4813 2222 4852 sermo

679 4893 796 4963 jam
817 4887 999 4941 celebri
1026 4901 1117 4956 per
1141 4901 1344 4939 omnem
1373 4882 1662 4938 Ecclesium
1691 4901 1868 4940 eorum
1899 4887 2032 4956 festo
2073 4889 2222 4944 flabi-

688 4991 772 5036 tus
803 4980 981 5052 fuerit.
1011 4975 1212 5031 Colitur
1237 4977 1468 5046 ipsorum
1503 4977 1615 5032 dies
1667 4979 1854 5032 natalis
1892 4995 1925 5034 ν
1963 4979 2068 5034 kal.
2113 4983 2223 5036 Au-

685 5071 1151 5148 gustas:inventio
1183 5065 1354 5122 autem
1401 5085 1450 5124 VI
1507 5070 1628 5124 idus
1671 5069 1862 5126 Maias.
1911 5071 1990 5126 De
2033 5075 2220 5144 quibus

689 5167 878 5224 sanctis
915 5163 1114 5220 consuli
1144 5161 1296 5216 etiam
1327 5169 1488 5231 potest
1505 5171 1714 5218 sanctus
1751 5163 2012 5220 Paulinus
2047 5167 2221 5224 Carm.

691 5261 726 5316 9
751 5261 806 5312 in
853 5257 1016 5312 natali
1049 5255 1112 5312 S.
1139 5253 1354 5310 Felicis.
1411 5283 1414 5286 ~

693 5354 745 5404 t.
783 5349 1006 5406 Etiamsi
1029 5346 1362 5418 martyribus
1385 5345 1626 5415 regionis
1653 5357 1928 5410 extranea:
1965 5350 2051 5421 pia
2067 5360 2222 5410 voto-

619 5461 742 5501 rum
769 5443 950 5498 debita
981 5440 1356 5507 redderemus,
1395 5440 1625 5510 propriis
1651 5444 1941 5500 consulere
1971 5447 2222 5503 utilitati-

621 5537 724 5593 bus
742 5545 797 5591 et
815 5535 1113 5590 commodis
1137 5531 1523 5603 probaremnr;
1545 5543 1760 5590 nostros
1791 5537 1934 5591 enirn
1967 5553 2063 5596 eos
2087 5541 2224 5598 lides

696 5711 722 5739 ει
749 5699 950 5754 Omnes
977 5696 1105 5750 edit.
1135 5706 1186 5750 el
1216 5692 1387 5750 codex
1407 5693 1600 5758 l.ttgtl.,
1621 5693 1872 5752 Dominus
1889 5698 2214 5756 demonstra-

623 5775 727 5850 vit;
749 5767 954 5850 optime
983 5767 1225 5850 ﬁeruig,
1247 5765 1508 5850 Dominus
1523 5767 1863 5850 ministrauit:

693 5835 722 5884 ἱ
779 5835 907 5897 Vat.
931 5837 1090 5904 edin,
1113 5835 1224 5894 sine
1245 5837 1422 5907 aliqua
1441 5835 1798 5908 dubitatione;
1819 5839 1978 5899 Rom.
2007 5851 2201 5902 etmss.

2331 4699 2530 4755 Cbristi
2583 4711 2771 4756 sancta
2821 4699 3242 4756 Mediolanensis
3285 4698 3520 4754 Ecclesia
3565 4694 3680 4748 licet
3723 4697 3840 4742 totum

2331 4807 2563 4864 corpore
2589 4809 2773 4850 secum
2817 4795 3066 4858 retineat,
3101 4805 3156 4850 et
3211 4791 3416 4848 mundo
3441 4801 3598 4846 tamen
3649 4793 3790 4838 totum
3811 4779 3840 4826 is

2333 4887 2714 4944 benedictione
2737 4889 3070 4946 transmisit.
3129 4889 3256 4942 lianc
3287 4897 3371 4942 est
3421 4885 3551 4940 enim
3587 4887 3840 4934 sanctorum

2333 4993 2630 5054 martyrum
2659 4983 2856 5053 gloria,
2891 4997 3122 5053 quorum
3154 4985 3254 5038 etsi
3291 4997 3385 5053 per
3415 4980 3694 5035 universum
3737 4981 3842 5024 mm-

2333 5073 2461 5128 dum
2487 5076 2789 5130 seminetur
2809 5076 2862 5130 in
2889 5074 3166 5130 cineribus
3191 5075 3394 5144 portio,
3420 5075 3576 5128 manet
3603 5077 3762 5118 tamen
3789 5059 3844 5112 itt-

2331 5175 2480 5238 tegra
2505 5168 2558 5224 in
2615 5169 2906 5224 virtutibus
2958 5168 3262 5238 plenitudo.
3307 5168 3620 5224 Venerantur
3663 5167 3774 5226 ενεο
3807 5149 3842 5202 in

2331 5262 2700 5318 tantoCbristi
2729 5265 2898 5319 milite
2925 5264 3083 5319 fidem
3135 5271 3416 5330 nostram;
3476 5267 3628 5316 mater
3667 5257 3842 5314 nam"
3901 5309 3903 5314 .

2333 5357 2578 5428 martyrii
2597 5357 2736 5414 fides
2755 5358 3021 5414 catholica
3045 5367 3148 5424 est,
3171 5359 3225 5414 in
3249 5375 3352 5430 qua
3383 5357 3482 5412 iste
3501 5347 3700 5408 illustris
3717 5339 3844 5396 albis-

2335 5459 2421 5518 la,
2455 5452 2717 5522 sanguine
2747 5452 2903 5518 fuso,
2929 5462 3158 5509 mortem
3191 5469 3289 5524 pro
3321 5455 3430 5522 ipsa
3457 5441 3676 5504 calcavit.
3703 5435 3842 5492 Mitti.

2328 5545 2575 5616 inquam,
2597 5548 2842 5620 martyrii
2875 5545 3009 5602 fides
3033 5555 3152 5606 est:
3190 5557 3498 5602 remorentur
3517 5547 3632 5604 ergo
3661 5531 3714 5584 in
3731 5537 3842 5582 sant-

2327 5711 2385 5760 ιιι
2413 5721 2510 5762 nos
2541 5707 2594 5762 in
2629 5717 2805 5764 testu.
2837 5705 2976 5764 Infra
3011 5724 3143 5763 vero
3175 5705 3266 5764 ubi
3289 5717 3470 5762 omnes
3511 5695 3626 5756 οάίι-
3671 5705 3732 5746 ³⁸
3767 5699 3836 5764 ⁸9⁵·

2335 5759 2594 5854 sese:
2619 5759 2741 5834 at;
2756 5759 2978 5836 agni.
3008 5759 3686 5854 int*ia}‘;..;.gsfmmou
3711 5759 3838 5816 cvi-'1

2287 5872 2292 5880 ι
2325 5847 2522 5920 Lugdf,
2549 5859 2807 5923 tamquam
2836 5863 3040 5910 sacrata
3069 5847 3259 5910 hostia.
