3944 6310
117 293 206 356 in

871 290 1246 350 SERMONES
1281 293 1338 349 S.
1384 293 1741 353 AHBROSIO
1780 292 2153 358 HACTENUS
2192 303 2531 361 ASCRIPTI.

3278 301 3385 366 ’118

70 442 72 444 ν
113 432 272 476 torum
297 424 592 486 martyrum
612 414 783 486 gloria
809 414 968 470 ﬁdem
997 425 1259 470 nostram.
1293 417 1580 486 Quomodo
1611 417 1672 472 li-
1700 425 1753 485 Α
1777 419 1938 475 beato
1967 422 2190 495 martyri
2220 431 2428 480 tantum
2458 424 2741 495 prodesset
2791 426 3073 498 obsequio,
3120 434 3382 498 quantum

109 515 222 572 dem
248 509 523 568 posticam?
556 509 774 564 Abistis
801 511 944 566 enim
968 511 1094 565 dum
1142 512 1333 568 mortis
1382 513 1671 569 tolerantia

108 603 444 660 indubitanter
468 600 760 670 excipitur,
787 618 910 672 spes
943 603 1365 658 inmortalitatis
1385 604 1674 660 evidenter

107 695 370 758 “sinitur;
412 709 704 764 numquam
734 695 880 749 enim
909 694 1048 750 hanc
1077 695 1240 750 vitam
1273 707 1380 750 tam
1419 709 1674 752 constan-

108 799 180 853 ter
200 785 577 856 expenderent,
613 785 716 841 nisi
738 800 859 846 esse
887 786 1118 841 alteram
1175 787 1674 858 incomparabiliter

108 882 382 944 beatiorem.
404 878 648 948 periei-La
673 878 989 938 deﬁnitione
1035 881 1317 937 sentirent.
1360 883 1416 936 In
1473 882 1680 940 sanctis

105 975 268 1045 itaque
288 973 624 1044 pracmtibns
656 973 897 1029 veritatis
927 976 1346 1036 resurrectionis
1379 976 1680 1030 auctoritas

104 1077 196 1133 est;
215 1067 597 1136 promptienim
619 1075 848 1136 pereunt
864 1068 918 1126 iu
931 1069 1126 1124 melius
1148 1068 1456 1138 reparandi,
1480 1066 1678 1136 quibus

103 1177 186 1232 per
209 1160 894 1232 angustiastribulationum
923 1162 1166 1232 aperitur
1192 1163 1368 1218 exitus
1397 1163 1462 1216 ad
1485 1163 1678 1231 :Itttpli-

102 1253 322 1314 tudinem
345 1253 683 1323 gaudiorum.

160 1353 210 1410 5.
241 1351 390 1416 Unde
410 1362 466 1408 et
487 1351 674 1408 beatus
699 1351 977 1416 Navii-ius,
1011 1353 1164 1423 cujus
1194 1352 1353 1407 hodie
1380 1352 1678 1422 gloriosam

97 1445 347 1506 deminuti
373 1447 530 1503 hoste
574 1446 854 1503 victoriam
891 1446 1214 1502 universalis
1251 1444 1490 1499 Ecclesia
1543 1443 1678 1498 festa

97 1543 440 1602 exsultatione
480 1543 845 1607 concelebrat,
896 1559 1021 1598 cum
1071 1553 1316 1613 tempore
1360 1541 1678 1613 gentilitatis

97 1653 192 1691 non
219 1634 538 1705 ignobilibus
566 1637 882 1706 parentibus
900 1638 1168 1694 rutundus
1193 1637 1477 1699 existeret,
1509 1634 1676 1689 sacri-

94 1728 186 1798 legi
209 1727 377 1782 adhuc
409 1742 541 1797 puer
567 1730 828 1798 genitoris
857 1729 1104 1797 militiam
1130 1729 1676 1784 simuletdoctrinam

1785 513 1987 583 profuit
2013 515 2160 570 odio.

1850 607 1900 663 8.
1940 607 2044 663 Sed
2072 609 2288 665 tandem
2346 611 2582 680 perfecto
2638 615 2830 685 agonis
2881 615 3203 682 certamine,
3256 630 3380 672 cum

1777 698 1940 753 Celso
1972 702 2216 770 puerttlo,
2241 718 2399 772 quem
2433 705 2549 775 ipse
2573 706 2682 762 Deo
2702 707 2754 762 in
2786 709 3158 764 holocaustum
3177 709 3382 779 polluto

1777 806 2143 864 assumpserat
2173 811 2237 850 ex
2270 798 2496 862 saeculo,
2529 801 2737 856 crudeli
2769 803 2998 872 imperio
3028 802 3380 858 damnatione

1777 889 2093 956 alisalvitur,
2142 890 2324 961 gladio
2368 903 2737 949 consecratur.
2781 896 2930 951 Felix
2957 897 3043 951 hic
3066 898 3161 951 tali
3205 899 3380 960 exitu;

1777 995 1886 1047 quo
1912 997 2074 1036 omne
2102 983 2355 1038 delictum
2381 985 2450 1040 ita
2481 985 2550 1040 ab
2576 1002 2642 1041 eo
2683 988 2835 1054 exiit,
2887 999 2946 1043 ut
2986 989 3148 1044 etiam
3199 990 3380 1045 redire

1779 1092 1886 1130 non
1913 1077 2081 1147 possit
2107 1094 2120 1131 :
2145 1093 2252 1149 quo
2279 1080 2356 1134 sic
2377 1079 2559 1135 debita
2582 1095 2676 1136 sua
2705 1082 2887 1146 solvit,
2912 1098 2982 1138 ne
3039 1083 3176 1138 ultra
3199 1084 3381 1139 credi-

1781 1179 1952 1225 torem
2012 1173 2262 1227 timeret:
2321 1191 2429 1243 quo
2477 1174 2530 1229 iu
2588 1191 2647 1229 se
2706 1173 2946 1231 hostium
3005 1187 3223 1245 peccata
3278 1178 3382 1232 [ille

1780 1266 2004 1334 clausit,
2075 1269 2181 1322 title
2248 1269 2580 1324 damnavit:
2633 1286 2733 1341 per
2783 1287 2942 1342 quem
3010 1273 3381 1329 innocentiam

1779 1361 2070 1418 devotione
2129 1365 2398 1435 quarsivil;
2450 1364 2855 1436 perseverantia
2919 1366 3146 1435 invenit,
3201 1376 3378 1422 morte

1780 1455 2039 1512 servavit.

1851 1549 2043 1616 9.Qu;c
2057 1567 2177 1605 cum
2192 1551 2262 1606 ita
2283 1551 2415 1619 sint,
2432 1551 2760 1621 citatissimi,
2783 1554 2910 1611 licet
2935 1554 3022 1612 hic
3037 1563 3214 1610 tantus
3227 1554 3385 1610 Chri-

1781 1641 1848 1695 sti
1875 1645 2027 1696 testis
2051 1645 2320 1713 pretiosus
2352 1645 2717 1713 confessione,
2762 1647 3053 1717 pretiosior
3075 1647 3384 1718 sanguine.

1778 1735 2225 1792 crudelivulnere
2243 1739 2552 1806 pretiosior,
2577 1749 2631 1794 et
2658 1741 2821 1794 tincta
2865 1748 3020 1796 veste
3059 1739 3382 1804 candidior;

94 1821 332 1878 detestari
357 1836 423 1879 ex
455 1824 764 1891 improviso
811 1825 1006 1890 cmnit:
1066 1833 1231 1892 atque
1270 1825 1340 1876 ali
1389 1824 1677 1877 innocente
1711 1838 1760 1898 Β
1786 1827 1908 1883 licet
1937 1830 2022 1884 hic
2041 1830 2520 1887 Mediolanensium
2551 1833 2756 1903 peculia
2771 1833 3077 1903 l‘is‘ptllellll‘
3098 1832 3387 1904 privilegio

93 1925 271 1979 matre,
319 1931 440 1982 quin
484 1915 598 1984 jam
649 1916 960 1972 christiana:
1010 1916 1132 1972 ﬁdei
1181 1917 1350 1971 titulis
1397 1916 1670 1987 insignita,

91 2011 298 2066 Christo
314 2009 506 2078 sedule
527 2010 829 2075 in~istebat,
864 2021 1226 2067 sacrosanctis
1249 2011 1676 2080 regenerationis

94 2105 280 2173 fluenta
307 2104 482 2160 lidelis
508 2104 618 2174 jam
643 2105 860 2175 spiritu,
891 2121 958 2160 ac
1007 2106 1110 2160 ﬁde
1169 2106 1414 2160 instituta
1469 2121 1675 2176 praeve-

98 2200 263 2265 niens,
297 2197 664 2262 demonstrari
692 2198 798 2254 sibi
819 2197 1112 2270 ﬂagitabat.
1143 2199 1386 2254 Nrnilmn
1411 2198 1680 2269 siquidem

88 2289 397 2360 baptismum
430 2301 778 2355 consecutus,
811 2292 906 2347 sed
939 2293 1079 2347 inter
1107 2293 1386 2364 religionis
1416 2291 1674 2360 principia

87 2396 480 2442 consummatus
506 2403 519 2440 :
551 2396 606 2442 et
629 2386 870 2441 nondum
897 2385 1257 2442 manifestatis
1284 2387 1386 2442 sibi
1441 2387 1672 2456 legibus,

86 2479 187 2536 Dee
212 2481 422 2553 planus,
453 2489 678 2552 repente
699 2480 975 2552 posses-do
998 2491 1157 2551 atque
1182 2481 1551 2535 habitaculum
1580 2479 1674 2534 Dei

85 2575 243 2631 factus
264 2587 373 2631 est:
403 2589 568 2648 atque
592 2577 668 2630 ita
684 2585 1022 2645 perventura;
1052 2590 1221 2645 usque
1252 2575 1320 2629 ad
1343 2575 1514 2630 cmlos
1560 2583 1675 2630 tur-

85 2669 200 2725 ris!t
226 2669 373 2738 prius
403 2671 838 2726 merititelevare
854 2668 1145 2738 fastigium,
1177 2683 1338 2739 quam
1360 2668 1675 2738 disponeret

83 2763 501 2830 fundamentum,
528 2765 768 2820 notatum
791 2776 1256 2820 sacramentorum
1311 2764 1585 2830 conscius,
1619 2773 1675 2820 et

83 2853 130 2909 in
155 2856 483 2920 sacriﬁcium
507 2857 618 2926 jam
643 2856 982 2927 praeelectus.

146 2949 198 3016 ϐε
211 2950 351 3019 Quid
377 2950 450 3006 ad
473 2948 591 3006 haec
612 2965 711 3005 nos
735 2949 980 3006 infelices
991 2949 1323 3020 respondere
1348 2950 1669 3020 poterimus;

79 3042 164 3112 qni
193 3054 315 3112 post
341 3045 580 3098 nitorem
600 3041 874 3113 baptismi,
900 3052 1021 3113 post
1050 3043 1308 3098 collatum
1338 3044 1495 3098 nobis
1520 3059 1675 3104 sacra

78 3135 490 3204 regeneratione
515 3136 835 3205 candorem,
871 3146 990 3206 post
1019 3135 1337 3207 acquisitam
1370 3135 1672 3190 indumenti

1780 1920 2037 1988 st-pnICri,
2055 1921 2148 1976 sed
2170 1924 2408 1978 omnium
2425 1933 2507 1980 est
2522 1927 2908 1981 communione
2922 1926 3183 1996 sum-agit.
3200 1925 3389 1994 Neque

1780 2015 1923 2068 enim
1958 2016 2114 2070 istius
2146 2017 2295 2072 urbis
2333 2017 2570 2073 Charitas
2602 2019 2806 2089 proﬂua
2838 2033 2890 2076 et
2924 2019 3058 2074 ﬁdes
3080 2035 3240 2073 avara
3263 2028 3386 2074 tan-

1783 2118 1891 2161 tum
1920 2107 2044 2162 huic
2076 2110 2300 2181 martyri
2332 2110 2696 2183 derogavcrit,
2730 2113 2860 2167 dum
2902 2113 3005 2168 sibi
3036 2122 3297 2183 arrogat;
3327 2123 3389 2168 ut

1780 2201 1955 2253 solum
2003 2217 2130 2271 erga
2181 2203 2379 2257 moenia
2436 2219 2531 2259 sua
2586 2205 2872 2275 patrocinii
2926 2207 3071 2260 illius
3122 2205 3385 2261 benelicia

1779 2290 2031 2347 adfutura
2071 2309 2192 2349 esse
2221 2295 2536 2350 crediderit.
2585 2297 2700 2350 Non
2738 2296 3008 2351 clauditur
3045 2297 3199 2363 locis,
3241 2299 3384 2368 quod

1779 2382 2102 2440 diffunditur
2125 2387 2356 2440 meritis.
2392 2387 2658 2442 Invocasti
2691 2389 2888 2459 ultique
2921 2399 3238 2460 martyrem,
3269 2392 3389 2446 ubi-

1778 2493 1882 2546 que
1913 2485 1962 2532 te
1991 2479 2266 2533 exaudivit
2297 2479 2406 2545 ille,
2436 2482 2525 2550 qui
2558 2481 2857 2535 honoratur
2891 2486 2941 2536 in
2975 2492 3234 2553 martyre.
3269 2483 3381 2538 Μο-

1777 2570 2004 2627 derante
2033 2573 2214 2644 itaque
2240 2589 2329 2641 eo,
2360 2574 2449 2643 qui
2480 2587 2672 2645 pensat
2702 2587 2822 2629 vota
2853 2587 2965 2642 tua,
2997 2588 3053 2632 et
3091 2575 3380 2645 dispensat

1780 2683 2007 2724 munera
2055 2670 2267 2734 811.ι;ἱ11
2323 2678 2532 2724 tantum
2574 2669 2750 2724 vicina
2801 2671 3090 2741 priesentia
3143 2669 3385 2726 efﬁcacis

1780 2763 2110 2831 prmbeliitur
2129 2763 2398 2830 advocati,
2429 2767 2478 2817 itt
2505 2771 2767 2834 quantum
2828 2764 2986 2818 fuerit
3016 2763 3149 2818 ﬁdes
3177 2763 3381 2819 devota

1779 2856 2038 2926 suscepti.
2068 2855 2252 2910 Oratio
2274 2857 2416 2910 enim
2442 2873 2563 2928 qua!
2586 2858 2876 2926 castitatis,
2898 2858 3144 2928 justitize,
3163 2868 3217 2914 et
3239 2859 3383 2914 elee~

1779 2963 2126 3021 mosynarum
2160 2949 2415 3019 operibus
2463 2950 2774 3021 adjuvatur,
2835 2951 3049 3007 excedit
3095 2952 3382 3017 mundum,

1778 3055 2025 3114 penetrat
2055 3043 2388 3114 paradisum,
2420 3044 2598 3099 evolat
2625 3060 2795 3116 usque
2825 3045 2892 3099 ad
2926 3046 3098 3116 ipsum
3152 3061 3378 3101 summa:

1776 3137 2098 3208 majestatis,
2114 3139 2306 3209 angelo
2328 3137 2663 3202 conferente.
2681 3153 3055 3210 Conspectum,
3080 3140 3224 3197 sicut
3246 3157 3377 3212 quo-

79 3229 1070 3302 nuptialisangelicamdignitatem;in
1097 3241 1442 3301 peccatorum
1458 3245 1671 3286 casuum
1702 3235 1754 3298 Ο
1779 3231 1902 3286 dant
1929 3232 2047 3286 loco
2070 3247 2174 3286 vox
2209 3240 2436 3286 testatur
2462 3233 2737 3303 angelica:
2765 3233 2830 3286 Et
2878 3249 3000 3289 cum
3045 3245 3123 3299 tu,
3177 3234 3375 3305 inquit,

75 3325 286 3396 relapsi,
310 3335 366 3382 et
398 3328 456 3381 in
486 3327 710 3398 antiqua
739 3326 1030 3381 criminum
1080 3326 1362 3382 volutabra
1413 3327 1668 3393 revoluti,

77 3417 284 3474 nit-eum
315 3419 706 3475 vestimentum
737 3418 894 3474 tetris
923 3416 1263 3486 iniquitattun
1292 3434 1357 3474 ac
1386 3409 1670 3473 libidinum

75 3513 324 3583 contagiis
351 3513 700 3570 sordidamus
721 3530 734 3568 :
759 3523 814 3570 et
837 3513 1217 3578 ltolosericam,
1242 3513 1293 3566 in
1316 3529 1418 3582 qua
1436 3514 1670 3583 sigillum

75 3601 265 3660 divinat
291 3607 550 3680 imaginis
577 3622 966 3677 acceperamus
1038 3607 1384 3675 impressum,
1445 3607 1672 3661 maculis

73 3700 748 3771 mortilemcorrnptionis
771 3702 1093 3766 infecimus;
1122 3711 1177 3755 et
1208 3699 1670 3771 postsingularem

73 3791 161 3848 Dei
189 3796 360 3852 nostri
383 3797 783 3867 indulgentiam
836 3797 1088 3850 innovata
1119 3793 1408 3861 imdamus,
1462 3795 1672 3865 integra

72 3889 449 3957 rescindimus,
485 3890 698 3960 eXpiata
729 3889 1010 3954 violantus,
1028 3894 1338 3959 repetentes
1367 3903 1531 3958 opera
1563 3902 1678 3948 una

66 3978 168 4048 jam
188 3983 350 4037 undis
379 3985 684 4055 purganda,
717 3982 812 4038 sed
840 3982 1094 4039 ﬂammis.

135 4073 186 4127 ἲ.
213 4075 356 4144 Quid
387 4077 546 4144 illud,
571 4093 844 4148 quantque
882 4077 1093 4147 insigne
1114 4076 1314 4132 divinae
1343 4075 1531 4147 gratim
1554 4089 1674 4129 mu-

71 4171 355 4237 nes,quod
380 4183 614 4240 accepto
633 4170 744 4240 jam
773 4171 996 4233 solidari
1057 4171 1294 4234 lavacro,
1343 4179 1464 4239 post
1515 4169 1674 4222 inmt-

69 4276 213 4317 mera
237 4265 510 4320 virtutum
540 4266 715 4335 signa,
747 4276 866 4335 post
890 4277 1199 4336 peragratas
1247 4267 1670 4334 circumquaque

68 4355 134 4409 ob
156 4355 362 4413 Christi
394 4361 844 4431 praedicitionem
879 4361 1191 4414 innumeras
1223 4358 1512 4430 regiones;
1545 4372 1668 4410 cum

68 4463 164 4520 pro
198 4451 294 4508 Dei
321 4455 530 4512 sntttnti
557 4455 896 4511 cottfeSsiuue
921 4455 1137 4509 diversa
1172 4469 1266 4524 per
1295 4453 1554 4524 supplicia
1577 4453 1672 4508 ad-

68 4553 251 4600 versus
276 4562 412 4602 eum
456 4559 604 4602 totus
647 4563 783 4618 pene
820 4547 970 4602 orbis
1001 4547 1385 4602 baccharetnr:
1427 4554 1484 4601 et
1529 4562 1672 4602 nunc

1778 3339 1990 3387 orares,
2017 3339 2117 3394 ego
2150 3323 2319 3378 obtnli
2351 3323 2650 3380 orationem
2675 3335 2819 3380 tuam
2853 3326 2904 3382 in
2938 3336 3234 3398 conspectu
3267 3329 3378 3384 cla-

1776 3414 1952 3470 ritatis
1985 3414 2079 3470 Dei
2119 3415 2257 3489 (Act.
2291 3431 2348 3480 x,
2373 3414 2451 3487 4).

1852 3509 1937 3562 10.
1971 3509 2129 3564 Beata
2153 3511 2356 3574 anima,
2391 3509 2720 3572 cbarissimi,
2749 3511 2904 3580 cujus
2958 3521 3161 3576 votum,
3220 3513 3377 3582 cujus

1774 3603 2208 3672 cumpunctiouis
2235 3604 2540 3670 incensum,
2575 3603 2731 3674 cujus
2757 3605 3173 3674 supplicationis
3219 3605 3378 3664 holo-

1775 3710 2048 3762 C:lllSlUttl,
2081 3697 2221 3750 nulla
2254 3697 2573 3753 inﬁdelitate
2606 3698 2890 3764 fuutidutn,
2958 3699 3108 3753 nullo
3137 3700 3377 3754 carnalis

1777 3792 2046 3847 illecebrae
2079 3792 2254 3848 fetore
2282 3793 2568 3863 pollutum.
2601 3793 2746 3848 nulla
2777 3794 2980 3848 saeiitia
3005 3805 3374 3862 cruentatum,

1777 3884 1921 3940 nulla
1943 3884 2056 3939 odii
2099 3885 2374 3940 simultate
2428 3886 2790 3939 ntaculatutn:
2845 3886 2940 3940 sed
2989 3886 3091 3940 lidc
3134 3887 3372 3952 igneum,

1776 3980 2107 4036 conscientia
2135 3978 2388 4047 nitidum,
2415 3980 2732 4035 sinceritate
2780 3979 2961 4034 cordis
3011 3978 3372 4044 odoril‘erum,

1775 4075 2062 4131 concordia
2081 4085 2132 4129 et
2151 4074 2417 4130 charitate
2440 4073 2765 4145 perfectum,
2780 4091 2955 4145 usque
2971 4075 3036 4129 ad
3056 4075 3146 4131 Dei
3165 4075 3375 4131 vultum

1776 4185 1872 4239 per
1888 4169 2187 4223 etelestiutn
2209 4169 2520 4222 nuntiorum
2538 4168 2780 4223 defertur
2792 4171 3072 4238 obsequia.
3095 4173 3225 4236 Quie
3247 4185 3371 4225 cuin

1776 4264 1846 4318 ita
1875 4265 2003 4327 sint,
2034 4269 2359 4319 honoremus
2391 4263 2578 4319 beatos
2613 4273 2900 4335 martyres,
2924 4265 3197 4332 principes
3229 4263 3375 4332 tidei,

1773 4356 2166 4413 intercessores
2221 4357 2432 4426 mundi,
2499 4372 2779 4429 praecones
2833 4356 3007 4429 regni,
3065 4357 3382 4414 cohzeredes

1779 4452 1894 4508 Dei.

1846 4547 1936 4601 ll.
1967 4545 2119 4614 Quod
2148 4547 2191 4601 si
2213 4545 2505 4601 dicasmihi
2528 4562 2543 4601 :
2567 4545 2705 4612 Quid
2739 4546 2974 4600 honoras
2998 4544 3050 4598 in
3079 4559 3242 4600 carne
3263 4543 3377 4614 jam

65 4638 423 4696 amicissimis
448 4655 754 4696 aretaretur
775 4642 948 4710 pretiis
968 4640 1312 4706 cruciandus,
1338 4637 1498 4710 ιϐ’
1531 4653 1674 4693 nunc
1698 4638 1752 4698 D
1779 4640 2012 4695 resoluta
2044 4648 2206 4709 atque
2230 4648 2573 4709 consumpta,
2605 4639 2792 4708 dequa
2815 4639 2961 4692 nulla
2981 4641 3092 4708 jam
3115 4638 3222 4692 lleo
3250 4653 3383 4693 cura

67 4726 120 4784 in
141 4731 462 4805 longinquis
495 4734 693 4788 duilius
723 4734 1168 4789 transvelieretur
1195 4736 1534 4790 exsulandus
1560 4749 1574 4798 ;
1604 4733 1678 4788 ita

71 4824 459 4881 robustissima
491 4828 691 4881 Christi
718 4825 917 4880 athleta
950 4836 1168 4896 pectore
1197 4836 1465 4882 termento
1496 4827 1678 4880 omnia

69 4915 416 4984 devincebat,
437 4930 500 4974 ut
517 4932 801 4976 strenuum
821 4922 888 4975 de
910 4933 1180 4990 prosuato
1201 4933 1503 4990 reportaret
1524 4921 1681 4975 hoste

68 5020 331 5086 tropanim
355 5033 369 5069 :
401 5018 660 5088 interque
680 5023 902 5072 cruenta
928 5015 1321 5085 Caesarisjussa
1349 5017 1484 5070 vasti
1515 5015 1680 5071 maris

65 5105 312 5176 dejeetus
338 5112 678 5182 gurgitibus,
709 5110 991 5164 ambulare
1017 5109 1067 5163 ei
1089 5109 1270 5163 divina
1299 5125 1463 5180 super
1509 5124 1678 5180 aquas

62 5211 394 5259 concessum
424 5212 517 5258 est
543 5205 904 5275 providentia,
935 5214 985 5257 et
1023 5219 1201 5257 rerum
1255 5205 1678 5274 oltstupescetite

65 5306 275 5360 natura,
318 5312 421 5368 per
455 5297 656 5352 insueti
685 5295 896 5350 itineris
927 5311 1098 5350 novas
1130 5297 1242 5350 vias
1277 5297 1567 5366 pendulum
1598 5299 1681 5350 itt-

64 5381 245 5443 ferens
272 5403 560 5460 gressum,
591 5392 850 5444 tumentia
881 5389 1047 5444 maris
1075 5389 1242 5444 dorsa
1292 5391 1558 5444 calcavit?
1589 5390 1679 5445 \‘i-

64 5481 224 5539 deus
251 5500 553 5558 aequoreas
583 5487 767 5542 Sancti
794 5485 1069 5542 substerni
1094 5488 1300 5541 "teritis
1349 5486 1542 5550 undas,
1590 5499 1674 5539 su~

65 5589 270 5648 praqtte
295 5578 572 5649 angelicis
591 5578 954 5634 confortatutu
972 5581 1246 5651 allOilUllS,
1270 5581 1320 5635 in
1337 5579 1539 5635 Christi
1554 5576 1685 5632 Jesu

65 5667 320 5727 laudibus
343 5670 652 5727 exsultare.
685 5673 825 5730 Ecce
858 5672 1118 5744 profanus
1171 5673 1342 5740 hostis
1389 5689 1683 5747 numquam

1781 4734 1896 4788 est?
1930 4734 1995 4787 Et
2019 4733 2110 4786 ubi
2141 4742 2224 4786 est
2249 4731 2400 4792 illud.
2433 4732 2761 4799 cltarissitni,
2811 4732 2954 4802 quod
3009 4730 3125 4800 ipsa
3177 4733 3380 4784 veritas

1780 4825 2016 4895 loquitur
2044 4841 2138 4895 per
2162 4823 2483 4894 Prophetam
2506 4841 2520 4878 :
2546 4823 2805 4889 Pretiosa,
2823 4825 3016 4894 inquit.
3034 4825 3381 4892 iuconspeclu

1783 4917 1993 4971 Domini
2019 4933 2154 4971 mors
2178 4926 2471 4970 satu-torum
2501 4919 2619 4989 ejus
2647 4915 2825 4986 (Psal.
2857 4932 2982 4982 cxv,
3013 4915 3103 4986 15)
3122 4916 3144 4963 ‘i
3164 4924 3217 4967 et
3275 4914 3380 4966 ite-

1783 5027 1935 5066 rum:
1971 5010 2299 5064 Miltiautem
2328 5011 2475 5064 valde
2516 5010 2898 5079 honoriﬁcandi
2921 5018 3040 5063 sunt
3081 5007 3236 5060 amici
3281 5005 3376 5071 tui,

1787 5107 1924 5161 Deus
1953 5107 2125 5177 (Paul.
2157 5121 2412 5172 cxxxutt,
2447 5105 2568 5175 l5)?
2594 5107 2872 5160 llonorare
2887 5106 3158 5158 debemus
3186 5115 3380 5155 servos

1784 5199 1903 5267 Dei,
1934 5215 2136 5270 quanto
2169 5206 2337 5270 magis
2367 5200 2573 5254 amicos
2607 5200 2729 5254 Dei!
2765 5199 2832 5253 de
2875 5200 3067 5267 quibus
3115 5198 3222 5250 alio
3261 5196 3383 5250 loco

1783 5293 2016 5349 dicitur:
2045 5293 2314 5357 Dominus,
2340 5294 2534 5363 inquit,
2577 5291 2802 5345 custodit
2834 5305 3005 5343 cntutu
3036 5306 3154 5342 ossa
3182 5304 3380 5355 eorum,

1781 5400 1828 5444 et
1850 5406 2008 5443 unum
2023 5405 2086 5442 ea:
2110 5388 2187 5442 his
2206 5405 2305 5442 non
2320 5397 2612 5441 conteretur
2631 5383 3001 5457 (Psal.xxxut,
3021 5381 3137 5454 2t).
3164 5383 3382 5437 llonoro

1783 5503 1915 5558 ergo
1943 5489 1992 5541 iu
2033 5502 2197 5541 carne
2227 5486 2477 5556 martyris
2506 5491 2762 5551 exceptas
2791 5494 2886 5548 pro
2913 5478 3115 5533 Christi
3165 5475 3386 5534 nomine

1783 5581 2087 5645 cicatrices,
2128 5580 2335 5634 honoro
2393 5575 2625 5630 viventis
2675 5573 2992 5628 memoriam
3046 5574 3386 5643 perennitate

1787 5673 2024 5740 virtutis,
2057 5672 2266 5728 honoro
2298 5686 2392 5742 per
2446 5666 2844 5724 confessionem
2905 5666 3122 5722 Domini
3147 5676 3390 5722 sacratos

142 5880 168 5908 ι
215 5872 383 5932 Rom.
414 5872 581 5944 edit.,
606 5875 752 5946 prius
779 5874 977 5932 elevare
1000 5876 1291 5949 fastigium,
1323 5879 1528 5938 omisso
1557 5878 1832 5951 videlicet,
1864 5880 2072 5936 meruit.
