3944 6310
508 305 616 371 719

1431 303 1526 360 AD
1565 299 1797 358 OPERA
1841 296 2089 356 SANCTI
2132 294 2460 357 AMBROSII
2500 295 2867 356 APPENDIX.

3693 294 3788 354 ’ἱΞῦ

497 432 733 494 cineres,
760 427 969 482 honoro
993 425 1043 480 in
1071 422 1346 478 cineribus
1373 421 1581 475 semina
1611 419 1960 483 aeternitatis,
2007 419 2105 472 bo-
2131 419 2187 479 Α
2212 433 2308 487 per
2354 417 2710 490 Evangelium
2741 418 2856 489 ipse
2887 431 2987 472 nos
3009 415 3218 487 genuit.
3272 415 3542 488 Quidquid
3587 431 3711 488 ergo
3736 416 3785 472 in

499 539 636 580 noro
675 537 891 592 corpus,
926 517 1069 589 quod
1127 516 1256 572 mihi
1303 515 1588 570 Dominum
1635 531 1812 570 meum
1869 513 2106 569 ostendit

497 619 744 690 diligere.
775 613 917 684 quod
951 629 1035 666 me
1067 624 1290 682 propter
1324 611 1610 664 Dominum
1658 621 1886 664 mortem
1921 606 2104 661 docuit

498 727 607 768 non
641 710 852 764 limere.
876 707 986 761 Cur
1014 715 1194 760 autem
1225 720 1330 758 non
1353 704 1626 758 honorent
1651 717 1850 771 corpus
1880 699 2012 753 illud
2045 697 2104 752 ﬁ-

495 807 668 870 deles,
701 801 844 875 quod
867 812 1188 858 reveremur
1210 808 1265 855 et
1281 798 1594 854 daemones?
1622 796 1765 866 quod
1817 806 1873 852 et
1893 794 2106 851 afﬂixe-

492 909 618 954 runt
653 899 704 952 in
729 896 1018 968 supplicio,
1048 894 1146 949 sed
1170 893 1482 962 glorificant
1501 895 1554 947 in
1571 891 1860 961 sepulcro?
1881 889 2104 944 Honoro

492 1001 676 1061 itaque
704 1004 923 1060 corpus,
973 987 1116 1058 quod
1167 987 1420 1042 Christus
1469 985 1760 1040 honoravit
1795 985 1847 1039 in
1897 982 2102 1055 gladio,

489 1083 636 1154 quod
677 1097 799 1138 cum
828 1079 1045 1136 Christo
1073 1077 1322 1150 regnabit
1349 1078 1402 1130 in
1435 1075 1596 1131 caelo.

1002 1173 1168 1247 ηδε
1193 1171 1426 1227 SERMO
1455 1170 1591 1226 LVI.

570 1273 648 1328 De
668 1270 846 1326 Natali
890 1273 1064 1324 sancti
1119 1266 1335 1322 Eusebii
1365 1261 1736 1320 Vercellensis
1763 1261 2024 1333 episcopi.

486 1365 554 1422 In
583 1368 678 1421 hoc
699 1380 934 1421 sermone
963 1364 1027 1416 de
1051 1372 1230 1415 sancto
1255 1359 1477 1414 Eusebio
1492 1366 1755 1427 tamquam
1782 1357 1845 1410 de
1874 1364 2102 1424 martyre

559 1462 756 1532 agitur,
787 1457 1018 1528 quamvis
1045 1455 1099 1508 in
1131 1457 1485 1524 confessornm
1526 1451 1706 1503 ordine
1725 1464 1926 1516 semper
1954 1462 2102 1516 repo-

562 1567 719 1608 natur
763 1550 903 1623 upud
949 1549 1192 1616 antiquos
1237 1556 1463 1600 :ctetera
1492 1544 1621 1598 satis
1665 1543 1894 1596 historice
1948 1541 2102 1606 huius

558 1647 802 1703 antistitis
827 1645 964 1698 idem
989 1641 1244 1712 congruit.
1301 1637 1566 1692 Habemus
1613 1634 1753 1707 apud
1811 1632 2099 1687 Maximum

555 1744 720 1798 alium
750 1755 1034 1796 sermonem
1063 1737 1126 1791 de
1146 1737 1324 1790 eodem
1351 1745 1530 1787 sancto
1559 1733 1614 1785 in
1636 1731 1814 1784 multis
1843 1727 1966 1781 huic
1995 1724 2098 1795 ipsi

2210 511 2312 568 hac
2338 527 2524 568 sancta
2559 514 2718 583 plebe
2750 522 2927 582 potest
2957 528 3081 568 esse
3107 511 3370 566 virtutum
3416 522 3470 567 et
3489 513 3692 582 gratiae,
3738 510 3787 565 in

2208 609 2379 662 sancti
2413 608 2636 662 Eusebii
2662 606 2976 679 magisterio
3024 606 3326 678 reperitur.
3367 606 3446 661 Ex
3474 604 3575 660 hoc
3620 615 3787 658 autem

2208 703 2360 771 quasi
2399 702 2638 773 quodam
2666 705 2932 758 virtutum
2959 701 3109 758 fonte
3149 702 3487 758 lucidissima
3510 701 3789 757 rivulorutn

2208 793 2324 852 hau!
2380 798 2586 867 puritas
2625 797 2922 852 emanavit.
2953 796 3086 852 Nam
3130 800 3256 864 quia
3311 796 3582 851 castitatis
3620 795 3795 866 vigore

2207 889 2479 962 pollebat,
2540 893 2877 962 pr0positum
2954 890 3291 962 virginitatis
3367 889 3632 955 instituit;
3678 889 3794 958 quia

2207 985 2552 1040 abstinentiae
2597 985 2936 1056 gloriabatur
2965 986 3258 1057 angustiis,
3293 983 3676 1038 monachorum
3725 983 3796 1038 iu-

2208 1080 2451 1133 tro'luxit
2517 1077 2657 1135 forte
2712 1077 3020 1143 servitium;
3081 1078 3209 1148 quia
3266 1075 3648 1132 blandimentis
3690 1083 3796 1132 erat

2209 1172 2471 1242 pricditus
2505 1172 2771 1239 lenitatis,
2798 1181 3121 1228 cunctorum
3168 1172 3368 1227 civium
3414 1173 3464 1226 in
3491 1171 3654 1226 Deum
3684 1187 3798 1242 pro-

2209 1265 2426 1320 vocavit
2453 1265 2725 1327 all‘ectum;
2757 1265 2879 1337 quia
2917 1264 3176 1337 pontiﬁcii
3201 1264 3679 1319 administratione
3706 1263 3798 1317 ful-

2205 1358 2388 1428 gebat,
2420 1360 2651 1430 plurcse
2677 1360 2962 1431 discipulis
2989 1359 3286 1416 sacerdmii
3318 1359 3401 1413 sui
3431 1357 3596 1428 elegit
3635 1357 3797 1414 hmo-

2206 1452 2324 1508 des.
2370 1455 2627 1523 Quamvis
2660 1455 2824 1527 igitur
2850 1455 3095 1510 nonnulli
3131 1455 3326 1510 liberis
3356 1455 3471 1509 suis
3505 1454 3798 1522 relinquant

2205 1549 2322 1602 auri
2351 1551 2669 1619 argentique
2695 1549 3002 1609 thesauros.
3032 1564 3191 1605 nemo
3215 1558 3397 1604 tamen
3427 1558 3616 1604 sancto
3644 1549 3800 1604 Eusc-

2206 1640 2295 1695 bio
2326 1641 2554 1698 ditiores
2585 1641 2824 1712 reliquit;
2848 1641 3118 1714 siquidem
3145 1655 3343 1698 omnes
3364 1643 3686 1697 exstiterunt
3713 1650 3800 1697 aut

2204 1735 2544 1803 sacerdotes,
2573 1747 2664 1790 aut
2695 1745 2988 1808 martyres.

558 1835 892 1907 persimilem,
925 1831 1012 1888 sed
1044 1831 1146 1885 sive
1192 1828 1270 1882 illi
1328 1827 1391 1881 ab
1439 1825 1617 1880 eodem
1649 1837 1877 1886 ain-tore,
1939 1820 2043 1873 sive
2065 1834 2097 1872 a
2129 1824 2176 1885 B
2272 1825 2327 1880 4,
2359 1824 2492 1880 Nam
2527 1835 2585 1881 υι
2630 1837 2832 1882 canem
2867 1839 3101 1895 iaceam,
3131 1827 3265 1883 illud
3296 1842 3462 1899 quam
3487 1825 3793 1885 admirabile

552 1929 767 1986 diversis
798 1925 1016 1998 profecti
1039 1923 1255 1995 fuerint,
1287 1921 1425 1974 hunc
1447 1936 1546 1972 non
1578 1933 1684 1972 esse
1711 1914 1933 1969 Maximi
1979 1928 2097 1980 per-

555 2024 792 2094 spicuum
817 2027 924 2083 est;
956 2031 1073 2070 cum
1101 2015 1154 2068 in
1177 2014 1390 2084 ipsumet
1435 2009 1742 2063 Vercellensi
1779 2005 2011 2059 Ecclesia
2029 2004 2096 2056 sit

559 2114 946 2186 pronuntiatus.
973 2106 1106 2180 Ejus
1133 2123 1251 2162 vero
1277 2114 1540 2159 auctorem
1569 2103 1834 2171 antiquum
1859 2099 2017 2170 fuisse
2033 2113 2096 2152 ea:

557 2225 617 2262 eo
643 2216 805 2277 patet,
831 2203 968 2274 quod
1012 2217 1088 2268 se,
1136 2208 1386 2268 prwsente
1416 2193 1829 2268 Exsuperantio,
1864 2189 2095 2265 ejusdem

550 2299 762 2354 Eusebii
781 2295 1061 2367 discipulo,
1087 2293 1225 2362 loqui
1239 2291 1522 2366 signiﬁcat.
1551 2288 1742 2344 Verum
1757 2284 1988 2356 quisquis
2005 2283 2096 2337 ille

545 2396 634 2460 sit,
661 2394 916 2446 diversum
947 2404 1064 2443 eum
1091 2402 1200 2441 esse
1230 2385 1293 2439 ab
1325 2383 1618 2448 Ambrosio,
1644 2393 1692 2436 et
1717 2381 1812 2434 alii
1842 2383 1946 2450 iam
1977 2387 2095 2431 ante

544 2491 952 2572 agnoveruntbet
987 2492 1095 2535 tota
1137 2478 1385 2534 sermonis
1428 2477 1584 2530 series
1629 2471 1837 2528 abunde
1881 2471 2089 2541 probat.

550 2584 602 2637 1.
635 2582 716 2637 Ad
745 2563 919 2635 sanc'ti
962 2574 1219 2648 martyris
1249 2571 1468 2628 Eusebii
1513 2569 1726 2625 laudem
1763 2567 1965 2636 aliquid
1992 2563 2091 2619 ad-

469 2677 607 2734 dere
638 2674 800 2738 velle,
834 2671 1132 2739 decerpere
1155 2675 1274 2731 est;
1303 2662 1776 2719 tamineﬁ'abilium
1797 2661 1941 2714 enim
1961 2658 2091 2714 doc.

470 2771 742 2826 trinarum
787 2763 1047 2833 magister
1091 2760 1321 2825 exstitit,
1371 2768 1430 2811 ut
1475 2757 1667 2810 merita
1718 2754 1836 2824 ejus
1883 2753 2093 2808 facilius

472 2862 734 2933 operibus
755 2856 1011 2928 cognosci
1043 2853 1274 2926 possint,
1308 2865 1469 2920 quam
1520 2848 1870 2904 sermonibus
1917 2845 2093 2915 expli-

470 2955 588 3012 cari
611 2953 864 3008 .Tantum
893 2959 1074 3004 autem
1103 2946 1170 3001 de
1195 2961 1262 3000 eo
1275 2941 1608 3000 conScientia
1634 2941 1854 3006 retinet,
1875 2947 1899 2975 ⁸
1922 2953 2094 3010 quau-

474 3057 593 3102 tum
612 3045 782 3101 oratio
809 3053 865 3099 et
886 3039 1120 3096 narratio
1139 3053 1244 3093 non
1277 3033 1559 3106 praevalet.
1586 3033 1751 3103 Igitur
1772 3040 1924 3103 gesta
1947 3029 2092 3085 illius

474 3153 589 3195 non
619 3137 800 3192 verbis
832 3131 1144 3190 adornanda
1197 3138 1342 3193 sunt,
1367 3127 1464 3184 scd
1512 3125 1924 3197 perstringenda
1966 3141 2091 3180 sen-

2199 1928 2308 1984 est,
2338 1920 2482 1987 quod
2517 1922 2568 1974 in
2611 1919 2711 1976 hac
2740 1931 2930 1977 sancta
2964 1922 3211 1977 Ecclesia
3260 1922 3483 1978 eosdem
3515 1921 3792 1979 monachos

2199 2011 2604 2079 inStituitesse,
2652 2029 2791 2086 quos
2818 2015 3070 2081 clericiis;
3109 2027 3276 2086 atque
3327 2015 3519 2071 iisdem
3559 2030 3792 2086 penetra-

2199 2105 2344 2162 libus
2382 2108 2742 2163 sacerdotalia
2775 2109 2954 2164 ofﬁcia
2982 2109 3280 2177 contineri,
3311 2110 3509 2181 quibus
3536 2121 3584 2165 et
3614 2110 3790 2180 singu-

2199 2199 2328 2255 laris
2353 2201 2672 2256 castimonia
2704 2210 3080 2268 conservatur;
3115 2211 3173 2257 ut
3209 2211 3359 2259 esset
3389 2205 3441 2256 in
3494 2201 3623 2274 ipsis
3668 2202 3791 2257 viris

2197 2303 2551 2366 contemptus
2599 2311 2802 2363 rerum,
2836 2305 2858 2334 ο
2896 2307 2950 2351 ct
2992 2297 3269 2352 accuratio
3309 2295 3591 2351 levitarum
3622 2312 3638 2348 :
3671 2304 3726 2350 ut
3750 2295 3790 2350 si

2197 2387 2418 2442 videres
2451 2387 2764 2443 monasterii
2813 2389 3063 2453 lectulos,
3099 2388 3272 2444 instar
3343 2388 3622 2443 orientalis
3669 2402 3788 2457 pro-

2197 2480 2363 2552 positi
2398 2481 2708 2550 judicares:
2743 2483 2787 2537 si
2817 2481 3165 2539 devotionem
3201 2484 3390 2540 clerici
3445 2483 3784 2555 perspiceres,

2195 2575 2424 2644 angelici
2457 2575 2662 2632 ordinis
2691 2577 3082 2635 observatione
3106 2578 3394 2650 gauderes.

2268 2668 2321 2723 5.
2376 2669 2510 2724 lllttd
2559 2679 2740 2725 autem
2793 2671 3082 2728 tacendum
3133 2677 3360 2728 omnino
3393 2687 3501 2728 non
3544 2673 3789 2737 arbitror,

2194 2761 2338 2833 quod
2360 2779 2480 2818 cum
2511 2763 2835 2820 Arianorum
2865 2765 3189 2821 detestanda
3221 2765 3456 2838 perﬁdia
3484 2775 3650 2821 totam
3676 2781 3788 2822 cum

2194 2859 2452 2912 universo
2477 2860 2680 2913 mundo
2711 2858 2923 2914 Italiam
2945 2859 3346 2930 perturbasset,
3367 2871 3533 2932 atque
3553 2860 3790 2927 ejusdem

2195 2953 2523 3022 pestilentia
2553 2952 2869 3008 sacerdotes
2895 2952 3305 3023 simplicitatem
3351 2955 3528 3007 sancti
3557 2951 3796 3022 Dionysii

2193 3045 2452 3118 martyris
2484 3045 2875 3115 captivassent;
2905 3046 2975 3100 ita
3000 3055 3060 3100 ut
3085 3045 3516 3116 subscriptionis
3540 3047 3662 3114 ejus
3687 3045 3796 3098 vin-

2193 3139 2374 3194 culum
2409 3141 2733 3206 retinerent,
2785 3155 2893 3210 qua
2947 3139 3094 3195 illum
3123 3154 3154 3194 e
3205 3138 3461 3194 manibus
3497 3153 3688 3194 eorum
3717 3152 3799 3192 sa-

476 3232 701 3296 tentiis;
731 3227 1034 3300 praesertim
1064 3225 1187 3294 quia
1218 3239 1315 3277 nos
1344 3221 1549 3276 scimus
1571 3236 1692 3276 eam
1724 3235 1838 3274 rem
1867 3231 2089 3274 comere
2117 3216 2164 3282 C
2197 3230 2399 3302 pienlia
2451 3231 2738 3287 liberavi”
2792 3229 2943 3288 Sicut
2991 3233 3139 3287 enim
3183 3231 3256 3286 ηίι
3302 3242 3525 3286 sanctus
3571 3230 3795 3285 panius:

477 3342 590 3383 n0n
617 3324 821 3380 debere
841 3319 1209 3382 sermonibus,
1234 3332 1394 3387 quam
1416 3314 1662 3370 videmus
1681 3314 1792 3383 jam
1813 3320 2088 3382 comptam

477 3438 605 3480 esse
640 3419 948 3482 virtutibus,
980 3429 1104 3470 cum
1133 3412 1277 3467 dicat
1306 3410 1631 3476 Apostolus:
1695 3407 1936 3479 Regnum
1990 3402 2092 3458 Dei

479 3535 582 3572 non
604 3517 656 3570 in
679 3528 911 3569 sermone
941 3520 1035 3575 est,
1066 3507 1155 3562 sed
1177 3507 1228 3561 in
1253 3507 1437 3560 virtute
1459 3503 1504 3577 (l
1528 3503 1648 3558 Cor.
1683 3518 1760 3569 tv,
1806 3499 1925 3573 20).

555 3614 612 3667 2.
647 3612 787 3682 Ergo
810 3607 876 3663 ad
906 3605 1097 3661 merita
1126 3603 1244 3674 ejus
1267 3599 1471 3666 aliquid
1495 3599 1696 3653 addere
1728 3595 2093 3660 velle,decer—

477 3721 613 3780 pere
640 3713 747 3770 est,
781 3717 868 3757 me
900 3698 1188 3770 prmcipue,
1222 3694 1250 3732 ι’
1281 3694 1369 3765 qui
1399 3702 1454 3747 et
1494 3694 1712 3763 ignarus
1740 3705 1922 3744 rerum
1969 3703 2093 3759 ges-

477 3810 658 3856 tarum
715 3797 843 3860 sim,
901 3800 957 3846 et
1011 3791 1312 3845 litterarum
1364 3785 1652 3854 imperitus
1712 3796 2012 3846 sacrarum,
2038 3788 2094 3835 et

481 3895 635 3952 rudis
669 3885 1086 3947 sacerdotalium
1141 3882 1502 3938 lunctionom.
1551 3877 1867 3932 Potuissent
1909 3887 2091 3929 autem

480 3989 790 4060 praedicare
813 3985 928 4039 haec
958 3979 1129 4036 sancti
1163 3987 1527 4048 przeccssores
1568 3971 1673 4026 mei
1705 3987 1803 4027 usu
1853 3970 2091 4036 facilius,

484 4082 863 4152 experimento
896 4072 1195 4145 prohatius,
1228 4069 1480 4125 doctrina
1533 4065 1880 4138 praeclarius:
1931 4063 2091 4118 dom-

487 4191 618 4229 num
651 4183 706 4227 et
750 4176 955 4237 patrem
1008 4162 1317 4236 specialiter
1362 4160 1582 4215 beatum
1638 4155 2093 4226 lixsuperantium

481 4268 706 4336 loiluor,
734 4261 824 4331 qui
857 4259 958 4312 fuit
983 4257 1102 4326 ejus
1126 4255 1374 4309 minister
1403 4252 1457 4306 in
1515 4248 1848 4314 sacerdotio,
1903 4263 2090 4304 comes

491 4360 545 4413 in
579 4352 858 4424 martyrio,
884 4349 1153 4421 particeps
1175 4346 1228 4400 in
1263 4345 1472 4400 labore.
1502 4341 1557 4396 In
1583 4341 1740 4411 cujus
1761 4341 1913 4394 vulttt
1939 4354 2094 4395 sanc-

497 4460 608 4506 tum
628 4462 844 4520 quoque
877 4444 1166 4499 Eusebium
1197 4440 1381 4495 videre
1403 4453 1501 4493 nos
1521 4438 1818 4501 credimus,
1843 4444 1899 4492 et
1941 4435 2096 4506 quasi

495 4553 552 4605 in
578 4543 810 4616 quodam
844 4539 1066 4612 speculo
1081 4535 1339 4593 bonitatis
1361 4533 1507 4588 illius
1534 4532 1820 4602 imaginem
1872 4539 2096 4586 contue-

2194 3323 2394 3380 Factus
2419 3343 2532 3380 sum
2559 3324 2763 3380 Iudaeis
2789 3336 3052 3398 tamquam
3070 3323 3379 3388 Judaeus,ut
3406 3323 3619 3379 Indicos
3649 3325 3799 3378 lucri-

2195 3425 2417 3494 facerem
2445 3422 2486 3495 (l
2505 3421 2627 3480 Cor.
2658 3439 2734 3487 is,
2756 3422 2828 3478 20
2858 3425 2900 3492 );
2919 3423 2990 3477 ita
3013 3423 3279 3478 Eusebius
3302 3421 3573 3476 haereticis
3585 3421 3798 3476 hrretio

2194 3530 2320 3570 cum
2388 3529 2450 3570 se
2505 3531 2629 3570 esse
2674 3515 2939 3570 mentitus
2995 3524 3101 3580 est,
3156 3524 3217 3570 ut
3281 3515 3349 3569 de
3382 3513 3574 3569 haeresi
3636 3514 3796 3568 ﬁlium

2196 3607 2475 3664 liberaret.
2510 3609 2652 3663 Dixit
2678 3609 2826 3665 enim
2856 3624 2916 3664 se
2944 3624 3137 3664 eorum
3165 3608 3482 3664 consentire
3537 3607 3792 3677 perﬁdia,

2195 3701 2303 3758 hoc
2354 3704 2457 3758 sibi
2494 3704 2731 3774 placere,
2761 3705 2906 3776 quod
2941 3704 3080 3758 illis:
3132 3702 3232 3759 sed
3278 3702 3426 3772 quod
3477 3700 3582 3757 sibi
3639 3701 3798 3755 ﬁlium

2195 3797 2512 3870 Dionysium
2555 3798 2608 3854 in
2657 3799 3058 3855 subscribendo
3115 3808 3526 3871 prmponereut,
3567 3799 3798 3867 graviter

2195 3889 2362 3963 469
2416 3907 2475 3946 se
2519 3893 2759 3947 moveri:
2810 3891 2922 3948 Vos
2971 3891 3158 3956 enim,
3217 3891 3428 3963 inquit,
3480 3888 3571 3962 qui
3627 3888 3798 3945 dicitis

2198 3983 2394 4038 Filium
2429 3985 2522 4040 Dei
2555 3985 2698 4040 Patri
2739 3985 2854 4040 Deo
2897 3986 3164 4056 aequalem
3201 3999 3324 4040 esse
3351 3999 3462 4038 non
3498 3996 3683 4053 posse,
3710 3995 3796 4036 cur

2198 4075 2331 4132 mihi
2365 4075 2534 4131 ﬁlium
2582 4093 2761 4132 mcum
2789 4077 3132 4148 pra-tulistis?
3153 4075 3269 4145 Qua
3314 4075 3392 4130 illi
3421 4076 3638 4130 ratione
3685 4088 3796 4144 per-

2199 4171 2354 4238 mmi,
2386 4171 2570 4226 Statim
2602 4172 2775 4227 sancti
2821 4171 3062 4242 Dionysii
3104 4168 3534 4241 chirographum
3580 4167 3794 4222 deleve-

2198 4271 2348 4327 runt,
2403 4264 2638 4333 priorem
2685 4263 2862 4318 locum
2918 4262 3297 4320 subscribendi
3348 4263 3514 4318 beato
3565 4259 3794 4315 Eusebio

2195 4356 2528 4412 deferentes.
2553 4357 2816 4425 Quosille
2845 4358 3136 4428 increpans
3184 4368 3241 4413 et
3267 4356 3507 4412 irridens
3531 4355 3608 4410 ait
3635 4372 3650 4408 :
3698 4351 3794 4408 Νε-

2199 4467 2307 4523 que
2333 4466 2434 4522 ego
2473 4466 2558 4507 me
2585 4452 2784 4507 vestris
2819 4451 3122 4508 sceleribus
3154 4450 3362 4521 polluo,
3413 4465 3590 4521 neque
3635 4448 3794 4504 ﬁliam

2201 4561 2384 4600 meum
2425 4543 2705 4600 vobiscum
2765 4543 3094 4615 participare
3135 4543 3418 4616 permitto.
3481 4540 3637 4598 Unde
3680 4553 3794 4595 cum

498 4667 650 4716 mur;
681 4646 838 4704 facile
864 4643 1006 4701 enim
1037 4641 1416 4712 cognoscimus
1439 4634 1884 4708 qualismagister
1910 4632 2092 4700 fuerit,
2121 4619 2176 4682 Ῑ)
2200 4639 2344 4695 dicat
2389 4639 2747 4712 Evangelium
2797 4639 2851 4694 in
2882 4638 2986 4694 hac
3024 4638 3381 4709 generatione
3423 4634 3796 4708 prudentiores

499 4750 654 4821 cujus
685 4747 845 4802 talem
870 4741 1115 4797 videmus
1143 4751 1266 4792 esse
1288 4732 1638 4802 discipulum.
1673 4731 1782 4787 Sed
1839 4731 2097 4799 quoniam

497 4841 857 4902 confessionis
880 4837 1028 4892 illius
1055 4832 1250 4888 similis
1273 4830 1416 4885 hunc
1445 4827 1614 4899 gloria
1637 4826 1952 4892 comitatur,
1987 4841 2098 4880 ma-

499 4939 616 4994 vult
643 4934 872 4991 reticere
899 4929 1088 4985 laudes
1138 4933 1425 4997 paternas;
1485 4935 1552 4976 ne
1599 4920 1851 4992 proprias
1895 4919 2096 4991 pariter

493 5033 704 5102 jactare
730 5025 997 5081 videatur.

568 5128 621 5182 5.
653 5121 790 5192 Quid
813 5132 946 5190 ergo
967 5115 1035 5170 de
1065 5109 1321 5182 martyris
1347 5105 1755 5176 Ensebiigloria
1786 5105 2099 5175 praedicem,

493 5223 653 5290 cujus
681 5227 789 5272 tota
821 5211 973 5284 plebs
1007 5209 1113 5262 ista
1141 5204 1214 5258 sit
1244 5199 1452 5273 gloria?
1496 5199 1562 5256 Et
1590 5216 1710 5255 cum
1744 5199 1887 5254 dicat
1911 5198 2102 5269 Scrip-

494 5325 614 5369 tura
657 5328 670 5363 :
705 5307 887 5362 Gloria
919 5303 1080 5372 patris
1132 5305 1207 5351 est
1255 5294 1398 5364 [ilius
1435 5296 1641 5363 sapiens
1675 5294 1693 5364 (
1731 5292 1886 5347 Prov.
1921 5310 1976 5359 χ,
2005 5294 2029 5346 1
2059 5295 2098 5361 );

489 5412 708 5476 quantm
759 5397 922 5466 hujus
951 5401 1079 5448 sunt
1131 5385 1341 5460 glorize,
1398 5385 1490 5456 qui
1542 5395 1816 5440 tantorum
1862 5386 2099 5440 ﬁliorum

493 5494 761 5568 sapientia
790 5501 846 5546 et
866 5487 1163 5546 dev0tione
1189 5484 1406 5536 laztatur
1426 5481 1440 5535 ε
1464 5479 1520 5534 lu
1543 5478 1766 5535 Christo
1794 5479 1941 5535 enim
1972 5480 2100 5536 Jesu

559 5695 587 5730 εί
639 5671 819 5729 Codex
869 5665 1105 5731 Theod.,
1165 5669 1417 5734 quantum
1467 5659 1632 5714 oratio
1687 5675 1932 5715 enarrare
1991 5677 2096 5717 non

487 5746 846 5874 “affines.
877 5826 941 5866 ac
962 5817 1074 5864 vet.
1109 5805 1268 5870 edit.;
1297 5803 1479 5858 locum
1498 5819 1627 5859 vero
1657 5803 1817 5858 Rom.
1841 5804 1922 5862 sic
1949 5821 2081 5862 con-

483 5895 664 5957 traxit,
723 5886 810 5958 qui
839 5897 1013 5938 rerum
1061 5895 1094 5932 a
1126 5893 1181 5932 se
1211 5886 1473 5947 gestarum
1517 5891 1646 5945 pene
1673 5878 1914 5950 tignarus
1953 5880 2073 5934 sim.

2199 4736 2339 4792 filios
2376 4736 2723 4792 tenebrarum
2775 4750 2898 4790 esse
2942 4749 3105 4806 quam
3153 4731 3290 4788 lucis
3337 4731 3357 4804 (
3390 4730 3524 4786 Luc.
3559 4745 3677 4795 xvi,
3704 4726 3790 4796 8):

2200 4844 2328 4885 ecce
2358 4828 2447 4884 hic
2491 4829 2624 4901 ipsis
2651 4827 2892 4886 tenebris
2921 4826 3241 4900 prudentior
3263 4825 3413 4881 ﬁlius
3440 4823 3574 4881 lucis
3613 4822 3796 4877 inves-

2203 4933 2288 4979 tus
2318 4932 2420 4978 cst.

2277 5013 2328 5070 6.
2373 5015 2525 5071 Tunc
2554 5015 2630 5070 illi
2659 5015 2899 5087 graviter
2944 5013 3318 5086 indignantes,
3374 5012 3449 5068 ita
3491 5009 3779 5082 nequitiam

2202 5121 2354 5162 suam
2393 5107 2562 5163 fuisse
2590 5108 2869 5174 delusam,
2919 5107 3075 5163 novis
3123 5122 3246 5162 eum
3291 5120 3386 5176 per
3415 5101 3785 5159 Constantium

2203 5201 2502 5274 principem
2533 5201 2560 5240 ἀ
2587 5203 2933 5272 passiouibus
2964 5208 3332 5264 vexaverunt;
3366 5215 3492 5254 nam
3518 5208 3640 5269 post
3665 5196 3795 5253 ul—

2204 5307 2284 5352 tas
2315 5296 2543 5368 injurias
2568 5298 2798 5354 orientis
2827 5298 2995 5368 plaga:
3024 5296 3175 5351 illum
3209 5294 3408 5349 exsilio
3452 5294 3792 5362 relegaruut,

2202 5394 2256 5448 in
2285 5403 2555 5463 quotanta
2586 5408 2777 5463 passus
2801 5403 2920 5457 est,
2951 5390 3267 5461 utmartyrii
3294 5389 3548 5443 invictam
3568 5385 3792 5456 gloria

2201 5494 2534 5556 reportaret.
2566 5485 2776 5541 Dicitur
2803 5483 2947 5541 enim
2977 5483 3118 5539 inter
3143 5493 3344 5538 caetera
3375 5479 3792 5552 passionumge-

2205 5662 2510 5721 Potuissent
2534 5677 2730 5730 autem,
2760 5675 2868 5722 etc.

2267 5747 2289 5776 °
2329 5736 2513 5794 Codex
2537 5739 2771 5805 Theod.,
2801 5749 2846 5792 et
2869 5736 3133 5791 accuratio
3158 5736 3474 5790 litterarum.

2263 5805 2289 5845 ά
2322 5809 2504 5866 Codex
2533 5809 2768 5880 Theod.,
2799 5809 3122 5883 passiouibus
3145 5815 3481 5864 necaverunt.
