3944 6310
124 372 214 430 721

928 371 1295 431 SERMONES
1332 373 1389 430 S.
1431 373 1778 434 AMBROSIO
1816 377 2192 438 HACTENUS
2220 379 2561 439 ASCRlPTl.

3295 378 3401 438 723

123 505 243 548 nera
267 490 365 546 ltoc
393 489 599 562 poenale
628 490 896 561 passionis
923 492 1248 562 supplicium
1287 491 1575 561 pertulisse
1596 533 1612 558 ,
1637 502 1696 548 ut
1721 497 1772 556 Α
1800 495 1868 551 rit
1898 511 2016 566 quae
2048 496 2196 551 illum
2228 509 2348 567 post
2377 500 2585 554 exitum
2637 500 2807 570 gratia
2857 506 3226 571 permaneret.
3261 496 3403 553 Dicit

121 586 240 640 dum
272 584 692 655 interrogaretur
721 584 789 639 ab
812 585 1029 640 Arianis
1049 625 1064 653 ,
1081 595 1209 639 etse
1231 599 1419 639 eorum
1451 600 1697 640 commu-

120 678 290 734 nicare
319 675 555 748 perltdiae
584 675 938 747 denegasset,
970 678 1240 732 scalarum
1266 675 1489 747 proclivi
1518 685 1692 732 tractu

118 770 310 839 supinis
367 768 594 840 pedibus
621 769 688 824 ad
729 772 894 824 imum
948 785 1117 842 usque
1151 769 1597 840 pertralterctur:
1638 779 1694 826 et

117 864 300 922 iterum
327 875 610 918 revocatus
638 863 704 917 ad
749 879 1053 930 summum,
1101 863 1468 934 interrogatus
1511 865 1691 920 denuo

114 971 226 1014 cum
254 955 438 1011 eadem
467 955 870 1026 respondisset,
896 957 1084 1012 eadem
1137 968 1434 1028 pateretur,
1480 973 1543 1014 ac
1583 959 1690 1015 fre-

114 1058 355 1121 quentem
386 1049 868 1120 interrogationem
893 1050 1530 1122 frequenterltujusmodi
1562 1067 1690 1124 sup-

115 1141 321 1212 plicium
369 1140 532 1196 fuerit
575 1141 947 1198 subsecutum.
999 1143 1053 1198 In
1087 1160 1190 1214 qua
1226 1143 1478 1214 passione
1516 1147 1689 1201 sancti

116 1233 316 1290 Eusebii
346 1234 598 1306 martyris
622 1274 638 1298 ,
671 1234 796 1290 licet
827 1233 991 1290 fuerit
1017 1247 1338 1306 quassatum
1368 1244 1564 1306 caput,
1591 1236 1691 1291 eli-

110 1340 216 1382 sum
241 1340 469 1395 corpus,
501 1327 746 1383 membra
777 1331 1052 1384 confracta
1078 1345 1093 1395 ;
1124 1328 1338 1383 animus
1365 1339 1541 1385 tamen
1562 1329 1690 1386 fidei

109 1422 292 1476 mansit
322 1419 573 1477 ittvictus.
603 1421 736 1477 Nam
760 1434 963 1494 quanto
980 1423 1095 1494 plus
1118 1423 1268 1478 illum
1289 1424 1488 1479 Ariana
1520 1424 1688 1496 perli-

105 1513 182 1568 dia
209 1515 562 1585 corporaliter
588 1515 898 1584 lacerabat,
937 1525 1086 1573 tanto
1115 1519 1288 1589 magis
1336 1534 1461 1574 etnu
1495 1518 1687 1574 catho-

107 1606 200 1662 lica
232 1608 514 1679 integritas
541 1610 864 1680 Spiritaliter
891 1609 1190 1666 refovebat.

169 1700 220 1755 7.
258 1699 427 1768 Quem
479 1700 704 1771 quidem
736 1704 1007 1759 scalarum
1051 1719 1342 1759 ascensum
1383 1713 1544 1776 atque
1589 1703 1686 1760 de-

103 1807 338 1850 scensum
391 1810 679 1866 possumus
733 1798 938 1866 dicere,
994 1815 1153 1871 quem
1185 1799 1354 1855 Jacob
1401 1801 1684 1856 somnians

1797 598 2021 642 sanctus
2071 588 2276 644 David:
2325 589 2521 645 Notum
2581 594 2665 664 [ac
2716 593 2875 659 milii,
2929 591 3186 661 Domine,
3237 592 3394 662 ﬁnem

1797 697 1998 747 meum,
2021 692 2069 736 et
2096 700 2364 738 numerum
2389 685 2593 740 dierum
2624 703 2872 750 meorum,
2902 695 2959 741 et
2984 688 3194 758 reliqua
3217 682 3394 756 (Psal.

1795 788 2004 828 xxxvnt
2025 815 2040 841 ,
2073 775 2163 843 5).
2197 776 2333 830 Ecce
2361 777 2505 845 quod
2541 779 2811 848 PrOplteta
2843 789 3158 848 Optaverat,
3191 777 3399 849 Martyr

1794 869 2004 936 accepit
2031 887 2042 922 :
2079 871 2324 924 notitiam
2355 887 2514 941 quant
2545 872 2638 928 ille
2661 882 2894 941 exorat,
2917 872 2945 912 ιι
2971 874 3073 928 iste
3102 873 3398 943 consequi-

1797 968 1920 1026 tur;
1953 962 2054 1016 nisi
2081 963 2226 1032 quod
2267 965 2411 1017 salva
2447 965 2550 1020 fide
2591 965 2862 1031 dixerim,
2911 967 3146 1037 amplius
3178 980 3396 1038 prome-

1795 1062 2018 1118 rentur;
2053 1053 2144 1108 ille
2188 1057 2330 1111 enim
2363 1055 2523 1111 finem
2561 1058 2802 1128 postulat
2833 1073 3027 1125 nosse,
3083 1060 3188 1114 iste
3225 1060 3390 1114 etiam

1796 1144 1936 1199 ultra
1965 1147 2123 1202 finem
2156 1149 2285 1219 quid
2321 1150 2532 1206 futurus
2560 1161 2739 1216 esset,
2771 1154 3058 1222 agnoscit:
3103 1153 3198 1208 ille
3221 1168 3394 1225 usque

1792 1239 1858 1293 ad
1883 1242 2085 1297 exitum
2105 1245 2230 1312 quid
2263 1246 2437 1313 desit,
2470 1249 2723 1318 ignorat;
2757 1248 2860 1304 iste
2891 1261 3010 1319 post
3038 1249 3244 1304 exitum
3263 1249 3391 1320 quid

1792 1338 2022 1405 supersit
2049 1381 2064 1405 ,
2089 1339 2340 1396 addiscit.

1861 1429 2024 1502 470
2051 1433 2105 1488 5.
2137 1432 2331 1489 Volare
2357 1451 2490 1507 ergo
2517 1451 2577 1493 se
2625 1438 2676 1494 in
2729 1437 2832 1496 hac
2875 1439 2965 1494 die
2995 1437 3132 1494 vidit
3179 1450 3392 1510 martyr

1789 1520 2080 1578 Eusebius.
2132 1523 2284 1579 Sicut
2330 1529 2572 1596 scimus,
2627 1529 2816 1584 volare
2865 1544 2974 1584 non
3030 1537 3244 1601 poti-st,
3288 1529 3390 1583 nisi

1789 1619 1935 1689 quod
1969 1635 2158 1689 purum
2181 1662 2196 1687 ,
2232 1621 2347 1676 leve
2369 1664 2384 1688 ,
2411 1633 2571 1694 atque
2597 1625 2798 1681 subtile
2829 1635 2908 1679 est
2931 1642 2943 1678 :
2968 1626 3128 1692 Cujus
3157 1639 3258 1679 nec
3279 1623 3391 1678 sin-

1787 1710 1987 1766 eeritas
2018 1712 2436 1782 intemperantia
2471 1717 2800 1782 retardatur,
2828 1733 2928 1773 nec
2959 1718 3212 1772 alacritas
3239 1759 3252 1782 ,
3287 1731 3388 1771 nec

1787 1803 2049 1860 velocitas
2095 1807 2236 1861 mole
2275 1818 2557 1878 gravatur.
2627 1809 2859 1865 Gravari
2905 1823 3088 1866 autem
3143 1810 3386 1864 Volatum

101 1888 424 1959 prophetarit
473 1889 650 1963 (Gen.
698 1892 1086 1964 xxvrit,12):
1144 1905 1198 1949 et
1239 1893 1382 1948 sicut
1427 1893 1516 1948 ille
1547 1895 1679 1950 vidit
1708 1905 1756 1964 Β
1786 1896 1945 1966 dico,
1997 1914 2103 1954 non
2153 1909 2262 1954 tam
2315 1903 2460 1958 tnole
2511 1905 2916 1971 membrorum,
2950 1921 3110 1975 quam
3143 1904 3386 1975 pondere

100 1983 248 2036 etiam
280 1982 411 2036 istas
445 1983 621 2038 scalas
667 1984 736 2039 ab
769 1986 878 2040 imo
907 1985 970 2040 ad
1001 1985 1242 2041 cmleSIia
1275 2001 1446 2056 usque
1473 1987 1680 2058 pertin-

97 2086 242 2140 gere;
295 2074 372 2129 sic
429 2073 647 2146 quidem
676 2093 771 2146 per
799 2077 899 2133 has
938 2088 992 2133 et
1031 2079 1295 2135 Eusebius
1336 2080 1581 2136 ascendit
1609 2081 1675 2136 ad

95 2165 278 2232 coelum
299 2207 314 2232 ,
364 2175 421 2222 et
467 2167 655 2224 Ariani
677 2169 744 2225 ad
773 2169 979 2225 inferos
1009 2171 1434 2226 descenderunt.
1472 2171 1625 2227 Unde
1654 2215 1668 2239 ,

94 2260 276 2318 fratres
293 2305 307 2331 ,
337 2276 586 2320 sanctum
611 2266 903 2322 Eusebium
923 2267 1361 2323 Maeliabazorum
1377 2278 1674 2341 martyrum

93 2354 247 2411 choro
271 2359 744 2415 annumerandum
793 2370 946 2430 pulo.
999 2359 1281 2430 Siquidem
1326 2361 1403 2415 illi
1446 2361 1675 2430 singulis

93 2451 338 2507 membris
368 2455 690 2526 martyrium
722 2456 1088 2527 pertulerint,
1137 2456 1224 2512 hic
1271 2470 1454 2512 autent
1506 2457 1675 2512 totius

91 2545 323 2613 corporis
347 2548 604 2616 passione
635 2548 918 2603 Dominum
966 2550 1040 2605 sit
1066 2550 1354 2606 confessus
1381 2568 1393 2604 :
1427 2566 1527 2606 nec
1556 2551 1671 2605 dis-

92 2648 263 2706 parem
290 2654 481 2696 eorum
513 2657 634 2698 esse
677 2641 907 2714 gratiam
939 2685 951 2711 ,
979 2659 1116 2715 quos
1143 2645 1305 2701 etiam
1329 2644 1448 2702 dies
1475 2660 1576 2700 una
1617 2645 1669 2700 in

89 2731 336 2802 martyrio
363 2734 668 2804 c0pulavit.

657 2828 889 2887 SERMO
927 2830 1086 2887 LVII.

251 2923 326 2980 De
353 2924 715 2995 Depositione
760 2926 1004 2995 ejusdem
1037 2925 1209 2982 sancti
1240 2925 1483 2982 Eusebii.

88 3013 182 3084 Qui
208 3020 517 3087 superiorem
543 3035 828 3074 sermonem
857 3019 1088 3074 Maximo
1119 3019 1425 3084 attribuunt,
1458 3019 1668 3074 ethunc

147 3128 336 3183 quoque
362 3114 530 3168 eidem
548 3114 1136 3185 putantassignondum.
1165 3113 1272 3168 Sed
1300 3122 1354 3166 ut
1383 3122 1666 3166 memorato

151 3203 368 3263 Praesuli
393 3211 438 3264 is
477 3218 768 3273 astruatur,
801 3219 847 3263 et
897 3210 1010 3277 ejus
1031 3209 1242 3279 stylum,
1271 3219 1318 3262 et
1347 3225 1464 3262 cum
1493 3205 1664 3262 Mazi-

1781 1992 2136 2053 delictorunt:
2191 1995 2334 2051 unde
2383 2007 2510 2068 puto
2559 1998 2723 2052 etiam
2759 2000 2810 2054 in
2845 2000 2977 2070 ipsis
3021 1999 3221 2055 avibus
3258 1997 3385 2054 ideo

1782 2085 2025 2141 velocius
2072 2087 2382 2144 columbam
2439 2106 2576 2161 pene
2633 2107 2742 2160 pra:
2796 2092 3048 2147 omnibus
3110 2092 3371 2159 volitare,

1783 2191 1803 2219 ε
1839 2181 1984 2250 quod
2016 2183 2356 2239 alacritatem
2402 2186 2712 2241 innocentia
2767 2188 3080 2242 eomitetur.
3133 2187 3379 2256 Denique

1776 2282 1999 2328 sanctus
2029 2274 2196 2328 David
2231 2293 2353 2330 cum
2390 2277 2625 2346 puritate
2652 2281 2851 2334 mentis
2872 2280 3058 2334 volare
3087 2279 3378 2348 concupis-

1776 2374 1961 2431 ceret,
1998 2381 2103 2420 non
2138 2367 2363 2423 alterius
2395 2370 2688 2425 animantis
2711 2413 2726 2436 ,
2775 2373 2879 2426 nisi
2920 2372 3192 2427 columba:
3223 2381 3381 2442 opta-

1777 2455 1852 2508 vit
1873 2457 1985 2512 alas
2012 2499 2026 2522 ,
2059 2458 2252 2514 dicens
2281 2478 2293 2514 :
2322 2461 2452 2528 Quis
2477 2464 2619 2516 dabit
2645 2463 2768 2516 mihi
2799 2481 2993 2535 pennas
3020 2467 3152 2519 sicut
3178 2463 3372 2519 colurn-

1775 2549 1881 2616 ιω,
1911 2562 1957 2606 et
1978 2553 2196 2618 volabo,
2227 2566 2276 2610 et
2303 2557 2618 2624 requiescam
2641 2557 2814 2628 (Psal.
2844 2574 2961 2626 ων,
2996 2559 3026 2611 7
3056 2559 3116 2628 )?
3168 2557 3373 2613 Intelli-

1773 2645 1935 2714 gebat
1956 2649 2100 2701 ettim
2127 2650 2268 2718 quod
2299 2650 2366 2704 ad
2397 2651 2592 2706 altiora
2623 2651 2836 2708 facilius
2891 2663 3210 2724 penetratur
3245 2653 3377 2708 sim—

1774 2738 2013 2809 plicitate
2045 2743 2274 2808 mentis,
2311 2758 2471 2814 quam
2497 2744 2717 2801 levitate
2748 2763 3067 2816 pennarum.

1842 2829 1897 2884 4.
1943 2830 2316 2905 Volavitergo
2345 2833 2446 2890 hac
2477 2835 2568 2890 die
2613 2848 2833 2892 sanctus
2876 2837 3165 2893 Eusebius.
3200 2837 3372 2894 Εειὶ-

1774 2926 2113 2994 memnsjam
2144 2927 2263 2996 ejus
2287 2928 2652 2984 innocentiam
2684 2930 2751 2984 de
2779 2929 2993 2998 volatu,
3028 2927 3052 2967 ά
3081 2941 3134 2986 et
3161 2932 3371 3000 purita~

1773 3025 1880 3071 tem
1907 3016 2024 3088 cjns
2051 3018 2118 3074 de
2145 3019 2260 3089 ipsa
2305 3019 2546 3076 elatione
2571 3021 2919 3090 judicemus;
2977 3033 3250 3094 tamquam
3280 3037 3375 3077 co-

1771 3110 1951 3166 lumba
1983 3114 2127 3169 enim
2151 3117 2202 3169 in
2223 3114 2388 3171 domo
2415 3116 2507 3172 Dei
2533 3115 2759 3187 degens,
2781 3118 3072 3187 assumpsit
3095 3117 3370 3186 spiritales

1770 3218 2005 3274 pennas,
2035 3218 2087 3262 et
2112 3208 2453 3277 requievitin
2484 3220 2688 3265 monte.
2716 3209 2781 3264 Et
2811 3209 2935 3264 licet
2956 3209 3073 3280 ipse
3096 3209 3162 3265 de
3183 3219 3373 3265 monte

151 3299 310 3354 miano
337 3317 576 3356 sermone
604 3303 660 3357 in
703 3299 986 3356 Eusebium
1032 3301 1256 3357 secando
1311 3302 1665 3372 cognationem
1695 3303 1740 3365 C
1770 3298 1837 3353 ad
1869 3310 2104 3355 montem
2134 3302 2320 3356 volare
2353 3317 2412 3358 se
2441 3304 2668 3358 dixerit:
2705 3314 2884 3358 tamen
2915 3305 2967 3357 in
2998 3303 3110 3374 ipsa
3145 3303 3375 3357 transla-

146 3391 300 3447 multo
324 3395 552 3449 validius
573 3405 927 3467 argumentum
958 3411 1067 3449 esse
1083 3395 1406 3468 judicamus.

147 3486 196 3540 1.
236 3484 644 3558 Depositionem
672 3488 848 3543 sancti
873 3487 1269 3544 l-Zusebiiltodie
1300 3487 1663 3543 celebramus.

79 3575 208 3643 Quid
232 3589 316 3634 est
339 3580 662 3652 depositio?
695 3581 810 3637 Non
833 3581 922 3636 illa
949 3583 1135 3652 utique
1160 3623 1174 3646 ,
1225 3597 1347 3651 quae
1387 3580 1663 3651 sepelien-

85 3668 162 3727 dis
188 3674 236 3728 itt
265 3682 408 3730 terra
445 3677 814 3732 membrorum
860 3676 1107 3748 reliquiis
1138 3676 1462 3731 clericorum
1491 3676 1666 3730 mani-

85 3760 175 3819 bus
201 3779 568 3836 procuratur:
602 3769 699 3824 sed
734 3769 822 3823 illa
872 3785 976 3840 qua
1011 3771 1174 3824 homo
1205 3771 1434 3825 vinculis
1471 3785 1664 3824 carna-

82 3853 211 3913 libus
237 3861 555 3930 absolutus,
585 3863 723 3919 liber
755 3866 929 3918 iturus
969 3864 1034 3918 ad
1083 3865 1282 3920 caelum
1304 3907 1318 3930 ,
1382 3876 1659 3921 terrenum

79 3964 259 4022 corpus
282 3957 530 4027 exponit.
566 3957 684 4029 Ipsa
711 3957 873 4030 plane
894 3967 976 4013 est
998 3959 1296 4029 depositio,
1329 3960 1380 4015 in
1409 3976 1513 4032 qua
1526 3976 1654 4016 eon-

78 4047 343 4115 cupiscere
369 4050 663 4120 abjicimus
685 4091 702 4117 ,
725 4066 1004 4107 cessamus
1029 4052 1342 4123 delinquere
1367 4096 1380 4121 ,
1435 4070 1660 4124 peccare

77 4136 364 4198 desinimus
387 4186 400 4209 ,
430 4153 488 4199 et
519 4153 688 4198 totum
721 4143 982 4215 quidquid
1011 4145 1170 4200 saluti
1202 4156 1284 4200 est
1315 4161 1500 4216 grave,
1530 4164 1663 4216 qua-

76 4230 349 4304 siabjecta
409 4237 627 4293 sarcina
687 4239 903 4304 oneris,
945 4239 1294 4308 exponimus.
1349 4239 1481 4293 Nam
1537 4241 1662 4296 ideo

77 4321 185 4381 haec
227 4328 346 4384 dies
380 4344 484 4398 pro
507 4329 831 4384 celebritate
875 4331 1109 4384 maxima
1153 4341 1504 4400 procuratur;
1535 4331 1660 4402 quia

77 4433 194 4477 vere
221 4435 304 4478 est
334 4440 548 4478 summa
580 4423 848 4478 festivitas
871 4433 1143 4478 mortuum
1175 4439 1299 4480 esse
1326 4424 1473 4480 vitiis
1499 4468 1512 4492 ,
1559 4425 1658 4480 soli

75 4516 246 4587 vigere
274 4520 540 4589 justitim;
577 4518 722 4573 unde
751 4528 804 4572 et
834 4516 1194 4587 depositionis
1227 4519 1342 4587 ipsa
1365 4518 1481 4574 dies
1512 4532 1664 4574 nata—

75 4608 137 4665 lis
157 4611 377 4679 dicitur,
405 4613 549 4684 quod
581 4613 908 4667 delictorum
939 4625 1160 4668 carcere
1183 4611 1420 4679 liberati,
1447 4623 1473 4650 τι
1503 4613 1663 4669 liber-

77 4706 162 4760 lati
191 4707 465 4762 nascimur
491 4704 811 4762 Salvatoris.

139 4795 188 4854 2.
233 4800 340 4858 Sed
370 4802 618 4856 videatur
640 4809 861 4854 sanctus
887 4797 1154 4853 Eusebius
1182 4813 1305 4854 cum
1345 4814 1448 4869 qua
1491 4799 1662 4871 gloria

73 4892 134 4946 ad
180 4895 315 4951 hanc
344 4895 491 4950 diem
523 4893 887 4964 depositionis
917 4892 1216 4947 advenerit.
1276 4892 1482 4947 Dicitur
1518 4893 1662 4947 enim

74 4996 193 5043 ante
219 4990 556 5057 aliquantum
591 4987 854 5057 temporis
884 4987 1062 5041 exitus
1085 4985 1168 5040 sui
1200 4987 1484 5042 manifesta
1514 5003 1668 5043 reve-

71 5077 266 5136 latione
294 5081 498 5137 vidisse
521 5097 580 5137 se
608 5080 857 5136 kalendis
874 5080 1104 5151 Augusti
1123 5080 1194 5135 de
1219 5091 1406 5136 monte
1422 5081 1488 5136 ad
1511 5097 1666 5137 mon-

75 5179 173 5224 letn
205 5173 395 5228 Volare
421 5216 437 5240 ,
473 5183 526 5230 et
558 5174 844 5245 prophetia
873 5175 1104 5245 quadam
1147 5173 1250 5230 hoc
1275 5174 1668 5247 interpretatus

71 5275 148 5318 est
174 5266 277 5322 hac
299 5266 389 5322 die
414 5268 690 5324 exiturum
717 5282 777 5323 se
803 5283 924 5323 esse
953 5267 1023 5323 de
1051 5283 1300 5339 corpore.
1332 5268 1667 5340 lnquofacto

73 5361 250 5416 nescio
281 5361 412 5433 quid
458 5363 689 5431 primum
723 5363 794 5418 sit
843 5361 1257 5426 admirandum,
1292 5373 1476 5420 utrum
1519 5367 1666 5436 quod

70 5455 264 5510 meruit
294 5455 477 5511 exitus
502 5455 587 5510 sui
616 5455 776 5510 linem
813 5469 974 5510 nosse
999 5497 1015 5523 ,
1047 5471 1113 5508 an
1137 5454 1281 5524 quod
1304 5455 1447 5510 scire
1476 5469 1666 5527 powe-

137 5604 161 5632 ³
189 5595 264 5652 Ita
287 5605 404 5652 vel.
428 5596 561 5651 edit.
586 5611 651 5650 ac
682 5611 818 5650 mss.
847 5596 950 5650 nisi
975 5593 1121 5663 quod
1145 5593 1361 5651 Theod.
1389 5611 1489 5667 pro
1520 5595 1669 5650 liber-

73 5668 162 5721 tati
192 5669 324 5740 li-git
345 5669 495 5722 liberi
522 5686 538 5733 ;
569 5668 729 5722 Rom.
755 5679 938 5722 autem
961 5668 1093 5740 edit.
1129 5679 1384 5722 neutrum
1409 5668 1669 5734 admittit,

73 5740 163 5793 sed
186 5739 396 5794 tantum
422 5740 638 5808 pra-fert.
659 5782 675 5802 ,
706 5743 967 5793 nascimur
990 5739 1276 5794 Saluatori.

141 5809 168 5849 ¹³
198 5811 417 5866 Omittit
449 5811 570 5884 cod.
597 5811 850 5884 Tlteod.,_
878 5811 978 5884 iste
998 5811 1423 5884 conseqrnitur....
1449 5813 1675 5884 amplius

78 5893 454 5951 promereatur.
477 5881 612 5936 Infra
643 5897 771 5937 vero
799 5881 893 5952 ubi
915 5897 1104 5937 onmes
1127 5883 1284 5948 edit.,
1305 5884 1432 5952 quid
1451 5881 1676 5952 supersit

78 5953 275 6020 edixit;
305 5953 456 6009 idem
497 5953 662 6008 codex
713 5951 961 6023 reponit,
1011 5953 1136 6019 quid
1180 5951 1401 6022 supersit
1430 5951 1672 6008 addiscit.

1687 4705 1743 4765 D

1772 3391 1922 3446 tione
1953 3392 2214 3463 majorem
2241 3395 2485 3464 requiem
2517 3397 2686 3451 fuisse
2711 3396 2980 3466 significo.
3035 3395 3170 3462 Quid
3225 3395 3371 3449 enim

1768 3487 1910 3543 aliud
1939 3501 2018 3543 est
2046 3491 2113 3545 de
2146 3504 2332 3546 monte
2363 3491 2430 3546 ad
2461 3501 2699 3548 montem
2724 3492 2912 3547 volare
2933 3532 2948 3558 ,
3003 3489 3105 3545 nisi
3152 3489 3220 3546 de
3251 3489 3372 3546 Sal-

1768 3584 1970 3638 vatoris
2003 3585 2175 3653 gratia
2227 3586 2294 3640 ad
2344 3587 2522 3642 Patris
2574 3588 2802 3657 gloriam
2869 3584 3211 3658 properare?
3259 3584 3367 3654 Ipsi

1766 3674 1910 3730 enim
1940 3688 2065 3730 sunt
2099 3689 2315 3733 montes
2343 3721 2357 3745 ,
2416 3679 2556 3734 sicut
2605 3681 2736 3734 dicit
2767 3681 3076 3750 propheta:
3108 3675 3265 3730 Mons
3303 3677 3370 3732 de

1767 3781 1939 3825 monte
1963 3772 2072 3826 sine
2099 3775 2334 3828 manibus
2365 3775 2748 3829 concidentium
2773 3790 2792 3839 ;
2824 3771 2928 3827 hoc
2951 3781 3065 3840 est,
3097 3769 3273 3826 Filius
3293 3769 3364 3826 de

1766 3862 1954 3931 Patre,
1985 3864 2188 3936 absque
2214 3865 2378 3921 ullius
2402 3867 2697 3921 creationis
2725 3879 2967 3920 accessu.

2335 3957 2572 4013 SERMO
2613 3957 2795 4013 LVIII.

2256 4053 2332 4108 De
2360 4061 2551 4106 sancto
2579 4051 2876 4124 Cypriano.

1771 4143 1908 4198 Huic
1932 4144 2156 4199 sermoni
2181 4146 2316 4200 alius
2339 4146 2391 4199 in
2419 4145 2653 4200 eumdem
2708 4143 2993 4216 Martyrem
3020 4142 3366 4212 praemitteba-

1839 4249 1948 4304 tur,
1969 4241 2057 4310 qui
2077 4241 2128 4293 in
2157 4240 2390 4294 omnibus
2417 4242 2594 4310 script.
2631 4240 2748 4294 cod.
2783 4251 2827 4293 et
2871 4248 2980 4293 ant.
3006 4237 3130 4291 edit.
3164 4237 3234 4290 Ἠ
3261 4253 3365 4291 nu-

1839 4332 2129 4387 merabatur
2158 4349 2177 4387 :
2199 4334 2250 4387 in
2279 4333 2430 4387 Ilom.
2460 4348 2578 4386 vero
2631 4333 2756 4386 edit.
2785 4331 2848 4385 de
2875 4332 3066 4386 sanctis
3092 4329 3180 4395 18,
3212 4345 3366 4397 quem

1840 4442 1934 4480 nos
1958 4438 2009 4478 ut
2041 4427 2172 4479 inter
2200 4424 2550 4479 Maxitnianos
2580 4424 2776 4479 editmn
2799 4424 3091 4494 rejecimus.
3116 4419 3245 4474 Cum
3275 4438 3370 4476 au-

1842 4531 1940 4573 tem
1961 4520 2294 4590 manifestum
2323 4520 2387 4572 sit
2411 4529 2684 4588 utrumque
2705 4519 2766 4570 ab
2794 4516 2970 4570 eodem
3009 4517 3369 4571 concionatore

1841 4615 2003 4685 fuisse
2027 4615 2439 4681 pronuntiatum,
2471 4623 2738 4681 utrumque
2767 4612 2917 4664 etiam
2941 4611 3105 4664 eidem
3135 4606 3372 4663 Maximo

1840 4708 2166 4762 tribuendum
2189 4723 2298 4761 esse
2325 4706 2540 4760 dubium
2571 4722 2674 4760 non
2725 4715 2816 4760 est.

1841 4805 1894 4857 1.
1939 4806 2079 4855 Ante
2105 4801 2258 4864 dies,
2312 4816 2434 4854 cum
2476 4799 2769 4854 beatissimi
2821 4799 3076 4871 martyris
3113 4795 3373 4870 Cypriani

1767 4894 2172 4950 celebrarentus
2201 4893 2468 4957 natalem,
2499 4889 2820 4944 suavissime
2850 4889 2901 4942 in
2937 4890 3057 4959 ejus
3080 4887 3376 4943 festivitate

1766 4985 2054 5056 jucundati
2106 5001 2336 5050 sumus;
2385 4985 2510 5055 quia
2556 4983 2700 5038 enim
2735 4984 2838 5037 hoc
2888 4982 3285 5036 vindemiarum
3317 4980 3374 5036 in

1773 5091 2020 5148 tempore
2051 5093 2246 5148 passus
2271 5089 2351 5132 est
2379 5121 2392 5142 ,
2427 5085 2701 5148 tamquam
2754 5086 2810 5131 et
2865 5090 2966 5130 nos
3004 5073 3070 5128 de
3106 5071 3376 5126 vindemia

1773 5171 1964 5228 dulces
1993 5182 2048 5227 et
2069 5172 2252 5226 varios
2281 5171 2486 5226 fructus
2515 5186 2579 5225 ex
2607 5171 2726 5239 ejus
2745 5168 3000 5238 passione
3015 5163 3374 5234 collegimus;

1774 5265 2128 5338 impinguavit
2152 5266 2294 5320 enim
2329 5280 2460 5329 nos,
2489 5273 2547 5319 et
2575 5263 2767 5318 refecit
2789 5271 2967 5314 musto
2998 5255 3242 5330 martyrii
3266 5257 3376 5313 sui.

1775 5361 1875 5417 Est
1908 5361 2052 5417 enim
2083 5370 2322 5416 mustum
2353 5359 2495 5430 quod
2527 5358 2704 5413 reficit
2756 5363 2813 5412 et
2863 5353 3100 5409 inebriat.
3124 5353 3377 5408 cliristiao

1777 5473 1931 5523 num,
1959 5457 2056 5513 sed
2085 5455 2325 5512 ebrietas
2344 5454 2435 5509 illa
2453 5454 2624 5522 magis
2647 5449 2894 5507 sobrium
2924 5445 3086 5512 facit;
3118 5448 3210 5517 qui
3231 5446 3382 5546 enim

1777 5595 1976 5667 Lugd.,
2010 5595 2243 5667 addixit,
2274 5609 2381 5648 non
2413 5601 2577 5667 recte.

1857 5659 1887 5702 Γ
1907 5669 2109 5722 Omnes
2137 5666 2269 5719 vdit.
2303 5675 2354 5718 et
2395 5662 2494 5716 cod
2545 5659 2740 5726 l.ugd.,
2790 5660 2929 5728 quod
2956 5660 3282 5714 alacritatem
3333 5671 3383 5714 et

1780 5739 2126 5794 innocentiam
2159 5737 2470 5790 comitetur:
2526 5731 2725 5787 melius
2765 5733 2888 5786 cod.
2942 5730 3153 5788 Tlteod.
3214 5739 3274 5785 ut
3326 5731 3380 5788 in

1783 5821 2096 5953 cuilibtldlex
2125 5875 2360 5945 Tlteod.,
2391 5886 2437 5930 et
2462 5877 2700 5944 pietatem
2726 5879 2859 5946 ejus,
2884 5883 2992 5932 etc.
