3944 6310
594 368 701 425 ηδ

1557 365 1651 421 A‘D
1683 363 1915 422 GPE‘R’A
1951 365 2192 422 SANCTI

2300 365 2573 421 annoso
2610 365 2979 423 APFENMX‘.
3719 371 3789 429 lii

592 482 901 538 inebriatur
927 481 1140 538 celesti
1169 479 1362 550 gratis,
1395 488 1421 517 α
1445 479 1799 535 exsobriatur
1825 480 2038 535 sarcina
2074 494 2198 550 pec-
2225 483 2278 544 Α
2301 479 2398 536 sed
2449 480 2636 549 spinas
2675 480 2865 535 faciat:
2932 497 2998 536 ne
3048 481 3323 536 vindemia
3357 490 3516 535 vestra
3541 495 3633 536 non
3664 451 3788 538 titiam

593 585 868 630 catorum.

663 669 720 722 2.
753 669 868 724 Iloe
895 683 1129 738 namque
1149 677 1333 723 musto
1355 668 1549 738 repleti
1574 669 1748 722 sancti
1774 668 2030 738 apostoli,
2053 669 2196 722 sicut

589 764 668 816 ait
698 762 979 834 Scriptura
1013 761 1171 834 (Act.
1197 778 1271 827 tt,
1299 763 1366 816 I5
1393 765 1410 832 )
1435 804 1451 828 ,
1503 762 1702 818 alienis
1732 763 1930 833 linguis
1960 764 2050 817 Dei
2082 778 2196 816 nta-

587 857 774 928 gnalia
807 856 1190 924 loquebantur.
1243 853 1301 908 In
1332 867 1442 925 quo
1474 853 1618 908 facto
1650 858 1855 924 pariter
1881 855 2016 909 ebrii
2067 869 2194 910 esse

589 949 938 1013 Videbantur,
967 958 1021 1002 et
1051 948 1258 1013 Subt'ii',
1287 949 1426 1003 ebrii
1476 948 1617 1003 enim
1660 949 2010 1018 putabantur,
2046 949 2191 1018 quod

584 1057 641 1097 sn
677 1042 743 1096 iis
775 1040 802 1079 δ
835 1042 1050 1112 loquela
1101 1052 1300 1110 praeter
1351 1055 1601 1098 naturam
1647 1044 1753 1098 alte
1820 1044 2192 1114 persoiiahat:

586 1138 755 1192 sobrii
777 1147 966 1202 erant,
987 1140 1130 1208 quod
1151 1138 1309 1208 juxta
1326 1138 1780 1193 consuetudinem
1803 1141 2000 1193 mentis
2026 1139 2190 1192 Deum

589 1233 883 1287 devotione
912 1232 1222 1286 laudabant.
1257 1233 1411 1300 Quod
1442 1231 1660 1303 quidem
1692 1248 1799 1286 non
1831 1232 2070 1286 elatione
2093 1233 2194 1286 aii-

589 1341 696 1395 qua
718 1339 806 1379 aut
841 1326 1172 1394 impudentia
1203 1325 1463 1395 contigit,
1491 1335 1548 1379 ut
1582 1327 1678 1379 viri
1707 1326 1881 1380 sancti
1909 1327 2193 1396 peregrino

591 1432 851 1473 sermone
903 1419 1294 1488 loquerentur:
1343 1420 1440 1473 sed
1499 1419 1835 1489 providentia
1891 1420 2191 1474 divinitatis

592 1510 794 1564 factum
839 1523 956 1575 est,
993 1524 1048 1565 ut
1093 1511 1219 1581 quia
1267 1511 1333 1565 ad
1383 1512 1836 1575 tnaguiiicandum
1885 1511 2056 1567 Deum
2087 1527 2189 1566 una

595 1604 809 1672 loquela
847 1620 954 1658 non
986 1604 1184 1660 sutlicit
1208 1645 1226 1672 ,
1258 1619 1354 1676 per
1388 1605 1570 1676 plures
1598 1606 1810 1677 linguas
1861 1607 2058 1661 mentis
2097 1606 2193 1661 de-

592 1699 742 1753 votio
769 1699 1097 1754 Solveretur.

666 1791 720 1844 2.
762 1791 1053 1848 Jucundati
1074 1792 1218 1848 enim
1236 1807 1464 1860 sumus,
1496 1795 1621 1866 quia
1673 1795 1741 1850 de
1777 1796 1935 1850 vinea
1975 1796 2186 1851 Domini

2295 572 2484 626 afferat
2506 613 2522 638 ,
2556 572 2649 628 sed
2677 584 2911 628 acetum.
2941 573 3198 643 Quisquis
3219 574 3365 628 enim
3389 573 3667 628 vindemiant
3692 576 3790 646 legit,

2295 674 2352 720 et
2378 666 2709 734 pauperibus
2740 682 2846 720 non
2872 668 3133 736 largitur;
3165 666 3258 720 ille
3281 671 3490 719 acetum
3515 665 3791 735 colligit-moti

2295 760 2502 812 vinum.
2533 759 2788 830 QuiSquis
2837 775 3044 816 messes
3076 758 3364 819 recondit,
3415 767 3466 813 et
3509 758 3788 830 indigentibus

2297 866 2406 906 nou
2438 851 2748 918 ministrat;
2779 853 2880 907 iste
2910 870 3014 907 non
3044 853 3318 908 alimonia!
3373 851 3562 906 fructus
3583 855 3788 922 reposuit,

2297 945 2392 1001 sed
2446 947 2679 1000 tribulos
2728 947 2971 1002 avaritia:
3020 947 3394 1018 congregavit.
3443 944 3565 999 Natu
3589 959 3794 1014 primum

2298 1042 2374 1094 ait
2404 1040 2682 1110 Scriptura
2708 1041 2775 1096 de
2801 1054 2945 1097 terra
2973 1053 3159 1097 nostra
3185 1059 3200 1096 :
3233 1041 3429 1114 Spinas
3454 1052 3498 1094 et
3533 1041 3709 1096 tribulos
3723 1059 3796 1111 ger-

2296 1134 2513 1188 minabil
2543 1135 2634 1188 tibi
2669 1134 2827 1207 (Cen.
2858 1153 2912 1191 Ill
2933 1179 2948 1202 ,
2984 1138 3048 1193 18
3077 1137 3121 1205 ).

2885 1229 3123 1285 δηιΜο
3162 1228 3300 1285 LiX.

2352 1322 2407 1377 In
2437 1323 2601 1377 natali
2635 1323 2797 1379 unius
2824 1323 3109 1395 Martyris,
3140 1326 3261 1378 sive
3281 1323 3498 1378 D'omini
3522 1321 3764 1378 Domitiani.

2299 1416 2400 1472 Hic
2421 1436 2588 1473 sermo
2609 1437 2713 1474 una
2734 1435 2846 1475 cum
2865 1423 3188 1492 subsequcnti
3215 1417 3435 1475 habetur
3461 1422 3511 1474 in
3551 1417 3694 1474 codice
3718 1420 3797 1475 Fls—

2365 1513 2584 1567 t‘iacensi
2612 1526 2732 1569 ante
2755 1532 2923 1569 annos
2952 1516 3093 1570 mille
3120 1519 3357 1576 orarum,
3386 1515 3469 1568 iitti
3491 1525 3536 1568 tt
3557 1526 3702 1569 mm
3721 1517 3799 1569 ilu-

2368 1607 2536 1660 brosio
2592 1610 2905 1680 assignatur.
2969 1608 3340 1663 Verumtaiit‘en
3388 1608 3523 1678 quod
3561 1609 3686 1672 iltust
3727 1617 3798 1662 catt

2367 1702 2620 1755 hactenus
2668 1704 2862 1775 fuerint
2893 1704 3101 1769 inediti',
3123 1703 3178 1756 in
3211 1705 3379 1757 lucem
3409 1701 3675 1766 emittimus,
3696 1701 3802 1754 idco-

2367 1795 2498 1848 dicis
2528 1795 2826 1865 antiquitati
2849 1795 3026 1849 datum
3069 1796 3350 1861 voluimus,
3385 1811 3498 1848 tum
3524 1794 3638 1847 niltil
3659 1793 3801 1847 habent

591 1885 819 1940 sabaoth
855 1886 1086 1941 fructum
1112 1888 1430 1943 refectionis
1451 1890 1798 1960 accepimus:
1829 1890 1986 1945 vinea
2013 1899 2191 1944 autem
2226 1889 2269 1947 Β
2371 1888 2790 1954 Ambrosianum,
2818 1899 2874 1943 ut
2899 1889 2980 1944 vel
3006 1905 3068 1943 ex
3088 1891 3258 1960 primo
3283 1905 3466 1942 eorum
3503 1889 3800 1958 tertianarum

593 1980 812 2034 Domini
841 1981 1069 2035 sabaotli
1093 2023 1108 2047 ,
1143 1983 1280 2038 sicut
1306 1983 1438 2037 dicit
1467 1984 1732 2054 propheta
1759 2025 1772 2045 ,
1805 1983 2000 2039 domus
2028 1984 2193 2040 Israel

593 2083 678 2126 est
699 2114 716 2139 ,
745 2088 864 2144 quae
895 2073 1089 2128 domus
1121 2091 1218 2129 nos
1246 2089 1434 2130 sumus
1461 2076 1634 2148 (Esai.
1660 2092 1712 2142 γ,
1743 2077 1776 2131 7
1801 2081 1843 2148 ).
1882 2078 2192 2133 Secundum

595 2163 758 2220 fidem
799 2166 944 2221 enim
987 2167 1250 2222 Israelita:
1302 2184 1402 2224 nos
1453 2183 1668 2238 sumus;
1701 2169 1844 2225 unde
1873 2171 2001 2226 dicit
2049 2174 2196 2242 Apo-

595 2261 770 2315 stolus
801 2279 814 2315 :
847 2261 952 2329 Qui
1004 2278 1067 2317 ea:
1086 2263 1190 2333 ﬁde
1213 2273 1360 2328 sunt,
1393 2265 1432 2318 ii
1461 2265 1560 2333 ﬁlii
1589 2276 1710 2320 sunt
1739 2265 1961 2320 Abrahae
1986 2265 2189 2338 (Galat.

592 2370 653 2410 tn
673 2397 689 2422 ,
719 2356 750 2409 7
776 2362 816 2425 ).
841 2355 1106 2424 Quoniam
1139 2357 1302 2429 igitur
1329 2373 1428 2413 nos
1450 2373 1640 2414 sumus
1668 2358 1870 2425 Israel,
1898 2361 2056 2416 vinea
2087 2361 2193 2415 Do-

594 2450 727 2503 mini
782 2465 1012 2504 sumus:
1071 2451 1351 2506 videamus
1403 2452 1696 2522 diligenter
1747 2468 1817 2510 ne
1869 2469 1939 2509 ex
1970 2455 2195 2524 palmite

595 2543 780 2612 operis
802 2544 974 2598 nostri
1005 2560 1111 2599 non
1143 2553 1399 2600 nascatur
1419 2545 1723 2600 dulcedinis
1738 2562 1863 2614 uva,
1887 2547 1982 2602 sed
2014 2548 2191 2614 tellis;

593 2649 665 2690 ne
692 2634 903 2690 dicatur
933 2637 1125 2702 nobis,
1153 2637 1298 2707 quod
1329 2636 1535 2693 Iudaeis
1560 2638 1764 2693 dictum
1814 2649 1899 2695 est
1945 2658 2042 2710 per
2063 2655 2192 2712 pro-

591 2729 814 2798 phetam
846 2746 858 2782 :
890 2729 1126 2785 Sustinui
1153 2741 1207 2784 ut
1233 2735 1421 2801 facere!
1443 2748 1592 2786 uvam
1613 2774 1627 2798 ,
1654 2734 1771 2804 fecit
1787 2744 1958 2789 autem
1985 2737 2195 2806 spinas;

594 2832 639 2875 et
664 2827 768 2876 non
782 2824 1074 2892 justitiam,
1109 2824 1198 2878 sed
1221 2826 1500 2878 clamorem
1555 2829 1574 2896 (
1606 2825 1748 2880 Esai.
1792 2843 1845 2890 ν,
1876 2829 1907 2882 7
1935 2831 1974 2899 ).
2016 2827 2192 2897 Quam

597 2917 735 2971 dura
763 2915 1008 2971 conditio
1032 2956 1045 2979 ,
1085 2925 1142 2971 ut
1174 2919 1482 2987 possessio,
1533 2934 1658 2990 quae
1687 2920 1910 2975 domino
1940 2935 2040 2975 suo
2067 2933 2195 2974 sua-

595 3011 783 3064 vitatis
813 3012 1022 3065 fructus
1051 3011 1250 3066 afferre
1274 3012 1491 3078 debuit,
1539 3015 1818 3084 Spinarum
1853 3016 2004 3068 illum
2037 3030 2196 3083 astte-

598 3105 762 3158 ritate
783 3107 1194 3175 compunxerit!
1228 3109 1328 3160 hoc
1355 3116 1469 3173 est,
1495 3123 1619 3162 cuni
1650 3105 1822 3162 Judaei
1851 3107 2194 3163 Salvatorem

593 3195 887 3250 debuerint
916 3205 1030 3250 tota
1057 3197 1183 3252 fidei
1211 3198 1504 3254 devotione
1543 3200 1826 3268 suscipere
1847 3241 1861 3263 ,
1909 3200 2191 3268 spinarum

2370 1993 2640 2054 agnoscat.

2373 2079 2422 2132 I.
2476 2079 2626 2133 Diem
2672 2077 3011 2133 celebramus
3055 2077 3252 2142 hodie,
3303 2077 3508 2133 fratres
3556 2078 3798 2143 charissim,

2302 2169 2502 2224 mortui
2548 2169 2716 2239 justi,
2767 2181 2820 2224 et
2849 2185 2958 2225 non
2990 2178 3073 2226 est
3101 2169 3188 2224 hic
3217 2188 3228 2223 :
3282 2170 3328 2224 si
3361 2171 3538 2225 autem
3562 2170 3676 2225 scire
3697 2169 3801 2225 mltis

2301 2262 2393 2316 ubi
2425 2262 2516 2328 sit,
2545 2265 2877 2332 interrogate
2907 2262 3198 2316 lectionem
3219 2305 3234 2328 ,
3260 2264 3604 2332 quamprimn
3621 2264 3798 2320 audistis:

2301 2355 2483 2409 Justus
2506 2356 2548 2409 si
2577 2366 2739 2408 morte
2759 2365 3152 2425 prta-occupatus
3181 2358 3375 2426 fuerit,
3429 2357 3481 2410 in
3509 2357 3800 2428 reﬁgi-riunt

2301 2449 2458 2521 (Sap.
2488 2464 2571 2514 tv,
2605 2448 2636 2503 ’ἱ
2662 2447 2701 2519 ).
2728 2447 3088 2520 Refrigerium
3114 2449 3264 2504 enim
3291 2449 3343 2503 in
3376 2449 3481 2504 hoc
3501 2451 3706 2516 sa-culo,
3732 2452 3797 2514 cui,

2300 2540 2486 2596 unde?
2535 2541 2626 2595 ubi
2673 2541 2829 2610 plena
2873 2549 3001 2596 sunt
3054 2541 3238 2596 omnia
3298 2541 3729 2598 tribulationibus:
3769 2552 3800 2597 et

2301 2631 2519 2703 quando
2547 2633 2925 2689 tribulationes
2954 2643 3221 2705 pascunt,
3253 2635 3418 2706 plena
3464 2645 3582 2691 sunt
3621 2638 3799 2690 leniuit-

2300 2728 2476 2783 nibus.
2504 2727 2732 2782 Mundus
2759 2729 2902 2782 enim
2936 2728 3040 2783 iste
3068 2729 3182 2784 sive
3207 2739 3487 2785 metuatur
3510 2733 3615 2787 sive
3634 2727 3799 2785 bhndit~

2299 2831 2407 2887 tur,
2441 2821 2709 2876 timendus
2735 2835 2858 2877 eSt:
2899 2822 2994 2876 scd
3027 2823 3168 2877 Deus
3219 2825 3511 2881 timeatur:
3562 2836 3606 2880 et
3646 2824 3800 2878 mundus

2303 2918 2480 2985 potius
2509 2927 2910 2982 contemnatur,
2939 2928 2994 2973 et
3022 2918 3194 2988 magis
3234 2919 3308 2973 sit
3333 2921 3621 2974 cavendus.
3658 2917 3700 2975 Si
3721 2934 3800 2986 ergo

2300 3008 2551 3062 volumus
2580 3009 2633 3062 in
2663 3008 2949 3080 refrigerio
2981 3025 3133 3075 esse,
3167 3012 3394 3081 quando
3436 3027 3578 3068 mors
3608 3025 3800 3082 (trientes.

2301 3103 2542 3173 paverit,
2565 3103 2696 3173 justi
2727 3105 2918 3159 simus.

2370 3197 2426 3250 9..
2468 3196 2634 3251 Forte
2665 3195 2795 3251 dicit
2817 3196 3017 3267 aliquis
3042 3215 3055 3250 :
3082 3196 3308 3253 Multum
3347 3210 3434 3254 est
3456 3201 3519 3254 ad
3553 3205 3645 3254 me.
3675 3203 3800 3253 hitur

596 3304 722 3342 eum
763 3299 1163 3344 coronaverunt
1205 3293 1477 3360 passione.
1535 3291 1665 3358 Quae
1697 3306 1896 3345 corooa
1935 3291 2189 3358 quiderm
2220 3285 2264 3347 C
2299 3291 2490 3345 damus
2517 3291 2661 3345 enim
2685 3291 2827 3361 quod
2856 3291 3120 3361 scriptum
3149 3305 3234 3347 est
3263 3311 3278 3346 :
3311 3293 3496 3349 Justus
3517 3296 3705 3348 sistam
3719 3293 3803 3364 'prr

597 3391 858 3450 quantum
891 3384 942 3435 in
966 3382 1168 3437 Judaris
1199 3389 1316 3447 est,
1345 3393 1463 3437 erat
1486 3383 1801 3452 iniuriarum
1820 3384 2190 3437 contumelia:

597 3479 858 3545 quantum
886 3477 939 3530 in
969 3477 1232 3543 Domino,
1253 3488 1580 3531 erateorona
1612 3482 1893 3532 virtutum.
1927 3478 2197 3546 Compuu-

596 3573 735 3640 gunt
763 3583 891 3642 ergo
937 3571 1108 3626 Judaei
1147 3573 1430 3626 Dominum
1459 3612 1472 3630 ,
1519 3573 1646 3625 dum
1691 3583 1988 3627 coronant:
2040 3589 2194 3627 cotn-

598 3665 864 3736 puugunt,
885 3667 1011 3720 dum
1031 3668 1374 3736 cruciﬁguut.
1403 3667 1552 3722 Unde
1572 3669 1645 3720 ait
1669 3669 1901 3736 Scriptor
1918 3683 1946 3720 a
1961 3677 2152 3722 sancta
2173 3685 2190 3720 :

604 3763 852 3818 Videbunt
882 3765 933 3819 in
953 3779 1103 3834 quem
1131 3767 1545 3831 to'nipunxertmt
1563 3762 1584 3835 (
1604 3762 1763 3816 Joan.
1795 3779 1886 3818 ius
1911 3806 1924 3829 ,
1950 3764 2018 3817 57
2040 3763 2080 3832 ).

667 3856 828 3929 471
853 3857 908 3911 5.
942 3857 1128 3927 Igitur,
1161 3856 1380 3918 fratres,
1403 3856 1660 3910 νὶἀειιεηιε
1677 3867 1732 3910 et
1757 3856 1910 3910 vobis
1936 3856 2152 3910 dicatur
2177 3873 2190 3910 :

596 3949 840 4006 Sustinui
864 3961 916 4003 ut
946 3952 1136 4019 faceret
1167 3963 1351 4014 uram,
1386 3949 1504 4019 fecit
1533 3957 1705 4001 autem
1720 3949 1896 4014 spinas
1925 3945 2098 4020 (Esai.
2134 3963 2192 4013 ν,

591 4047 627 4098 2
652 4043 701 4112 );
738 4044 838 4096 hoc
871 4054 954 4097 est
975 4084 988 4108 ,
1022 4059 1089 4097 ne
1113 4043 1299 4112 spinas
1326 4057 1460 4112 quas
1488 4042 1720 4095 Domino
1746 4040 1918 4096 Jud.ei
1948 4042 2192 4096 cruentis

593 4137 972 4203 imposuerunt
995 4137 1276 4202 manibus,
1310 4150 1408 4191 nos
1438 4135 1638 4206 iniquis
1668 4135 1922 4190 sensibus
1950 4147 2192 4205 appona-

595 4241 738 4290 tnus,
767 4228 815 4280 ei
848 4231 1274 4298 compungamus
1305 4244 1429 4284 eum
1463 4245 1569 4283 non
1597 4230 1892 4298 asperitate
1920 4228 2154 4284 sentiam
2180 4272 2193 4294 ,

598 4319 695 4376 sed
723 4327 948 4389 operum
979 4324 1266 4390 pravitate.
1300 4322 1438 4377 Sunt
1461 4322 1607 4376 enim
1638 4323 1806 4391 spina:
1838 4323 2041 4386 cordis,
2071 4338 2192 4394 qua:

599 4412 838 4468 Verbum
868 4412 963 4468 Dei
986 4414 1148 4468 etiam
1180 4414 1466 4468 vulnerare
1493 4425 1898 4468 consueverunt
1929 4453 1944 4480 ,
1976 4414 2045 4469 de
2075 4414 2196 4485 qui-

594 4507 697 4562 bus
720 4510 964 4562 meminit
997 4509 1046 4561 in
1065 4507 1353 4576 Evangelio
1371 4505 1640 4575 Salvator,
1660 4507 1850 4562 dicens
1870 4509 2196 4564 seminantis

595 4613 783 4654 semen
811 4597 1078 4655 cecidisse
1136 4602 1276 4655 inter
1305 4602 1526 4671 spinas,
1577 4609 1632 4654 et
1661 4604 1902 4656 crevisse
1947 4617 2075 4667 cas,
2133 4617 2196 4657 ac

595 4691 896 4747 sull‘ocaSse
937 4693 1082 4763 quod
1133 4703 1310 4771 satum
1361 4704 1447 4750 est
1497 4694 1516 4766 (
1551 4692 1739 4748 Matth.
1776 4710 1902 4759 xm,
1935 4695 2030 4766 7').
2060 4696 2194 4764 Quin
2223 4687 2276 4747 D

595 4798 776 4840 autem
827 4787 1000 4856 'spiuae
1045 4787 1185 4854 sint,
1217 4787 1334 4858 ipse
1381 4791 1753 4859 prosequitur,
1785 4788 1976 4844 dicens
2007 4791 2193 4860 utique

594 4878 997 4936 Iollicitudiues
1023 4894 1146 4934 esse
1173 4880 1475 4936 mundanas
1496 4924 1510 4949 ,
1548 4897 1668 4952 qua:
1699 4897 1822 4937 cum
1853 4893 2111 4938 crescunt
2136 4886 2190 4940 in

594 4975 762 5030 cordo
791 4975 1031 5029 hominis
1051 5017 1064 5037 .
1095 4975 1347 5030 mandata
1406 4977 1706 5032 Salvatoris
1727 4979 1779 5030 in
1805 4992 1872 5032 eo
1899 4976 2188 5034 sull‘ocant.

592 5066 726 5135 Quis
747 5069 891 5121 enim
916 5083 1172 5137 umquam
1199 5068 1462 5123 sollicitus
1491 5069 1558 5123 de
1593 5068 1824 5134 mundo,
1852 5071 2026 5139 potuit
2053 5069 2192 5126 bene

592 5148 864 5217 sollicitus
893 5175 1016 5215 esse
1062 5160 1131 5216 de
1156 5161 1419 5217 Christo?
1474 5162 1610 5228 Quis
1635 5162 1766 5216 dum
1802 5164 1966 5218 lucris
1998 5164 2192 5220 domus

595 5270 709 5310 suae
725 5253 1000 5324 providet,
1031 5255 1361 5312 utilitatibus
1378 5255 1636 5312 Ecclesia":
1664 5260 1840 5329 potuit
1861 5260 2193 5329 providere?

598 5349 757 5406 Unde
773 5353 848 5404 ait
878 5352 1172 5419 Apostolus
1199 5369 1216 5407 :
1253 5352 1353 5417 Qui
1379 5353 1488 5406 sine
1513 5367 1674 5407 uxore
1697 5363 1771 5408 est
1795 5379 1807 5418 -,
1837 5355 2093 5408 sollicitus
2115 5363 2192 5409 est

594 5453 711 5516 quia
731 5457 849 5500 sunt
879 5445 1398 5518 Dominigqaomodo
1437 5445 1639 5520 placeat
1685 5447 1834 5502 Deo:
1888 5451 1976 5518 qui
2017 5459 2189 5503 autem

590 5553 710 5590 cum
735 5555 891 5593 uxore
915 5552 1021 5607 est,
1054 5541 1307 5596 sollicitus
1333 5553 1406 5595 est
1429 5559 1543 5614 qua:
1562 5553 1681 5597 sunt
1702 5543 1903 5611 mundi,
1934 5545 2188 5614 quomodo

591 5629 794 5700 placeat
825 5633 970 5684 uxori
995 5631 1174 5701 (lCor.
1204 5649 1305 5699 vn,
1335 5633 1404 5688 5‘2
1428 5631 1468 5702 ).

663 5723 720 5780 4.
764 5725 938 5796 Ergo,
964 5728 1389 5791 fratres,vidt.-te
1417 5746 1485 5788 ne
1507 5734 1662 5789 vinea
1687 5732 1867 5790 vestra
1890 5748 1996 5790 non
2028 5749 2187 5801 uvas,

667 5852 690 5878 α
719 5841 908 5914 podex
938 5840 1148 5914 Theod.
1184 5856 1494 5914 exoneratur
1512 5852 1719 5904 sarcina
1750 5860 2090 5908 peccatorum.

2302 3399 2579 3458 occupatus
2605 3389 2790 3458 fuerit,
2819 3389 2873 3441 in
2900 3389 3170 3460 refrigerio
3196 3391 3293 3442 eiii
3311 3406 3333 3454 ς
3354 3398 3412 3443 et
3429 3406 3545 3444 cum
3575 3387 3801 3455 quati-imm,
3876 3415 3877 3468 ξ

2301 3481 2428 3551 quid
2475 3481 2546 3534 sit
2598 3480 2812 3547 justus,
2847 3490 3016 3535 terret
3046 3496 3146 3535 nos
3191 3483 3480 3549 psalmus:
3529 3481 3682 3536 Omnis
3711 3483 3803 3532 licet
3876 3489 3877 3551 γ

2302 3574 2525 3628 mendos:
2554 3571 2726 3642 (Psal.
2751 3589 2873 3629 CXV.
2892 3573 3002 3641 II).
3032 3573 3332 3628 Audiamus
3355 3575 3546 3630 librum
3573 3574 3802 3645 sapientis.

2300 3667 2488 3722 Justus
2515 3669 2560 3721 si
2585 3678 2750 3721 morte
2777 3677 3167 3737 prwoccnp‘atus
3188 3671 3349 3738 fuerit
3370 3711 3384 3734 ,
3404 3671 3456 3723 in
3479 3670 3712 3742 refrigerio
3726 3668 3803 3730 ait;

2301 3761 2583 3815 audiamus
2613 3762 2875 3831 psalmum
2903 3777 2914 3813 :
2948 3759 3058 3830 Ego
3086 3760 3202 3814 dixi
3225 3763 3278 3814 in
3302 3778 3514 3816 excessu
3543 3763 3802 3816 murinus.

2302 3856 2470 3909 omnis
2499 3857 2650 3907 homo
2680 3854 2921 3908 mendax.
2973 3853 3247 3923 Numquid
3301 3865 3525 3910 sanctus
3558 3847 3806 3910 Domitianas

2302 3963 2410 4001 non
2443 3955 2560 4000 erat
2587 3945 2795 3999 humo?
2824 3945 2880 4000 Si
2903 3961 3036 4016 ergo
3068 3945 3231 4001 homo
3253 3959 3367 4001 erat
3388 3970 3407 4010 -,
3457 3958 3508 4003 et
3553 3948 3690 4001 omnis
3712 3947 3805 3996 iam

2301 4041 2563 4102 mendax;
2592 4037 2866 4108 quomodo
2888 4037 3066 4109 justus
3091 4048 3245 4106 erat,
3277 4041 3322 4094 si
3368 4039 3596 4094 mendax
3623 4035 3805 4094 eratlattt

2300 4130 2573 4203 quomodo
2601 4131 2652 4184 in
2690 4129 2977 4201 refrigerio
3003 4141 3088 4186 'est
3114 4172 3129 4198 ,
3159 4131 3205 4186 si
3225 4131 3408 4199 justus
3429 4149 3536 4188 non
3558 4131 3692 4186 erat?

2371 4226 2425 4281 5.
2470 4225 2824 4280 Attendamus
2875 4241 3044 4296 ergo,
3096 4225 3439 4292 charissimi,
3487 4225 3712 4280 habemus
3745 4216 3806 4273 ista

2300 4318 2627 4390 cogitatione
2651 4318 2805 4387 plena
2830 4318 3099 4372 testibus:
3148 4333 3256 4373 non
3290 4329 3512 4387 parVunt
3550 4314 3806 4386 refrigerium
3872 4377 3873 4390 χ

2299 4413 2352 4468 in
2377 4429 2474 4478 eo,
2500 4413 2642 4480 quod
2675 4412 2925 4468 audimus
2985 4412 3306 4479 Apostolum
3353 4413 3648 4468 dicentem:
3689 4407 3806 4462 Αάὲεε

2299 4514 2434 4568 enim
2458 4512 2693 4567 Christus
2715 4526 2948 4569 mortuus
2974 4525 3048 4568 est
3066 4557 3080 4580 ,
3105 4525 3160 4568 ut
3182 4525 3228 4569 et
3247 4517 3478 4569 vivorum
3503 4525 3548 4568 et
3574 4516 3804 4565 ηιοηηωτιεθ

2301 4608 2588 4662 dominetur
2612 4624 2631 4672 ;
2661 4617 2744 4670 et,
2776 4611 2880 4662 sive
2905 4611 3042 4664 enim
3070 4611 3317 4674 vivimus,
3349 4612 3452 4666 sire
3481 4609 3716 4668 morimur.
3742 4595 3805 4650 D°'

2303 4700 2427 4753 mini
2453 4716 2629 4754 sumus
2667 4701 2682 4771 (
2707 4700 2854 4754 Rom.
2889 4717 3015 4768 xw,
3044 4702 3078 4758 9
3099 4702 3137 4768 ).
3165 4701 3261 4756 Ille
3289 4703 3596 4772 estjustus,
3626 4711 3711 4752 non
3733 4705 3806 4759 Γετ·

2302 4793 2396 4848 det
2421 4807 2590 4848 suos:
2623 4796 2757 4849 certi
2787 4809 2976 4850 sumus
2995 4796 3120 4866 quia
3152 4797 3405 4853 Chrisms
3433 4809 3539 4851 non
3587 4799 3687 4848 erat
3718 4799 3806 4842 meo

2303 4887 2426 4942 dax.
2461 4886 2710 4942 Christus
2735 4887 2896 4942 homo
2922 4899 2977 4944 et
3004 4905 3110 4944 non
3133 4890 3363 4945 mendax
3391 4905 3406 4942 :
3439 4885 3687 4960 qttntnodu
3725 4889 3806 4942 et?”

2302 4983 2480 5038 omnis
2510 4983 2672 5036 homo
2702 4981 2977 5036 mendax?
3004 4982 3141 5050 Quia
3183 4983 3436 5039 Christus
3479 4983 3554 5037 sic
3601 4981 3753 5034 homo.
3774 4977 3807 5019 υί

2303 5092 2409 5131 non
2441 5075 2616 5131 solum
2645 5076 2828 5130 homo.
2866 5075 2961 5131 Ille
2993 5077 3094 5130 nisi
3121 5086 3176 5132 et
3204 5077 3348 5132 Deus
3395 5086 3452 5132 et
3505 5077 3657 5128 homo
3685 5073 3804 5123 esstli

2301 5169 2535 5224 mendax
2586 5179 2754 5223 esset.
2780 5168 2928 5223 Talis
2955 5183 3088 5238 ergo
3111 5179 3163 5224 et
3193 5179 3372 5225 tantus
3401 5182 3502 5236 pro
3545 5165 3683 5221 nobis
3717 5169 3807 5212 nia-

2301 5273 2424 5318 tuus
2463 5271 2576 5326 est,
2605 5264 2658 5317 et
2687 5274 2920 5318 mortem
2948 5264 3246 5318 timemus?
3291 5261 3566 5318 Praecessit
3607 5269 3654 5312 ct
3680 5264 3806 5309 r95!!!“

2297 5356 2437 5411 rexit
2461 5395 2476 5421 ,
2499 5356 2617 5426 ejus
2639 5356 2883 5411 membra
2908 5369 3124 5424 sumus;
3157 5367 3211 5413 et
3240 5367 3398 5429 caput
3425 5366 3654 5411 nostrum
3677 5341 3797 5415 sequi-

2296 5466 2440 5505 mur.

2371 5546 2426 5599 4.
2471 5544 2600 5599 Nam
2631 5555 2687 5600 et
2707 5545 2824 5616 ipse
2853 5546 3096 5602 Psalmns
3123 5549 3433 5603 consolatur
3454 5562 3586 5603 nos:
3625 5539 3734 5610 Quid
3755 5549 3802 5586 rt-

2300 5638 2519 5692 tribuam
2575 5625 2793 5692 Domino
2841 5657 2934 5709 pro
2972 5642 3243 5708 omnibus,
3295 5657 3408 5712 qua
3462 5623 3679 5695 retriimit
3720 5627 3801 5682 πιίέί

2301 5730 2476 5802 (Psal.
2500 5747 2624 5800 ων,
2656 5731 2804 5804 15)?
2844 5732 2942 5789 Ille
2970 5735 3096 5805 quid
3120 5733 3292 5790 dixit:
3326 5733 3436 5806 Ego
3463 5734 3569 5789 dixi
3594 5732 3802 5785 iam

668 5914 694 5953 δ
718 5910 865 5968 Idem
895 5909 1310 5982 codex'l‘heod.,
1337 5909 1538 5988 loquela
1569 5939 1687 5992 par,
1719 5933 1764 5977 et
1794 5933 1980 5977 natura
2006 5925 2187 5980 altera.
2230 5921 2298 5978 Et
2324 5933 2459 5991 intra
2477 5974 2494 6005 ,
2525 5945 2613 5991 aut
2636 5935 2984 6010 imprudentia
3011 5938 3244 6012 contigit,

3867 5279 3869 5423 Ψ

3863 6011 3865 6048 t
