3944 6310
83 341 176 397 ῚΩδ

879 335 1242 394 SICHMONES
1280 335 1341 390 S.
1387 332 1734 390 AMBROSIU
1775 333 2146 390 HACTENUS
2182 333 2517 390 ASCiilPTl.

3247 333 3353 390 7‘26

83 441 247 515 mentis
277 456 609 520 ntemomnis
637 454 788 510 homo
813 459 1032 510 mendax
1071 454 1090 525 (
1116 452 1280 519 Ibid,
1307 453 1366 507 Η
1395 449 1436 524 ).
1472 450 1644 505 llomo
1675 464 1718 522 Α
1751 450 2072 520 plorabant:
2119 467 2188 506 ne
2235 450 2442 506 vulneri
2475 450 2726 506 timidum
2781 461 2987 522 martyr
3031 451 3153 508 ﬁdei
3200 450 3356 507 daret

81 553 293 610 mendax
321 551 517 622 gratlas
537 550 645 619 agit
677 549 903 605 Domino
934 585 948 614 ,
1003 559 1056 605 et
1100 564 1207 605 non
1255 547 1461 602 invenit
1506 549 1650 618 quod

82 648 148 703 illi
172 647 422 702 retribuat
450 659 547 714 pro
577 644 741 698 tantis
769 643 1047 698 beneﬁciis
1069 685 1082 704 .
1116 658 1234 714 qua:
1263 642 1331 696 ab
1363 641 1454 696 illo
1497 655 1654 695 accc:-

84 740 169 810 pit.
193 737 322 805 Quid
346 741 484 792 enim
507 737 574 791 ab
598 737 688 790 illo
716 718 1156 807 accipimus'cum
1197 735 1492 806 qttteritttus
1523 731 1651 804 quid

81 831 420 889 retribuanms
445 873 458 896 ,
506 840 560 884 et
609 844 714 884 non
749 830 1124 885 inveniemus?
1145 829 1261 884 Non
1309 832 1525 884 eratnui
1553 868 1567 894 ,
1599 837 1652 882 et

79 925 422 989 creavitnos;
458 940 561 977 non
606 933 760 978 erant
789 939 1018 995 pecora,
1072 932 1127 979 et
1163 923 1369 978 creavit
1413 925 1650 992 pecora:

78 1017 288 1086 amplius
308 1014 447 1086 quod
475 1014 540 1068 ad
571 1015 863 1086 imaginem
893 1031 1046 1070 suam
1081 1014 1210 1071 fecit
1241 1031 1338 1072 nos
1369 1031 1384 1080 ;
1411 1013 1653 1084 periera-

80 1126 207 1176 mus,
232 1110 547 1180 etqtuesivit
578 1125 677 1164 nos
711 1129 723 1164 :
755 1120 984 1164 mortem
1009 1109 1130 1164 Filii
1162 1109 1245 1163 sui
1279 1109 1470 1180 pignus
1501 1107 1653 1162 dedit

80 1203 250 1267 nobis,
273 1209 326 1255 et
353 1202 510 1254 vitam
546 1199 666 1254 Ftlii
692 1201 772 1254 sui
809 1203 1053 1270 promisit
1082 1200 1261 1265 nobis,
1309 1200 1377 1255 ab
1400 1201 1652 1254 omnibus

78 1293 292 1364 peccatis
319 1292 520 1346 nostris
546 1291 599 1346 in
626 1277 948 1363 baptismate
975 1293 1196 1348 salutari
1225 1293 1501 1347 mandavit
1529 1307 1648 1347 nos:

76 1387 224 1460 472
248 1385 438 1457 etquia
473 1385 559 1440 hic
595 1387 824 1442 vivendo
855 1395 1040 1457 postea
1097 1388 1468 1442 contraximus
1504 1387 1650 1458 quod

79 1481 392 1542 dimitteret;
420 1490 473 1533 ut
501 1478 749 1534 dicamus
775 1497 789 1534 :
844 1478 912 1535 Et
933 1480 1132 1535 dimitte
1159 1479 1304 1533 nobis
1334 1479 1502 1533 debita
1529 1488 1652 1534 tios-

76 1582 146 1625 tru
168 1590 184 1637 ;
205 1569 379 1625 docuit
409 1585 528 1624 nos.
551 1570 744 1625 'I‘otmn
771 1570 1052 1625 mundavit
1074 1571 1125 1625 in
1159 1570 1447 1641 baplizat'o.
1479 1579 1649 1626 totum

77 1665 335 1720 inundavit
357 1665 409 1718 in
444 1676 636 1720 renato
666 1667 890 1720 vivente
921 1685 932 1719 :
966 1682 1073 1720 non
1107 1664 1326 1736 reliquit
1349 1664 1512 1730 mori,
1542 1679 1648 1718 non

77 1758 317 1830 permittit
345 1759 510 1824 mori,
545 1759 668 1815 dico
693 1760 744 1814 in
771 1766 1029 1829 peccato,
1059 1775 1180 1830 quae
1229 1772 1378 1812 mors
1413 1757 1646 1826 maligna

1760 543 1898 596 latus
1919 583 1933 605 ,
1962 559 2028 597 tte
2054 558 2191 612 quos
2214 543 2450 612 impetus
2474 545 2764 599 saevientes
2806 543 3067 613 effugeret
3096 585 3111 611 ,
3164 561 3231 597 ne
3272 545 3354 598 vel

1759 634 2024 689 latrantes
2048 634 2186 688 inter
2217 645 2486 690 tormenta
2533 638 2821 691 carniﬁces
2870 637 3072 692 teneris
3101 635 3357 691 sensiqu

1756 727 2105 783 exborreret.
2136 728 2414 784 Pentlebat
2445 730 2666 784 interim
2693 733 2895 785 corona
2929 730 2994 784 de
3023 730 3194 798 coeli),
3227 730 3358 785 liliis

1756 820 2075 891 angelorum
2102 830 2157 875 et
2183 822 2322 876 rosis
2350 821 2418 876 de
2443 837 2604 877 cruce
2629 833 2682 876 ct
2711 824 2974 892 sanguine
3005 822 3204 878 Christi
3234 839 3357 878 ver-

1757 915 2009 970 nantibus
2034 916 2327 971 intertexta
2350 957 2366 982 ,
2391 926 2704 987 sertumque
2725 920 2952 974 cwleste
2983 919 3134 973 tario
3158 918 3357 974 decore

1758 1010 1956 1080 pictum
1981 1049 1996 1076 ,
2022 1019 2298 1078 tamquam
2325 1011 2571 1067 ﬂorentis
2599 1015 2737 1082 prati
2785 1013 3145 1070 diversicolor
3191 1012 3356 1068 facies

1755 1105 1989 1176 desuper
2002 1105 2268 1161 radiabat.

1827 1200 1880 1254 5.
1921 1199 2202 1270 Pugnabat
2226 1200 2391 1271 igitur
2419 1201 2580 1256 miles
2608 1201 2727 1268 Dei,
2754 1212 2809 1257 et
2831 1202 2959 1269 lide,
2985 1213 3092 1259 non
3122 1217 3356 1274 corpore

1754 1290 2103 1360 conﬂigebat.
2137 1291 2276 1346 Hinc
2303 1292 2371 1346 de
2399 1295 2503 1347 vita
2531 1291 2908 1349 blantliebatur
2925 1296 3196 1361 mundus,
3230 1296 3355 1350 hinc

1755 1384 1821 1440 de
1853 1395 2028 1438 morte
2062 1385 2320 1440 terrebat.
2357 1385 2712 1441 Excitabatnr
2734 1386 2786 1440 in
2808 1387 2904 1441 illo
2931 1388 3222 1443 conﬂictus
3250 1405 3355 1446 cat-

1753 1493 1850 1533 cus
1879 1479 2263 1552 areniepnlvls
2289 1521 2304 1545 ,
2330 1479 2424 1534 sed
2455 1480 2634 1534 clamli
2661 1497 2768 1535 non
2801 1482 2970 1549 potuit
3001 1483 3194 1538 oculus
3223 1499 3360 1538 con-

1755 1571 1995 1627 fessoris.
2029 1571 2320 1626 Videbatur
2350 1572 2676 1643 utrubique;
2706 1583 2762 1628 et
2787 1574 2914 1645 quid
2949 1588 3163 1644 pararet
3191 1576 3357 1641 Deus,

1753 1665 1960 1737 etquid
2005 1676 2229 1735 cuperet
2275 1667 2547 1722 inlmicus.
2599 1668 2825 1724 Scutum
2868 1670 2945 1724 illi
2998 1672 3358 1741 protectiouis

1751 1759 2003 1816 Christus
2029 1773 2145 1816 erat
2172 1779 2185 1816 :
2215 1761 2425 1833 galeam
2457 1762 2651 1818 salutis
2692 1764 2768 1818 illi
2810 1776 3007 1819 manus
3037 1767 3357 1836 angelorum

77 1863 123 1908 et
141 1862 330 1908 :eterna
354 1862 475 1908 est:
522 1862 773 1907 vocatum
821 1861 1038 1918 monet,
1093 1852 1340 1916 instruit,
1384 1851 1642 1921 adjuvat,
1677 1864 1721 1924 Β
1750 1855 2080 1912 effecerant:
2115 1855 2343 1910 loricam
2369 1855 2644 1925 triplicem
2673 1872 2812 1910 unus
2844 1858 2988 1912 Deus
3012 1899 3026 1923 ,
3063 1874 3163 1912 una
3193 1859 3355 1926 ﬁdes;

77 1944 322 2016 ignoscit,
354 1944 572 1999 liberat.
601 1943 738 2008 Quid
765 1945 1042 1998 retribuam
1075 1942 1296 1996 Domino
1335 1958 1430 2015 pro
1485 1942 1652 1996 omni-

75 2038 157 2091 bus
180 2079 194 2103 ,
213 2051 324 2105 qua
345 2037 581 2091 retribuit
606 2035 774 2090 mihi?
818 2035 957 2102 Quid
985 2035 1146 2104 dicis,
1176 2034 1384 2090 homo?
1406 2035 1534 2105 quid
1567 2035 1652 2106 vis

76 2128 394 2183 retribuere?
417 2127 690 2197 Quidquid
722 2128 1016 2193 inveneris,
1047 2127 1115 2182 ab
1147 2127 1240 2182 illo
1267 2127 1549 2196 accepisti.

138 2223 186 2277 5.
232 2220 483 2276 Venimus
518 2237 648 2291 ergo
669 2261 686 2288 ,
727 2222 974 2276 venimus
999 2259 1016 2287 ,
1062 2221 1107 2274 si
1138 2236 1203 2275 ex
1233 2220 1337 2275 ﬁde
1365 2221 1651 2286 vivamus;

79 2325 191 2369 tunc
216 2301 354 2370 enim
383 2313 515 2384 justi
544 2319 772 2383 erimus,
792 2316 916 2385 quia
934 2318 1112 2389 justus
1135 2315 1313 2382 arﬁde
1334 2314 1454 2368 vivit
1471 2314 1648 2382 (Rom.

78 2423 118 2474 ι,
152 2408 274 2478 l7).
328 2401 622 2464 Venietnus
669 2425 798 2481 ergo
839 2409 906 2464 ad
964 2409 1114 2464 illam
1147 2408 1486 2476 mercedem,
1534 2425 1652 2480 qua:

79 2502 286 2572 aequalis
308 2504 413 2559 erit
435 2505 709 2560 omnibus.
763 2504 920 2560 Pueri
961 2504 1233 2569 credunt,
1288 2505 1459 2574 prima
1521 2503 1652 2558 hora

80 2597 768 2654 venerunt:adolescentes
787 2598 1054 2664 credunt,
1101 2596 1261 2652 tertia
1313 2596 1446 2652 hora
1488 2613 1657 2652 vene-

79 2699 224 2745 runt:
260 2689 488 2759 juvenes
518 2691 782 2758 credunt,
822 2700 977 2748 sexta
1027 2693 1155 2745 liora
1184 2701 1489 2746 venerunt:
1533 2705 1656 2760 gra-

81 2783 240 2838 viores
263 2783 526 2852 credunt,
563 2799 701 2838 nona
737 2783 868 2838 hora
898 2790 1202 2838 venerunt:
1243 2781 1512 2852 decrepiti
1535 2798 1656 2836 cre-

81 2872 227 2939 dunt,
257 2875 548 2929 novissima
598 2874 729 2930 hora
762 2884 1046 2931 venerunt.
1102 2873 1341 2930 Diversis
1389 2874 1541 2928 horis
1567 2890 1656 2929 ve-

81 2976 296 3035 nerunt,
345 2978 399 3022 et
453 2969 755 3023 mercedem
806 2983 964 3022 unam
1010 2977 1362 3038 acceperunt.
1411 2961 1505 3022 Sic
1529 2968 1653 3021 facti

82 3069 192 3114 sunt
219 3060 491 3116 novissimi
525 3063 684 3131 primi
706 3104 720 3128 ,
750 3061 976 3132 etprimi
1002 3061 1316 3116 novissimi:
1350 3061 1472 3130 quia
1513 3061 1654 3131 quod

81 3165 388 3222 acceperunt
417 3152 607 3223 primi,
638 3154 742 3209 hoc
770 3165 1096 3224 acceperunt
1129 3155 1406 3209 novissimi
1437 3153 1652 3226 (Matth.

1755 1961 1920 2004 uttutn
1955 1949 2032 2004 illi
2059 1948 2325 2019 baptisma
2357 1949 2689 2006 fabricabat:
2739 1950 2952 2021 gladius
2994 1952 3146 2007 illius
3177 1953 3357 2024 Spiris

1753 2051 1841 2098 tus
1862 2054 2085 2098 sanctus
2105 2057 2246 2108 erat,
2283 2042 2562 2098 daemones
2594 2045 2907 2113 pugnabant
2939 2044 3063 2099 telis
3089 2045 3224 2109 suis,
3255 2046 3358 2100 iste

1754 2136 1900 2190 suis:
1949 2134 2030 2188 illi
2057 2135 2227 2205 nigris
2254 2159 2268 2197 ι,
2298 2136 2399 2189 iste
2428 2135 2596 2188 armis
2639 2134 2971 2205 fulgentibus
2999 2137 3352 2206 conﬂigebat.

1755 2228 2033 2284 Tuebatur
2058 2229 2256 2298 clypeo
2283 2227 2406 2281 ﬁdei
2436 2229 2673 2282 animam
2709 2242 2864 2283 suam
2895 2267 2909 2293 ,
2946 2239 3152 2298 carpus
3196 2229 3362 2284 semi-

1757 2323 1920 2376 nabat
1947 2320 1999 2375 in
2030 2329 2268 2386 terram;
2302 2320 2506 2391 rigabat
2535 2329 2654 2374 eam
2687 2319 2952 2390 sanguine
2975 2335 3108 2386 suo,
3138 2329 3198 2375 ut
3218 2320 3359 2375 fruc-

1757 2425 1842 2470 tus
1874 2414 1928 2469 in
1958 2413 2363 2469 resurrectiOne
2395 2411 2721 2482 multiplices
2737 2414 2934 2468 oﬁ'erat
2955 2411 3066 2467 Deo
3097 2427 3220 2467 suo.

1827 2506 1882 2561 4.
1919 2506 2021 2573 Qui
2051 2506 2343 2569 remittant.
2387 2506 2599 2575 inquit,
2646 2506 2700 2560 in
2725 2506 3002 2577 ittcrgmis,
3053 2505 3109 2559 in
3161 2507 3357 2578 gaudio

1758 2610 1965 2652 nictent.
1999 2597 2197 2652 Enntes
2226 2598 2368 2652 ibant
2395 2609 2440 2652 et
2467 2599 2691 2668 ﬂebant,
2722 2600 2977 2653 mittentes
3001 2599 3198 2652 semina
3227 2614 3320 2652 sua
3339 2615 3357 2651 :

1758 2692 2015 2746 venientes
2043 2702 2214 2744 autem
2239 2691 2433 2744 uenient
2463 2693 2515 2743 in
2545 2691 2916 2754 exsultatione;
2973 2688 3205 2744 tollentes
3247 2705 3352 2740 ma-

1757 2785 1966 2855 nipulos
1988 2801 2110 2839 suos
2139 2782 2315 2855 (Psal.
2347 2800 2486 2839 exxv
2510 2825 2525 2849 ,
2553 2783 2647 2852 5).
2676 2783 2986 2840 Elﬂuebant
3022 2793 3151 2838 tunc
3174 2825 3187 2846 ,
3233 2798 3356 2838 cer-‘-

1759 2880 1998 2934 tantibus
2027 2879 2229 2933 sanctis
2250 2919 2265 2945 ,
2296 2879 2547 2949 lacrymte
2572 2878 2812 2934 ﬁdellum
2833 2911 2848 2946 ,
2873 2894 3010 2949 quas
3032 2880 3208 2949 pietas
3225 2893 3357 2949 pro-

1761 2972 2019 3038 vocabat,
2055 2970 2229 3026 donec
2257 2970 2450 3026 inci-rti
2474 2979 2701 3026 eventus
2727 2972 3020 3040 periculosi
3041 2971 3358 3029 certaminis

1759 3081 1862 3137 qua
1897 3073 2574 3136 vet-gerent,apparerent.
2605 3063 2921 3119 Excntiebut
2938 3063 3325 3133 injustatperse
3342 3089 3376 3142 -κ

1765 3159 2001 3214 cutionis
2032 3158 2192 3213 dolor
2234 3157 2617 3232 lamentabiles
2669 3155 2826 3212 ﬂetus
2849 3198 2864 3222 ,
2887 3167 2943 3211 et
2978 3156 3358 3226 unusquisque

82 3260 140 3298 xx
161 3286 176 3312 ,
201 3246 260 3332 l0
279 3245 317 3318 ).
351 3245 489 3315 Quid
517 3255 601 3302 est
625 3246 740 3317 ipso
767 3243 1065 3302 denarius?
1088 3247 1205 3302 Vita
1233 3259 1455 3302 arterna.
1479 3248 1656 3314 Quare
1684 3271 1729 3334 ρ
1762 3252 2183 3308 cltristianorum
2207 3295 2222 3321 ,
2251 3253 2393 3324 quod
2423 3252 2476 3307 in
2504 3251 2615 3306 alio
2641 3251 2884 3317 videbat,
2914 3250 2970 3305 in
3003 3265 3064 3306 se
3087 3249 3311 3304 timebat
3343 3266 3354 3301 :

81 3339 284 3408 aequalis
316 3349 400 3396 est
427 3341 679 3395 omnibus
700 3340 722 3394 ?
743 3341 875 3408 Quia
911 3342 979 3396 ibi
1015 3357 1173 3394 nemo
1196 3339 1656 3411 vivilplus,nemo

83 3433 266 3490 minus.
307 3435 390 3490 Ad
438 3437 538 3490 hoc
568 3435 882 3502 tendamus,
938 3436 988 3489 in
1018 3434 1247 3489 Domino
1273 3435 1609 3490 conﬁdamus
1637 3477 1653 3501 ,

83 3524 229 3580 vitam
261 3528 578 3584 tentationis
609 3527 903 3584 evadamus
929 3568 944 3595 ,
978 3529 1142 3582 vitam
1167 3527 1436 3583 l‘clicitatis
1459 3528 1656 3583 habea-

83 3635 206 3674 IIIUS.

441 3762 569 3817 Item
594 3763 777 3818 Seruio
806 3763 870 3818 de
894 3777 997 3818 uno
1025 3761 1278 3834 Martyre.

145 3919 190 3972 l.
223 3918 347 3976 Dies
394 3899 675 3988 solemnis,
704 3921 930 3976 illustris
958 3921 1078 3977 dies
1101 3923 1318 3993 patri-.e,
1344 3919 1658 3976 decorean-

81 4011 239 4077 gelico
285 4013 507 4079 nitens,
563 4015 859 4070 hodiernus
914 4015 1134 4083 effulsit,
1190 4032 1348 4086 quem
1405 4015 1660 4087 martyris

85 4102 228 4171 hujus
274 4105 476 4162 ﬂoreus
524 4122 725 4164 corona
784 4107 1018 4163 vestivit.
1077 4108 1207 4163 Dum
1239 4123 1332 4177 per
1353 4107 1515 4162 horas
1543 4107 1659 4162 dies

87 4200 355 4264 evolvitur,
389 4203 516 4255 dum
551 4217 646 4272 per
669 4202 1032 4258 ticcsdierum
1056 4217 1119 4256 ac
1149 4202 1386 4256 noctium
1408 4237 1421 4267 ,
1443 4211 1496 4256 et
1521 4203 1659 4256 luna:

86 4302 341 4348 crementa
371 4287 802 4366 detrhucrtaqtte
831 4313 1046 4351 menses
1071 4296 1385 4365 implentur,
1413 4295 1538 4350 dum
1565 4311 1662 4364 per

86 4369 380 4460 quadrigam
416 4399 718 4461 temporum
751 4392 815 4444 ad
859 4402 1053 4446 metam
1081 4407 1233 4446 suam
1262 4390 1449 4444 rotatis
1470 4390 1662 4445 axibus

85 4496 243 4537 annus
293 4489 478 4555 auriga
525 4485 869 4552 perducitur;
923 4485 1256 4554 reSpIondnit
1306 4484 1458 4538 hctus
1504 4483 1663 4552 hujus

87 4578 241 4630 sancti
273 4576 524 4650 Martyris
545 4577 691 4643 dies,
726 4593 833 4648 quo
861 4578 1000 4632 inter
1027 4579 1273 4632 inimicas
1325 4577 1475 4631 acies
1510 4575 1664 4630 beili-

1759 3359 1814 3404 et
1839 3348 1971 3404 licet
1999 3346 2400 3404 scirentbeatis
2443 3344 2774 3416 martyribus
2824 3345 3053 3416 gloriam
3097 3342 3153 3399 in
3208 3342 3362 3398 cretis

1760 3456 1885 3496 esse
1918 3452 2194 3510 paratam,
2230 3449 2411 3494 tamen
2441 3440 2580 3496 inter
2611 3438 2802 3494 dubios
2831 3442 3123 3506 variosque
3150 3435 3358 3500 exitus.

1763 3535 2214 3604 impendentibus
2266 3533 2542 3598 tristibus;
2598 3530 2793 3586 animis
2838 3529 3069 3585 delicata
3117 3527 3359 3583 citaritas

1763 3643 1974 3683 amaras
2000 3627 2269 3697 lacrymas
2297 3623 2671 3694 extorquebat.

1836 3722 1891 3777 ὅ.
1933 3720 2088 3775 Ibant
2111 3729 2375 3789 martyres
2405 3728 2599 3772 euntes
2619 3749 2636 3782 -,
2666 3726 2719 3771 et
2737 3713 2940 3770 ﬁebant
2959 3714 3242 3768 mltteutes
3271 3727 3367 3768 se.-

1765 3815 1908 3870 mina
1953 3831 2071 3870 sua.
2101 3815 2146 3869 Ο
2176 3827 2338 3885 quam
2369 3821 2516 3866 arcta
2541 3820 2594 3866 et
2621 3819 2846 3881 angusta
2876 3809 2957 3862 via
2983 3845 2998 3875 ,
3043 3823 3165 3878 qua:
3210 3807 3366 3861 ducit

1766 3909 1832 3964 ad
1864 3909 2026 3963 vitam
2055 3909 2068 3962 !
2107 3909 2263 3962 Ibant
2316 3922 2411 3977 per
2437 3905 2638 3960 bestias
2663 3915 2717 3960 et
2748 3903 3080 3968 machaeras,
3127 3914 3228 3973 per
3265 3912 3356 3956 un-

1765 4002 1972 4072 gustias
2002 4011 2056 4055 et
2084 4013 2399 4070 pressuras;
2430 3999 2677 4051 oratione
2707 3996 2936 4060 ﬁentes,
2988 4009 3084 4065 spe
3118 3992 3361 4065 gauden~

1769 4104 1887 4150 tes:
1920 4102 2271 4164 protegentes
2300 4091 2350 4145 in
2378 4101 2517 4146 terra
2546 4105 2774 4159 corpora
2815 4103 2909 4143 sua
2937 4125 2952 4155 ,
2982 4087 3134 4158 quasi
3157 4086 3364 4141 semina

1767 4203 1895 4251 sua,
1947 4203 2014 4243 ex
2067 4185 2265 4257 quibus
2309 4182 2631 4255 germinavit
2687 4181 2874 4252 glorize
2902 4196 3059 4252 seges
3117 4190 3362 4246 attenta;

1765 4279 1930 4353 473
1963 4291 2089 4334 tunc
2120 4277 2340 4333 venient
2371 4276 2424 4330 in
2457 4274 2819 4330 exsultatione
2866 4283 3148 4345 portantes
3189 4273 3370 4327 muni-

1769 4375 1925 4446 pulos
1947 4388 2072 4428 suos
2094 4414 2108 4436 ,
2141 4387 2261 4427 cmn
2300 4371 2354 4426 itt
2386 4369 2794 4426 resurrectione
2842 4365 3155 4437 receperint
3202 4365 3370 4421 liores

1769 4483 1897 4524 suos
1923 4488 1936 4524 :
1961 4467 2144 4522 Justus
2165 4469 2365 4538 quippe
2383 4476 2438 4521 ut
2464 4465 2639 4537 palma
2652 4464 2874 4535 ﬂorebit,
2896 4472 2942 4517 et
2963 4463 3092 4517 sicut
3105 4463 3292 4516 cedrus
3313 4466 3368 4516 t'tI

1770 4561 2437 4632 Libanomultiplicabitur.
2477 4559 2664 4614 Nescit
2684 4557 2830 4614 enim
2857 4555 3182 4627 umquamitt
3211 4568 3370 4610 sauc-

87 4684 231 4722 custts
253 4671 527 4725 exsultans
555 4709 570 4737 ,
606 4683 835 4725 cunctos
882 4671 1064 4726 hostes
1116 4670 1279 4735 vicit,
1318 4678 1373 4724 et
1399 4668 1464 4722 ad
1497 4683 1657 4739 regna

1774 4656 1838 4710 tis
1866 4653 2056 4709 viridis
2083 4653 2249 4708 decor
2277 4653 2370 4708 ille
2401 4665 2740 4714 marcorem;
2769 4649 3078 4720 prtesertim
3107 4648 3193 4702 cui
3225 4645 3373 4704 Deus

87 4761 176 4816 sibi
204 4765 376 4820 debita
403 4764 730 4836 properavit.

149 4855 197 4909 2.
213 4857 308 4913 Est
324 4859 540 4928 quidem
554 4873 772 4928 semper
791 4859 839 4910 in
864 4856 1087 4926 ancipiti
1105 4855 1403 4909 certamine
1417 4863 1668 4924 suspecta

91 4950 301 5006 victoria
319 4969 439 5006 cum
466 4953 518 5006 in
543 4949 883 5006 venerandos
912 4955 1181 5020 martyres
1203 4957 1296 5001 aut
1323 4947 1488 5018 judex
1515 4947 1670 5002 saevit

90 5053 174 5095 aut
201 5045 436 5099 carnifex
487 5043 698 5112 fremit;
743 5053 814 5097 et.
849 5057 989 5096 nunc
1027 5040 1274 5112 gladius,
1333 5055 1476 5094 nunc
1519 5037 1664 5102 fera,

93 5149 223 5189 nunc
249 5135 492 5203 ﬂamma,
527 5151 670 5191 nunc
702 5145 970 5191 tormenta
1001 5136 1298 5188 timentur:
1337 5143 1392 5186 at
1427 5131 1517 5186 ubi
1544 5131 1667 5185 lori-

92 5242 200 5282 cant
231 5228 351 5284 ﬁdei
379 5231 537 5286 virile
568 5243 756 5300 pet-tus
777 5229 1135 5299 assumpserit
1156 5270 1170 5294 ,
1213 5243 1319 5282 non
1362 5229 1526 5281 sentit
1553 5226 1672 5281 ani-

93 5337 202 5376 mus
226 5323 380 5380 fortis
401 5365 416 5390 ,
440 5325 698 5396 quidquid
725 5325 1013 5393 ingesserit
1062 5337 1217 5376 mens
1257 5319 1495 5376 crudelis
1525 5339 1537 5375 :
1565 5330 1671 5374 stat

95 5419 225 5475 inter
274 5423 422 5493 ignes
455 5421 652 5476 illmsus
673 5459 688 5484 ,
723 5421 867 5474 inter
891 5418 1094 5473 bestias
1125 5429 1179 5471 et
1237 5424 1510 5470 tormenta
1541 5413 1672 5468 vali-

93 5512 216 5578 dus;
282 5515 561 5570 securibus
603 5514 775 5586 magis
835 5513 1092 5578 Solvitur,
1145 5526 1310 5581 quam
1365 5517 1666 5564 truncatur.

96 5606 193 5662 Sed
223 5619 343 5664 tunc
368 5611 543 5664 donec
605 5608 670 5662 ad
727 5619 1045 5677 prosperum
1093 5605 1259 5660 ﬁnem
1313 5602 1489 5658 felicis
1520 5600 1671 5656 horai

99 5715 263 5768 pugna
288 5704 528 5770 veniret,
552 5697 906 5757 bacchabatur
931 5711 962 5754 a
991 5698 1309 5761 christiani!
1334 5738 1348 5761 ,
1409 5705 1462 5751 et
1513 5693 1671 5750 fune-

99 5787 238 5847 r'etiitl
269 5787 635 5864 spectaculum
660 5783 800 5850 inter
824 5793 1084 5849 athletam
1102 5789 1306 5846 Christi
1328 5787 1676 5844 'etministros

107 5883 299 5946 inimici
331 5889 534 5963 pavidis
565 5875 876 5964 pectoribus
897 5897 953 5946 et
976 5879 1218 5961 fugitivis
1249 5881 1534 5943 obtutibus
1577 5887 1675 5938 'ex-

1777 4757 2049 4816 tamquam
2083 4745 2336 4816 perennis
2363 4741 2562 4798 ﬁuvius
2588 4743 2881 4798 continuos
2912 4742 3102 4797 latices
3125 4750 3180 4797 et
3211 4740 3374 4796 reﬁ'i-

1773 4841 1920 4910 geria
1947 4839 2092 4908 larga
2123 4838 2414 4893 ministrat.
2451 4837 2590 4892 Ecce
2642 4835 2710 4892 de
2762 4850 2871 4890 uno
2920 4851 3093 4906 grano
3124 4832 3373 4904 corporis

1771 4932 2002 4996 Christi,
2037 4931 2182 5002 quod
2206 4932 2475 5001 sepultum
2499 4939 2582 4985 est
2601 4970 2616 4997 ,
2641 4938 2844 5000 quanta
2897 4943 3200 5001 martyrum
3230 4941 3376 4981 tues-

1774 5027 1849 5080 sis
1877 5026 2091 5094 crupitl
2122 5026 2262 5081 Ecce
2287 5025 2355 5080 de
2397 5025 2670 5094 primitiva
2705 5024 2882 5095 palma
2919 5035 3136 5096 quantm
3173 5036 3368 5075 exsur-

1775 5127 2035 5175 rexerunt
2055 5118 2428 5174 confessorum
2458 5118 2649 5187 palma:
2675 5116 2964 5171 victrices!
2989 5115 3033 5169 0
3065 5111 3371 5184 paradisus,

1773 5223 2086 5270 sanctarum
2116 5213 2418 5268 animarum
2451 5210 2646 5266 blanda
2680 5225 2740 5265 se
2768 5209 3034 5263 societate
3077 5204 3374 5260 miscenti?

1849 5308 1901 5364 6.
1935 5300 2081 5364 Inter
2112 5309 2210 5362 hos
2238 5308 2341 5363 iste
2370 5304 2721 5362 beatissimus
2749 5311 2957 5372 martyr
2990 5299 3152 5354 hodie
3180 5296 3372 5353 valen-

1779 5406 1884 5460 tior
1912 5404 2048 5460 festa
2081 5413 2262 5458 novat.
2304 5399 2442 5456 Vicit
2489 5401 2635 5454 enim
2681 5396 2925 5452 moriens
2975 5392 3374 5456 adversarium,

1777 5501 1867 5571 qui
1902 5499 2206 5569 pugnabat;
2239 5506 2294 5552 et
2321 5509 2584 5551 coronant
2617 5491 2685 5547 de
2729 5490 2873 5546 ccelo
2912 5496 3244 5542 consecutus
3269 5498 3374 5554 est,

1778 5608 1898 5664 quae
1951 5591 2237 5661 pendebat.
2297 5587 2586 5644 Gaudeant
2627 5595 2773 5640 nunc
2823 5582 2920 5637 lilii
2964 5581 3032 5637 de
3082 5581 3376 5651 triumphis

1779 5696 2101 5757 martyrum,
2132 5694 2186 5739 et
2216 5681 2453 5754 posteris
2485 5680 2701 5734 tradant
2729 5692 2908 5732 annua
2947 5687 3098 5744 vota,
3141 5679 3375 5745 quorum

1779 5783 1969 5854 pati-es
1995 5787 2050 5835 et
2100 5769 2234 5833 dura
2283 5773 2598 5832 sanctorum
2648 5771 2913 5839 aSpexeie
2945 5767 3271 5841 certamini,
3319 5778 3384 5827 et

1784 5877 2097 5935 vincentum
2128 5872 2294 5934 laetati
2322 5879 2450 5932 sunt
2471 5870 2541 5930 de
2571 5882 2794 5929 corona.
