3944 6310
535 262 643 324 727

1141 379 1374 439 SERMO
1398 380 1512 437 LX.

852 481 927 535 De
947 477 1126 535 Natali
1165 485 1479 533 sanctorum
1511 476 1831 548 Martyrum.

537 572 605 630 In
629 573 960 629 cod.Theod.
991 572 1292 627 inscribitur
1304 572 1564 626 hicsermo
1589 571 1640 625 in
1656 570 1745 625 die
1765 569 1867 626 SS.
1899 570 2133 626 Alexan-

610 667 717 731 dri,
741 665 951 720 Eventii
982 673 1036 720 et
1061 662 1484 727 Theodoli,cum
1500 672 1670 717 tamen
1685 662 1844 716 iidem
1873 661 2136 734 Martyres

610 760 664 813 in
694 759 946 813 sermonis
987 767 1226 812 contextu
1276 773 1532 825 nusquam
1567 755 1915 810 nominentur.
1950 754 2134 810 Nihilo

607 854 791 908 melius
816 855 870 907 in
894 853 1048 907 Rom.
1067 851 1190 906 edit.
1213 851 1381 906 eidem
1409 851 1719 922 prteﬁgitur:
1738 850 1843 906 Pro
1859 851 2133 905 cou'tmuni

606 949 769 1004 unius
798 948 1067 1020 Martyris,
1101 964 1215 1001 cum
1240 947 1417 1002 omnia
1444 962 1510 1001 ex
1534 963 1682 1018 ecquo
1700 945 1811 1000 illic
1835 949 2138 1016 referantur

607 1043 677 1098 ad
707 1059 882 1096 omnes
918 1050 1195 1112 martyres.
1247 1039 1428 1095 Potior
1453 1049 1526 1095 est
1567 1041 1726 1110 igitur
1763 1039 1987 1094 aliorum
2010 1055 2132 1093 mss.

606 1147 761 1208 atque
788 1137 910 1190 edit.
943 1135 1232 1205 inscriptio.
1287 1133 1475 1188 Verum
1505 1135 1644 1201 quod
1672 1133 1849 1186 inillis
1876 1132 2132 1203 omnibus,

609 1242 952 1302 prwterquam
981 1231 1033 1284 in
1056 1229 1198 1283 Call.
1229 1228 1345 1283 cod.
1373 1237 1548 1282 sancto
1578 1226 1848 1281 Ambrosio
1895 1226 2137 1280 attribui-

609 1337 713 1393 tur,
751 1342 854 1380 non
882 1326 1128 1379 obscurus
1158 1339 1305 1378 error
1335 1331 1429 1381 est.
1463 1320 1898 1390 quemadmodum
1931 1337 1994 1374 ex
2027 1322 2136 1392 ejus

603 1422 762 1493 stylo,
788 1437 878 1474 nec
924 1435 1026 1472 non
1053 1435 1114 1472 ea:
1159 1417 1222 1471 iis
1268 1432 1386 1485 qua!
1412 1415 1636 1470 sermoni
1662 1413 1732 1470 5‘2
1760 1431 1790 1468 a
1815 1413 1961 1468 nobis
2005 1429 2138 1481 prae-

609 1514 767 1569 missa
790 1522 929 1577 sunt,
957 1520 1122 1581 potest
1159 1509 1401 1582 intelligi.

606 1609 659 1662 1.
695 1604 752 1661 Si
784 1612 1047 1675 quantum
1081 1617 1168 1658 me
1197 1616 1423 1657 necesse
1451 1600 1758 1666 estdicere,
1787 1609 1843 1656 ct
1864 1614 1961 1654 vos
1978 1614 2140 1668 opor-

534 1709 617 1755 tet
658 1697 880 1762 audire;
934 1704 1143 1750 tantum
1201 1694 1462 1764 prosequi
1513 1693 1762 1764 corporis
1814 1692 1922 1748 mei
1957 1700 2141 1762 posset

536 1793 836 1849 infirmitas
863 1809 876 1844 :
907 1789 1154 1861 profecto
1181 1805 1373 1845 omnes
1401 1789 1645 1845 excusati
1682 1801 1949 1854 essemus,
1981 1787 2132 1842 scili-

534 1894 628 1942 cet
685 1899 788 1954 ego
839 1883 1170 1939 insinuando
1220 1893 1586 1954 praeceptum,
1644 1896 1744 1936 vos
1795 1879 2145 1951 exsequendo

537 1977 878 2034 mandatum.
903 1977 1010 2034 Sed
1041 1976 1297 2048 quoniam
1346 1975 1719 2031 imbecillitate
1765 1975 2143 2045 percellimur,

534 2071 832 2144 quominus
859 2079 1119 2141 quantum
1135 2078 1350 2139 oportet
1374 2068 1558 2124 dicere
1587 2067 1895 2133 valeamus;
1920 2075 2144 2122 excuset

539 2180 645 2220 nos
671 2164 870 2220 mentis
895 2162 1144 2228 devotio,
1169 2177 1307 2233 quos
1341 2178 1447 2217 non
1479 2169 1710 2216 excusat
1741 2159 2146 2231 praedicationis

534 2259 740 2325 Oratio,
775 2259 877 2314 hoc
899 2257 1124 2328 est,.etsi
1147 2272 1176 2310 a
1210 2257 1462 2312 laudibus
1492 2257 1708 2311 Domini
1736 2256 1918 2328 lingua
1948 2270 2137 2312 cessa-

540 2367 686 2421 mus,
722 2352 989 2408 mirabilia
1021 2361 1206 2407 tamen
1251 2353 1371 2422 ejus
1405 2350 1526 2406 fidei
1560 2351 1821 2421 operibus
1871 2351 2145 2422 approbe~

545 2463 704 2502 mus:
734 2448 778 2502 si
818 2464 925 2502 non
974 2447 1252 2516 loquimur
1296 2444 1478 2501 verbis
1509 2445 1628 2514 ejus
1678 2445 1930 2515 gloriam,
1989 2442 2148 2500 factis

546 2552 947 2613 ﬂexsequamur
961 2543 1084 2610 ejus
1105 2540 1332 2612 gratiam
1353 2583 1367 2606 ,
1388 2539 1645 2610 quoniam
1660 2538 1822 2594 dictis
1844 2538 1980 2593 facta
2005 2538 2152 2608 prio—

545 2651 608 2691 ra
637 2645 782 2691 sunt.
816 2634 948 2689 Nam
982 2635 1249 2689 Dominus
1307 2633 1362 2687 in
1410 2631 1710 2702 Evangelio
1749 2632 1819 2686 ita
1849 2630 1982 2686 dicit
2010 2650 2021 2684 :
2051 2631 2153 2697 Qui

551 2731 731 2802 fecerit
755 2731 852 2790 sic.
884 2738 931 2783 et
959 2728 1194 2782 docuerit
1224 2727 1319 2794 sic,
1375 2743 1594 2797 magnus
1617 2726 1884 2781 vocabitur
1914 2727 1965 2782 in
1993 2745 2150 2801 regno

546 2824 795 2878 calorum
822 2819 1042 2894 (Matth.
1076 2837 1127 2889 ν,
1162 2819 1276 2892 19).
1316 2820 1477 2876 Vides
1499 2835 1631 2890 ergo
1663 2821 1920 2890 quoniam
1950 2836 2156 2892 praece-

547 2914 634 2970 dit
661 2915 884 2981 factum,
921 2914 1275 2982 subsequitur
1302 2913 1591 2978 doctrina;
1625 2913 1896 2984 siquidem
1934 2915 2157 2971 benefa-

547 3023 679 3064 cere
703 3007 877 3076 prima
922 3006 1169 3061 doctrina
1215 3015 1318 3062 est.
1367 3006 1722 3063 Cessantibus
1749 3008 1894 3064 enim
1945 3010 2152 3076 verbis,

552 3099 660 3155 hoc
691 3099 863 3168 ipsum
888 3099 1047 3153 docet
1075 3098 1350 3154 hominem
1374 3115 1513 3171 opus
1537 3099 1824 3169 optimum,
1847 3100 1976 3156 dum
2003 3101 2157 3158 vide-

1467 264 1557 318 ΑΙ)
1595 262 1827 319 OPEBA
1871 261 2118 320 SANCTI
2158 261 2488 320 AMBROSII
2525 263 2894 320 APPENDIX.

3703 263 3790 320 728

2159 386 2207 442 Α
2234 381 2428 446 uincas,
2475 397 2591 435 cum
2619 380 2884 451 judicaris
2925 377 3099 452 (Psal.
3141 395 3195 447 ι,
3245 375 3322 450 6).
3365 378 3490 433 Cum
3547 377 3792 448 iudicatur

2238 473 2381 530 enim
2414 484 2640 546 martyr,
2669 483 2727 530 et
2744 473 3162 538 condemnatur,
3183 481 3314 526 tunc
3332 473 3491 526 vincit
3511 481 3669 543 atque
3687 487 3792 543 pro-

2237 569 2467 633 sternit;
2494 568 2582 623 tali
2601 569 2744 623 enim
2763 567 2968 637 judicio
2995 575 3200 622 nonest
3225 564 3465 620 addictus
3485 565 3552 620 ad
3571 579 3793 635 mortem,

2238 661 2331 716 sed
2372 659 2652 714 absolutus
2678 659 2745 713 ad
2773 661 3056 728 requiem:
3100 671 3163 711 ac
3191 671 3290 726 per
3313 655 3414 711 hoc
3449 655 3791 713 manifesﬁssi-

2242 769 2327 809 me
2356 752 2555 809 vicisse
2582 760 2687 816 est,
2720 767 2828 807 non
2863 753 3090 822 perisse.

2310 848 2362 902 5.
2391 846 2616 903 Constat
2646 845 2809 918 igitur
2852 855 3068 901 sanctas
3119 854 3392 917 martyres
3425 844 3542 914 plus
3584 842 3796 914 passione

2240 944 2460 1011 docere,
2491 958 2653 1014 quam
2683 957 2852 1006 voce;
2896 955 3226 1012 quamquam
3259 941 3487 1010 ipsumet
3512 939 3687 1009 passio
3702 939 3793 993 sine

2242 1055 2374 1095 voce
2424 1053 2530 1094 non
2564 1040 2654 1093 sit.
2691 1036 2943 1108 Legimus
2969 1036 3114 1092 enim
3155 1036 3370 1090 animas
3414 1049 3602 1089 eorum
3639 1033 3698 1088 de
3720 1037 3796 1090 sub

2240 1149 2332 1189 ara
2382 1131 2482 1188 Dei
2531 1132 2811 1197 clamare,
2868 1130 2953 1186 vel
3004 1129 3220 1185 dicere:
3277 1128 3573 1196 Quousque,
3630 1137 3798 1181 sanctus

2241 1238 2289 1282 et
2328 1243 2496 1292 verus,
2531 1241 2631 1280 non
2669 1223 2900 1278 vindicas
2921 1223 3226 1296 sanguinem
3269 1230 3501 1275 nostrum
3545 1218 3719 1292 (Apoc.
3741 1234 3795 1285 ﬂ,

2243 1317 2362 1384 10)?
2389 1316 2523 1372 Nam
2557 1325 2611 1371 et
2642 1315 2784 1371 Deus
2810 1314 2946 1370 dicit
2994 1314 3060 1368 de
3091 1313 3360 1384 sanguine
3408 1310 3542 1366 Abel
3569 1313 3632 1364 ad
3660 1309 3798 1365 Cain;

2243 1410 2408 1484 474
2439 1409 2554 1466 Vox
2578 1410 2847 1481 sanguinis
2890 1409 3068 1479 fratris
3095 1409 3172 1461 tui
3213 1408 3404 1462 clamat
3423 1407 3492 1458 ad
3525 1421 3604 1459 me
3631 1401 3798 1475 (Cenes.

2244 1521 2316 1572 tv,
2351 1505 2460 1575 10).
2491 1502 2742 1560 Clamare
2777 1505 2946 1575 igitur
2993 1502 3195 1557 dicitur
3251 1499 3496 1570 sanguis,
3548 1498 3638 1569 qui
3678 1499 3798 1553 inuo-

2243 1616 2374 1657 cens
2401 1599 2607 1655 eﬂ'usus
2629 1608 2733 1666 est,
2766 1616 2872 1654 non
2913 1607 3019 1654 tam
3064 1613 3218 1665 voce,
3247 1612 3407 1668 quam
3461 1609 3642 1650 causa.
3670 1593 3743 1650 Sic
3763 1604 3799 1649 ct

2245 1704 2558 1751 sanctorum
2611 1703 2909 1766 martyrum
2960 1691 3157 1746 anima:
3206 1691 3474 1755 clamant,
3521 1690 3643 1743 dum
3676 1687 3798 1742 ﬁdem

2241 1800 2410 1862 atque
2461 1789 2828 1845 innocentiam
2868 1803 3022 1844 suam
3053 1785 3314 1843 sensibus
3340 1785 3553 1841 nostris
3585 1784 3688 1855 ipsa
3707 1797 3798 1854 pas-

2249 1887 2406 1942 sione
2435 1885 2843 1941 commendant.

2837 1974 3071 2032 SERMO
3111 1973 3254 2030 LXI.

2737 2071 2814 2125 De
2842 2069 3015 2124 Natali
3038 2068 3363 2140 Martyrum.

2251 2161 2336 2219 Ea:
2352 2162 2509 2237 hujus
2537 2163 2788 2218 sermonis
2820 2163 3038 2216 lectione
3075 2160 3442 2234 cognoscimus
3478 2177 3598 2215 eum
3631 2168 3727 2232 post
3743 2177 3797 2213 re-

2321 2259 2691 2313 surrectionem
2740 2255 3072 2312 Dominicam
3117 2255 3354 2311 habitum
3391 2272 3509 2310 esse
3529 2271 3550 2312 :
3578 2272 3668 2323 quo
3690 2257 3796 2309 etis:

2324 2363 2553 2424 tempore
2576 2353 2630 2406 in
2648 2352 2883 2407 Romano
2904 2351 3172 2406 Breviario
3201 2351 3481 2416 recitatur,
3510 2350 3601 2405 sed
3619 2349 3697 2403 sub
3717 2350 3799 2402 An-

2324 2447 2484 2502 brosii
2514 2449 2740 2512 nomine,
2773 2462 2890 2500 cum
2940 2455 3112 2499 tamen
3156 2446 3220 2498 ab
3249 2444 3363 2515 ejus
3391 2443 3618 2498 dictione
3655 2443 3798 2514 longis-

2323 2541 2450 2594 sime
2478 2540 2750 2610 discrepet.
2791 2537 3136 2592 Verisimilius
3163 2545 3237 2590 est
3279 2535 3508 2590 Maximi
3535 2552 3657 2601 esse,
3681 2553 3798 2604 qus-

2325 2635 2602 2706 doquidem
2628 2643 2844 2688 testatur
2875 2631 3177 2687 Gennadius
3225 2645 3345 2684 eum
3377 2630 3711 2700 composuisse
3731 2644 3794 2698 ge-

2329 2729 2568 2785 neralem
2599 2728 2840 2783 omnium
2888 2738 3190 2798 martyrum
3242 2725 3587 2780 Homiliam:
3627 2723 3798 2779 διάειάῶ

2327 2825 2480 2880 etiam
2507 2833 2669 2896 potest
2695 2823 2928 2879 eumdem
2941 2838 3224 2878 sermonem
3245 2820 3470 2874 inveniri
3498 2821 3554 2874 in
3572 2818 3696 2875 Gell.
3714 2819 3794 2871 rod.

2327 2920 2476 2991 cujus
2506 2933 2763 2971 sermones
2789 2933 2964 2971 omnes
3013 2915 3080 2968 ad
3104 2930 3218 2968 eum
3269 2912 3565 2968 Prtesulem
3609 2912 3799 2983 pertinere

2333 3009 2674 3065 Mabillonius
2696 3019 2868 3064 noster
2894 3009 3172 3064 existimat.

2332 3103 2382 3157 1.
2415 3103 2644 3173 Dignum
2675 3114 2727 3156 et
2750 3118 3050 3174 congruum
3079 3111 3185 3172 est,
3210 3101 3432 3167 fratres,
3457 3112 3481 3141 ο
3504 3098 3797 3171 utpostlzcti-

553 3203 680 3250 tur:
714 3193 858 3263 quod
889 3194 988 3248 etsi
1010 3209 1148 3249 voce
1174 3210 1335 3251 aures
1375 3211 1480 3250 non
1509 3196 1728 3262 excitat,
1764 3197 1963 3252 virtute
1986 3197 2152 3252 corda
2181 3199 2226 3261 C
2260 3200 2389 3254 tiam
2420 3199 2564 3255 beati
2599 3198 2836 3269 paschae,
2871 3214 3030 3270 quam
3080 3199 3133 3253 in
3162 3198 3409 3255 Ecclesia
3439 3195 3798 3258 celebravimus,

555 3294 744 3341 tamen
770 3286 1106 3356 compuugit.
1137 3285 1274 3353 Quis
1304 3287 1447 3342 enim
1480 3287 1679 3342 bonum
1710 3288 1909 3343 factum
1941 3288 2152 3356 videns,

555 3394 668 3435 non
720 3380 972 3451 gaudeat,
1023 3380 1272 3448 miretur,
1306 3380 1567 3448 imitetur,
1597 3380 1624 3419 δ
1667 3397 1733 3437 ac
1776 3382 1943 3438 veluti
1989 3384 2156 3439 tacito

555 3475 820 3545 magistro
848 3483 1030 3537 utens,
1053 3475 1171 3546 ejus
1192 3475 1446 3545 exemplo
1472 3476 1774 3532 doceatur?
1795 3477 1966 3532 Dictis
1994 3477 2158 3549 igitur

555 3566 698 3620 facta
731 3565 1066 3634 praecedunt,
1114 3565 1284 3620 immo
1308 3565 1428 3621 sine
1454 3564 1613 3620 factis
1661 3566 1804 3622 dicta
1852 3568 1985 3621 nihil
2033 3583 2160 3638 pro-

557 3669 712 3723 sunt;
745 3674 869 3712 nam
897 3657 1020 3713 ideo
1047 3667 1103 3714 et
1134 3659 1396 3714 Dominus
1413 3658 1527 3714 fieri
1554 3659 1747 3722 voluit,
1773 3669 1827 3714 et
1849 3659 1927 3716 sic
1946 3659 2154 3727 doceri,

559 3769 627 3809 ne
652 3754 770 3809 sine
802 3753 945 3809 bono
975 3769 1144 3826 opere
1165 3753 1456 3811 verborum
1490 3754 1699 3810 inutilis
1721 3765 1862 3811 esset
1891 3767 1943 3811 ct
1968 3771 2162 3827 super-

559 3849 770 3906 stitiosa
793 3849 1039 3920 jactatio.

628 3943 685 3998 2.
715 3943 906 3998 Melius
950 3958 1082 4014 ergo
1107 3943 1370 4000 docemur
1400 3943 1567 4011 facto,
1600 3960 1762 4016 quam
1808 3960 1941 4000 voce
1971 3963 1983 3999 :
2010 3945 2165 4002 deui-

554 4051 665 4108 que
703 4037 878 4091 sancti
910 4045 1178 4109 martyres
1203 4038 1302 4094 etsi
1347 4052 1485 4094 voce
1515 4048 1719 4106 tacent,
1758 4037 2025 4095 factorum
2057 4042 2164 4095 vir-

557 4137 674 4184 tute
699 4143 796 4183 nos
817 4129 1053 4184 edocent
1076 4132 1205 4186 :etsi
1227 4130 1408 4200 lingua
1434 4131 1618 4197 silent,
1640 4131 1884 4204 martyrii
1913 4133 2166 4203 passione

564 4220 914 4289 persuadent.
948 4222 1106 4278 Unde
1131 4223 1376 4292 quamvis
1405 4223 1646 4279 disertus
1693 4233 1882 4280 orator
1913 4226 2165 4282 facundia

564 4327 664 4368 sua
696 4328 783 4368 me
809 4313 1037 4380 doceat;
1066 4315 1117 4370 id
1149 4325 1328 4371 tamen
1347 4318 1489 4387 quod
1518 4319 1653 4374 utile
1676 4328 1763 4375 est
1783 4320 1942 4385 mihi,
1971 4321 2168 4376 melius

567 4405 723 4463 disco
753 4408 1010 4477 exemplo
1041 4418 1380 4477 sanctorum,
1419 4427 1582 4482 quam
1615 4415 1922 4471 assertione
1968 4416 2170 4471 verbo-

568 4514 708 4554 rum.
737 4498 911 4555 Citius
953 4501 1083 4556 mihi
1135 4504 1471 4573 persuadent
1512 4507 1680 4575 oculi,
1711 4508 1858 4577 quod
1910 4519 2166 4574 cernunt,

2257 3294 2457 3364 gaudia
2490 3304 2671 3349 nostra
2700 3309 2823 3348 cum
2857 3295 3062 3349 sanctis
3099 3294 3436 3364 martyribus
3481 3291 3799 3353 conferamus;

2261 3398 2314 3444 et
2345 3389 2412 3443 iis
2443 3371 3152 3444 annuntiemus'Dominicm
3181 3385 3799 3457 resurrectionisglorism,

2262 3482 2352 3554 qui
2382 3491 2667 3536 consortes
2709 3491 2839 3537 sunt
2889 3482 3186 3537 Dominica:
3237 3481 3541 3552 passionis.
3573 3479 3666 3548 Qui
3699 3477 3798 3534 enim

2262 3575 2394 3630 socii
2427 3582 2554 3629 sunt
2579 3573 2945 3640 contumeliae,
2975 3573 3180 3631 debent
3208 3583 3264 3630 et
3295 3573 3593 3645 participes
3619 3570 3799 3627 essels-

2266 3669 2432 3735 titite;
2467 3670 2538 3724 ita
2569 3669 2715 3724 enim
2763 3668 2894 3724 dicit
2948 3668 3137 3724 beatus
3185 3667 3528 3739 Apostolus:
3582 3660 3801 3722 δέραια)άὶ

2263 3765 2572 3834 passionum
2594 3764 2739 3829 estis,
2763 3772 2809 3817 et
2829 3763 3220 3817 resurrectionis
3249 3764 3395 3817 eritis
3421 3779 3442 3817 :
3472 3761 3541 3836 (Il
3565 3761 3674 3815 Cor.
3697 3774 3726 3825 ι,
3749 3755 3799 3824 7);

2266 3859 2311 3914 si
2333 3860 2686 3926 tolerabimus,
2732 3858 2926 3928 inquit,
2959 3869 3008 3913 et
3045 3858 3479 3928 conregnabimus
3509 3856 3592 3930 (II
3621 3853 3729 3909 Tim.
3763 3866 3800 3906 ιι.

2271 3951 2384 4022 12).
2413 3952 2515 4020 Qui
2541 3967 2673 4023 ergo
2717 3955 3087 4007 toleraverunt
3127 3951 3266 4006 mala
3300 3962 3530 4022 propter
3568 3947 3799 4005 Christum,

2269 4045 2473 4100 debent
2492 4055 2545 4100 et
2575 4045 2802 4115 gloriam
2827 4045 3031 4102 habere
3057 4061 3182 4100 cum
3207 4045 3453 4101 Christo.

2339 4139 2394 4193 2.
2426 4138 2848 4204 Annuntiemus,
2881 4139 3121 4210 inquam,
3160 4140 3366 4194 sanctis
3393 4136 3709 4210 martyribus
3727 4131 3800 4188 Do-

2274 4231 2453 4287 minici
2488 4231 2702 4301 paschae
2721 4232 2978 4302 gratiam;
3009 4231 3208 4287 utdum
3239 4232 3538 4301 sepultura:
3567 4229 3694 4285 illius
3713 4239 3803 4296 prs-

2275 4324 2522 4380 dicamus
2545 4335 2788 4381 reserata
2817 4327 3082 4394 claustra,
3112 4335 3167 4380 et
3199 4326 3396 4381 horum
3441 4325 3679 4394 sepulcra
3703 4333 3804 4375 res-3'

2275 4429 2500 4475 rentur:
2533 4419 2660 4474 dum
2692 4419 3076 4491 corpus’illius
3112 4429 3392 4475 mortuum
3420 4418 3648 4479 dicimus
3673 4426 3804 4484 tepen-

2276 4515 2422 4570 tibus
2448 4515 2602 4569 venis
2633 4513 2815 4570 subito
2843 4514 3104 4584 viguisse,
3149 4513 3344 4569 horum
3377 4529 3595 4585 quoque
3627 4507 3802 4566 membn

567 4606 730 4661 quam
763 4593 912 4648 auris
941 4595 1113 4663 possit
1135 4596 1437 4662 insinuare,
1469 4598 1612 4666 quod
1642 4600 1919 4668 praeterit;
1961 4601 2167 4657 auditui
2196 4608 2246 4667 υ
2268 4607 2380 4680 jam
2415 4607 2607 4676 frigida
2655 4607 3083 4663 immortalitatis
3109 4608 3295 4663 calore
3325 4605 3641 4669 foveantur;
3669 4597 3804 4656 eadem

570 4686 718 4742 enim
752 4689 863 4741 cito
891 4686 1085 4758 irrepit
1105 4689 1331 4756 oblivio,
1377 4692 1664 4747 oculorum
1708 4707 1891 4750 autem
1936 4697 2168 4753 historia

568 4781 1113 4852 semperiuspicitnr.
1131 4785 1264 4852 Quis
1292 4787 1438 4841 enim
1468 4802 1574 4842 non
1597 4789 1852 4845 omnibus
1881 4791 2032 4845 horis
2054 4809 2170 4846 mo-

566 4875 879 4946 mentisque
943 4879 1245 4948 conspiciat
1313 4881 1776 4950 quemadmodum
1835 4894 1960 4940 tuuc
2025 4886 2168 4940 beati

569 4982 840 5042 martyres
881 4981 1110 5041 propter
1141 4987 1336 5028 nomen
1363 4972 1568 5029 Christi
1591 4974 1822 5031 diversis
1849 4978 2170 5048 subjacuere

566 5063 872 5135 suppliciis,
903 5075 955 5120 et
987 5065 1056 5120 de
1093 5065 1223 5137 ipsis
1247 5067 1425 5136 pmuis
1449 5067 2174 5143 quodammodotriumpha-

566 5154 700 5209 bant
723 5155 748 5208 ?
771 5154 988 5224 Quanto
1014 5155 1161 5211 enim
1192 5157 1349 5226 plura
1381 5158 1753 5228 patiebantur,
1790 5169 1942 5216 tanto
1971 5179 2032 5217 se
2064 5164 2176 5220 vic-

569 5247 959 5304 toriosissimos
980 5264 1103 5304 esse
1131 5249 1461 5317 credebant;
1490 5250 1718 5307 victoria
1749 5252 1893 5307 enim
1912 5264 1998 5308 est
2026 5271 2174 5312 mar-

568 5340 702 5409 tyris
726 5341 991 5411 judicium
1025 5345 1429 5416 persequentis,
1463 5347 1603 5402 sicut
1645 5347 1906 5418 scriptum
1943 5362 2027 5406 est
2055 5369 2067 5405 :
2100 5352 2173 5409 Et

645 5519 903 5641 ‘rOmnes
939 5522 1096 5588 edit.,
1138 5528 1255 5597 ejus
1301 5526 1564 5596 gloriam;
1610 5539 1802 5580 omnes
1841 5541 2000 5594 mss.,
2051 5530 2167 5597 eius

645 5606 669 5641 τι
696 5606 821 5641 tam.

577 5606 821 5660 gratiam.

643 5659 670 5698 δ
693 5659 826 5745 Cod.
852 5661 1054 5745 _Lugd.,
1085 5669 1306 5745 ac_velut
1332 5671 1404 5724 ita
1457 5670 1558 5724 cito
1589 5671 1872 5741 magistro;
1917 5671 2158 5741 Theod.,

571 5743 633 5787 ac
661 5731 813 5806 velim
845 5731 1290 5806 tacitogmagistro,
1320 5751 1428 5796 etc.

634 5812 659 5842 ο
687 5802 889 5859 Omnes
932 5802 1179 5872 edit.,'ut
1227 5822 1340 5878 post
1388 5812 1622 5866 latitiant
1663 5813 1906 5883 pascha;
1960 5825 2158 5873 omnes

2233 4770 2235 4772 η
2276 4704 2422 4760 enim
2451 4705 2592 4758 ratio
2621 4714 2894 4776 martyres
2921 4705 3172 4771 suscitat,
3203 4720 3324 4773 quae
3356 4712 3412 4759 et
3435 4702 3705 4758 Dominum
3727 4707 3806 4750 sus-

2275 4798 2480 4853 citavit.
2504 4796 2639 4852 Nam
2684 4797 2825 4852 sicut
2852 4799 2993 4852 viam
3033 4797 3309 4868 passionis
3359 4796 3566 4867 experti
3613 4787 3802 4852 sunt,in

2277 4891 2630 4960 experientur
2660 4901 2713 4945 et
2743 4890 2911 4956 vitaz;
2959 4891 3222 4960 scriptum
3252 4896 3338 4945 est
3364 4890 3508 4944 enim
3539 4887 3589 4942 in
3615 4881 3802 4958 psalmo:

2280 4983 2449 5039 Notas
2477 4984 2606 5038 mihi
2651 4984 2822 5054 fecisti
2849 4985 2959 5039 vias
2989 4985 3107 5039 vita:
3129 4983 3306 5055 (Psal.
3341 5001 3433 5052 xv,
3479 4981 3588 5054 11).
3622 4980 3716 5034 Hoc
3735 4973 3803 5027 υιὶο

2276 5072 2383 5148 que
2410 5078 2462 5132 in
2490 5080 2893 5135 resurrectione
2923 5095 2989 5135 ex
3043 5095 3274 5150 persona
3316 5080 3520 5136 dicitur
3546 5071 3803 5134 Salvatoris.

2273 5171 2302 5207 ά
2330 5171 2422 5241 qui
2453 5170 2578 5225 dum
2621 5180 2746 5243 post
2772 5182 3000 5228 mortem
3030 5173 3100 5228 ab
3141 5172 3331 5228 inferis
3363 5172 3505 5228 redit
3527 5171 3593 5226 ab
3615 5174 3802 5239 superos

2279 5264 2469 5335 incipit
2501 5275 2628 5320 nota
2659 5265 2849 5322 haberi
2882 5267 2966 5322 via
2993 5266 3140 5335 vitae,
3181 5282 3302 5335 qum
3333 5276 3461 5321 ante
3491 5281 3591 5320 non
3629 5257 3805 5316 babeha‘

2275 5367 2398 5425 tur;
2434 5357 2615 5430 ignota
2646 5360 2801 5431 enim
2851 5369 2972 5417 erat
3012 5369 3141 5416 ante
3181 5359 3396 5417 Christi
3440 5358 3706 5415 adventum
3742 5346 3798 5399 vi!

2273 5546 2503 5607 mss.,...
2536 5535 2670 5589 beati
2719 5535 2946 5607 paschaz.
2976 5535 3066 5592 Sic
3092 5537 3254 5592 etiam
3298 5535 3434 5591 infra
3464 5535 3548 5590 ubi
3561 5532 3706 5607 edit.,
3728 5526 3798 5581 ου’

2271 5606 2474 5679 minicaz
2495 5606 2727 5679 paschae,
2753 5621 2948 5662 omnes
2978 5623 3107 5679 mss.
3138 5608 3397 5662 Dominici
3427 5606 3639 5679 pascha.

2341 5673 2365 5712 ά
2395 5678 2467 5730 Ita
2495 5673 2628 5732 mss.
2664 5678 2905 5734 Valliscl.
2941 5689 2996 5735 et
3019 5677 3234 5735 Theod.
3262 5696 3278 5746 ;
3309 5673 3442 5736 edit'.
3469 5689 3703 5734 verocum
3721 5684 3793 5726 ms.

2266 5747 2463 5824 Lugd..
2495 5749 2584 5818 qui
2623 5751 2748 5824 dum
2779 5750 2986 5824 (Rom.,
3022 5761 3075 5806 ut
3114 5753 3202 5819 qui
3228 5755 3373 5824 dunt)
3407 5762 3517 5822 post
3568 5756 3790 5804 mortem...

2265 5819 2479 5889 incipiat
2508 5827 2683 5876 notam
2717 5822 2902 5878 habere
2929 5825 3062 5880 viam
3088 5824 3230 5879 vine.
