3944 6310
143 372 248 432 729

963 373 1329 433 SERMONES
1368 376 1427 433 S.
1468 373 1816 434 AMBROSIO
1855 375 2224 434 HACTENUS
2262 377 2599 436 ASCRIPTI.

3327 377 3438 436 750

135 496 280 561 vitae,
312 496 438 563 quia
489 493 686 549 nullius
731 493 906 550 adhuc
956 492 1288 564 resurgentis
1312 501 1338 530 ⁸
1370 491 1546 548 fuerat
1594 494 1721 550 trita
1750 503 1804 563 Α
1899 514 2072 552 mones
2099 498 2177 554 De
2211 497 2458 555 Diversis
2487 500 2580 554 sub
2617 515 2674 555 eo
2697 500 2848 556 titulo
2876 517 3028 573 quem
3078 500 3134 556 in
3162 509 3275 558 ant.
3305 499 3436 557 edit.

128 587 378 658 vestigio.
413 590 480 642 At
512 587 601 642 ubi
636 587 894 642 Dominus
922 589 1248 654 resurrexit,
1285 596 1414 641 nota
1443 585 1605 655 facta,
1632 603 1726 644 so-

127 681 209 738 lea
243 681 370 736 trita
396 691 478 738 est
502 683 876 750 plurimorum,
904 682 972 738 de
1002 683 1198 752 quibus
1223 694 1448 738 sanctus
1474 699 1686 756 evange
1704 716 1717 726 ο

125 775 250 833 lista
277 777 396 832 ait:
448 774 733 830 Multorum
775 793 992 846 corpora
1038 784 1339 830 sanctorum
1383 787 1717 832 surrexerunt

128 884 243 922 cum
267 886 348 931 eo,
379 879 426 924 et
479 851 788 924 introierunt
836 870 892 924 in
917 879 1153 924 sanctam
1207 870 1463 924 civitatem
1501 868 1719 942 (Matth.

127 977 296 1027 xxvn,
321 962 442 1033 5:2).

193 1058 248 1112 5.
287 1055 441 1112 Unde
463 1071 587 1112 cum
619 1057 881 1112 Dominus
919 1057 971 1112 in
1004 1058 1415 1115 resurrectione
1448 1073 1542 1112 sua
1575 1056 1729 1112 dixe-

124 1151 196 1205 rit
227 1168 241 1204 :
275 1149 445 1205 Notas
496 1151 623 1205 mihi
655 1152 821 1224 fecisti
847 1151 956 1206 vias
984 1152 1102 1207 vitta
1129 1150 1303 1222 (Psuf.
1335 1167 1409 1210 xl.
1448 1151 1571 1222 15);
1604 1164 1729 1220 pos-

125 1261 315 1302 sumus
343 1255 398 1301 et
427 1259 525 1301 nos
550 1245 662 1316 jam
715 1245 900 1301 dicere
926 1245 1158 1302 Domino
1184 1264 1198 1300 :
1231 1245 1398 1301 Notas
1424 1245 1600 1301 fecisti
1624 1260 1725 1300 no-

124 1341 205 1397 bis
233 1340 353 1395 vias
375 1341 530 1405 vitae;
577 1341 693 1410 ipse
720 1341 865 1396 enim
907 1341 1063 1396 nobis
1095 1350 1254 1396 notas
1280 1341 1404 1396 fecit
1433 1342 1551 1395 vias
1580 1340 1723 1406 vitm,

121 1436 211 1506 qui
248 1436 408 1492 nobis
437 1437 688 1490 semitam
711 1435 1079 1491 manifestavit
1103 1435 1170 1490 ad
1190 1437 1376 1490 vitam.
1401 1434 1724 1490 Notasenim

121 1529 258 1586 mihi
294 1530 421 1585 fecit
450 1530 566 1585 vias
617 1530 760 1594 vine,
793 1546 916 1585 cum
962 1545 1049 1586 me
1075 1531 1257 1586 docuit
1288 1531 1472 1598 fidem,
1513 1529 1729 1585 miseri-

119 1625 392 1690 cordiam,
421 1623 448 1662 ιι
475 1624 765 1695 justitiam,
803 1624 1144 1690 castitatem;
1186 1623 1271 1680 bis
1301 1624 1446 1680 enim
1478 1623 1729 1694 perveni-

120 1728 209 1774 tur
240 1717 534 1774 itineribus
557 1717 624 1772 ad
656 1719 886 1773 salutem
915 1733 929 1771 :
959 1728 1013 1774 et
1038 1717 1164 1773 licet
1187 1733 1287 1773 nos
1309 1719 1362 1772 in
1386 1716 1726 1774 resolutione

116 1810 375 1881 corporis
409 1809 603 1864 mortis
655 1810 844 1864 umbra
896 1809 1220 1875 circumdet,
1276 1819 1454 1864 tamen
1503 1823 1727 1880 gressus

1904 609 1966 648 ac
1992 609 2114 648 mss.
2145 592 2378 664 praefert,
2403 595 2457 649 in
2489 603 2750 663 posterum
2776 596 2876 650 erit
2902 594 3174 650 locandus.

1903 780 2164 836 Lilovet
2213 780 2447 836 fortasse
2506 794 2629 847 vos,
2682 780 2904 848 fratres,
2960 778 3103 852 quod
3165 777 3433 836 tumultus

1831 872 2096 929 bellorum
2147 884 2204 929 et
2248 874 2592 929 incursiones
2647 873 2963 944 praeliorum
3010 873 3126 928 fieri
3172 873 3429 929 audimus

1829 968 2045 1024 assidue
2070 987 2082 1021 :
2109 976 2165 1024 et
2189 983 2288 1024 cur
2317 969 2516 1023 nostris
2538 967 2882 1038 temporibus
2906 967 3058 1034 fiant,
3077 966 3429 1023 dilectionem

1829 1070 2067 1118 vestram
2113 1060 2347 1116 fortasse
2375 1060 2496 1130 plus
2527 1069 2764 1115 moveat.
2793 1062 2816 1091 °
2843 1059 2951 1118 Sed
2985 1058 3099 1114 hate
3141 1073 3304 1114 causa
3330 1067 3436 1127 est,

1829 1157 1954 1227 quia
1984 1165 2188 1226 quanto
2236 1155 2409 1226 magis
2448 1154 2687 1224 proximi
2719 1167 2908 1208 sumus
2950 1151 3138 1207 mundi
3189 1151 3431 1220 excidio,

1831 1255 1982 1303 tanto
2025 1248 2194 1318 magis
2225 1263 2395 1317 regno
2424 1262 2612 1303 sumus
2656 1245 2890 1316 proximi
2942 1245 3268 1302 Salvatoris.
3311 1245 3436 1317 Ipse

1831 1342 1976 1397 enim
2012 1342 2271 1397 Dominus
2303 1341 2398 1406 ait,
2427 1341 2569 1412 quod
2601 1341 2654 1396 in
2696 1339 3006 1395 novissimis
3034 1339 3228 1395 diebus
3255 1358 3268 1394 :
3305 1339 3422 1395 Ea:-

1829 1444 2001 1506 surgct
2031 1451 2153 1506 gens
2181 1434 2424 1489 adversus
2469 1443 2691 1507 gentem,
2733 1444 2781 1488 ct
2812 1449 3027 1504 regnum
3054 1433 3303 1488 adversus
3343 1450 3398 1488 re
3417 1460 3434 1474 -

1829 1545 1987 1599 guunt
2018 1526 2211 1602 (Marc.
2257 1544 2370 1593 xm,
2397 1527 2492 1600 8);
2526 1538 2582 1583 et
2621 1527 2747 1582 alibi
2782 1545 2794 1582 :
2828 1524 2964 1582 Cum
2994 1527 3248 1582 videritis
3271 1526 3436 1595 bella,

1831 1634 1886 1680 et
1912 1633 2070 1679 terrae
2093 1634 2290 1690 motus,
2324 1632 2378 1680 et
2405 1622 2598 1689 fames,
2633 1623 2834 1679 scitote
2861 1623 3120 1693 quoniam
3155 1621 3208 1676 in
3239 1622 3436 1692 proxi-

1832 1732 1920 1772 mo
1950 1727 2034 1772 est
2064 1732 2288 1788 regnum
2310 1717 2408 1772 Dei
2441 1715 2653 1787 (Matth.
2686 1732 2834 1782 xxiv,
2862 1716 2980 1783 55).
3012 1715 3157 1786 Ergo
3183 1715 3437 1770 vicinitas

1832 1810 1932 1865 ista
1965 1811 2234 1866 bellorum
2287 1809 2529 1866 vicinum
2584 1813 2758 1882 magis
2809 1810 2970 1864 nobis
2994 1809 3270 1864 Christum
3313 1823 3440 1865 esse

115 1917 248 1958 suos
286 1902 391 1956 vita
423 1917 530 1956 ιιοιι
564 1901 911 1957 deseritzsed
941 1903 1084 1957 inter
1117 1904 1262 1973 ipsas
1293 1901 1499 1957 medias
1527 1899 1724 1955 inferni
1757 1903 1805 1963 B
1832 1903 2194 1960 demonstrat,
2221 1904 2400 1976 Atque
2449 1905 2571 1960 ideo
2604 1904 2914 1959 venientem
2957 1901 3339 1958 adversarium
3369 1901 3441 1957 ti-

117 1997 274 2068 leges
321 1996 702 2053 incunctanter
759 1995 961 2052 Christi
1009 1995 1306 2052 virtutibus
1363 1996 1725 2050 ambulamus.

118 2090 285 2148 Unde
309 2092 382 2146 ait
408 2101 629 2147 sanctus
657 2091 922 2160 Propheta
957 2108 969 2144 :
1021 2088 1162 2143 Nam
1190 2091 1283 2144 etsi
1312 2088 1639 2143 ambulavero
1673 2087 1728 2140 in

118 2183 298 2238 medio
348 2183 546 2238 umbrae
582 2184 784 2248 mortis,
811 2200 914 2238 non
961 2183 1144 2237 timebo
1191 2183 1362 2247 mula;
1401 2185 1645 2254 quoniam
1676 2190 1729 2234 tu

119 2293 330 2332 mecum
358 2292 412 2330 es
442 2275 618 2346 (Psal.
647 2292 780 2341 χχιι,
809 2276 886 2346 4).
921 2275 1072 2342 Quod
1099 2273 1441 2330 manifestius
1471 2275 1732 2330 Dominus

117 2370 190 2424 ait
216 2371 294 2424 de
324 2369 493 2433 fideli,
519 2368 709 2422 dicens
740 2386 752 2422 :
787 2367 889 2435 Qui
915 2377 1086 2420 autem
1109 2367 1272 2419 credit
1301 2369 1466 2433 inme,
1498 2383 1598 2419 non
1623 2383 1732 2420 mo-

117 2462 288 2517 rietur
313 2462 368 2515 in
398 2472 654 2516 teter-num
681 2461 867 2531 (Joan.
902 2477 975 2529 tu,
1019 2459 1134 2534 27).
1169 2461 1233 2516 Et
1261 2461 1392 2516 licet
1445 2460 1729 2526 moriatur,

119 2556 294 2612 vivet.

192 2650 250 2705 4.
287 2650 456 2722 Ergo,
512 2652 732 2718 fratres,
763 2666 885 2706 cum
918 2650 1123 2706 sanctis
1155 2651 1487 2722 martyribus
1517 2650 1734 2722 pascha:

122 2742 342 2798 Domini
370 2743 598 2814 gloriam
639 2744 1027 2799 conferamus:
1077 2743 1440 2810 conferamus,
1487 2747 1730 2815 inquam,

119 2848 176 2894 et
207 2839 340 2893 licet
371 2840 566 2896 melius
596 2841 849 2896 noverint
881 2841 1084 2904 omnia,
1114 2851 1292 2896 tamen
1321 2857 1420 2896 nos
1451 2840 1559 2896 illis
1590 2856 1732 2911 prte-

120 2929 378 2987 dicemus
427 2932 886 3001 quemadmodum
941 2933 1202 2988 Dominus
1231 2934 1297 2987 de
1346 2935 1583 3004 sepulcri
1613 2951 1731 3004 gre-

123 3027 237 3082 mio
262 3027 637 3083 resurrexerit
663 3027 729 3082 ad
763 3043 1012 3099 superos.
1061 3028 1137 3082 Illi
1174 3029 1330 3084 nobis
1359 3029 1600 3084 reveleut
1627 3044 1734 3100 quo

123 3130 289 3192 pacto
317 3120 387 3176 de
413 3119 610 3176 inferni
641 3120 912 3193 profundo
939 3122 1268 3177 remeaverit
1294 3121 1360 3176 ad
1383 3121 1693 3192 sepulcrum
1718 3144 1730 3179 :

123 3225 344 3280 notum,
375 3216 618 3286 inquam,
647 3216 804 3272 nobis
828 3217 1027 3271 faciant
1051 3216 1506 3286 quemadmodum
1531 3219 1584 3272 in
1607 3233 1736 3272 exa-

1836 2012 1981 2051 mcrc
2014 2013 2119 2051 non
2147 1997 2347 2063 debeo,
2383 1997 2509 2068 quia
2560 2011 2655 2066 per
2690 1995 2807 2051 ha-c
2834 1995 2988 2066 signa
3040 1995 3229 2050 venire
3261 1993 3442 2064 potius

1835 2089 2080 2160 intelligo
2109 2087 2484 2154 Salvatorcm;
2519 2086 2769 2158 quamvis
2795 2086 2942 2142 enim
2992 2085 3097 2140 iste
3123 2096 3327 2141 metum
3358 2084 3444 2139 in-

1833 2182 2003 2237 cutiat
2021 2181 2398 2250 temporalem,
2425 2179 2451 2218 ἀ
2482 2181 2573 2236 ille
2599 2191 2778 2236 tamen
2805 2179 3038 2234 salutem
3062 2179 3269 2233 deserit
3295 2193 3443 2234 sem-

1839 2273 2124 2343 piternam.
2163 2273 2365 2328 Potens
2405 2283 2486 2328 est
2517 2283 2696 2327 autem
2740 2271 2884 2326 idem
2937 2270 3222 2337 Dominus,
3277 2282 3335 2326 ut
3383 2281 3441 2327 et

1835 2365 2093 2423 hostilem
2123 2384 2151 2421 a
2190 2368 2348 2422 nobis
2387 2366 2615 2439 repellat
2662 2379 2944 2438 pavorem,
2975 2375 3032 2419 et
3080 2377 3234 2418 suam
3276 2363 3441 2420 nobis

1839 2463 2184 2534 prmseutiam
2218 2463 2498 2532 largiatur.

1907 2556 1961 2610 :2.
1987 2556 2088 2612 Per
2112 2556 2212 2610 hos
2253 2556 2417 2626 igitur
2447 2555 2713 2610 bellorum
2747 2554 3011 2610 tumultus
3047 2552 3232 2608 mundi
3266 2553 3439 2620 quod-

1837 2650 1959 2706 dam
1991 2650 2333 2721 significatur
2375 2649 2685 2714 excidium;
2717 2649 2958 2703 futurum
3001 2649 3147 2703 enim
3171 2647 3443 2716 judicium

1837 2745 1954 2801 haec
2003 2744 2318 2816 inquietudo
2372 2743 2652 2814 przecedit.
2714 2743 2807 2798 Est
2859 2753 3041 2798 autem
3095 2752 3118 2780 θ
3161 2742 3440 2814 quoddam

1836 2839 2278 2896 commouitionis
2325 2837 2581 2894 indicium
2623 2838 2736 2903 Dei,
2783 2837 2968 2892 videre
2991 2837 3136 2908 quod
3185 2847 3441 2903 metuas;

1838 2944 1894 2990 ut
1924 2934 2102 3004 possis
2160 2933 2465 3004 intelligere
2505 2933 2624 3002 plus
2671 2947 2988 3002 superesse,
3018 2932 3165 3002 quod
3204 2943 3438 2989 metuas.

1839 3029 1975 3085 Dum
2007 3027 2152 3084 enim
2179 3029 2324 3084 cauti
2349 3043 2536 3083 sumus
2563 3028 2628 3082 ad
2667 3043 2751 3093 ea,
2807 3043 2932 3098 qum
2963 3028 3260 3093 cernimus,
3307 3042 3443 3082 cau-

1840 3125 2008 3180 tiores
2050 3123 2117 3178 ad
2160 3123 2251 3180 illa
2280 3122 2572 3189 efficimur,
2622 3138 2743 3192 qua:
2787 3136 3098 3192 speramus.
3136 3120 3229 3176 Vir
3257 3129 3443 3176 autem

1839 3218 2059 3287 sapiens
2082 3215 2166 3271 his
2195 3216 2407 3271 actibus
2458 3214 2693 3270 terrenis
2720 3213 3038 3280 instruitur,
3085 3213 3448 3285 quemadmo-

123 3317 279 3372 nime
297 3316 634 3387 ja[n_'corpus
658 3325 713 3372 et
740 3317 996 3386 frigidum
1017 3332 1140 3373 sese
1171 3318 1324 3372 calor
1348 3319 1729 3386 insinuaverit,
1761 3310 1806 3372 C
1837 3308 1964 3364 dum
2013 3309 2182 3363 futuri
2228 3308 2414 3364 δωρειιὶ
2441 3307 2636 3364 debeat
2675 3306 2955 3362 declinare
2979 3305 3282 3376 judicium;
3313 3305 3446 3363 dum

121 3411 361 3479 spiritus
407 3410 716 3482 ingesserit,
768 3411 990 3480 sanguis
1039 3409 1297 3465 infuderit
1334 3452 1348 3475 ,
1406 3419 1462 3465 et
1524 3411 1732 3482 gelatos

123 3503 370 3558 humore
398 3519 566 3558 venas
585 3503 798 3576 pristini
824 3505 1031 3573 vigoris
1060 3504 1245 3572 pulsus
1277 3501 1604 3574 agitaverit;
1636 3519 1735 3558 no-

123 3609 265 3666 tum,
291 3599 537 3669 inquam,
571 3599 729 3654 nobis
752 3597 955 3654 faciant
983 3597 1440 3669 quemadmodum
1469 3613 1731 3669 organum

119 3691 382 3762 corporis
437 3691 758 3760 dissipatum
802 3693 852 3747 in
902 3694 1139 3761 priorem
1185 3702 1387 3748 statum
1440 3708 1731 3747 nervorum

122 3803 325 3844 rursus
352 3789 689 3858 cooptaverit
712 3790 948 3844 resoluta
978 3805 1267 3859 compago,
1311 3799 1362 3844 et
1389 3789 1732 3844 harmoniam

121 3881 405 3936 viscerum
426 3879 537 3950 jam
567 3881 816 3937 silentem
850 3882 904 3936 in
931 3892 1171 3936 veterem
1200 3894 1529 3937 concentum
1564 3883 1737 3952 Spiri-

122 3984 214 4030 tus
239 3974 534 4029 vivificaus
559 3976 900 4031 animaverit.
919 3977 1248 4031 Sacerdotes
1270 3993 1400 4046 ergo
1418 3977 1732 4046 praedicent,

121 4083 251 4140 quae
282 4068 536 4124 Salvator
562 4080 685 4142 post
714 4070 1174 4125 resurrectionem
1204 4071 1472 4124 mirabilia
1505 4069 1738 4141 gesserit

121 4165 192 4219 ad
226 4179 466 4234 superos
496 4181 509 4218 :
543 4176 810 4237 martyres
841 4163 1394 4231 revelent,quantain
1423 4164 1536 4236 ipsa
1563 4172 1738 4220 morte

125 4259 426 4332 refrigeria
456 4268 710 4331 operatus
740 4261 811 4315 sit
839 4261 890 4315 in
913 4258 1208 4316 defunctis.

634 4398 796 4472 (.75
837 4398 1066 4456 SEBMO
1088 4397 1249 4454 LXII.

208 4517 291 4571 De
316 4514 799 4582 bellico'l‘umultu,
819 4530 912 4571 seu
936 4531 1038 4586 pro
1064 4513 1667 4586 communiMartyrnm.

127 4632 305 4688 Hunc
333 4648 620 4687 sermonem
639 4649 754 4686 cum
781 4633 900 4686 aliis
944 4632 1164 4696 duobus,
1191 4647 1408 4701 quorum
1434 4647 1597 4683 unum
1631 4629 1738 4684 Ro-

1835 3403 1978 3459 enim
2015 3401 2270 3472 perspicit
2305 3402 2357 3456 in
2389 3401 2489 3455 hac
2515 3400 2794 3456 communi
2831 3400 3244 3470 perturbatione
3276 3398 3294 3437 τ
3333 3400 3447 3470 pri-

1836 3512 2022 3553 mores
2068 3498 2216 3552 viros
2268 3497 2530 3551 tuitioues
2557 3495 2610 3549 in
2649 3494 2924 3550 moenibus
2966 3509 3300 3564 pra'parare,
3327 3493 3445 3564 ipse

1835 3590 2164 3644 admonetur
2181 3587 2642 3660 quemadmodum
2672 3589 2723 3641 in
2749 3587 2927 3641 futura
2949 3588 3240 3640 eversione
3255 3586 3445 3642 mundi

1838 3684 2214 3741 defensionem
2243 3683 2559 3738 christianis
2591 3689 2865 3752 prteparet
2891 3679 3203 3734 animabus.
3250 3678 3445 3734 Cerni-

1841 3793 1961 3833 mus
1991 3777 2197 3832 armari
2223 3777 2462 3832 civitatis
2486 3785 2699 3846 portas,
2730 3773 2996 3828 debemus
3021 3773 3184 3827 etiam
3212 3772 3360 3842 prius
3389 3771 3444 3826 in

1842 3873 2000 3929 nobis
2056 3881 2242 3940 portas
2295 3886 2510 3924 armare
2557 3868 2823 3939 jusdtiaz;
2875 3876 3004 3922 sunt
3059 3866 3206 3921 enim
3273 3872 3448 3934 porta:

1835 3965 2084 4037 justitire,
2112 3964 2181 4019 de
2203 3962 2401 4035 quibus
2432 3970 2653 4017 sanctus
2686 3960 2958 4030 Propheta
2992 3958 3134 4012 dixit
3169 3975 3184 4014 :
3239 3957 3450 4028 Aperite

1842 4061 1966 4114 mihi
2012 4068 2184 4129 portas
2220 4057 2464 4132 justitiw,
2523 4065 2580 4110 et
2617 4055 2827 4123 reliqua
2875 4051 3052 4122 (Psal.
3111 4065 3276 4116 cxvn,
3328 4047 3443 4120 i9).

1841 4153 1994 4210 Tunc
2017 4162 2194 4206 autem
2237 4149 2472 4205 civitatis
2530 4157 2682 4216 porta
2730 4147 2938 4201 munita
2977 4159 3100 4199 esse
3140 4139 3365 4214 poterit,
3399 4140 3446 4196 si

1846 4249 1998 4318 prius
2023 4246 2076 4299 in
2106 4244 2262 4299 nobis
2313 4251 2485 4312 μοι-ιω
2522 4241 2747 4311 justitia-
2793 4240 3129 4294 muniantur.
3175 4235 3447 4290 Caeterum

1846 4341 1977 4396 nihil
2011 4337 2233 4410 prodest
2257 4351 2444 4391 muros
2474 4333 2683 4388 munire
2711 4330 3158 4402 propugnaculis,
3189 4338 3245 4383 et
3275 4326 3450 4382 Deum

1848 4451 2145 4508 provocare
2168 4432 2421 4504 peccatis.
2444 4431 2536 4486 Illa
2560 4429 2706 4483 enim
2734 4427 3087 4482 constituitur
3105 4422 3275 4488 ferro,
3295 4422 3446 4477 saxis

1846 4542 1898 4586 et
1927 4528 2152 4584 sudibus
2179 4544 2191 4580 :
2222 4525 2340 4580 bzrc
2369 4532 2612 4578 armatur
2652 4520 3055 4585 misericordia,
3106 4515 3444 4580 innocentia,

1847 4623 2099 4679 castitate
2130 4639 2142 4674 :
2171 4619 2260 4674 illa
2303 4620 2538 4674 telorum
2569 4615 2924 4669 multitudine
2951 4610 3278 4675 custoditur,
3332 4609 3450 4663 haec

205 4727 358 4780 mani
387 4725 602 4780 editores
634 4727 686 4779 in
718 4735 842 4779 tom.
867 4723 884 4778 Ι
913 4723 1074 4794 Oper.
1105 4723 1293 4778 Ambr.
1333 4723 1736 4786 collocaverunt,
1767 4701 1821 4762 D
1845 4716 2153 4770 orationum
2187 4711 2491 4780 frequentia
2519 4707 2858 4762 defenditur.
2894 4709 2957 4762 Et
2990 4704 3056 4759 ad
3099 4705 3316 4774 plenam
3349 4701 3455 4756 tui-

207 4820 350 4874 alter
375 4835 498 4872 vero
524 4819 657 4872 inter
686 4833 944 4872 sermones
989 4817 1152 4870 sancti
1182 4815 1401 4870 Maximi
1419 4819 1536 4888 jam
1561 4816 1746 4885 vulga-

209 4924 299 4968 tus
325 4922 419 4975 est,
454 4913 668 4984 hujusce
697 4909 870 4966 Patris
911 4927 974 4965 ea:
1007 4926 1153 4978 ecquo
1181 4927 1290 4964 esse
1311 4910 1498 4963 astruit
1554 4908 1747 4962 Habil-

210 5009 394 5064 fonius
422 5016 588 5061 noster
619 5007 766 5062 Tom.
816 5006 834 5060 1
878 5006 1046 5061 Musei
1082 5004 1200 5061 Ital.
1237 5014 1373 5073 part.
1418 5019 1474 5068 ιι,
1527 5020 1648 5073 pag.
1687 5001 1742 5055 5.

215 5102 291 5156 Id
322 5112 460 5156 certe
483 5119 598 5156 cum
643 5118 933 5156 sermonum
965 5100 1142 5163 dictio,
1179 5110 1286 5152 tum
1329 5098 1486 5151 citata
1515 5097 1625 5150 loco
1654 5096 1740 5149 iu-

209 5197 391 5250 dicato
416 5195 691 5249 auctoritas
720 5192 978 5249 Gennadii
1005 5191 1218 5262 pulchre
1243 5189 1537 5257 con/irruat.
1573 5185 1738 5242 Crete-

212 5306 340 5343 rum
368 5290 507 5360 quod
540 5289 691 5344 Rom.
737 5289 861 5344 edit.
911 5286 1047 5339 hunc
1090 5286 1257 5356 ipsum
1301 5299 1587 5338 sermonem
1643 5282 1750 5336 Pro

215 5383 502 5439 communi
533 5382 823 5454 Martyrum
852 5380 1159 5450 inscriptum
1195 5377 1436 5441 uoluerit,
1484 5376 1630 5430 nulla
1657 5392 1750 5429 cur

214 5479 324 5532 hoc
356 5480 568 5549 faceret,
595 5477 729 5530 ratio
757 5476 852 5547 fuit
883 5491 900 5540 ;
942 5473 1264 5544 proindcque
1287 5470 1458 5541 aptius
1485 5470 1617 5523 inter
1644 5484 1754 5522 ser-

222 5601 247 5625 ο
287 5587 494 5642 Omnes
547 5587 676 5642 edit.
727 5599 779 5642 et
831 5586 1000 5642 codex
1058 5584 1252 5652 Lugd.,
1290 5582 1458 5650 fuerat
1505 5592 1753 5635 temerata

135 5661 587 5731 vestigio..._iuota
617 5659 754 5727 facta
781 5660 891 5714 solo
917 5659 1097 5711 attrita
1133 5666 1227 5723 est,
1256 5667 1399 5720 etc.;
1457 5668 1589 5710 mss.
1619 5653 1749 5708 Val-

140 5729 306 5791 liscll
337 5745 406 5784 ac
432 5729 639 5786 Theod.
668 5732 794 5786 utin
827 5741 1000 5785 textu.

225 5807 254 5870 ξ»
283 5800 475 5875 codex
490 5801 762 5875 _Val|iscl..
774 5803 1057 5875 justitiam,
1083 5793 1431 5854 sanctitatem.

184 5932 208 5946 ,θ
229 5881 257 5910 ο
325 5871 462 5946 Cod.
490 5873 681 5946 Lugd.,
717 5870 822 5929 Sed
848 5875 957 5928 hwc
996 5889 1150 5927 causa
1183 5884 1286 5946 gest,
1317 5881 1508 5940 quanto
1531 5870 1757 5940 proximi

149 5944 349 6004 situlus
378 5944 408 5994 ά
429 5944 601 5997 mundi
626 5947 843 6006 excidio,
882 5956 1026 6000 tanto
1056 5944 1218 6008 niaqis
1243 5961 1275 5994 a
1301 5959 1480 6008 regno.
1515 5952 1620 5994 etc.

1848 4809 2050 4863 tionem
2083 4805 2296 4860 urbium
2328 4814 2512 4874 portas
2547 4801 2855 4872 principum
2887 4799 3070 4854 Solent
3125 4797 3278 4866 signa
3309 4809 3455 4865 pra»

1847 4903 2044 4958 cedere
2068 4919 2080 4954 :
2109 4899 2412 4954 animarum
2441 4907 2624 4951 autem
2676 4903 2988 4951 nostrarum
3021 4901 3210 4964 portas
3233 4890 3450 4960 signum

1847 4993 2153 5052 Salvatoris
2173 4993 2456 5060 anticipet.

1925 5091 1976 5143 5.
2011 5087 2174 5156 Ergo,
2203 5084 2420 5150 fratres,
2447 5093 2671 5154 prepter
2700 5082 2940 5136 futurum
2969 5074 3156 5132 mundi
3182 5070 3451 5144 judicium

1850 5181 2019 5236 armis
2049 5193 2148 5234 nos
2175 5175 2494 5232 ctelesdbus
2523 5175 2854 5236 muniamus,
2901 5169 3250 5237 accingamur
3280 5163 3455 5219 lorica

1853 5274 2004 5340 fidei,
2032 5271 2224 5327 salutis
2250 5270 2404 5342 galea
2434 5278 2812 5340 protegantur,
2840 5263 3010 5319 verbo
3037 5261 3132 5316 Dei
3165 5260 3316 5314 velut
3340 5259 3456 5330 spi-

1853 5366 1999 5424 ritali
2028 5365 2207 5436 gladio
2251 5361 2648 5425 defendamur;
2699 5361 2790 5428 qui
2840 5356 2987 5412 enim
3038 5352 3122 5408 his
3167 5349 3454 5408 armisin-

1857 5472 2096 5522 structus
2127 5461 2312 5524 fuerit,
2350 5474 2452 5516 nec
2483 5465 2810 5530 praesentem
2857 5449 3319 5523 perturbationem
3343 5462 3458 5504 tne-

1929 5577 1956 5615 ἀ
1989 5576 2062 5632 Ita
2079 5593 2204 5642 ms.;
2234 5591 2424 5632 omnes
2444 5588 2576 5630 vero
2603 5571 2762 5638 edit.,
2790 5569 2882 5625 ille
2908 5581 3080 5624 tamen
3103 5567 3291 5623 deserit
3321 5582 3457 5622 sem-

1862 5651 2146 5723 piternam.

1935 5734 1958 5761 ο
1985 5721 2174 5778 Codex
2191 5720 2388 5790 Lugd.,
2416 5717 2677 5792 quoddam
2703 5715 3081 5792 commotionis.
3273 5781 3283 5792 '

1934 5799 1956 5839 ί
1987 5796 2192 5850 Omnes
2218 5787 2375 5859 edit.,
2400 5790 2597 5862 priores
2625 5787 2762 5843 viros
2791 5803 2809 5841 :
2837 5787 3018 5859 aptius
3043 5802 3169 5853 ms.,
3202 5787 3459 5858 primores

1861 5883 2016 5921 υινοε.
