3944 6310
559 341 654 396 751
1449 341 1544 396 ΑΙ)
1581 340 1812 396 ΟΡΕΒΑ
1851 339 2096 398 sane“
2139 365 2144 396 λ

2251 339 2468 400 BROSII
2507 343 2882 401 APPENDIX.
3701 355 3778 411 ’1ῧὶ

550 457 672 522 luit,
707 471 804 510 nec
835 454 1070 511 futurum
1092 456 1357 526 judicium
1392 459 1734 525 pertimescit
1761 456 1803 525 (l
1841 457 1970 528 Reg.
2011 472 2144 522 xvii,
2175 455 2229 518 Α
2253 455 2446 528 (lbid.,
2475 457 2554 528 4).
2586 459 2642 515 Si
2669 475 2800 531 ergo
2827 461 3246 518 commendatur
3279 463 3527 529 Domino,
3555 466 3633 534 qui
3651 468 3780 524 aditi-

547 547 662 618 50).
696 549 974 617 Siquidem
1019 561 1242 606 sanctus
1267 549 1564 608 DdVidIItIc
1613 551 1906 608 devotione
1959 563 2146 622 prote-

548 653 688 706 ctus,
715 640 929 696 Goliam
958 643 1108 696 illum
1135 643 1494 698 fortissimum
1521 655 1793 700 armatum
1816 647 1978 700 etiam
2001 645 2148 700 iner-

545 732 650 786 mis
677 733 956 796 occiderit,
992 744 1046 789 et
1072 737 1248 790 vii-uin
1283 738 1601 794 bellicosum
1631 739 2024 794 munitionibus
2052 756 2148 794 un-

547 827 713 898 dique
734 829 1161 899 circumseptum
1209 832 1326 886 sola
1369 832 1492 888 lidei
1527 833 1726 889 virtute
1763 833 2144 904 prostravcrit.

545 923 678 978 Cum
721 924 867 978 enim
895 935 1118 980 sanctus
1153 925 1322 980 David
1355 943 1459 982 non
1491 929 1803 995 Operiretur
1832 929 2009 998 galea,
2039 943 2146 982 non

543 1017 975 1088 prmciugcretur
1016 1018 1220 1089 gladio,
1265 1035 1372 1074 non
1416 1019 1604 1076 lant-ea
1637 1029 1914 1086 uteretur;
1947 1021 2150 1076 oecidit

543 1121 725 1166 autem
761 1113 913 1167 illum
963 1128 1070 1167 non
1119 1113 1232 1169 telo
1279 1113 1484 1180 ferreo,
1531 1115 1628 1171 sed
1667 1117 1851 1186 gladio
1891 1116 2144 1184 Spiritali.

545 1205 804 1272 Qumivis
853 1208 998 1262 enim
1045 1209 1273 1264 inermis
1322 1211 1497 1265 oculis
1529 1209 1808 1266 hominum
1845 1209 2146 1277 videretur,

544 1300 678 1354 satis
711 1309 1033 1354 timeucrat
1078 1301 1250 1370 gratia
1277 1301 1580 1356 divinitatis
1630 1315 1896 1356 artnntus.
1947 1301 2148 1358 Verum

546 1391 666 1460 ipse
703 1391 971 1461 Spiritalis
1025 1393 1234 1464 gladius
1284 1411 1389 1448 non
1421 1395 1517 1450 fuit
1563 1395 1944 1466 gladiuszuon
2003 1397 2146 1450 enim

543 1485 727 1556 gladio
757 1487 967 1554 Colias,
997 1489 1094 1544 sed
1127 1489 1303 1558 lapide
1332 1501 1636 1556 prostratus
1683 1490 1960 1544 occubuit.
1995 1487 2152 1560 Legi-

549 1599 670 1636 mus
697 1583 746 1636 iu
775 1583 1076 1654 Seripturis
1113 1583 1309 1653 lapidis
1342 1583 1608 1638 vocabulo
1638 1582 1916 1639 Christum
1950 1581 2147 1654 [igura-

553 1673 681 1731 liter
719 1675 1019 1746 designari,
1063 1677 1206 1732 sicut
1254 1679 1330 1732 ait
1371 1679 1634 1748 propheta
1665 1695 1678 1731 :
1709 1678 1962 1748 Lapidem
2001 1695 2148 1748 quem

545 1769 952 1838 reprobavernnt
982 1771 1320 1838 mdiﬁcantes,
1367 1773 1446 1826 hic
1477 1775 1648 1838 factus
1684 1781 1758 1826 est
1785 1773 1838 1826 in
1861 1781 2018 1842 rupnt
2054 1789 2148 1824 mt-

2247 551 2390 606 eavit
2435 551 2802 625 Synagogam,
2843 563 3054 624 quanto
3095 563 3186 612 est
3237 557 3672 626 commendatior,
3712 564 3781 632 qui

2247 647 2538 704 aadiiicavit
2569 649 2908 705 Ecirlcsiaiui
2949 651 3013 705 Et
3043 651 3088 706 si
3121 652 3168 707 is
3205 663 3450 708 tueretur
3475 653 3694 720 gratiam.
3715 658 3780 724 qui

2249 739 2544 811 impietatis
2573 744 2978 813 receptaculum
3015 745 3304 814 praestitit;
3351 755 3554 817 quanto
3579 747 3780 818 majorem

2249 845 2490 890 meretttr
2520 837 2770 906 gratiam,
2800 840 2892 908 qui
2933 839 3186 911 religioni
3216 841 3550 897 domicilium
3572 858 3783 912 praepan-

2249 929 2360 984 vit!
2393 929 2459 984 Et
2483 931 2527 984 si
2553 931 2642 986 ille
2664 932 2876 988 cmlesti
2903 933 3284 991 misericordia
3315 934 3784 1006 visitatur,qniron-

2249 1023 2446 1078 struxit
2479 1023 2682 1090 locum.
2715 1026 2802 1080 ubi
2833 1025 3086 1083 Christus
3109 1041 3330 1098 semper
3355 1037 3608 1100 negatur;
3633 1040 3783 1100 quanto

2253 1118 2422 1188 magis
2469 1119 2776 1174 visitandus
2815 1131 2922 1187 est,
2954 1129 2978 1160 ι
3009 1123 3102 1190 qui
3131 1123 3398 1180 fabricari
3441 1123 3562 1180 fecit
3591 1125 3784 1181 taberna-

2251 1210 2462 1276 culum,
2493 1211 2584 1266 ubi
2613 1210 2870 1268 Christus
2897 1213 3144 1284 quotidie
3177 1215 3546 1286 praedicatur!

2322 1303 2377 1358 2.
2413 1304 2468 1358 lu
2496 1305 2820 1360 centurione
2863 1309 3008 1364 enim
3051 1307 3318 1364 Dominus
3361 1325 3473 1364 non
3503 1308 3622 1379 quid
3655 1311 3784 1380 operis

2253 1399 2461 1464 iecerit,
2487 1399 2582 1455 Sed
2631 1416 2736 1470 qua
2785 1413 2968 1458 mente
3003 1413 3269 1473 Operatus
3299 1405 3400 1470 sit,
3451 1403 3784 1473 comprobavit.

2255 1492 2384 1548 Nam
2414 1493 2504 1564 qui
2535 1495 2586 1550 id
2624 1495 2888 1566 temporis
2925 1512 3036 1567 quo
3063 1497 3306 1554 nondum
3353 1497 3630 1553 christiani
3657 1509 3784 1564 erant,

2253 1585 2486 1643 sollicite
2521 1587 2865 1660 Synagogam
2899 1589 3029 1646 fecit
3068 1609 3080 1644 :
3123 1591 3168 1644 si
3207 1589 3452 1645 fuissent
3485 1591 3652 1660 utique
3681 1589 3784 1644 clui-

2255 1681 2440 1748 stiani,
2471 1682 2796 1752 intelligitur
2819 1682 2960 1752 quod
2989 1683 3162 1739 multo
3189 1682 3486 1738 sollicitius
3509 1667 3698 1738 fecisset
3717 1681 3786 1738 Bc-

2254 1775 2500 1831 clesiam.
2537 1776 2644 1832 Sed
2662 1784 2842 1832 tamen
2867 1777 2996 1832 licet
3013 1777 3370 1850 Synagogam
3399 1777 3650 1842 aediﬁcet,
3675 1774 3786 1830 Chri-

545 1862 657 1932 guli
680 1861 856 1933 (Psal.
899 1879 1072 1927 cxvn,
1100 1864 1219 1935 2'2).
1243 1864 1409 1935 igitur
1432 1881 1556 1920 cum
1601 1863 1780 1935 lapide
1803 1863 1988 1920 Colias
2019 1880 2145 1935 per-
2179 1850 2224 1910 Β
2255 1879 2396 1924 stntn
2428 1869 2721 1940 praedicat;
2755 1871 2808 1924 in
2839 1871 2958 1940 ipso
2987 1873 3136 1926 enim
3175 1885 3348 1939 opere
3377 1877 3672 1926 commonet
3695 1853 3784 1939 pin-

547 1953 774 2019 cittitur,
807 1953 1014 2011 Christi
1054 1959 1256 2012 virtute
1290 1959 1676 2026 prosternitur.
1709 1957 1778 2012 Et
1807 1957 1858 2012 in
1887 1971 1992 2026 qua
2033 1967 2149 2012 tati-

549 2045 673 2100 dem
703 2049 955 2116 corporis
1003 2057 1156 2118 parte
1205 2049 1628 2120 percutitur?ln
1677 2050 1855 2105 fronte
1902 2050 2146 2115 scilicet;

545 2143 768 2213 gentilis
784 2145 932 2200 enim
957 2157 1008 2200 et
1033 2147 1333 2218 sacrilegus
1357 2146 1522 2220 476
1549 2147 1712 2202 homo
1739 2148 1811 2202 ibi
1847 2150 2147 2217 percutitur

543 2253 574 2294 a
605 2239 843 2306 Christo,
863 2239 950 2295 tibi
977 2239 1168 2296 deerat
1197 2239 1445 2296 Christus
1471 2259 1483 2294 :
1509 2239 1650 2296 ctibi
1671 2241 1903 2298 infertur
1930 2241 1978 2296 ei
2005 2256 2148 2296 mor-

543 2333 616 2388 tis
643 2333 892 2398 exitium,
923 2333 1012 2390 ubi
1039 2334 1252 2405 signum
1277 2334 1468 2388 salutis
1494 2349 1600 2390 nou
1625 2335 1918 2390 invenitur.
1947 2336 2148 2400 Quam-

549 2425 632 2481 vis
660 2429 806 2482 enim
827 2437 980 2484 esset
1005 2427 1193 2486 Golias
1225 2429 1464 2500 undique
1491 2445 1768 2484 armorum
1799 2431 2142 2500 protectione

546 2521 810 2586 munitus,
844 2520 994 2577 frons
1027 2530 1210 2578 tamen
1235 2524 1353 2592 ejus
1377 2523 1596 2592 patebat
1621 2526 1686 2576 ad
1719 2530 1987 2589 mortem;
2017 2523 2144 2591 quia

541 2615 889 2686 signaculum
915 2617 1220 2675 Salvatoris
1253 2635 1357 2674 uou
1389 2620 1660 2690 gestabat.
1693 2619 1870 2690 Atque
1915 2619 2038 2677 ideo
2069 2621 2144 2678 ibl

546 2711 865 2781 perimitur,
897 2710 988 2766 ubi
1021 2710 1200 2767 nudus
1227 2727 1256 2766 a
1282 2711 1378 2766 Dei
1405 2713 1578 2782 gratia
1607 2713 1898 2782 reperitur.

615 2804 670 2859 Δ.
700 2805 825 2860 [late
865 2815 1048 2860 autem
1077 2806 1128 2859 in
1161 2807 1331 2876 figura
1361 2806 1500 2861 facta
1555 2821 1678 2862 esse
1712 2821 1874 2862 nemo
1901 2815 2009 2874 est,
2049 2805 2144 2877 qui

545 2900 777 2956 neseiat.
831 2899 966 2956 Nam
1006 2910 1060 2956 et
1109 2900 1280 2956 David
1325 2916 1604 2957 armorum
1651 2901 1985 2958 indumentis
2021 2917 2146 2958 sese

541 2999 671 3045 ante
713 2992 1076 3062 princiuxerat
1105 2993 1151 3064 (I
1183 2994 1313 3064 Reg.
1349 3011 1482 3061 xm,
1536 2995 1630 3064 39)
1665 3013 1678 3048 :
1709 2995 1804 3052 sed
1837 3011 1960 3052 cum
1995 3007 2144 3052 esset

543 3085 600 3139 in
633 3086 695 3138 iis
728 3087 909 3154 gravis
935 3095 991 3142 ct
1027 3087 1340 3156 impeditus,
1376 3091 1445 3142 ita
1476 3097 1534 3142 ut
1568 3089 1851 3146 ambulare
1877 3091 1966 3145 vix
2007 3105 2142 3160 pos-

545 3182 652 3238 set,
679 3175 868 3230 eadem
906 3177 1027 3232 sine
1054 3179 1396 3234 cunctatione
1425 3181 1674 3250 projecit,
1705 3179 2024 3252 significans
2053 3197 2144 3236 ar-

2255 1961 2440 2018 risaeos
2479 1961 2683 2019 debere
2711 1963 2836 2020 illos
2853 1963 3134 2034 suscipere
3155 1965 3504 2022 Salvator-em
3529 1981 3542 2019 :
3565 1963 3784 2019 etdemon-

2253 2063 2390 2111 Strat
2439 2069 2728 2127 propterea
2757 2073 2816 2113 se
2841 2059 3250 2114 tabernaculum
3283 2059 3526 2126 amplius
3553 2055 3784 2116 addidisse.

2253 2161 2306 2203 ut
2347 2149 2720 2220 multipliciter
2767 2151 2835 2206 ibi
2869 2151 3084 2208 Domini
3123 2151 3362 2223 gloriam
3403 2151 3786 2221 loqiierentur.Si

2252 2244 2397 2298 enim
2445 2243 2624 2299 credit
2659 2245 2712 2299 in
2741 2245 3018 2300 Christum
3051 2245 3308 2300 conditor
3334 2244 3648 2317 Synagngte,
3671 2263 3696 2294 11
3712 2245 3786 2297 alto

2251 2338 2424 2408 magis
2445 2337 2672 2394 credere
2689 2338 2862 2394 debet
2891 2339 3169 2394 habitator
3191 2339 3370 2408 ipsius
3399 2335 3696 2411 Synagnge.

2322 2433 2377 2487 5.
2403 2431 2664 2488 Centurio
2707 2447 2838 2504 ergo
2869 2433 2912 2488 si
2955 2433 3292 2503 iustificatus
3325 2441 3424 2490 est
3461 2439 3664 2502 prepter
3693 2443 3784 2501 opus

2253 2523 2443 2596 fragile
2469 2526 2550 2580 vel
2582 2537 2884 2590 terrenum,
2905 2525 3289 2594 justiiicandus
3315 2525 3487 2596 plane
3514 2525 3594 2578 vir
3609 2522 3784 2578 clarissis

2253 2632 2370 2670 mus
2397 2627 2451 2674 et
2487 2617 2996 2688 providentissimus
3021 2617 3219 2674 Comes
3241 2626 3674 2687 noster,proptcr
3689 2627 3781 2683 opus

2254 2723 2359 2766 tam
2391 2722 2710 2782 perpetuum
2745 2713 2825 2768 vel
2848 2713 3072 2770 cceleste
3099 2731 3112 2766 :
3142 2714 3234 2784 qui
3259 2727 3458 2769 comes
3477 2713 3784 2766 sicutestcen-

2253 2805 2464 2858 lui-ioue
2497 2805 2762 2876 dignitate
2797 2807 2996 2876 potior,
3027 2806 3100 2861 ita
3123 2814 3182 2862 et
3209 2806 3315 2862 fide
3349 2807 3518 2862 debet
3541 2819 3650 2860 esse
3671 2803 3784 2858 deto-

2253 2901 2378 2955 tior.
2413 2902 2645 2970 Sapiens
2677 2902 2758 2956 vir
2789 2909 2846 2958 et
2873 2901 3171 2972 religiosus
3213 2915 3433 2967 comes,
3477 2901 3563 2970 qui
3585 2905 3783 2970 quantum

2251 2993 2304 3047 in
2337 2995 2481 3049 bello
2513 2995 2834 3066 imperatori
2882 2995 3101 3060 militat,
3133 3005 3346 3050 tantum
3385 3005 3444 3050 et
3473 2996 3524 3050 in
3553 3009 3668 3064 pace
3689 2990 3788 3046 utili-

2254 3097 2328 3142 tat
2356 3089 2660 3146 Salvatori:
2695 3099 2748 3144 ct
2777 3099 3044 3161 quantum
3069 3089 3293 3144 festinat
3317 3089 3394 3144 de
3425 3089 3648 3145 hostium
3667 3087 3788 3142 niani-

2253 3183 2352 3240 bus
2373 3186 2614 3255 captivos
2641 3201 2852 3252 eruere,
2883 3195 3034 3242 tanto
3067 3187 3237 3256 magis
3259 3186 3496 3242 festinat
3519 3201 3548 3240 a
3575 3183 3786 3240 dlabolisc

550 3283 634 3322 ma
661 3267 750 3322 illa
779 3268 938 3338 hujus
979 3271 1163 3326 mundi
1211 3287 1346 3325 vana
1387 3283 1442 3328 et
1473 3273 1754 3330 luxuriosa
1781 3291 1906 3332 esse
1943 3291 2134 3346 Opera,
2169 3255 2216 3320 (ἶ
2251 3276 2532 3346 sacrilegio
2563 3277 2820 3332 liberare.
2854 3276 2927 3332 ibi
2973 3277 3223 3332 inimicos
3269 3281 3488 3332 terreni
3515 3275 3642 3346 regis
3668 3275 3784 3328 inter.

548 3361 602 3416 in
635 3361 832 3432 quibus
872 3363 962 3432 qui
1005 3379 1126 3419 sese
1163 3365 1495 3434 permiscere
1531 3367 1804 3431 voluerit.
1859 3379 2140 3439 tamquam

543 3454 732 3525 gravis
759 3461 814 3510 et
845 3455 1126 3525 gradiendi
1159 3457 1226 3510 ad
1256 3458 1454 3514 etelum
1501 3475 1720 3514 cursum
1773 3460 2004 3516 liberum
2037 3479 2144 3518 non

543 3546 786 3600 habebit.
813 3546 986 3602 Simul
1009 3560 1064 3602 et
1098 3549 1228 3604 illud
1264 3565 1362 3605 nos
1403 3552 1609 3619 docuit,
1643 3553 1786 3624 quod
1823 3569 1930 3609 non
1963 3556 2016 3610 in
2047 3571 2140 3610 ar-

543 3640 647 3695 mis
691 3649 901 3696 t-tutum
951 3643 1218 3712 speranda
1263 3643 1492 3700 victoria
1535 3655 1642 3711 est,
1671 3645 1764 3702 sed
1813 3647 1866 3701 in
1921 3649 2142 3703 nomine

546 3734 846 3792 Salvatoris
874 3737 1104 3792 oranda.

1122 3831 1356 3888 SER-MU
1382 3832 1566 3889 LXIII.

586 3923 663 3980 De
691 3925 866 3982 Servo
898 3929 1244 3986 centurionis
1277 3929 1330 3984 in
1361 3929 1664 4002 Evangelia
1687 3931 1739 3986 in
1763 3929 2112 3990 dedicatione

589 4093 592 4096 _
1211 4023 1480 4078 Basilicze.

551 4107 652 4162 Hic
683 4125 846 4165 sermo
877 4112 932 4167 in
953 4113 1276 4170 dedicatione
1295 4113 1542 4171 Ecclesiae
1563 4117 1767 4172 habitus
1795 4119 2142 4188 cognoscitur,

617 4204 708 4258 sed
733 4217 917 4274 praater
955 4208 1146 4278 styluin
1177 4210 1238 4263 ab
1267 4209 1606 4266 Ambrosiano
1651 4212 2038 4282 abhorrentem,
2096 4225 2146 4270 et

623 4293 839 4353 Paulini
860 4299 924 4354 de
953 4298 1048 4354 hac
1070 4301 1397 4358 dedicatione
1425 4305 1716 4368 silentium,
1749 4321 1868 4360 cum
1897 4323 2058 4377 neque
2081 4306 2146 4362 de

619 4395 853 4464 reliquiis
877 4396 989 4450 illic
1016 4397 1248 4464 detectis,
1282 4415 1443 4470 neque
1471 4401 1534 4455 de
1555 4402 1747 4456 sanctis
1777 4401 2006 4474 ejusdem
2036 4399 2147 4457 Ba-

620 4489 780 4542 silirae
821 4493 1049 4558 patronis
1093 4491 1376 4562 quidquam
1419 4493 1642 4562 dicatur,
1683 4493 1818 4548 hanc
1865 4511 2146 4550 consecra-

621 4583 812 4636 tionem
837 4583 899 4637 ab
939 4583 1208 4640 Ambrosio
1238 4587 1546 4642 celebratae:
1573 4605 1676 4643 non
1705 4605 1814 4644 esse
1837 4588 2040 4644 abunde
2055 4607 2149 4660 pa-

2250 3371 2379 3432 licit,
2409 3369 2496 3424 hic
2536 3369 2878 3426 adversarios
2937 3370 3150 3425 Domini
3197 3370 3449 3426 caelestis
3499 3369 3780 3438 insequitur:

2251 3465 2324 3521 ibi
2346 3465 2604 3520 barbaros
2632 3465 2818 3530 vineit,
2852 3463 2939 3520 hic
2963 3465 3264 3520 daemones.
3287 3465 3552 3538 Sapiens,
3597 3465 3782 3534 ἰτῳηω,

2249 3561 2338 3632 qui
2389 3561 2532 3616 sicut
2588 3573 2776 3614 comes
2823 3557 3174 3627 imperatoris
3219 3567 3342 3622 est,
3405 3557 3479 3612 ita
3535 3565 3586 3611 et
3650 3563 3782 3610 comet

2249 3653 2452 3708 Christi
2483 3667 2606 3708 esse
2633 3651 2932 3707 desiderat.
2965 3651 3098 3706 Nam
3126 3653 3264 3706 bene
3297 3651 3496 3720 utique
3525 3659 3578 3706 et
3596 3645 3786 3717 religiose

2249 3748 2481 3820 agendo,
2512 3746 2830 3817 dignitatem
2863 3761 3020 3802 suam
3061 3745 3211 3815 cupit
3232 3759 3363 3800 esse
3389 3753 3705 3816 perpetuam,
3727 3753 3785 3794 se-

2251 3839 2487 3898 cundum
2531 3839 2676 3908 quod
2725 3839 2990 3911 scriptum
3043 3850 3126 3894 est
3157 3839 3210 3892 in
3237 3839 3552 3910 propheta:
3591 3835 3650 3893 Et
3671 3847 3786 3901 uno

2250 3937 2368 3990 boni
2399 3953 2560 4008 reges,
2595 3935 2754 3990 bonas
2777 3935 2931 4004 facile
2951 3935 3060 3990 vias
3089 3944 3282 3990 vestras
3311 3945 3362 3990 et
3383 3936 3560 3990 studia
3585 3937 3786 3994 mira,“

2251 4029 2425 4084 audite
2449 4045 2617 4083 vorem
2659 4027 2865 4082 Domini
2899 4027 2994 4082 Dei
3025 4028 3211 4093 vestri;
3261 4038 3308 4081 et
3359 4029 3616 4098 paenitebit
3651 4023 3784 4080 Doni-

2252 4140 2376 4178 nnm
2407 4123 2531 4178 ntali
2565 4165 2578 4188 ,
2621 4122 2757 4192 quod
2803 4123 3009 4176 locutus
3051 4129 3127 4176 est
3176 4121 3432 4177 adversus
3485 4138 3570 4177 vos
3619 4117 3780 4191 (λειω.

2249 4233 2403 4284 xxvr,
2437 4215 2544 4287 15).
3583 4257 3586 4260 .

2323 4311 2377 4364 4.
2414 4309 2559 4381 Ergo
2598 4323 2720 4364 cum
2765 4311 3021 4366 centurio
3068 4319 3287 4382 rogaret
3333 4311 3641 4372 Dominum,
3667 4295 3712 4360 ut
3741 4301 3787 4356 de

2253 4413 2428 4461 morte
2455 4414 2672 4461 erueret
2693 4399 3075 4476 arg'ro'tantem,
3101 4415 3158 4461 et
3197 4385 3360 4460 vellet
3383 4405 3638 4459 Dominus
3655 4399 3708 4456 ad
3721 4397 3788 4452 doc

2251 4515 2398 4555 nium
2433 4498 2774 4555 centurionis
2801 4513 3048 4570 pergere;
3097 4501 3150 4552 in
3195 4507 3304 4569 qua
3343 4497 3601 4554 servulus
3623 4493 3788 4550 decutit-

2254 4595 2436 4658 bebat,
2459 4593 2534 4648 ait
2554 4593 2803 4649 centurio
2837 4609 2851 4647 :
2884 4591 3043 4665 477
3069 4591 3310 4658 Domine,
3355 4608 3458 4646 non
3509 4605 3618 4645 sum
3649 4587 3787 4656 digitm

618 4684 705 4730 tet.
765 4675 962 4731 Verum
993 4695 1153 4748 neque
1179 4697 1211 4733 a
1240 4697 1340 4750 quo
1375 4680 1628 4746 l’rtesule,
1664 4698 1824 4752 neque
1867 4700 1966 4753 quo
2008 4659 2144 4750 loco,
2171 4659 2226 4720 Β
2252 4699 2307 4744 nt
2331 4689 2487 4742 intres
2515 4689 2605 4743 sub
2634 4697 2818 4742 tectum
2859 4703 3050 4740 meum.
3085 4685 3323 4742 Excusat
3363 4686 3526 4756 igitur
3573 4675 3784 4739 centuritt.

618 4787 782 4841 neque
809 4790 909 4842 quo
940 4783 1169 4844 tempore
1195 4779 1333 4846 facta
1354 4777 1534 4847 fuerit,
1565 4776 1729 4852 hujus
1757 4782 2014 4836 sermonis
2069 4799 2148 4836 sr-

617 4865 720 4921 ries
751 4867 948 4938 prodit.

624 4963 674 5019 1.
713 4963 968 5036 Legimus
993 4966 1046 5019 iu
1075 4975 1268 5021 sancto
1297 4967 1617 5038 Evangelia,
1649 4983 1771 5024 cum
1800 4973 2148 5029 centurionis

546 5058 828 5126 cujusdam
861 5075 1072 5124 servus,
1109 5061 1202 5130 qui
1229 5072 1346 5116 erat
1367 5062 1444 5116 illi
1473 5063 1790 5132 pretiosior,
1815 5069 2140 5136 gravipara-

546 5153 682 5223 lysis
709 5155 1034 5222 ψει-1111111118
1079 5154 1374 5218 laboraret,
1411 5165 1466 5210 et
1503 5171 1600 5226 per
1640 5158 1890 5213 seniores
1932 5159 2146 5216 Iudico-

549 5259 669 5298 rum
705 5244 795 5299 ille
817 5247 1065 5300 centurio
1096 5258 1308 5314 rogaret
1330 5245 1670 5303 Salvatoreui
1702 5259 1758 5303 ut
1789 5250 1910 5319 ejus
1941 5251 2148 5307 dolori-

549 5339 649 5393 bus
675 5340 990 5396 mederetur
1009 5341 1141 5413 (erat
1172 5343 1328 5409 enim,
1363 5351 1422 5396 ut
1441 5343 1520 5396 ait
1544 5343 1827 5414 Scriptura
1857 5345 2013 5417 (ιπτ.
2049 5363 2144 5414 VII‘,

548 5433 584 5486 2
602 5443 650 5486 et
677 5435 831 5504 mp),
853 5434 1187 5506 moriturus),
1213 5439 1353 5491 inter
1375 5450 1574 5492 emters
1603 5438 1668 5490 ad
1699 5439 1962 5508 majorem
1989 5456 2144 5496 com-

546 5527 915 5582 mendationis
971 5531 1204 5598 gratiam
1255 5531 1504 5586 seniores
1566 5530 1882 5586 Judzcorum
1940 5533 2144 5590 dixisse

550 5615 786 5671 Domino
813 5636 826 5670 ι
859 5617 1092 5690 Dignum
1114 5632 1187 5676 est
1244 5633 1297 5674 nt
1316 5621 1412 5676 hoc
1439 5623 1522 5677 illi
1547 5636 1795 5696 prwstes;
1822 5625 1992 5697 diligit
2009 5629 2142 5684 enim

548 5719 750 5782 gentem
791 5717 1040 5778 nostrain,
1085 5713 1489 5789 etSynagOgam
1533 5718 1644 5787 ipse
1667 5707 1950 5788 animum
1995 5723 2144 5780 nobis

636 5912 661 5943 ⁸
697 5901 796 5964 Ms.
827 5902 1026 5979 Lugd,
1053 5905 1142 5978 qui
1163 5905 1859 5986 fabrefecit‘tabernaculum.

2251 4793 2306 4839 et
2325 4801 2393 4840 ne
2414 4784 2516 4838 sub
2547 4793 2747 4838 tectum
2774 4781 2894 4851 ejus
2909 4780 3243 4850 ingrediatur
3265 4780 3546 4843 Dominus,
3564 4775 3782 4845 indignum

2252 4890 2311 4932 se
2340 4875 2491 4931 dicit.
2537 4875 2674 4930 Ecce
2714 4873 2910 4945 dignus
2955 4883 3040 4930 est
3069 4887 3256 4929 comes
3297 4885 3510 4937 noster,
3557 4869 3648 4926 sub
3671 4863 3784 4934 cuius

2253 4979 2452 5025 tectum
2485 4968 2646 5023 hodie
2671 4967 2922 5023 Salvator
2947 4967 3264 5039 ingreditur.

2323 5069 2377 5124 5.
2421 5067 2718 5124 Videamus
2748 5067 2862 5135 ipsa
2885 5066 3223 5121 centurionis
3247 5063 3533 5121 excusatio
3554 5075 3696 5133 quam
3715 5056 3782 5112 ω.

2248 5161 2373 5217 beat
2403 5160 2665 5228 gratiam;
2698 5161 2774 5213 ait
2801 5159 2946 5213 enim
2983 5177 2995 5212 :
3033 5157 3273 5225 Domine,
3305 5175 3409 5212 non
3439 5173 3548 5211 sum
3574 5155 3784 5224 dignust

2247 5256 2406 5309 intres
2435 5255 2527 5308 sub
2559 5263 2746 5308 tectum
2775 5269 2941 5306 meum
2973 5267 2992 5308 :
3023 5251 3112 5306 sed
3139 5251 3224 5304 die
3255 5259 3452 5306 tantum
3479 5249 3641 5313 verba,
3667 5251 3706 5298 et
3726 5255 3784 5294 te-

2249 5349 2452 5404 nubitur
2473 5365 2600 5419 puer
2631 5363 2773 5402 meus
2803 5345 3020 5410 (Matth.
3051 5361 3164 5412 vui,
3195 5345 3274 5415 8).
3300 5345 3345 5400 0
3369 5343 3498 5399 fides
3519 5337 3784 5398 christiana.

2247 5459 2368 5514 qua)
2389 5457 2510 5498 cum
2537 5443 2844 5498 humilitate
2865 5449 3034 5496 totum
3060 5442 3358 5510 impetrare
3380 5432 3660 5518 consuesti.
3681 5429 3784 5484 Ecce

2255 5537 2546 5607 religiosus
2575 5536 2828 5608 centurio
2857 5533 2926 5589 ad
2965 5531 3338 5622 accipiendam
3371 5521 3782 5622 Sttiuietllﬂigtlim’

2255 5633 2316 5688 fit
2335 5674 2350 5698 ,
2379 5632 2506 5686 dum
2537 5647 2597 5686 se
2626 5629 2914 5700 prelitctur
2941 5615 3222 5697 indignum
3255 5643 3268 5679 :
3301 5635 3358 5680 et
3385 5615 3508 5679 dum
3539 5615 3670 5676 mdes
3691 5625 3782 5668 stili

2255 5727 2549 5799 injuriosas
2577 5733 2728 5798 putat
2754 5765 2766 5792 ,
2801 5723 2973 5795 magis
3000 5737 3092 5780 ens
3123 5721 3454 5779 honoriﬁcus
3477 5713 3602 5774 fecit
3621 5719 3668 5771 et
3689 5721 3782 5786 σηο
