3944 6310
563 270 672 332 755
1494 274 1587 330 AD
1625 271 1857 331 OPERA
1899 271 2147 331 SANCTI
2187 270 2520 330 AMBROSII
2549 271 2918 330 APPENDIX.
3657 292 3742 349 ne,

561 384 830 442 saevisse.
861 385 974 443 Nec
1002 400 1134 443 vero
1161 386 1451 444 obscurius
1480 386 1698 443 videtur
1731 395 2048 459 sequentem
2094 385 2323 458 alicujus
2351 403 2472 444 esse
2509 389 3001 458 consarcinatoris,
3035 391 3128 462 qui
3170 390 3430 450 Ambrosii
3455 402 3748 473 narrationem,

558 491 667 549 qua
699 475 890 534 Vitalis
931 488 1093 550 atque
1132 481 1400 552 Agricola:
1431 490 1731 553 martyrum
1773 482 2146 538 inventionem
2175 483 2227 538 in
2258 482 2638 539 Exhortatione
2678 483 3004 557 Virginitatis
3039 486 3368 557 descriptam
3396 490 3584 562 reliquit,
3607 501 3750 568 partim

558 571 832 639 addendo,
863 575 1056 642 partim
1091 575 1370 640 mutando,
1403 577 1596 647 partim
1632 577 2036 648 transponendo
2081 578 2458 649 interpolavit.
2506 579 2623 635 lluc
2661 580 2804 636 adde
2833 580 3083 652 Gregorii
3126 581 3454 640 Turonensis
3477 595 3756 653 auctoritatem

563 667 772 724 diserte
792 667 1116 724 affirmantis
1145 669 1284 741 (Lib.
1313 687 1330 725 ι
1358 670 1420 725 de
1452 670 1634 727 Gloria
1667 671 1822 727 Mart.
1857 689 1976 740 cap.
1998 670 2070 726 44
2097 684 2152 727 et
2176 669 2270 742 47)
2301 684 2464 728 aetate
2489 688 2585 729 sua
2607 682 2908 746 martyrum
2934 674 3155 746 quidem
3181 674 3422 731 Gervasii
3443 689 3570 750 atque
3587 683 3756 746 Prousii

563 763 702 817 Acta
733 762 1042 829 exstitisse,
1076 779 1183 818 non
1217 777 1345 819 vero
1373 763 1566 820 Vitalis
1607 775 1661 820 et
1691 764 1980 835 Agricolae.
2016 764 2298 821 Postremo
2331 765 2573 836 Epistula
2604 784 2726 838 qua:
2759 770 2810 822 in
2842 768 3086 823 Romana
3117 769 3360 825 editione
3394 767 3758 837 Flavianoinseri.

557 854 744 922 bitur;
793 855 847 911 in
893 855 1083 912 codice
1122 867 1303 913 autem
1334 859 1515 930 Regia:
1545 859 1898 916 Bibliotheca:
1930 860 2017 914 vis
2047 859 2298 916 ducentis
2327 863 2484 923 annis
2523 865 2805 933 superiore
2834 881 2847 916 :
2880 862 2957 919 De
2989 863 3220 918 moribus
3251 873 3299 918 et
3329 863 3516 920 honesta
3544 870 3644 937 vita;
3666 875 3758 933 licet

561 947 854 1016 utrobique
884 947 1158 1004 Ambrosii
1183 964 1382 1006 nomen
1413 953 1466 1006 in
1501 951 1679 1008 fronte
1705 951 1863 1014 ferat,
1895 952 2022 1007 huic
2051 962 2227 1007 tamen
2259 953 2417 1008 titulo
2441 954 2684 1023 ejusdem
2710 955 2886 1026 stylus
2905 972 2967 1011 ac
2989 956 3271 1027 ingenium
3303 957 3450 1026 plane
3469 961 3708 1020 reclamant.

1701 1192 2734 1344 EPISTOLEE

882 1417 1053 1500 EX
1126 1414 2166 1502 AMBROSIANARUM
2216 1419 2738 1505 NUMERO
2786 1416 3539 1510 SEGREGATXE.

567 1059 3746 1096 ._____.____________________________

1064 1674 1232 1749 479
1268 1675 1612 1732 EPISTOLA
1644 1676 1685 1732 ι.

568 1811 863 1881 Antequam
885 1812 1049 1884 Agna:
1077 1814 1293 1885 uirginis
1323 1813 1634 1885 martyrium
1659 1811 2006 1878 describatur,
2031 1825 2177 1864 amor

643 1907 702 1961 in
743 1923 858 1962 eam
897 1909 997 1977 ﬁlii
1037 1910 1294 1982 prwfecti,
1337 1913 1550 1983 ejusque
1588 1907 1797 1980 repulsa
1841 1915 2175 1961 memoratur.

648 1999 789 2056 Hinc
823 2005 1072 2076 adjicitur
1104 2005 1318 2076 uirginis
1358 2003 1715 2058 condemnatio
1745 2003 1813 2056 ad
1850 2001 2096 2068 lupanar,
2129 2008 2180 2054 et

644 2096 781 2150 inter
799 2098 1054 2152 miracula
1075 2099 1318 2152 diuinitus
1341 2108 1548 2168 prapter
1565 2098 1795 2150 eamdem
1818 2094 2044 2162 puellam
2065 2107 2180 2162 per-

645 2199 850 2260 petrata
875 2190 1214 2246 adolescentis
1237 2195 1289 2245 in
1317 2208 1430 2246 eam
1453 2189 1782 2260 depereuntis
1808 2188 2070 2250 interitus,
2099 2195 2179 2240 at-

644 2296 745 2351 que
768 2281 838 2335 ad
858 2282 1013 2337 vitam
1037 2285 1314 2338 revocatio.
1346 2282 1476 2337 Tum
1499 2282 1724 2352 sequitur
1745 2280 1959 2354 virginis
1985 2279 2046 2333 ob
2067 2276 2178 2332 eth-

644 2373 880 2428 nicorum
907 2375 1212 2431 seditionem
1238 2374 1598 2430 condemnatio
1633 2372 1703 2426 ad
1732 2389 1935 2444 rogum,
1964 2372 2175 2440 ejusque

640 2467 696 2521 in
729 2468 909 2523 mediis
943 2468 1148 2540 ignibus
1172 2469 1355 2524 illtesa:
1382 2467 1727 2538 permanentis
1754 2476 1966 2521 cruenta
1986 2464 2172 2519 credes.

641 2559 774 2616 Mox
798 2579 1122 2635 paganorum
1145 2563 1200 2617 in
1221 2563 1529 2617 christianos
1551 2559 1618 2614 ad
1642 2557 1894 2629 Martyris
1917 2557 2174 2612 tumulum

637 2656 864 2710 orationi
885 2658 1130 2712 instantes
1153 2660 1331 2730 furore
1347 2655 1632 2719 declarato,
1658 2671 1757 2710 nea:
1772 2652 2170 2719 Emerentianw,

637 2759 686 2803 et
714 2748 1030 2806 Constantia:
1061 2753 1306 2824 Augusta:
1331 2751 1529 2805 sanitas
1560 2749 1826 2815 restituta,
1861 2764 1951 2802 nec
1979 2764 2080 2801 non
2109 2747 2173 2801 ab

640 2841 823 2896 eadem
852 2844 1088 2914 principe
1112 2844 1360 2913 templum
1390 2843 1670 2898 liberatrici
1697 2857 1805 2895 sua:
1828 2840 2170 2910 aediﬁcatum,

641 2943 690 2987 et
727 2933 893 2996 ipsius
936 2951 1054 2989 cum
1085 2935 1204 2991 aliis
1245 2935 1490 3005 pluribus.
1513 2935 1823 3007 uirginitatis
1853 2933 2173 3006 prapositum

644 3036 940 3082 enarratur.

2208 1685 2260 1744 Α
2287 1683 2341 1732 et
2361 1675 2573 1744 affines,
2597 1678 2759 1749 coepit
2784 1692 2946 1733 aures
2971 1677 3197 1746 virginis
3222 1677 3768 1750 appellare,divitias,do-

2287 1788 2438 1839 lllOS,
2487 1773 2907 1844 possessiones,
2951 1774 3218 1841 familias,
3269 1782 3432 1844 atque
3475 1790 3625 1831 omnes
3661 1775 3769 1846 hujus

2285 1867 2473 1922 mundi
2494 1868 2714 1925 delicias
2736 1871 3147 1939 repromittere,
3169 1868 3216 1923 si
3238 1884 3538 1926 consensum
3556 1886 3677 1926 suum
3690 1873 3767 1942 ejus

2282 1961 2537 2032 conjugio
2567 1977 2672 2016 non
2707 1973 2979 2032 negasset.

2355 2056 2406 2110 5.
2449 2054 2534 2110 Ad
2566 2055 2682 2112 haec
2713 2056 2867 2111 beata
2902 2059 3082 2126 Agnes
3111 2057 3220 2112 tale
3255 2057 3423 2113 fertur
3441 2057 3588 2128 juveni
3607 2056 3766 2121 dedisse

2281 2162 2605 2218 responsum
2632 2166 2645 2202 :
2676 2148 2904 2204 Discede
2931 2165 2960 2205 a
2985 2165 3091 2214 me,
3123 2148 3300 2205 fomes
3323 2152 3529 2221 peccati,
3549 2151 3766 2205 nutriinen-
3852 2148 3853 2221 ξ

2282 2252 2394 2298 tum
2428 2243 2704 2309 facinoris,
2740 2245 2993 2315 pabulum
3025 2245 3216 2301 mortis
3246 2263 3260 2300 :
3294 2245 3499 2302 discede
3523 2245 3763 2315 ame;qui:

2273 2338 2385 2409 jam
2427 2338 2495 2393 ab
2522 2340 2630 2394 alio
2661 2348 2907 2395 amatore
2940 2350 3216 2411 praeventa
3249 2355 3367 2394 sum
3393 2381 3407 2403 ,
3446 2341 3526 2411 qui
3555 2339 3658 2393 mihi
3679 2338 3762 2393 satis
3852 2338 3853 2410 ᾖ

2279 2430 2503 2486 meliora
2530 2431 2728 2487 obtulit
2757 2443 3108 2498 ornamenta,
3140 2443 3196 2488 et
3221 2432 3425 2488 annulo
3450 2432 3557 2486 fidei
3578 2446 3664 2486 sua:
3679 2432 3760 2485 sub-

2277 2524 2516 2580 arrhavit
2541 2542 2649 2592 me,
2675 2525 2835 2597 longe
2864 2536 2916 2583 te
2949 2527 3181 2582 nobilior
3208 2537 3264 2582 et
3288 2542 3482 2599 genere
3505 2536 3551 2583 et
3565 2525 3758 2598 dignitate.

2276 2615 2498 2673 Ornavit
2527 2618 2893 2674 ittmstitnabili
2925 2619 3312 2676 dextrocherio
3343 2619 3592 2675 dexteram
3615 2634 3756 2681 meatu,

2277 2717 2334 2765 et
2360 2711 2558 2766 collum
2594 2727 2772 2767 meum
2803 2713 2974 2768 cinxit
3010 2713 3281 2783 lapidibus
3323 2711 3568 2784 pretiosis.
3594 2711 3760 2766 Tradidit

2275 2804 2496 2860 auribus
2523 2806 2659 2860 meis
2692 2806 3098 2862 inaestimabiles
3128 2808 3448 2877 margaritas
3472 2847 3485 2871 ,
3518 2816 3563 2861 et
3593 2788 3760 2860 circum;

2275 2899 2423 2955 dedit
2455 2915 2542 2956 tne
2577 2901 2937 2955 vernantibus
2976 2909 3136 2971 atque
3171 2899 3566 2956 coruscantibus
3587 2897 3757 2968 gemmis.

2276 2991 2470 3048 Posuit
2516 2993 2727 3063 signum
2765 2992 2819 3048 in
2865 2992 3056 3048 faciem
3087 3009 3288 3060 meam,
3327 3003 3388 3048 ut
3425 2993 3607 3047 nullum
3631 2998 3763 3060 prater

2276 3087 2456 3158 ipsum
2487 3099 2789 3144 amatorem
2820 3087 3124 3143 admittam.
3157 3087 3343 3142 Induit
3371 3103 3453 3143 me
3479 3086 3660 3159 cyclade
3678 3097 3760 3137 auro

572 3160 883 3218 Aunuosws
909 3161 1198 3233 episcopus
1230 3176 1419 3218 servus
1439 3161 1640 3218 Christi
1657 3160 1955 3233 virginibus
1978 3162 2166 3217 sacris.

2279 3188 2429 3236 texta
2449 3222 2464 3245 ,
2496 3190 2553 3238 et
2584 3181 2865 3238 immensis
2897 3181 3193 3236 monilibus
3221 3181 3433 3236 ornavit
3468 3195 3563 3235 me.
3596 3176 3761 3234 Ostendit

645 3278 697 3332 1.
735 3277 885 3332 Diem
907 3276 1104 3333 festum
1134 3279 1518 3335 sacratissima!
1543 3279 1766 3350 virginis
1787 3280 2170 3336 celebremus:

569 3367 701 3424 hinc
727 3369 919 3437 psalmi
939 3382 1217 3433 resonent,
1241 3371 1364 3427 inde
1387 3381 1717 3442 concrepent
1733 3373 1998 3428 lectiones
2018 3389 2031 3426 :
2048 3372 2175 3428 hinc

569 3463 898 3534 populorum
929 3466 1109 3520 turbae
1134 3466 1408 3533 laetentur,
1438 3468 1563 3524 inde
1585 3469 1946 3524 subleventur
1975 3486 2176 3540 paupe-

567 3571 658 3613 res
681 3554 908 3614 Christi.
938 3558 1140 3616 Omnes
1161 3578 1290 3633 ergo
1311 3564 1654 3634 gratulemur
1676 3564 1729 3620 in
1757 3565 2008 3631 Domino,
2035 3576 2088 3619 et
2106 3565 2173 3620 ad

567 3649 990 3708 aedificationem
1046 3654 1315 3727 virginum
1370 3657 1603 3727 qualiter
1659 3673 1814 3728 passa
1869 3658 1942 3714 sit
1990 3659 2174 3729 Agnes

567 3743 908 3813 beatissima,
935 3747 1000 3802 ad
1027 3750 1347 3804 memoriam
1372 3765 1719 3806 revocemus.
1745 3760 1770 3787 ει
1787 3751 2058 3821 Tempore
2083 3753 2175 3807 illo

567 3849 687 3895 erat
726 3839 975 3910 quicdam
1009 3841 1164 3912 virgo
1195 3841 1385 3898 Romae
1416 3842 1695 3898 nobilibus
1724 3853 1842 3899 orta
1876 3844 2172 3910 natalibus,

570 3932 794 3987 nomine
823 3933 1025 4003 Agnes,
1060 3950 1182 4004 quae
1220 3946 1437 3991 certans
1464 3947 1656 3992 contra
1691 3937 1968 4008 principes
1994 3947 2048 3993 ct
2080 3953 2176 4008 po-

570 4033 800 4080 testates
835 4027 1187 4082 tenebrarum
1213 4070 1227 4094 ,
1263 4029 1644 4084 tertiodecimo
1686 4031 1862 4084 aetatis
1889 4044 2003 4084 suae
2033 4046 2175 4085 anno

569 4128 803 4173 mortem
834 4118 1097 4188 perdidit,
1127 4131 1182 4176 et
1209 4121 1373 4175 vitam
1408 4121 1646 4186 invenit;
1679 4122 1803 4189 quia
1834 4124 2014 4178 solum
2047 4124 2173 4178 vitae

569 4210 756 4267 dilexit
789 4213 1107 4269 Auctorem.
1140 4213 1374 4271 Infantia
1412 4217 1630 4287 quidem
1660 4217 2088 4288 computabatur
2120 4219 2171 4272 in

573 4308 762 4374 annis,
794 4305 823 4346 ι)
851 4307 946 4363 sed
978 4317 1096 4363 erat
1124 4318 1379 4365 senectus
1409 4313 1611 4367 mentis
1642 4313 1694 4367 in
1729 4313 1974 4368 moribus
2006 4331 2018 4368 :
2052 4329 2178 4370 cor-

575 4415 709 4472 pore
728 4402 945 4474 quidem
966 4401 1284 4474 jnvencula,
1314 4405 1410 4461 sed
1438 4406 1623 4462 animo
1645 4421 1801 4462 cana.
1833 4407 2070 4464 Pulchra
2099 4408 2176 4462 fa-

573 4494 677 4562 cie,
707 4495 800 4550 sed
837 4496 1114 4564 pulchrior
1143 4497 1270 4564 fide,
1303 4508 1353 4554 et
1385 4499 1687 4571 elegantior
1715 4499 1990 4556 castitate.

2281 3276 2414 3332 mihi
2454 3277 2740 3333 thesauros
2770 3275 3230 3347 incomparabiles
3255 3316 3272 3342 ,
3307 3289 3441 3346 quos
3468 3273 3580 3329 mihi
3604 3290 3648 3327 se
3667 3271 3763 3326 datu-

2278 3390 2397 3430 rum
2427 3376 2757 3447 repromisit,
2785 3375 2829 3429 si
2858 3375 2910 3430 in
2937 3374 3054 3444 ejus
3083 3388 3496 3443 perseveravero
3518 3367 3762 3426 amoreb’on

2278 3481 2408 3536 ergo
2439 3475 2631 3537 potero
2660 3466 2724 3521 ad
2756 3465 3139 3522 contumeliam
3171 3465 3370 3536 prioris
3398 3463 3624 3519 amatoris
3640 3461 3698 3515 vel
3715 3472 3762 3511 is

2280 3563 2458 3633 picere
2486 3563 2648 3617 alium
2682 3571 2737 3617 et
2766 3561 2916 3616 illum
2945 3561 3281 3632 relinquere,
3314 3575 3437 3615 cum
3463 3574 3560 3630 quo
3579 3572 3667 3612 sum
3687 3554 3764 3607 clu-

2279 3657 2440 3711 ritate
2465 3655 2714 3711 devincta
2742 3672 2755 3720 ;
2781 3655 2937 3725 cujus
2961 3665 3044 3710 est
3071 3654 3418 3725 generositas
3447 3653 3637 3715 celsior,
3657 3645 3763 3718 passi.

2280 3749 2460 3805 bilitas
2491 3749 2703 3815 fortior,
2747 3761 3003 3820 aspectus
3033 3748 3338 3820 pulchrior,
3372 3765 3520 3805 amor
3543 3745 3717 3807 suavior,
3735 3749 3764 3794 et

2278 3843 2424 3898 omni
2460 3843 2631 3914 gratia
2671 3843 2992 3914 elegantior.
3041 3843 3086 3897 A
3129 3858 3236 3914 quo
3281 3842 3414 3897 mihi
3452 3845 3555 3912 jam
3587 3837 3764 3894 thalamus

2277 3936 2579 3991 collocatus
2609 3946 2714 4000 est,
2745 3936 2901 4005 cujus
2934 3935 3066 3991 mihi
3095 3951 3294 4007 organa
3325 3934 3605 3990 modulatis
3627 3928 3765 3985 vocibus

2280 4017 2557 4098 resonant,
2583 4031 2734 4100 cujus
2759 4030 2890 4084 inihi
2915 4030 3149 4100 virgines
3168 4029 3484 4099 justissimis
3505 4025 3762 4082 vocibuscan-

2279 4135 2417 4179 tant.
2446 4124 2562 4179 Jam
2593 4125 2696 4179 mel
2726 4133 2782 4179 et
2808 4126 2888 4179 lac
2913 4140 2978 4180 ex
3007 4141 3103 4180 ore
3127 4124 3246 4193 ejus
3273 4124 3510 4193 suscepi,
3533 4122 3622 4193 jam
3640 4113 3765 4184 ample-

2279 4220 2442 4275 xibus
2463 4220 2582 4290 ejus
2609 4219 2774 4275 castis
2795 4217 3200 4291 astrictam
3223 4233 3342 4272 sum
3361 4258 3378 4285 ,
3405 4218 3516 4287 jam
3537 4225 3684 4284 corpus
3697 4210 3763 4276 elui

2279 4314 2494 4384 corpori
2539 4327 2661 4368 meo
2700 4313 2966 4367 sociatum
3006 4321 3124 4377 est,
3157 4319 3213 4364 et
3249 4311 3473 4380 sanguis
3511 4308 3610 4380 ejus
3637 4297 3768 4358 ornavit

2277 4421 2445 4477 genas
2472 4421 2641 4462 meas.
2666 4405 2834 4475 Cujus
2856 4414 3030 4460 mater
3053 4405 3207 4474 virgo
3228 4414 3342 4467 est,
3370 4405 3525 4472 cujus
3546 4411 3659 4472 pater
3676 4391 3766 4450 frmi-

2282 4514 2406 4554 nam
2429 4500 2622 4564 nescit;
2647 4499 2732 4553 cui
2757 4498 2932 4568 angeli
2952 4497 3219 4564 serviunt,
3243 4497 3400 4567 cujus
3425 4489 3767 4566 pulchritudinem

645 4589 700 4643 2.
743 4590 874 4659 Quae
897 4592 1025 4646 dum
1051 4609 1078 4645 a
1105 4593 1310 4649 scholis
1333 4604 1724 4661 reverteretur,
1751 4610 1781 4649 a
1805 4594 2048 4664 praefecti
2072 4594 2176 4652 Ur-
2205 4596 2250 4659 C
2283 4594 2366 4649 sol
2389 4603 2444 4649 et
2467 4593 2593 4649 luna
2615 4593 2906 4659 mirantur,
2937 4593 3092 4661 cujus
3112 4591 3282 4646 odore
3306 4578 3765 4646 reviviscuutmonui,

573 4680 659 4738 bis
701 4681 814 4737 ﬁlio
851 4683 1153 4739 adamatur.
1197 4696 1219 4725 ο
1256 4686 1426 4756 Cujus
1461 4697 1719 4758 parentes
1754 4703 1879 4743 cum
1917 4689 2176 4757 requisis-

571 4786 742 4844 sent,‘
772 4787 829 4834 et
868 4779 1236 4846 invenissent,
1272 4792 1559 4851 creperunt
1605 4782 1828 4853 pulchra
1859 4782 2056 4838 offerre
2077 4824 2092 4848 ,
2123 4791 2178 4836 et

575 4869 884 4941 pulchriora
945 4873 1284 4941 promittere.
1340 4874 1584 4944 Denique
1629 4873 1938 4929 detulerant
1986 4889 2174 4929 secum

575 4970 969 5040 pretiosissima
1011 4981 1354 5038 ornamenta,
1399 4987 1521 5042 quae
1553 4987 1582 5026 a
1621 4970 1778 5026 beata
1816 4969 1968 5036 Agne
2008 4969 2176 5025 veluti

575 5063 821 5134 quaedam
843 5076 1086 5121 stercora
1120 5075 1247 5120 sunt
1277 5073 1551 5122 recusata.
1588 5062 1742 5120 Unde
1775 5063 1972 5118 factum
2002 5073 2086 5118 est
2123 5071 2180 5117 ut

576 5156 792 5227 juvenis
825 5158 1014 5227 majori
1051 5168 1444 5231 perurgeretur
1471 5158 1678 5213 amoris
1709 5156 1966 5224 stimulo,
1999 5165 2053 5210 et
2084 5171 2184 5226 pu-

581 5259 700 5305 tans
730 5266 848 5307 eam
876 5251 1093 5320 juvenis
1123 5252 1349 5308 meliora
1378 5253 1520 5308 velle
1550 5251 1802 5323 accipere
1835 5261 2180 5317 ornamenta,

579 5339 605 5379 ιι
636 5358 851 5400 omnem
903 5345 1135 5414 lapidem
1169 5348 1465 5415 pretiosum
1508 5361 1696 5401 secum
1735 5345 1945 5412 defert,
1982 5353 2038 5400 et
2065 5345 2180 5417 glo—

581 5436 714 5490 riam
744 5453 757 5487 :
790 5447 844 5491 et
875 5453 971 5507 per
996 5453 1055 5494 se
1083 5439 1283 5510 ipsum,
1311 5450 1366 5495 et
1390 5455 1488 5509 per
1514 5439 1743 5505 amicos,
1776 5446 1834 5493 et
1865 5455 1962 5508 per
1992 5449 2170 5505 notos,

652 5570 985 5648 {Tempore
1007 5575 1095 5630 illo
1133 5587 1335 5633 erat....
1377 5587 1424 5631 et
1460 5584 1732 5648 potestates
1768 5574 2112 5639 tenebrarum,
2145 5589 2176 5629 e

580 5643 862 5700 Noalliano
890 5647 1014 5702 cod.
1047 5650 1429 5706 restituuntur.

648 5713 677 5755 ι’
717 5714 920 5772 Omnes
949 5717 1079 5773 edit.
1103 5761 1120 5786 ,
1149 5721 1239 5774 sed
1267 5722 1451 5778 mentis
1480 5731 1712 5776 senectus
1740 5726 1850 5774 erat
1890 5717 2174 5785 immensa;

580 5789 771 5844 melius
796 5802 924 5843 vero
949 5789 1071 5845 cod.
1097 5791 1269 5847 Noall.
1297 5807 1354 5849 ut
1383 5795 1435 5848 in
1466 5800 1744 5847 contextu.

654 5872 674 5898 θ
717 5859 793 5915 Ita
822 5858 942 5913 cod.
971 5859 1139 5917 Noall:
1162 5879 1177 5925 ;
1200 5873 1391 5919 amnes
1408 5863 1586 5919 autem
1602 5865 1752 5926 edit.,
1771 5863 1919 5932 cuius
1940 5872 2174 5931 parentes

2285 4688 2440 4759 cujus
2482 4697 2627 4744 tactu
2668 4687 3047 4743 confortantur
3085 4686 3331 4753 infirmi,
3374 4686 3527 4755 cujus
3561 4695 3658 4751 opes
3678 4687 3769 4732 ntim-

2286 4798 2446 4854 quam
2484 4782 2773 4846 deficiunt,
2817 4781 3082 4852 cujusque
3117 4779 3323 4835 divitia:
3364 4791 3629 4848 numquam
3652 4771 3766 4826 decre-

2286 4883 2465 4930 scunt.
2497 4873 2606 4945 lpsi
2635 4875 2738 4930 soli
2769 4890 2929 4931 servo
2961 4873 3120 4929 fidem
3152 4887 3328 4928 meam
3353 4914 3368 4938 ,
3403 4873 3502 4943 ipsi
3532 4886 3601 4925 me
3623 4859 3768 4923 tonder

2287 4969 2504 5024 votione
2529 4969 2830 5024 committo.
2865 4967 3038 5036 Quem
3066 4983 3189 5022 cum
3218 4981 3511 5032 amavero,
3541 4964 3764 5019 castasutn:

2287 5075 2410 5116 cum
2434 5061 2683 5133 tetigero,
2709 5060 2905 5116 munda
2930 5076 3050 5114 sum
3077 5077 3089 5113 ε
3117 5075 3238 5115 cum
3261 5073 3545 5129 accepero,
3562 5058 3766 5122 virgosuttt.

2287 5154 2395 5210 Nec
2425 5154 2652 5210 deerunt
2680 5163 2803 5226 post.
2831 5153 3048 5224 nuptias
3076 5151 3189 5219 filii,
3228 5151 3316 5206 tibi
3342 5160 3527 5222 partus
3547 5149 3635 5203 sine
3651 5138 3766 5197 dolore

2285 5247 2560 5312 succedit,
2593 5256 2648 5302 et
2678 5246 2983 5302 fecunditas
3009 5245 3325 5315 quotidiana
3353 5245 3648 5298 cumulatur.

2359 5343 2414 5397 5.
2453 5341 2696 5396 Audiens
2737 5339 3116 5395 insanissimns
3139 5336 3396 5407 juvenis,
3429 5349 3595 5391 amore
3617 5322 3764 5393 επρίωτ

2286 5450 2452 5501 croco,
2477 5442 2531 5490 et
2552 5435 2692 5489 inter
2712 5433 2990 5504 angustias
3007 5431 3174 5486 animi
3201 5440 3257 5486 et
3277 5430 3521 5501 corporis
3542 5422 3766 5482 anhelocru-

2283 5573 2412 5626 dum
2439 5570 2757 5635 requisisset,
2780 5578 2826 5622 et
2854 5568 3146 5635 invenisset,
3179 5567 3333 5637 capit
3354 5565 3545 5634 olferre
3559 5558 3723 5637 plurima,
3738 5555 3763 5600 τι

2281 5644 2775 5717 plurapromittere.

2355 5713 2381 5753 ά
2421 5701 2621 5770 Οἰνιιεεε
2649 5714 2808 5782 edit.,
2839 5715 3069 5771 omnium
3090 5711 3331 5786 lapidum
3353 5701 3763 5784 pretiosorum”!

2283 5788 2461 5842 detulit
2490 5787 2730 5858 gloriam.
